{"ticker": "TROW", "price": {"title": "T Rowe Price Historical Annual Stock Price Data", "value": 163.2, "historical": {"2021": {"Average Stock Price": "157.6957", "Year Open": "147.6900", "Year High": "165.1400", "Year Low": "147.6900", "Year Close": "163.2000", "Annual % Change": "7.80%"}, "2020": {"Average Stock Price": "128.0420", "Year Open": "125.1600", "Year High": "153.1700", "Year Low": "85.4200", "Year Close": "151.3900", "Annual % Change": "24.25%"}, "2019": {"Average Stock Price": "107.8929", "Year Open": "91.8400", "Year High": "125.3500", "Year Low": "88.8100", "Year Close": "121.8400", "Annual % Change": "31.98%"}, "2018": {"Average Stock Price": "110.1393", "Year Open": "103.0800", "Year High": "126.2400", "Year Low": "84.9500", "Year Close": "92.3200", "Annual % Change": "-12.02%"}, "2017": {"Average Stock Price": "80.7050", "Year Open": "75.8400", "Year High": "105.3600", "Year Low": "66.4500", "Year Close": "104.9300", "Annual % Change": "39.42%"}, "2016": {"Average Stock Price": "71.1299", "Year Open": "70.1900", "Year High": "78.6100", "Year Low": "63.2100", "Year Close": "75.2600", "Annual % Change": "5.27%"}, "2015": {"Average Stock Price": "77.5672", "Year Open": "85.7600", "Year High": "85.7600", "Year Low": "68.2700", "Year Close": "71.4900", "Annual % Change": "-16.74%"}, "2014": {"Average Stock Price": "81.0955", "Year Open": "82.5600", "Year High": "87.5900", "Year Low": "73.9400", "Year Close": "85.8600", "Annual % Change": "2.49%"}, "2013": {"Average Stock Price": "74.8280", "Year Open": "66.9800", "Year High": "83.7700", "Year Low": "66.9800", "Year Close": "83.7700", "Annual % Change": "28.65%"}, "2012": {"Average Stock Price": "62.0449", "Year Open": "57.5850", "Year High": "66.5000", "Year Low": "55.2100", "Year Close": "65.1171", "Annual % Change": "14.34%"}, "2011": {"Average Stock Price": "58.7543", "Year Open": "65.7800", "Year High": "71.1000", "Year Low": "45.8900", "Year Close": "56.9500", "Annual % Change": "-11.76%"}, "2010": {"Average Stock Price": "52.7251", "Year Open": "54.4000", "Year High": "65.3700", "Year Low": "43.6000", "Year Close": "64.5400", "Annual % Change": "21.20%"}, "2009": {"Average Stock Price": "40.1560", "Year Open": "36.4000", "Year High": "54.2700", "Year Low": "21.0100", "Year Close": "53.2500", "Annual % Change": "50.25%"}, "2008": {"Average Stock Price": "50.3472", "Year Open": "58.8100", "Year High": "65.0100", "Year Low": "25.1300", "Year Close": "35.4400", "Annual % Change": "-41.79%"}, "2007": {"Average Stock Price": "52.6803", "Year Open": "45.7500", "Year High": "64.7000", "Year Low": "44.5960", "Year Close": "60.8800", "Annual % Change": "39.09%"}, "2006": {"Average Stock Price": "41.3001", "Year Open": "36.4950", "Year High": "48.3100", "Year Low": "35.2400", "Year Close": "43.7700", "Annual % Change": "21.53%"}, "2005": {"Average Stock Price": "31.5601", "Year Open": "30.8300", "Year High": "37.3650", "Year Low": "27.4100", "Year Close": "36.0150", "Annual % Change": "15.80%"}, "2004": {"Average Stock Price": "25.9485", "Year Open": "24.1950", "Year High": "31.5650", "Year Low": "22.3350", "Year Close": "31.1000", "Annual % Change": "31.20%"}, "2003": {"Average Stock Price": "18.0179", "Year Open": "14.3300", "Year High": "23.7050", "Year Low": "12.1500", "Year Close": "23.7050", "Annual % Change": "73.79%"}, "2002": {"Average Stock Price": "16.1171", "Year Open": "17.2600", "Year High": "20.9950", "Year Low": "10.7250", "Year Close": "13.6400", "Annual % Change": "-21.45%"}, "2001": {"Average Stock Price": "17.3414", "Year Open": "20.1250", "Year High": "21.3450", "Year Low": "12.8500", "Year Close": "17.3650", "Annual % Change": "-17.84%"}, "2000": {"Average Stock Price": "20.1889", "Year Open": "17.5600", "Year High": "24.3150", "Year Low": "15.0950", "Year Close": "21.1350", "Annual % Change": "14.43%"}, "1999": {"Average Stock Price": "17.2126", "Year Open": "17.6900", "Year High": "20.4400", "Year Low": "13.2200", "Year Close": "18.4700", "Annual % Change": "8.46%"}, "1998": {"Average Stock Price": "16.9788", "Year Open": "15.5475", "Year High": "21.2200", "Year Low": "11.3750", "Year Close": "17.0300", "Annual % Change": "8.33%"}, "1997": {"Average Stock Price": "13.3282", "Year Open": "10.5325", "Year High": "18.3750", "Year Low": "9.2825", "Year Close": "15.7200", "Annual % Change": "44.55%"}, "1996": {"Average Stock Price": "7.4359", "Year Open": "6.0238", "Year High": "11.3750", "Year Low": "5.4063", "Year Close": "10.8750", "Annual % Change": "76.65%"}, "1995": {"Average Stock Price": "5.1135", "Year Open": "3.6563", "Year High": "6.9375", "Year Low": "3.3913", "Year Close": "6.1563", "Annual % Change": "64.17%"}, "1994": {"Average Stock Price": "3.8082", "Year Open": "3.4688", "Year High": "4.7813", "Year Low": "3.1563", "Year Close": "3.7500", "Annual % Change": "3.45%"}, "1993": {"Average Stock Price": "3.2196", "Year Open": "2.8594", "Year High": "4.0863", "Year Low": "2.5469", "Year Close": "3.6250", "Annual % Change": "27.47%"}, "1992": {"Average Stock Price": "2.4983", "Year Open": "2.6250", "Year High": "3.0625", "Year Low": "2.0625", "Year Close": "2.8438", "Annual % Change": "1.11%"}, "1991": {"Average Stock Price": "1.8524", "Year Open": "1.4531", "Year High": "2.8125", "Year Low": "1.1719", "Year Close": "2.8125", "Annual % Change": "87.50%"}, "1990": {"Average Stock Price": "1.5218", "Year Open": "1.8750", "Year High": "1.9531", "Year Low": "0.8988", "Year Close": "1.5000", "Annual % Change": "-17.95%"}}}, "market cap": {"value": "$37.39B"}, "income statement": {"Revenue": {"2020-12-31": "6206.70000", "2019-12-31": "5617.90000", "2018-12-31": "5372.60000", "2017-12-31": "4854.90000", "2016-12-31": "4284.80000", "2015-12-31": "4200.60000", "2014-12-31": "3982.10000", "2013-12-31": "3484.20000", "2012-12-31": "3022.50000", "2011-12-31": "2747.10000", "2010-12-31": "2367.20000", "2009-12-31": "1867.40000", "2008-12-31": "2121.30000", "2007-12-31": "2233.10000", "2006-12-31": "1819.30000", "2005-12-31": "1515.80000"}, "Cost Of Goods Sold": {"2020-12-31": "", "2019-12-31": "", "2018-12-31": "", "2017-12-31": "", "2016-12-31": "", "2015-12-31": "", "2014-12-31": "", "2013-12-31": "", "2012-12-31": "", "2011-12-31": "", "2010-12-31": "", "2009-12-31": "", "2008-12-31": "", "2007-12-31": "", "2006-12-31": "", "2005-12-31": ""}, "Gross Profit": {"2020-12-31": "6206.70000", "2019-12-31": "5617.90000", "2018-12-31": "5372.60000", "2017-12-31": "4854.90000", "2016-12-31": "4284.80000", "2015-12-31": "4200.60000", "2014-12-31": "3982.10000", "2013-12-31": "3484.20000", "2012-12-31": "3022.50000", "2011-12-31": "2747.10000", "2010-12-31": "2367.20000", "2009-12-31": "1867.40000", "2008-12-31": "2121.30000", "2007-12-31": "2233.10000", "2006-12-31": "1819.30000", "2005-12-31": "1515.80000"}, "Research And Development Expenses": {"2020-12-31": "", "2019-12-31": "", "2018-12-31": "", "2017-12-31": "", "2016-12-31": "", "2015-12-31": "", "2014-12-31": "", "2013-12-31": "", "2012-12-31": "", "2011-12-31": "", "2010-12-31": "", "2009-12-31": "", "2008-12-31": "", "2007-12-31": "", "2006-12-31": "", "2005-12-31": ""}, "SG&A Expenses": {"2020-12-31": "3305.50000", "2019-12-31": "3077.70000", "2018-12-31": "2869.30000", "2017-12-31": "2650.10000", "2016-12-31": "2345.50000", "2015-12-31": "1834.00000", "2014-12-31": "1693.10000", "2013-12-31": "1496.90000", "2012-12-31": "1356.90000", "2011-12-31": "1250.20000", "2010-12-31": "1099.60000", "2009-12-31": "980.00010", "2008-12-31": "1021.50000", "2007-12-31": "997.20000", "2006-12-31": "838.20000", "2005-12-31": "682.90000"}, "Other Operating Income Or Expenses": {"2020-12-31": "-155.50000", "2019-12-31": "-153.20000", "2018-12-31": "-141.90000", "2017-12-31": "-96.00000", "2016-12-31": "-205.90000", "2015-12-31": "-341.40000", "2014-12-31": "-286.40000", "2013-12-31": "-259.30000", "2012-12-31": "-220.40000", "2011-12-31": "-198.00000", "2010-12-31": "-168.50000", "2009-12-31": "-120.60000", "2008-12-31": "-184.60000", "2007-12-31": "-181.30000", "2006-12-31": "-143.40000", "2005-12-31": "-132.00000"}, "Operating Expenses": {"2020-12-31": "3461.00000", "2019-12-31": "3230.90000", "2018-12-31": "3011.20000", "2017-12-31": "2746.10000", "2016-12-31": "2551.40000", "2015-12-31": "2301.70000", "2014-12-31": "2091.20000", "2013-12-31": "1846.80000", "2012-12-31": "1658.20000", "2011-12-31": "1520.20000", "2010-12-31": "1330.70000", "2009-12-31": "1165.80000", "2008-12-31": "1272.80000", "2007-12-31": "1236.70000", "2006-12-31": "1032.40000", "2005-12-31": "860.80000"}, "Operating Income": {"2020-12-31": "2745.70000", "2019-12-31": "2387.00000", "2018-12-31": "2361.40000", "2017-12-31": "2108.80000", "2016-12-31": "1733.40000", "2015-12-31": "1898.90000", "2014-12-31": "1890.90000", "2013-12-31": "1637.40000", "2012-12-31": "1364.30000", "2011-12-31": "1226.90000", "2010-12-31": "1036.50000", "2009-12-31": "701.60000", "2008-12-31": "848.50010", "2007-12-31": "996.40000", "2006-12-31": "786.90000", "2005-12-31": "655.00000"}, "Total Non-Operating Income/Expense": {"2020-12-31": "496.50000", "2019-12-31": "540.30000", "2018-12-31": "23.20000", "2017-12-31": "396.30000", "2016-12-31": "227.10000", "2015-12-31": "103.50000", "2014-12-31": "112.20000", "2013-12-31": "63.00000", "2012-12-31": "70.80000", "2011-12-31": "23.70000", "2010-12-31": "33.50000", "2009-12-31": "-12.70000", "2008-12-31": "-52.30000", "2007-12-31": "80.40000", "2006-12-31": "71.40000", "2005-12-31": "24.40000"}, "Pre-Tax Income": {"2020-12-31": "3242.20000", "2019-12-31": "2927.30000", "2018-12-31": "2384.60000", "2017-12-31": "2505.10000", "2016-12-31": "1960.50000", "2015-12-31": "2002.40000", "2014-12-31": "2003.10000", "2013-12-31": "1700.40000", "2012-12-31": "1435.10000", "2011-12-31": "1250.60000", "2010-12-31": "1070.00000", "2009-12-31": "688.90000", "2008-12-31": "796.20000", "2007-12-31": "1076.80000", "2006-12-31": "858.30000", "2005-12-31": "679.40000"}, "Income Taxes": {"2020-12-31": "718.90000", "2019-12-31": "678.40000", "2018-12-31": "615.90000", "2017-12-31": "923.90000", "2016-12-31": "706.50000", "2015-12-31": "779.40000", "2014-12-31": "773.50000", "2013-12-31": "652.70000", "2012-12-31": "551.50000", "2011-12-31": "477.40000", "2010-12-31": "397.80000", "2009-12-31": "255.30000", "2008-12-31": "305.40000", "2007-12-31": "406.20000", "2006-12-31": "328.70000", "2005-12-31": "248.40000"}, "Income After Taxes": {"2020-12-31": "2523.30000", "2019-12-31": "2248.90000", "2018-12-31": "1768.70000", "2017-12-31": "1581.20000", "2016-12-31": "1254.00000", "2015-12-31": "1223.00000", "2014-12-31": "1229.60000", "2013-12-31": "1047.70000", "2012-12-31": "883.60000", "2011-12-31": "773.20000", "2010-12-31": "672.20000", "2009-12-31": "433.60000", "2008-12-31": "490.80000", "2007-12-31": "670.60000", "2006-12-31": "529.60000", "2005-12-31": "431.00000"}, "Other Income": {"2020-12-31": "", "2019-12-31": "", "2018-12-31": "", "2017-12-31": "", "2016-12-31": "", "2015-12-31": "", "2014-12-31": "", "2013-12-31": "", "2012-12-31": "", "2011-12-31": "", "2010-12-31": "", "2009-12-31": "", "2008-12-31": "", "2007-12-31": "", "2006-12-31": "", "2005-12-31": ""}, "Income From Continuous Operations": {"2020-12-31": "2523.30000", "2019-12-31": "2248.90000", "2018-12-31": "1768.70000", "2017-12-31": "1581.20000", "2016-12-31": "1254.00000", "2015-12-31": "1223.00000", "2014-12-31": "1229.60000", "2013-12-31": "1047.70000", "2012-12-31": "883.60000", "2011-12-31": "773.20000", "2010-12-31": "672.20000", "2009-12-31": "433.60000", "2008-12-31": "490.80000", "2007-12-31": "670.60000", "2006-12-31": "529.60000", "2005-12-31": "431.00000"}, "Income From Discontinued Operations": {"2020-12-31": "", "2019-12-31": "", "2018-12-31": "", "2017-12-31": "", "2016-12-31": "", "2015-12-31": "", "2014-12-31": "", "2013-12-31": "", "2012-12-31": "", "2011-12-31": "", "2010-12-31": "", "2009-12-31": "", "2008-12-31": "", "2007-12-31": "", "2006-12-31": "", "2005-12-31": ""}, "Net Income": {"2020-12-31": "2307.40000", "2019-12-31": "2076.00000", "2018-12-31": "1793.90000", "2017-12-31": "1463.90000", "2016-12-31": "1189.50000", "2015-12-31": "1206.90000", "2014-12-31": "1215.40000", "2013-12-31": "1038.40000", "2012-12-31": "878.10000", "2011-12-31": "769.70000", "2010-12-31": "669.40000", "2009-12-31": "432.10000", "2008-12-31": "489.70000", "2007-12-31": "669.80000", "2006-12-31": "529.60000", "2005-12-31": "431.00000"}, "EBITDA": {"2020-12-31": "2745.70000", "2019-12-31": "2577.80000", "2018-12-31": "2520.90000", "2017-12-31": "2252.40000", "2016-12-31": "1866.80000", "2015-12-31": "2025.20000", "2014-12-31": "2002.60000", "2013-12-31": "1728.00000", "2012-12-31": "1445.20000", "2011-12-31": "1299.30000", "2010-12-31": "1099.50000", "2009-12-31": "767.30000", "2008-12-31": "915.80010", "2007-12-31": "1055.20000", "2006-12-31": "838.10000", "2005-12-31": "700.90000"}, "EBIT": {"2020-12-31": "2745.70000", "2019-12-31": "2387.00000", "2018-12-31": "2361.40000", "2017-12-31": "2108.80000", "2016-12-31": "1733.40000", "2015-12-31": "1898.90000", "2014-12-31": "1890.90000", "2013-12-31": "1637.40000", "2012-12-31": "1364.30000", "2011-12-31": "1226.90000", "2010-12-31": "1036.50000", "2009-12-31": "701.60000", "2008-12-31": "853.50010", "2007-12-31": "1001.20000", "2006-12-31": "791.20000", "2005-12-31": "658.60000"}, "Basic Shares Outstanding": {"2020-12-31": "228.80000", "2019-12-31": "235.40000", "2018-12-31": "242.20000", "2017-12-31": "241.20000", "2016-12-31": "245.50000", "2015-12-31": "254.60000", "2014-12-31": "259.60000", "2013-12-31": "258.30000", "2012-12-31": "253.40000", "2011-12-31": "255.60000", "2010-12-31": "257.20000", "2009-12-31": "255.90000", "2008-12-31": "259.30000", "2007-12-31": "264.80000", "2006-12-31": "263.80000", "2005-12-31": "260.50000"}, "Shares Outstanding": {"2020-12-31": "231.20000", "2019-12-31": "238.60000", "2018-12-31": "246.90000", "2017-12-31": "245.10000", "2016-12-31": "250.30000", "2015-12-31": "260.90000", "2014-12-31": "267.40000", "2013-12-31": "266.30000", "2012-12-31": "261.00000", "2011-12-31": "263.30000", "2010-12-31": "265.10000", "2009-12-31": "262.30000", "2008-12-31": "269.90000", "2007-12-31": "279.10000", "2006-12-31": "278.70000", "2005-12-31": "273.20000"}, "Basic EPS": {"2020-12-31": "10.08000", "2019-12-31": "8.82000", "2018-12-31": "7.41000", "2017-12-31": "6.07000", "2016-12-31": "4.85000", "2015-12-31": "4.74000", "2014-12-31": "4.68000", "2013-12-31": "4.02000", "2012-12-31": "3.47000", "2011-12-31": "3.01000", "2010-12-31": "2.60000", "2009-12-31": "1.69000", "2008-12-31": "1.89000", "2007-12-31": "2.53000", "2006-12-31": "2.01000", "2005-12-31": "1.65000"}, "EPS - Earnings Per Share": {"2020-12-31": "9.98000", "2019-12-31": "8.70000", "2018-12-31": "7.27000", "2017-12-31": "5.97000", "2016-12-31": "4.75000", "2015-12-31": "4.63000", "2014-12-31": "4.55000", "2013-12-31": "3.90000", "2012-12-31": "3.36000", "2011-12-31": "2.92000", "2010-12-31": "2.53000", "2009-12-31": "1.65000", "2008-12-31": "1.81000", "2007-12-31": "2.40000", "2006-12-31": "1.90000", "2005-12-31": "1.58000"}}, "income statement, quarterly": {"Revenue": {"2020-12-31": "1732.90000", "2020-09-30": "1595.80000", "2020-06-30": "1415.40000", "2020-03-31": "1462.60000", "2019-12-31": "1468.70000", "2019-09-30": "1426.70000", "2019-06-30": "1395.20000", "2019-03-31": "1327.30000", "2018-12-31": "1305.00000", "2018-09-30": "1394.60000", "2018-06-30": "1345.00000", "2018-03-31": "1328.00000", "2017-12-31": "1297.60000", "2017-09-30": "1238.70000", "2017-06-30": "1186.00000", "2017-03-31": "1132.60000", "2016-12-31": "1153.10000", "2016-09-30": "1092.90000", "2016-06-30": "1044.70000", "2016-03-31": "994.10000", "2015-12-31": "1052.20000", "2015-09-30": "1049.00000", "2015-06-30": "1072.40000", "2015-03-31": "1027.00000", "2014-12-31": "1022.40000", "2014-09-30": "1020.80000", "2014-06-30": "984.30000", "2014-03-31": "954.60000", "2013-12-31": "929.79970", "2013-09-30": "884.40000", "2013-06-30": "854.30000", "2013-03-31": "815.70000", "2012-12-31": "787.30000", "2012-09-30": "769.70000", "2012-06-30": "736.80000", "2012-03-31": "728.70000", "2011-12-31": "671.60020", "2011-09-30": "679.40000", "2011-06-30": "713.70000", "2011-03-31": "682.40000", "2010-12-31": "644.79990", "2010-09-30": "587.00000", "2010-06-30": "578.30000", "2010-03-31": "557.10000", "2009-12-31": "539.10000", "2009-09-30": "499.10000", "2009-06-30": "443.50000", "2009-03-31": "385.70000", "2008-12-31": "417.30000", "2008-09-30": "555.90000", "2008-06-30": "587.70000", "2008-03-31": "560.40000", "2007-12-31": "599.00010", "2007-09-30": "572.20000", "2007-06-30": "552.30000", "2007-03-31": "509.60000", "2006-12-31": "490.30010", "2006-09-30": "451.70000", "2006-06-30": "447.00000", "2006-03-31": "430.30000", "2005-12-31": "403.77610", "2005-09-30": "389.60500", "2005-06-30": "364.45800", "2005-03-31": "357.96100"}, "Cost Of Goods Sold": {"2020-12-31": "", "2020-09-30": "", "2020-06-30": "", "2020-03-31": "", "2019-12-31": "", "2019-09-30": "", "2019-06-30": "", "2019-03-31": "", "2018-12-31": "", "2018-09-30": "", "2018-06-30": "", "2018-03-31": "", "2017-12-31": "", "2017-09-30": "", "2017-06-30": "", "2017-03-31": "", "2016-12-31": "", "2016-09-30": "", "2016-06-30": "", "2016-03-31": "", "2015-12-31": "", "2015-09-30": "", "2015-06-30": "", "2015-03-31": "", "2014-12-31": "", "2014-09-30": "", "2014-06-30": "", "2014-03-31": "", "2013-12-31": "", "2013-09-30": "", "2013-06-30": "", "2013-03-31": "", "2012-12-31": "", "2012-09-30": "", "2012-06-30": "", "2012-03-31": "", "2011-12-31": "", "2011-09-30": "", "2011-06-30": "", "2011-03-31": "", "2010-12-31": "", "2010-09-30": "", "2010-06-30": "", "2010-03-31": "", "2009-12-31": "", "2009-09-30": "", "2009-06-30": "", "2009-03-31": "", "2008-12-31": "", "2008-09-30": "", "2008-06-30": "", "2008-03-31": "", "2007-12-31": "", "2007-09-30": "", "2007-06-30": "", "2007-03-31": "", "2006-12-31": "", "2006-09-30": "", "2006-06-30": "", "2006-03-31": "", "2005-12-31": "", "2005-09-30": "", "2005-06-30": "", "2005-03-31": ""}, "Gross Profit": {"2020-12-31": "1732.90000", "2020-09-30": "1595.80000", "2020-06-30": "1415.40000", "2020-03-31": "1462.60000", "2019-12-31": "1468.70000", "2019-09-30": "1426.70000", "2019-06-30": "1395.20000", "2019-03-31": "1327.30000", "2018-12-31": "1305.00000", "2018-09-30": "1394.60000", "2018-06-30": "1345.00000", "2018-03-31": "1328.00000", "2017-12-31": "1297.60000", "2017-09-30": "1238.70000", "2017-06-30": "1186.00000", "2017-03-31": "1132.60000", "2016-12-31": "1153.10000", "2016-09-30": "1092.90000", "2016-06-30": "1044.70000", "2016-03-31": "994.10000", "2015-12-31": "1052.20000", "2015-09-30": "1049.00000", "2015-06-30": "1072.40000", "2015-03-31": "1027.00000", "2014-12-31": "1022.40000", "2014-09-30": "1020.80000", "2014-06-30": "984.30000", "2014-03-31": "954.60000", "2013-12-31": "929.79970", "2013-09-30": "884.40000", "2013-06-30": "854.30000", "2013-03-31": "815.70000", "2012-12-31": "787.30000", "2012-09-30": "769.70000", "2012-06-30": "736.80000", "2012-03-31": "728.70000", "2011-12-31": "671.60020", "2011-09-30": "679.40000", "2011-06-30": "713.70000", "2011-03-31": "682.40000", "2010-12-31": "644.79990", "2010-09-30": "587.00000", "2010-06-30": "578.30000", "2010-03-31": "557.10000", "2009-12-31": "539.10000", "2009-09-30": "499.10000", "2009-06-30": "443.50000", "2009-03-31": "385.70000", "2008-12-31": "417.30000", "2008-09-30": "555.90000", "2008-06-30": "587.70000", "2008-03-31": "560.40000", "2007-12-31": "599.00010", "2007-09-30": "572.20000", "2007-06-30": "552.30000", "2007-03-31": "509.60000", "2006-12-31": "490.30010", "2006-09-30": "451.70000", "2006-06-30": "447.00000", "2006-03-31": "430.30000", "2005-12-31": "403.77610", "2005-09-30": "389.60500", "2005-06-30": "364.45800", "2005-03-31": "357.96100"}, "Research And Development Expenses": {"2020-12-31": "", "2020-09-30": "", "2020-06-30": "", "2020-03-31": "", "2019-12-31": "", "2019-09-30": "", "2019-06-30": "", "2019-03-31": "", "2018-12-31": "", "2018-09-30": "", "2018-06-30": "", "2018-03-31": "", "2017-12-31": "", "2017-09-30": "", "2017-06-30": "", "2017-03-31": "", "2016-12-31": "", "2016-09-30": "", "2016-06-30": "", "2016-03-31": "", "2015-12-31": "", "2015-09-30": "", "2015-06-30": "", "2015-03-31": "", "2014-12-31": "", "2014-09-30": "", "2014-06-30": "", "2014-03-31": "", "2013-12-31": "", "2013-09-30": "", "2013-06-30": "", "2013-03-31": "", "2012-12-31": "", "2012-09-30": "", "2012-06-30": "", "2012-03-31": "", "2011-12-31": "", "2011-09-30": "", "2011-06-30": "", "2011-03-31": "", "2010-12-31": "", "2010-09-30": "", "2010-06-30": "", "2010-03-31": "", "2009-12-31": "", "2009-09-30": "", "2009-06-30": "", "2009-03-31": "", "2008-12-31": "", "2008-09-30": "", "2008-06-30": "", "2008-03-31": "", "2007-12-31": "", "2007-09-30": "", "2007-06-30": "", "2007-03-31": "", "2006-12-31": "", "2006-09-30": "", "2006-06-30": "", "2006-03-31": "", "2005-12-31": "", "2005-09-30": "", "2005-06-30": "", "2005-03-31": ""}, "SG&A Expenses": {"2020-12-31": "939.50000", "2020-09-30": "830.10000", "2020-06-30": "822.10000", "2020-03-31": "713.80000", "2019-12-31": "850.80010", "2019-09-30": "729.60000", "2019-06-30": "746.70010", "2019-03-31": "750.60000", "2018-12-31": "737.90010", "2018-09-30": "716.10000", "2018-06-30": "713.20000", "2018-03-31": "702.10000", "2017-12-31": "731.49990", "2017-09-30": "652.30000", "2017-06-30": "644.00000", "2017-03-31": "622.30000", "2016-12-31": "946.70020", "2016-09-30": "482.90000", "2016-06-30": "462.30000", "2016-03-31": "453.60000", "2015-12-31": "461.79990", "2015-09-30": "471.00000", "2015-06-30": "453.60000", "2015-03-31": "447.60000", "2014-12-31": "437.70000", "2014-09-30": "432.40000", "2014-06-30": "412.40000", "2014-03-31": "410.60000", "2013-12-31": "393.50000", "2013-09-30": "369.40000", "2013-06-30": "370.60000", "2013-03-31": "363.40000", "2012-12-31": "344.99990", "2012-09-30": "336.70000", "2012-06-30": "336.40000", "2012-03-31": "338.80000", "2011-12-31": "301.70000", "2011-09-30": "320.30000", "2011-06-30": "319.50000", "2011-03-31": "308.70000", "2010-12-31": "277.40010", "2010-09-30": "261.10000", "2010-06-30": "261.00000", "2010-03-31": "256.90000", "2009-12-31": "252.40010", "2009-09-30": "235.30000", "2009-06-30": "237.80000", "2009-03-31": "223.50000", "2008-12-31": "236.09990", "2008-09-30": "253.30000", "2008-06-30": "263.10000", "2008-03-31": "269.00000", "2007-12-31": "266.20000", "2007-09-30": "252.00000", "2007-06-30": "241.60000", "2007-03-31": "237.40000", "2006-12-31": "216.50000", "2006-09-30": "207.00000", "2006-06-30": "207.10000", "2006-03-31": "207.60000", "2005-12-31": "180.80500", "2005-09-30": "166.05100", "2005-06-30": "167.11200", "2005-03-31": "168.93200"}, "Other Operating Income Or Expenses": {"2020-12-31": "-37.50000", "2020-09-30": "-36.80000", "2020-06-30": "-39.60000", "2020-03-31": "-41.60000", "2019-12-31": "-37.60000", "2019-09-30": "-38.00000", "2019-06-30": "-33.40000", "2019-03-31": "-44.20000", "2018-12-31": "-24.80000", "2018-09-30": "-37.90000", "2018-06-30": "-37.10000", "2018-03-31": "-42.10000", "2017-12-31": "-35.10000", "2017-09-30": "-37.90000", "2017-06-30": "-34.40000", "2017-03-31": "11.40000", "2016-12-31": "256.90000", "2016-09-30": "-100.30000", "2016-06-30": "-265.10000", "2016-03-31": "-97.40000", "2015-12-31": "-103.50000", "2015-09-30": "-86.60000", "2015-06-30": "-78.80000", "2015-03-31": "-72.50000", "2014-12-31": "-76.40000", "2014-09-30": "-71.40000", "2014-06-30": "-70.80000", "2014-03-31": "-67.80000", "2013-12-31": "-71.10000", "2013-09-30": "-67.00000", "2013-06-30": "-63.00000", "2013-03-31": "-58.20000", "2012-12-31": "-59.80000", "2012-09-30": "-53.50000", "2012-06-30": "-52.50000", "2012-03-31": "-54.60000", "2011-12-31": "-57.30000", "2011-09-30": "-45.40000", "2011-06-30": "-49.70000", "2011-03-31": "-45.60000", "2010-12-31": "-28.30000", "2010-09-30": "-47.20000", "2010-06-30": "-47.80000", "2010-03-31": "-45.20000", "2009-12-31": "-13.90000", "2009-09-30": "-39.10000", "2009-06-30": "-33.90000", "2009-03-31": "-33.70000", "2008-12-31": "-43.00000", "2008-09-30": "-47.40000", "2008-06-30": "-49.20000", "2008-03-31": "-45.00000", "2007-12-31": "-55.30000", "2007-09-30": "-43.20000", "2007-06-30": "-44.40000", "2007-03-31": "-38.40000", "2006-12-31": "-44.30000", "2006-09-30": "-32.00000", "2006-06-30": "-35.00000", "2006-03-31": "-32.10000", "2005-12-31": "-38.49800", "2005-09-30": "-32.00500", "2005-06-30": "-30.41100", "2005-03-31": "-31.08600"}, "Operating Expenses": {"2020-12-31": "977.00000", "2020-09-30": "866.90000", "2020-06-30": "861.70000", "2020-03-31": "755.40000", "2019-12-31": "888.39970", "2019-09-30": "767.60000", "2019-06-30": "780.10010", "2019-03-31": "794.80000", "2018-12-31": "762.70000", "2018-09-30": "754.00010", "2018-06-30": "750.30000", "2018-03-31": "744.20000", "2017-12-31": "766.59990", "2017-09-30": "690.20010", "2017-06-30": "678.40000", "2017-03-31": "610.90000", "2016-12-31": "589.80000", "2016-09-30": "617.20000", "2016-06-30": "761.20000", "2016-03-31": "583.20000", "2015-12-31": "597.19980", "2015-09-30": "590.70000", "2015-06-30": "564.60000", "2015-03-31": "549.20000", "2014-12-31": "542.39990", "2014-09-30": "532.10000", "2014-06-30": "511.20000", "2014-03-31": "505.50000", "2013-12-31": "489.70000", "2013-09-30": "458.50000", "2013-06-30": "455.50000", "2013-03-31": "443.10000", "2012-12-31": "426.09990", "2012-09-30": "410.80000", "2012-06-30": "408.80000", "2012-03-31": "412.50000", "2011-12-31": "378.00000", "2011-09-30": "384.20000", "2011-06-30": "387.10000", "2011-03-31": "370.90000", "2010-12-31": "362.00020", "2010-09-30": "325.10000", "2010-06-30": "325.20000", "2010-03-31": "318.40000", "2009-12-31": "309.30010", "2009-09-30": "291.80000", "2009-06-30": "289.60000", "2009-03-31": "275.10000", "2008-12-31": "296.30000", "2008-09-30": "317.10000", "2008-06-30": "329.10000", "2008-03-31": "330.30000", "2007-12-31": "336.40010", "2007-09-30": "308.40000", "2007-06-30": "301.20000", "2007-03-31": "290.70000", "2006-12-31": "275.40010", "2006-09-30": "251.10000", "2006-06-30": "254.10000", "2006-03-31": "251.80000", "2005-12-31": "231.43000", "2005-09-30": "209.75300", "2005-06-30": "208.93700", "2005-03-31": "210.68000"}, "Operating Income": {"2020-12-31": "755.90000", "2020-09-30": "728.90010", "2020-06-30": "553.70000", "2020-03-31": "707.20000", "2019-12-31": "580.30050", "2019-09-30": "659.10000", "2019-06-30": "615.09990", "2019-03-31": "532.50010", "2018-12-31": "542.30000", "2018-09-30": "640.59990", "2018-06-30": "594.70000", "2018-03-31": "583.80000", "2017-12-31": "531.00010", "2017-09-30": "548.49990", "2017-06-30": "507.60000", "2017-03-31": "521.70000", "2016-12-31": "563.30000", "2016-09-30": "475.70000", "2016-06-30": "283.50000", "2016-03-31": "410.90000", "2015-12-31": "455.00040", "2015-09-30": "458.30000", "2015-06-30": "507.80000", "2015-03-31": "477.80000", "2014-12-31": "480.00010", "2014-09-30": "488.70000", "2014-06-30": "473.10000", "2014-03-31": "449.10000", "2013-12-31": "440.09970", "2013-09-30": "425.90000", "2013-06-30": "398.80000", "2013-03-31": "372.60000", "2012-12-31": "361.20010", "2012-09-30": "358.90000", "2012-06-30": "328.00000", "2012-03-31": "316.20000", "2011-12-31": "293.60030", "2011-09-30": "295.20000", "2011-06-30": "326.60000", "2011-03-31": "311.50000", "2010-12-31": "282.79980", "2010-09-30": "261.90000", "2010-06-30": "253.10000", "2010-03-31": "238.70000", "2009-12-31": "229.80000", "2009-09-30": "207.30000", "2009-06-30": "153.90000", "2009-03-31": "110.60000", "2008-12-31": "121.00000", "2008-09-30": "238.80000", "2008-06-30": "258.60000", "2008-03-31": "230.10000", "2007-12-31": "262.60000", "2007-09-30": "263.80000", "2007-06-30": "251.10000", "2007-03-31": "218.90000", "2006-12-31": "214.90010", "2006-09-30": "200.60000", "2006-06-30": "192.90000", "2006-03-31": "178.50000", "2005-12-31": "172.34600", "2005-09-30": "179.85200", "2005-06-30": "155.52100", "2005-03-31": "147.28100"}, "Total Non-Operating Income/Expense": {"2020-12-31": "390.10000", "2020-09-30": "191.60000", "2020-06-30": "415.10000", "2020-03-31": "-500.30000", "2019-12-31": "170.00000", "2019-09-30": "43.00000", "2019-06-30": "124.50000", "2019-03-31": "202.80000", "2018-12-31": "-151.90000", "2018-09-30": "124.90000", "2018-06-30": "34.10000", "2018-03-31": "16.10000", "2017-12-31": "102.00000", "2017-09-30": "67.30000", "2017-06-30": "112.00000", "2017-03-31": "115.00000", "2016-12-31": "12.20000", "2016-09-30": "88.30000", "2016-06-30": "41.50000", "2016-03-31": "85.10000", "2015-12-31": "43.40000", "2015-09-30": "0.30000", "2015-06-30": "33.00000", "2015-03-31": "26.80000", "2014-12-31": "38.80000", "2014-09-30": "5.20000", "2014-06-30": "26.10000", "2014-03-31": "42.10000", "2013-12-31": "31.70000", "2013-09-30": "11.60000", "2013-06-30": "1.40000", "2013-03-31": "18.30000", "2012-12-31": "16.90000", "2012-09-30": "41.40000", "2012-06-30": "7.40000", "2012-03-31": "5.10000", "2011-12-31": "12.90000", "2011-09-30": "1.30000", "2011-06-30": "5.60000", "2011-03-31": "3.90000", "2010-12-31": "15.40000", "2010-09-30": "8.90000", "2010-06-30": "3.90000", "2010-03-31": "5.30000", "2009-12-31": "10.20000", "2009-09-30": "5.20000", "2009-06-30": "7.90000", "2009-03-31": "-36.00000", "2008-12-31": "-80.10000", "2008-09-30": "5.70000", "2008-06-30": "7.80000", "2008-03-31": "14.30000", "2007-12-31": "39.00000", "2007-09-30": "17.90000", "2007-06-30": "11.70000", "2007-03-31": "11.80000", "2006-12-31": "23.30000", "2006-09-30": "17.00000", "2006-06-30": "23.50000", "2006-03-31": "7.60000", "2005-12-31": "12.64500", "2005-09-30": "4.36900", "2005-06-30": "5.42600", "2005-03-31": "1.96000"}, "Pre-Tax Income": {"2020-12-31": "1146.00000", "2020-09-30": "920.50000", "2020-06-30": "968.80000", "2020-03-31": "206.90000", "2019-12-31": "750.30020", "2019-09-30": "702.10000", "2019-06-30": "739.60000", "2019-03-31": "735.30000", "2018-12-31": "390.40010", "2018-09-30": "765.50000", "2018-06-30": "628.80000", "2018-03-31": "599.90000", "2017-12-31": "633.00010", "2017-09-30": "615.80000", "2017-06-30": "619.60000", "2017-03-31": "636.70000", "2016-12-31": "575.50000", "2016-09-30": "564.00000", "2016-06-30": "325.00000", "2016-03-31": "496.00000", "2015-12-31": "498.40010", "2015-09-30": "458.60000", "2015-06-30": "540.80000", "2015-03-31": "504.60000", "2014-12-31": "518.79990", "2014-09-30": "493.90000", "2014-06-30": "499.20000", "2014-03-31": "491.20000", "2013-12-31": "471.80000", "2013-09-30": "437.50000", "2013-06-30": "400.20000", "2013-03-31": "390.90000", "2012-12-31": "378.10000", "2012-09-30": "400.30000", "2012-06-30": "335.40000", "2012-03-31": "321.30000", "2011-12-31": "306.50000", "2011-09-30": "296.50000", "2011-06-30": "332.20000", "2011-03-31": "315.40000", "2010-12-31": "298.20000", "2010-09-30": "270.80000", "2010-06-30": "257.00000", "2010-03-31": "244.00000", "2009-12-31": "240.00000", "2009-09-30": "212.50000", "2009-06-30": "161.80000", "2009-03-31": "74.60000", "2008-12-31": "40.90000", "2008-09-30": "244.50000", "2008-06-30": "266.40000", "2008-03-31": "244.40000", "2007-12-31": "301.60000", "2007-09-30": "281.70000", "2007-06-30": "262.80000", "2007-03-31": "230.70000", "2006-12-31": "238.20000", "2006-09-30": "217.60000", "2006-06-30": "216.40000", "2006-03-31": "186.10000", "2005-12-31": "184.99100", "2005-09-30": "184.22100", "2005-06-30": "160.94700", "2005-03-31": "149.24100"}, "Income Taxes": {"2020-12-31": "216.40000", "2020-09-30": "221.90000", "2020-06-30": "240.30000", "2020-03-31": "40.30000", "2019-12-31": "156.40000", "2019-09-30": "157.00000", "2019-06-30": "183.70000", "2019-03-31": "181.30000", "2018-12-31": "118.40010", "2018-09-30": "183.90000", "2018-06-30": "169.20000", "2018-03-31": "144.40000", "2017-12-31": "246.40000", "2017-09-30": "211.60000", "2017-06-30": "229.60000", "2017-03-31": "236.30000", "2016-12-31": "208.70000", "2016-09-30": "201.30000", "2016-06-30": "113.80000", "2016-03-31": "182.70000", "2015-12-31": "195.20000", "2015-09-30": "181.50000", "2015-06-30": "207.60000", "2015-03-31": "195.10000", "2014-12-31": "202.90000", "2014-09-30": "190.30000", "2014-06-30": "193.40000", "2014-03-31": "186.90000", "2013-12-31": "184.10000", "2013-09-30": "167.20000", "2013-06-30": "152.40000", "2013-03-31": "149.00000", "2012-12-31": "146.10000", "2012-09-30": "153.00000", "2012-06-30": "128.60000", "2012-03-31": "123.80000", "2011-12-31": "118.10000", "2011-09-30": "111.00000", "2011-06-30": "127.50000", "2011-03-31": "120.80000", "2010-12-31": "106.60000", "2010-09-30": "101.70000", "2010-06-30": "98.50000", "2010-03-31": "91.00000", "2009-12-31": "87.50000", "2009-09-30": "79.60000", "2009-06-30": "61.80000", "2009-03-31": "26.40000", "2008-12-31": "16.60000", "2008-09-30": "91.70000", "2008-06-30": "104.20000", "2008-03-31": "92.90000", "2007-12-31": "110.90000", "2007-09-30": "106.90000", "2007-06-30": "100.60000", "2007-03-31": "87.80000", "2006-12-31": "89.30000", "2006-09-30": "89.30000", "2006-06-30": "80.70000", "2006-03-31": "69.40000", "2005-12-31": "67.37200", "2005-09-30": "67.88600", "2005-06-30": "58.19800", "2005-03-31": "54.94400"}, "Income After Taxes": {"2020-12-31": "929.60000", "2020-09-30": "698.60000", "2020-06-30": "728.50000", "2020-03-31": "166.60000", "2019-12-31": "593.89990", "2019-09-30": "545.10000", "2019-06-30": "555.90000", "2019-03-31": "554.00000", "2018-12-31": "272.00010", "2018-09-30": "581.60000", "2018-06-30": "459.60000", "2018-03-31": "455.50000", "2017-12-31": "386.60010", "2017-09-30": "404.20000", "2017-06-30": "390.00000", "2017-03-31": "400.40000", "2016-12-31": "366.80000", "2016-09-30": "362.70000", "2016-06-30": "211.20000", "2016-03-31": "313.30000", "2015-12-31": "303.20010", "2015-09-30": "277.10000", "2015-06-30": "333.20000", "2015-03-31": "309.50000", "2014-12-31": "315.89990", "2014-09-30": "303.60000", "2014-06-30": "305.80000", "2014-03-31": "304.30000", "2013-12-31": "287.70000", "2013-09-30": "270.30000", "2013-06-30": "247.80000", "2013-03-31": "241.90000", "2012-12-31": "232.00000", "2012-09-30": "247.30000", "2012-06-30": "206.80000", "2012-03-31": "197.50000", "2011-12-31": "188.39990", "2011-09-30": "185.50000", "2011-06-30": "204.70000", "2011-03-31": "194.60000", "2010-12-31": "191.60000", "2010-09-30": "169.10000", "2010-06-30": "158.50000", "2010-03-31": "153.00000", "2009-12-31": "152.50000", "2009-09-30": "132.90000", "2009-06-30": "100.00000", "2009-03-31": "48.20000", "2008-12-31": "24.30000", "2008-09-30": "152.80000", "2008-06-30": "162.20000", "2008-03-31": "151.50000", "2007-12-31": "190.70000", "2007-09-30": "174.80000", "2007-06-30": "162.20000", "2007-03-31": "142.90000", "2006-12-31": "148.90000", "2006-09-30": "128.30000", "2006-06-30": "135.70000", "2006-03-31": "116.70000", "2005-12-31": "117.61900", "2005-09-30": "116.33500", "2005-06-30": "102.74900", "2005-03-31": "94.29700"}, "Other Income": {"2020-12-31": "", "2020-09-30": "", "2020-06-30": "", "2020-03-31": "", "2019-12-31": "", "2019-09-30": "", "2019-06-30": "", "2019-03-31": "", "2018-12-31": "", "2018-09-30": "", "2018-06-30": "", "2018-03-31": "", "2017-12-31": "", "2017-09-30": "", "2017-06-30": "", "2017-03-31": "", "2016-12-31": "", "2016-09-30": "", "2016-06-30": "", "2016-03-31": "", "2015-12-31": "", "2015-09-30": "", "2015-06-30": "", "2015-03-31": "", "2014-12-31": "", "2014-09-30": "", "2014-06-30": "", "2014-03-31": "", "2013-12-31": "", "2013-09-30": "", "2013-06-30": "", "2013-03-31": "", "2012-12-31": "", "2012-09-30": "", "2012-06-30": "", "2012-03-31": "", "2011-12-31": "", "2011-09-30": "", "2011-06-30": "", "2011-03-31": "", "2010-12-31": "", "2010-09-30": "", "2010-06-30": "", "2010-03-31": "", "2009-12-31": "", "2009-09-30": "", "2009-06-30": "", "2009-03-31": "", "2008-12-31": "", "2008-09-30": "", "2008-06-30": "", "2008-03-31": "", "2007-12-31": "", "2007-09-30": "", "2007-06-30": "", "2007-03-31": "", "2006-12-31": "", "2006-09-30": "", "2006-06-30": "", "2006-03-31": "", "2005-12-31": "", "2005-09-30": "", "2005-06-30": "", "2005-03-31": ""}, "Income From Continuous Operations": {"2020-12-31": "929.60000", "2020-09-30": "698.60000", "2020-06-30": "728.50000", "2020-03-31": "166.60000", "2019-12-31": "593.89990", "2019-09-30": "545.10000", "2019-06-30": "555.90000", "2019-03-31": "554.00000", "2018-12-31": "272.00010", "2018-09-30": "581.60000", "2018-06-30": "459.60000", "2018-03-31": "455.50000", "2017-12-31": "386.60010", "2017-09-30": "404.20000", "2017-06-30": "390.00000", "2017-03-31": "400.40000", "2016-12-31": "366.80000", "2016-09-30": "362.70000", "2016-06-30": "211.20000", "2016-03-31": "313.30000", "2015-12-31": "303.20010", "2015-09-30": "277.10000", "2015-06-30": "333.20000", "2015-03-31": "309.50000", "2014-12-31": "315.89990", "2014-09-30": "303.60000", "2014-06-30": "305.80000", "2014-03-31": "304.30000", "2013-12-31": "287.70000", "2013-09-30": "270.30000", "2013-06-30": "247.80000", "2013-03-31": "241.90000", "2012-12-31": "232.00000", "2012-09-30": "247.30000", "2012-06-30": "206.80000", "2012-03-31": "197.50000", "2011-12-31": "188.39990", "2011-09-30": "185.50000", "2011-06-30": "204.70000", "2011-03-31": "194.60000", "2010-12-31": "191.60000", "2010-09-30": "169.10000", "2010-06-30": "158.50000", "2010-03-31": "153.00000", "2009-12-31": "152.50000", "2009-09-30": "132.90000", "2009-06-30": "100.00000", "2009-03-31": "48.20000", "2008-12-31": "24.30000", "2008-09-30": "152.80000", "2008-06-30": "162.20000", "2008-03-31": "151.50000", "2007-12-31": "190.70000", "2007-09-30": "174.80000", "2007-06-30": "162.20000", "2007-03-31": "142.90000", "2006-12-31": "148.90000", "2006-09-30": "128.30000", "2006-06-30": "135.70000", "2006-03-31": "116.70000", "2005-12-31": "117.61900", "2005-09-30": "116.33500", "2005-06-30": "102.74900", "2005-03-31": "94.29700"}, "Income From Discontinued Operations": {"2020-12-31": "", "2020-09-30": "", "2020-06-30": "", "2020-03-31": "", "2019-12-31": "", "2019-09-30": "", "2019-06-30": "", "2019-03-31": "", "2018-12-31": "", "2018-09-30": "", "2018-06-30": "", "2018-03-31": "", "2017-12-31": "", "2017-09-30": "", "2017-06-30": "", "2017-03-31": "", "2016-12-31": "", "2016-09-30": "", "2016-06-30": "", "2016-03-31": "", "2015-12-31": "", "2015-09-30": "", "2015-06-30": "", "2015-03-31": "", "2014-12-31": "", "2014-09-30": "", "2014-06-30": "", "2014-03-31": "", "2013-12-31": "", "2013-09-30": "", "2013-06-30": "", "2013-03-31": "", "2012-12-31": "", "2012-09-30": "", "2012-06-30": "", "2012-03-31": "", "2011-12-31": "", "2011-09-30": "", "2011-06-30": "", "2011-03-31": "", "2010-12-31": "", "2010-09-30": "", "2010-06-30": "", "2010-03-31": "", "2009-12-31": "", "2009-09-30": "", "2009-06-30": "", "2009-03-31": "", "2008-12-31": "", "2008-09-30": "", "2008-06-30": "", "2008-03-31": "", "2007-12-31": "", "2007-09-30": "", "2007-06-30": "", "2007-03-31": "", "2006-12-31": "", "2006-09-30": "", "2006-06-30": "", "2006-03-31": "", "2005-12-31": "", "2005-09-30": "", "2005-06-30": "", "2005-03-31": ""}, "Net Income": {"2020-12-31": "762.20000", "2020-09-30": "625.30000", "2020-06-30": "586.20000", "2020-03-31": "333.70000", "2019-12-31": "530.70010", "2019-09-30": "532.00000", "2019-06-30": "513.70000", "2019-03-31": "499.60000", "2018-12-31": "343.10010", "2018-09-30": "569.30000", "2018-06-30": "438.40000", "2018-03-31": "443.10000", "2017-12-31": "330.50000", "2017-09-30": "382.10000", "2017-06-30": "365.40000", "2017-03-31": "385.90000", "2016-12-31": "365.60000", "2016-09-30": "320.50000", "2016-06-30": "199.30000", "2016-03-31": "304.10000", "2015-12-31": "303.70000", "2015-09-30": "273.00000", "2015-06-30": "329.10000", "2015-03-31": "301.10000", "2014-12-31": "312.10010", "2014-09-30": "299.80000", "2014-06-30": "302.40000", "2014-03-31": "301.10000", "2013-12-31": "284.80000", "2013-09-30": "267.70000", "2013-06-30": "245.80000", "2013-03-31": "240.10000", "2012-12-31": "230.30000", "2012-09-30": "245.70000", "2012-06-30": "205.60000", "2012-03-31": "196.50000", "2011-12-31": "187.50000", "2011-09-30": "184.60000", "2011-06-30": "203.80000", "2011-03-31": "193.80000", "2010-12-31": "190.80000", "2010-09-30": "168.40000", "2010-06-30": "157.80000", "2010-03-31": "152.40000", "2009-12-31": "152.00000", "2009-09-30": "132.40000", "2009-06-30": "99.70000", "2009-03-31": "48.00000", "2008-12-31": "23.60000", "2008-09-30": "152.40000", "2008-06-30": "162.20000", "2008-03-31": "151.50000", "2007-12-31": "189.90000", "2007-09-30": "174.80000", "2007-06-30": "162.20000", "2007-03-31": "142.90000", "2006-12-31": "148.90000", "2006-09-30": "128.30000", "2006-06-30": "135.70000", "2006-03-31": "116.70000", "2005-12-31": "117.61900", "2005-09-30": "116.33500", "2005-06-30": "102.74900", "2005-03-31": "94.29700"}, "EBITDA": {"2020-12-31": "", "2020-09-30": "778.60010", "2020-06-30": "601.90000", "2020-03-31": "753.29990", "2019-12-31": "639.40050", "2019-09-30": "704.80000", "2019-06-30": "659.19980", "2019-03-31": "574.40010", "2018-12-31": "586.90000", "2018-09-30": "680.79990", "2018-06-30": "632.50000", "2018-03-31": "620.70010", "2017-12-31": "567.70010", "2017-09-30": "583.49990", "2017-06-30": "543.90000", "2017-03-31": "557.30000", "2016-12-31": "596.70000", "2016-09-30": "509.70000", "2016-06-30": "317.30000", "2016-03-31": "443.10000", "2015-12-31": "486.90040", "2015-09-30": "491.40010", "2015-06-30": "540.00010", "2015-03-31": "506.90010", "2014-12-31": "508.30010", "2014-09-30": "516.99990", "2014-06-30": "501.10000", "2014-03-31": "476.20000", "2013-12-31": "465.19970", "2013-09-30": "448.00000", "2013-06-30": "420.70000", "2013-03-31": "394.10000", "2012-12-31": "382.20010", "2012-09-30": "379.60000", "2012-06-30": "348.00000", "2012-03-31": "335.40000", "2011-12-31": "312.70030", "2011-09-30": "313.80000", "2011-06-30": "344.60000", "2011-03-31": "328.20000", "2010-12-31": "298.69980", "2010-09-30": "278.80000", "2010-06-30": "269.60000", "2010-03-31": "255.10000", "2009-12-31": "245.50000", "2009-09-30": "224.80000", "2009-06-30": "171.90000", "2009-03-31": "128.60000", "2008-12-31": "138.30000", "2008-09-30": "255.40010", "2008-06-30": "275.50000", "2008-03-31": "246.60000", "2007-12-31": "277.60000", "2007-09-30": "277.20000", "2007-06-30": "266.50000", "2007-03-31": "233.90000", "2006-12-31": "229.70010", "2006-09-30": "212.80000", "2006-06-30": "205.00000", "2006-03-31": "190.60000", "2005-12-31": "184.47300", "2005-09-30": "191.54900", "2005-06-30": "166.93500", "2005-03-31": "157.94300"}, "EBIT": {"2020-12-31": "755.90000", "2020-09-30": "728.90010", "2020-06-30": "553.70000", "2020-03-31": "707.20000", "2019-12-31": "580.30010", "2019-09-30": "659.10000", "2019-06-30": "615.09990", "2019-03-31": "532.50010", "2018-12-31": "542.30030", "2018-09-30": "640.59990", "2018-06-30": "594.70000", "2018-03-31": "583.80000", "2017-12-31": "530.99990", "2017-09-30": "548.49990", "2017-06-30": "507.60000", "2017-03-31": "521.70000", "2016-12-31": "563.30000", "2016-09-30": "475.70000", "2016-06-30": "283.50000", "2016-03-31": "410.90000", "2015-12-31": "455.00020", "2015-09-30": "458.30000", "2015-06-30": "507.80000", "2015-03-31": "477.80000", "2014-12-31": "480.00020", "2014-09-30": "488.70000", "2014-06-30": "473.10000", "2014-03-31": "449.10000", "2013-12-31": "440.09990", "2013-09-30": "425.90000", "2013-06-30": "398.80000", "2013-03-31": "372.60000", "2012-12-31": "361.20000", "2012-09-30": "358.90000", "2012-06-30": "328.00000", "2012-03-31": "316.20000", "2011-12-31": "293.60000", "2011-09-30": "295.20000", "2011-06-30": "326.60000", "2011-03-31": "311.50000", "2010-12-31": "280.09990", "2010-09-30": "262.80000", "2010-06-30": "254.00000", "2010-03-31": "239.60000", "2009-12-31": "226.29990", "2009-09-30": "208.30000", "2009-06-30": "155.20000", "2009-03-31": "111.80000", "2008-12-31": "122.40000", "2008-09-30": "239.90010", "2008-06-30": "259.80000", "2008-03-31": "231.40000", "2007-12-31": "263.80000", "2007-09-30": "265.00000", "2007-06-30": "252.30000", "2007-03-31": "220.10000", "2006-12-31": "216.10000", "2006-09-30": "201.70000", "2006-06-30": "193.90000", "2006-03-31": "179.50000", "2005-12-31": "173.24200", "2005-09-30": "180.75400", "2005-06-30": "156.43300", "2005-03-31": "148.17100"}, "Basic Shares Outstanding": {"2020-12-31": "226.80000", "2020-09-30": "227.00000", "2020-06-30": "227.40000", "2020-03-31": "234.10000", "2019-12-31": "235.40000", "2019-09-30": "234.90000", "2019-06-30": "235.90000", "2019-03-31": "236.60000", "2018-12-31": "242.20000", "2018-09-30": "242.80000", "2018-06-30": "242.20000", "2018-03-31": "244.30000", "2017-12-31": "241.20000", "2017-09-30": "240.30000", "2017-06-30": "239.80000", "2017-03-31": "242.10000", "2016-12-31": "245.50000", "2016-09-30": "245.60000", "2016-06-30": "246.90000", "2016-03-31": "246.70000", "2015-12-31": "254.60000", "2015-09-30": "252.70000", "2015-06-30": "257.70000", "2015-03-31": "258.70000", "2014-12-31": "259.60000", "2014-09-30": "259.70000", "2014-06-30": "260.70000", "2014-03-31": "260.40000", "2013-12-31": "258.30000", "2013-09-30": "258.70000", "2013-06-30": "258.20000", "2013-03-31": "256.90000", "2012-12-31": "253.40000", "2012-09-30": "253.00000", "2012-06-30": "253.40000", "2012-03-31": "253.10000", "2011-12-31": "255.60000", "2011-09-30": "253.70000", "2011-06-30": "258.00000", "2011-03-31": "258.70000", "2010-12-31": "257.20000", "2010-09-30": "255.50000", "2010-06-30": "258.20000", "2010-03-31": "258.20000", "2009-12-31": "255.90000", "2009-09-30": "256.10000", "2009-06-30": "255.20000", "2009-03-31": "255.40000", "2008-12-31": "259.30000", "2008-09-30": "258.70000", "2008-06-30": "259.60000", "2008-03-31": "261.70000", "2007-12-31": "264.80000", "2007-09-30": "264.20000", "2007-06-30": "265.40000", "2007-03-31": "265.40000", "2006-12-31": "263.80000", "2006-09-30": "262.30000", "2006-06-30": "264.80000", "2006-03-31": "264.00000", "2005-12-31": "260.50000", "2005-09-30": "260.01200", "2005-06-30": "259.63000", "2005-03-31": "260.53200"}, "Shares Outstanding": {"2020-12-31": "229.20000", "2020-09-30": "229.40000", "2020-06-30": "229.50000", "2020-03-31": "236.80000", "2019-12-31": "238.60000", "2019-09-30": "238.20000", "2019-06-30": "239.20000", "2019-03-31": "239.60000", "2018-12-31": "246.90000", "2018-09-30": "247.50000", "2018-06-30": "247.40000", "2018-03-31": "249.80000", "2017-12-31": "245.10000", "2017-09-30": "244.40000", "2017-06-30": "243.00000", "2017-03-31": "245.50000", "2016-12-31": "250.30000", "2016-09-30": "250.10000", "2016-06-30": "252.60000", "2016-03-31": "251.50000", "2015-12-31": "260.90000", "2015-09-30": "258.60000", "2015-06-30": "264.60000", "2015-03-31": "265.70000", "2014-12-31": "267.40000", "2014-09-30": "267.40000", "2014-06-30": "268.70000", "2014-03-31": "268.60000", "2013-12-31": "266.30000", "2013-09-30": "266.50000", "2013-06-30": "266.20000", "2013-03-31": "264.90000", "2012-12-31": "261.00000", "2012-09-30": "260.30000", "2012-06-30": "260.60000", "2012-03-31": "261.00000", "2011-12-31": "263.30000", "2011-09-30": "260.00000", "2011-06-30": "266.70000", "2011-03-31": "268.50000", "2010-12-31": "265.10000", "2010-09-30": "261.80000", "2010-06-30": "265.70000", "2010-03-31": "266.20000", "2009-12-31": "262.30000", "2009-09-30": "263.60000", "2009-06-30": "261.70000", "2009-03-31": "259.00000", "2008-12-31": "269.90000", "2008-09-30": "270.60000", "2008-06-30": "272.20000", "2008-03-31": "273.50000", "2007-12-31": "279.10000", "2007-09-30": "278.20000", "2007-06-30": "280.00000", "2007-03-31": "279.80000", "2006-12-31": "278.70000", "2006-09-30": "277.60000", "2006-06-30": "279.70000", "2006-03-31": "277.90000", "2005-12-31": "273.20000", "2005-09-30": "272.86500", "2005-06-30": "271.43100", "2005-03-31": "273.48400"}, "Basic EPS": {"2020-12-31": "3.36000", "2020-09-30": "2.75000", "2020-06-30": "2.58000", "2020-03-31": "1.43000", "2019-12-31": "2.27000", "2019-09-30": "2.26000", "2019-06-30": "2.18000", "2019-03-31": "2.11000", "2018-12-31": "1.45000", "2018-09-30": "2.34000", "2018-06-30": "1.81000", "2018-03-31": "1.81000", "2017-12-31": "1.40000", "2017-09-30": "1.59000", "2017-06-30": "1.52000", "2017-03-31": "1.56000", "2016-12-31": "1.53000", "2016-09-30": "1.30000", "2016-06-30": "0.81000", "2016-03-31": "1.21000", "2015-12-31": "1.22000", "2015-09-30": "1.08000", "2015-06-30": "1.28000", "2015-03-31": "1.16000", "2014-12-31": "1.21000", "2014-09-30": "1.15000", "2014-06-30": "1.16000", "2014-03-31": "1.16000", "2013-12-31": "1.11000", "2013-09-30": "1.03000", "2013-06-30": "0.95000", "2013-03-31": "0.93000", "2012-12-31": "0.91000", "2012-09-30": "0.97000", "2012-06-30": "0.81000", "2012-03-31": "0.78000", "2011-12-31": "0.74000", "2011-09-30": "0.73000", "2011-06-30": "0.79000", "2011-03-31": "0.75000", "2010-12-31": "0.74000", "2010-09-30": "0.66000", "2010-06-30": "0.61000", "2010-03-31": "0.59000", "2009-12-31": "0.59000", "2009-09-30": "0.52000", "2009-06-30": "0.39000", "2009-03-31": "0.19000", "2008-12-31": "0.10000", "2008-09-30": "0.59000", "2008-06-30": "0.62000", "2008-03-31": "0.58000", "2007-12-31": "0.72000", "2007-09-30": "0.66000", "2007-06-30": "0.61000", "2007-03-31": "0.54000", "2006-12-31": "0.57000", "2006-09-30": "0.49000", "2006-06-30": "0.51000", "2006-03-31": "0.44000", "2005-12-31": "0.44000", "2005-09-30": "0.45000", "2005-06-30": "0.40000", "2005-03-31": "0.36000"}, "EPS - Earnings Per Share": {"2020-12-31": "3.33000", "2020-09-30": "2.73000", "2020-06-30": "2.55000", "2020-03-31": "1.41000", "2019-12-31": "2.23000", "2019-09-30": "2.23000", "2019-06-30": "2.15000", "2019-03-31": "2.09000", "2018-12-31": "1.43000", "2018-09-30": "2.30000", "2018-06-30": "1.77000", "2018-03-31": "1.77000", "2017-12-31": "1.37000", "2017-09-30": "1.56000", "2017-06-30": "1.50000", "2017-03-31": "1.54000", "2016-12-31": "1.50000", "2016-09-30": "1.28000", "2016-06-30": "0.79000", "2016-03-31": "1.18000", "2015-12-31": "1.20000", "2015-09-30": "1.06000", "2015-06-30": "1.24000", "2015-03-31": "1.13000", "2014-12-31": "1.18000", "2014-09-30": "1.12000", "2014-06-30": "1.13000", "2014-03-31": "1.12000", "2013-12-31": "1.07000", "2013-09-30": "1.00000", "2013-06-30": "0.92000", "2013-03-31": "0.91000", "2012-12-31": "0.88000", "2012-09-30": "0.94000", "2012-06-30": "0.79000", "2012-03-31": "0.75000", "2011-12-31": "0.73000", "2011-09-30": "0.71000", "2011-06-30": "0.76000", "2011-03-31": "0.72000", "2010-12-31": "0.73000", "2010-09-30": "0.64000", "2010-06-30": "0.59000", "2010-03-31": "0.57000", "2009-12-31": "0.58000", "2009-09-30": "0.50000", "2009-06-30": "0.38000", "2009-03-31": "0.19000", "2008-12-31": "0.11000", "2008-09-30": "0.56000", "2008-06-30": "0.59000", "2008-03-31": "0.55000", "2007-12-31": "0.68000", "2007-09-30": "0.63000", "2007-06-30": "0.58000", "2007-03-31": "0.51000", "2006-12-31": "0.53000", "2006-09-30": "0.46000", "2006-06-30": "0.49000", "2006-03-31": "0.42000", "2005-12-31": "0.42500", "2005-09-30": "0.43000", "2005-06-30": "0.38000", "2005-03-31": "0.34500"}}, "balance sheet": {"Cash On Hand": {"2020-12-31": "2151.70000", "2019-12-31": "1781.80000", "2018-12-31": "1425.20000", "2017-12-31": "1902.70000", "2016-12-31": "1204.90000", "2015-12-31": "1172.30000", "2014-12-31": "1506.10000", "2013-12-31": "1398.00000", "2012-12-31": "879.10000", "2011-12-31": "897.90000", "2010-12-31": "813.10000", "2009-12-31": "743.30000", "2008-12-31": "619.10000", "2007-12-31": "785.10000", "2006-12-31": "773.00000", "2005-12-31": "803.60000"}, "Receivables": {"2020-12-31": "863.10000", "2019-12-31": "646.60000", "2018-12-31": "549.60000", "2017-12-31": "565.30000", "2016-12-31": "455.10000", "2015-12-31": "446.00000", "2014-12-31": "442.80000", "2013-12-31": "398.80000", "2012-12-31": "353.90000", "2011-12-31": "304.50000", "2010-12-31": "307.90000", "2009-12-31": "246.20000", "2008-12-31": "177.30000", "2007-12-31": "265.30000", "2006-12-31": "223.50000", "2005-12-31": "175.00000"}, "Inventory": {"2020-12-31": "", "2019-12-31": "", "2018-12-31": "", "2017-12-31": "", "2016-12-31": "", "2015-12-31": "", "2014-12-31": "", "2013-12-31": "", "2012-12-31": "", "2011-12-31": "", "2010-12-31": "", "2009-12-31": "", "2008-12-31": "", "2007-12-31": "", "2006-12-31": "", "2005-12-31": ""}, "Pre-Paid Expenses": {"2020-12-31": "", "2019-12-31": "", "2018-12-31": "", "2017-12-31": "", "2016-12-31": "", "2015-12-31": "", "2014-12-31": "", "2013-12-31": "", "2012-12-31": "", "2011-12-31": "", "2010-12-31": "", "2009-12-31": "", "2008-12-31": "", "2007-12-31": "", "2006-12-31": "", "2005-12-31": ""}, "Other Current Assets": {"2020-12-31": "", "2019-12-31": "", "2018-12-31": "", "2017-12-31": "", "2016-12-31": "", "2015-12-31": "", "2014-12-31": "", "2013-12-31": "", "2012-12-31": "", "2011-12-31": "", "2010-12-31": "", "2009-12-31": "", "2008-12-31": "", "2007-12-31": "", "2006-12-31": "", "2005-12-31": ""}, "Total Current Assets": {"2020-12-31": "3014.80000", "2019-12-31": "2428.40000", "2018-12-31": "1974.80000", "2017-12-31": "2468.00000", "2016-12-31": "1660.00000", "2015-12-31": "1618.30000", "2014-12-31": "1948.90000", "2013-12-31": "1796.80000", "2012-12-31": "1233.00000", "2011-12-31": "1202.40000", "2010-12-31": "1121.00000", "2009-12-31": "989.50000", "2008-12-31": "796.40000", "2007-12-31": "1050.40000", "2006-12-31": "996.50000", "2005-12-31": "978.60000"}, "Property, Plant, And Equipment": {"2020-12-31": "695.40000", "2019-12-31": "674.40000", "2018-12-31": "661.30000", "2017-12-31": "652.00000", "2016-12-31": "615.10000", "2015-12-31": "607.10000", "2014-12-31": "586.40000", "2013-12-31": "572.90000", "2012-12-31": "561.00000", "2011-12-31": "567.40000", "2010-12-31": "560.30000", "2009-12-31": "512.80000", "2008-12-31": "440.10000", "2007-12-31": "358.30000", "2006-12-31": "264.90000", "2005-12-31": "214.80000"}, "Long-Term Investments": {"2020-12-31": "5946.30000", "2019-12-31": "5216.70000", "2018-12-31": "4133.80000", "2017-12-31": "3525.70000", "2016-12-31": "2938.00000", "2015-12-31": "2018.90000", "2014-12-31": "2292.30000", "2013-12-31": "1925.50000", "2012-12-31": "1580.80000", "2011-12-31": "1169.20000", "2010-12-31": "1142.30000", "2009-12-31": "905.80000", "2008-12-31": "721.40000", "2007-12-31": "1002.20000", "2006-12-31": "762.40000", "2005-12-31": "401.50000"}, "Goodwill And Intangible Assets": {"2020-12-31": "665.70000", "2019-12-31": "665.70000", "2018-12-31": "665.70000", "2017-12-31": "665.70000", "2016-12-31": "665.70000", "2015-12-31": "665.70000", "2014-12-31": "665.70000", "2013-12-31": "665.70000", "2012-12-31": "665.70000", "2011-12-31": "665.70000", "2010-12-31": "665.70000", "2009-12-31": "665.70000", "2008-12-31": "665.70000", "2007-12-31": "665.70000", "2006-12-31": "669.40000", "2005-12-31": "665.70000"}, "Other Long-Term Assets": {"2020-12-31": "219.20000", "2019-12-31": "234.40000", "2018-12-31": "253.70000", "2017-12-31": "224.00000", "2016-12-31": "346.20000", "2015-12-31": "196.90000", "2014-12-31": "151.10000", "2013-12-31": "72.20000", "2012-12-31": "162.30000", "2011-12-31": "165.60000", "2010-12-31": "152.70000", "2009-12-31": "136.50000", "2008-12-31": "195.80000", "2007-12-31": "100.70000", "2006-12-31": "72.10000", "2005-12-31": "49.90000"}, "Total Long-Term Assets": {"2020-12-31": "7526.60000", "2019-12-31": "6791.20000", "2018-12-31": "5714.50000", "2017-12-31": "5067.40000", "2016-12-31": "4565.00000", "2015-12-31": "3488.60000", "2014-12-31": "3695.50000", "2013-12-31": "3236.30000", "2012-12-31": "2969.80000", "2011-12-31": "2567.90000", "2010-12-31": "2521.00000", "2009-12-31": "2220.80000", "2008-12-31": "2023.00000", "2007-12-31": "2126.90000", "2006-12-31": "1768.80000", "2005-12-31": "1331.90000"}, "Total Assets": {"2020-12-31": "10659.00000", "2019-12-31": "9330.40000", "2018-12-31": "7689.30000", "2017-12-31": "7535.40000", "2016-12-31": "6225.00000", "2015-12-31": "5106.90000", "2014-12-31": "5644.40000", "2013-12-31": "5033.10000", "2012-12-31": "4202.80000", "2011-12-31": "3770.30000", "2010-12-31": "3642.00000", "2009-12-31": "3210.30000", "2008-12-31": "2819.40000", "2007-12-31": "3177.30000", "2006-12-31": "2765.30000", "2005-12-31": "2310.50000"}, "Total Current Liabilities": {"2020-12-31": "", "2019-12-31": "358.40000", "2018-12-31": "406.00000", "2017-12-31": "393.00000", "2016-12-31": "312.70000", "2015-12-31": "276.00000", "2014-12-31": "249.20000", "2013-12-31": "215.00000", "2012-12-31": "356.70000", "2011-12-31": "349.60000", "2010-12-31": "345.50000", "2009-12-31": "328.10000", "2008-12-31": "330.60000", "2007-12-31": "400.20000", "2006-12-31": "338.40000", "2005-12-31": "274.40000"}, "Long Term Debt": {"2020-12-31": "", "2019-12-31": "", "2018-12-31": "", "2017-12-31": "", "2016-12-31": "", "2015-12-31": "", "2014-12-31": "", "2013-12-31": "", "2012-12-31": "", "2011-12-31": "", "2010-12-31": "", "2009-12-31": "", "2008-12-31": "", "2007-12-31": "", "2006-12-31": "", "2005-12-31": ""}, "Other Non-Current Liabilities": {"2020-12-31": "1390.30000", "2019-12-31": "602.60000", "2018-12-31": "418.70000", "2017-12-31": "325.20000", "2016-12-31": "216.50000", "2015-12-31": "68.90000", "2014-12-31": "", "2013-12-31": "", "2012-12-31": "", "2011-12-31": "", "2010-12-31": "", "2009-12-31": "", "2008-12-31": "", "2007-12-31": "", "2006-12-31": "", "2005-12-31": ""}, "Total Long Term Liabilities": {"2020-12-31": "2952.00000", "2019-12-31": "1869.90000", "2018-12-31": "1159.00000", "2017-12-31": "1318.00000", "2016-12-31": "903.70000", "2015-12-31": "68.90000", "2014-12-31": "", "2013-12-31": "", "2012-12-31": "", "2011-12-31": "", "2010-12-31": "", "2009-12-31": "", "2008-12-31": "", "2007-12-31": "", "2006-12-31": "", "2005-12-31": ""}, "Total Liabilities": {"2020-12-31": "2952.00000", "2019-12-31": "2228.30000", "2018-12-31": "1565.00000", "2017-12-31": "1711.00000", "2016-12-31": "1216.40000", "2015-12-31": "344.90000", "2014-12-31": "249.20000", "2013-12-31": "215.00000", "2012-12-31": "356.70000", "2011-12-31": "349.60000", "2010-12-31": "345.50000", "2009-12-31": "328.10000", "2008-12-31": "330.60000", "2007-12-31": "400.20000", "2006-12-31": "338.40000", "2005-12-31": "274.40000"}, "Common Stock Net": {"2020-12-31": "", "2019-12-31": "47.00000", "2018-12-31": "47.60000", "2017-12-31": "49.00000", "2016-12-31": "49.00000", "2015-12-31": "50.10000", "2014-12-31": "52.20000", "2013-12-31": "52.40000", "2012-12-31": "51.40000", "2011-12-31": "50.70000", "2010-12-31": "51.70000", "2009-12-31": "51.70000", "2008-12-31": "51.40000", "2007-12-31": "52.90000", "2006-12-31": "53.00000", "2005-12-31": "26.30000"}, "Retained Earnings (Accumulated Deficit)": {"2020-12-31": "", "2019-12-31": "6443.50000", "2018-12-31": "5464.10000", "2017-12-31": "4932.90000", "2016-12-31": "4293.60000", "2015-12-31": "3970.70000", "2014-12-31": "4450.10000", "2013-12-31": "3682.80000", "2012-12-31": "3031.80000", "2011-12-31": "2765.20000", "2010-12-31": "2599.40000", "2009-12-31": "2240.10000", "2008-12-31": "2086.80000", "2007-12-31": "2333.40000", "2006-12-31": "2057.10000", "2005-12-31": "1683.30000"}, "Comprehensive Income": {"2020-12-31": "", "2019-12-31": "-43.00000", "2018-12-31": "-42.00000", "2017-12-31": "-3.60000", "2016-12-31": "11.50000", "2015-12-31": "86.60000", "2014-12-31": "136.40000", "2013-12-31": "188.30000", "2012-12-31": "131.90000", "2011-12-31": "102.80000", "2010-12-31": "139.10000", "2009-12-31": "101.90000", "2008-12-31": "-13.10000", "2007-12-31": "95.00000", "2006-12-31": "69.30000", "2005-12-31": "48.50000"}, "Other Share Holders Equity": {"2020-12-31": "", "2019-12-31": "", "2018-12-31": "", "2017-12-31": "", "2016-12-31": "", "2015-12-31": "", "2014-12-31": "", "2013-12-31": "", "2012-12-31": "", "2011-12-31": "", "2010-12-31": "", "2009-12-31": "", "2008-12-31": "", "2007-12-31": "", "2006-12-31": "", "2005-12-31": ""}, "Share Holder Equity": {"2020-12-31": "7707.00000", "2019-12-31": "7102.10000", "2018-12-31": "6124.30000", "2017-12-31": "5824.40000", "2016-12-31": "5008.60000", "2015-12-31": "4762.00000", "2014-12-31": "5395.20000", "2013-12-31": "4818.10000", "2012-12-31": "3846.10000", "2011-12-31": "3420.70000", "2010-12-31": "3296.50000", "2009-12-31": "2882.20000", "2008-12-31": "2488.80000", "2007-12-31": "2777.10000", "2006-12-31": "2426.90000", "2005-12-31": "2036.10000"}, "Total Liabilities And Share Holders Equity": {"2020-12-31": "10659.00000", "2019-12-31": "9330.40000", "2018-12-31": "7689.30000", "2017-12-31": "7535.40000", "2016-12-31": "6225.00000", "2015-12-31": "5106.90000", "2014-12-31": "5644.40000", "2013-12-31": "5033.10000", "2012-12-31": "4202.80000", "2011-12-31": "3770.30000", "2010-12-31": "3642.00000", "2009-12-31": "3210.30000", "2008-12-31": "2819.40000", "2007-12-31": "3177.30000", "2006-12-31": "2765.30000", "2005-12-31": "2310.50000"}}, "balance sheet, quarterly": {"Cash On Hand": {"2020-12-31": "2151.70000", "2020-09-30": "2228.20000", "2020-06-30": "2058.10000", "2020-03-31": "1562.40000", "2019-12-31": "1781.80000", "2019-09-30": "2213.20000", "2019-06-30": "1802.40000", "2019-03-31": "1657.40000", "2018-12-31": "1425.20000", "2018-09-30": "2090.60000", "2018-06-30": "1484.40000", "2018-03-31": "1681.40000", "2017-12-31": "1902.70000", "2017-09-30": "1869.40000", "2017-06-30": "1542.20000", "2017-03-31": "1580.80000", "2016-12-31": "1204.90000", "2016-09-30": "1401.00000", "2016-06-30": "1275.20000", "2016-03-31": "1322.90000", "2015-12-31": "1172.30000", "2015-09-30": "1164.40000", "2015-06-30": "1269.20000", "2015-03-31": "1810.40000", "2014-12-31": "1506.10000", "2014-09-30": "1644.50000", "2014-06-30": "1704.30000", "2014-03-31": "1739.30000", "2013-12-31": "1398.00000", "2013-09-30": "1693.30000", "2013-06-30": "1455.90000", "2013-03-31": "1285.90000", "2012-12-31": "879.10000", "2012-09-30": "1235.00000", "2012-06-30": "972.30000", "2012-03-31": "1103.50000", "2011-12-31": "897.90000", "2011-09-30": "1001.40000", "2011-06-30": "1022.70000", "2011-03-31": "1064.90000", "2010-12-31": "813.10000", "2010-09-30": "810.40000", "2010-06-30": "735.10000", "2010-03-31": "764.10000", "2009-12-31": "743.30000", "2009-09-30": "739.30000", "2009-06-30": "667.40000", "2009-03-31": "621.80000", "2008-12-31": "619.10000", "2008-09-30": "852.70000", "2008-06-30": "681.20000", "2008-03-31": "610.20000", "2007-12-31": "785.10000", "2007-09-30": "847.70000", "2007-06-30": "895.20000", "2007-03-31": "911.10000", "2006-12-31": "773.00000", "2006-09-30": "876.20800", "2006-06-30": "814.44500", "2006-03-31": "933.29100", "2005-12-31": "803.60000", "2005-09-30": "772.37400", "2005-06-30": "624.03400", "2005-03-31": "582.49100"}, "Receivables": {"2020-12-31": "863.10000", "2020-09-30": "714.80000", "2020-06-30": "655.70000", "2020-03-31": "585.30000", "2019-12-31": "646.60000", "2019-09-30": "620.60000", "2019-06-30": "619.80000", "2019-03-31": "604.60000", "2018-12-31": "549.60000", "2018-09-30": "583.10000", "2018-06-30": "564.40000", "2018-03-31": "593.60000", "2017-12-31": "565.30000", "2017-09-30": "507.90000", "2017-06-30": "488.70000", "2017-03-31": "482.50000", "2016-12-31": "455.10000", "2016-09-30": "446.90000", "2016-06-30": "427.40000", "2016-03-31": "428.10000", "2015-12-31": "446.00000", "2015-09-30": "431.40000", "2015-06-30": "449.40000", "2015-03-31": "447.30000", "2014-12-31": "442.80000", "2014-09-30": "423.60000", "2014-06-30": "426.00000", "2014-03-31": "419.70000", "2013-12-31": "398.80000", "2013-09-30": "365.60000", "2013-06-30": "366.50000", "2013-03-31": "364.60000", "2012-12-31": "353.90000", "2012-09-30": "332.20000", "2012-06-30": "324.20000", "2012-03-31": "322.50000", "2011-12-31": "304.50000", "2011-09-30": "295.80000", "2011-06-30": "324.00000", "2011-03-31": "321.40000", "2010-12-31": "307.90000", "2010-09-30": "275.20000", "2010-06-30": "257.10000", "2010-03-31": "259.00000", "2009-12-31": "246.20000", "2009-09-30": "223.10000", "2009-06-30": "198.00000", "2009-03-31": "167.50000", "2008-12-31": "177.30000", "2008-09-30": "234.50000", "2008-06-30": "262.10000", "2008-03-31": "259.10000", "2007-12-31": "265.30000", "2007-09-30": "253.00000", "2007-06-30": "248.80000", "2007-03-31": "223.20000", "2006-12-31": "223.50000", "2006-09-30": "196.86300", "2006-06-30": "182.94400", "2006-03-31": "189.08400", "2005-12-31": "175.00000", "2005-09-30": "167.48100", "2005-06-30": "164.59400", "2005-03-31": "165.27800"}, "Inventory": {"2020-12-31": "", "2020-09-30": "", "2020-06-30": "", "2020-03-31": "", "2019-12-31": "", "2019-09-30": "", "2019-06-30": "", "2019-03-31": "", "2018-12-31": "", "2018-09-30": "", "2018-06-30": "", "2018-03-31": "", "2017-12-31": "", "2017-09-30": "", "2017-06-30": "", "2017-03-31": "", "2016-12-31": "", "2016-09-30": "", "2016-06-30": "", "2016-03-31": "", "2015-12-31": "", "2015-09-30": "", "2015-06-30": "", "2015-03-31": "", "2014-12-31": "", "2014-09-30": "", "2014-06-30": "", "2014-03-31": "", "2013-12-31": "", "2013-09-30": "", "2013-06-30": "", "2013-03-31": "", "2012-12-31": "", "2012-09-30": "", "2012-06-30": "", "2012-03-31": "", "2011-12-31": "", "2011-09-30": "", "2011-06-30": "", "2011-03-31": "", "2010-12-31": "", "2010-09-30": "", "2010-06-30": "", "2010-03-31": "", "2009-12-31": "", "2009-09-30": "", "2009-06-30": "", "2009-03-31": "", "2008-12-31": "", "2008-09-30": "", "2008-06-30": "", "2008-03-31": "", "2007-12-31": "", "2007-09-30": "", "2007-06-30": "", "2007-03-31": "", "2006-12-31": "", "2006-09-30": "", "2006-06-30": "", "2006-03-31": "", "2005-12-31": "", "2005-09-30": "", "2005-06-30": "", "2005-03-31": ""}, "Pre-Paid Expenses": {"2020-12-31": "", "2020-09-30": "", "2020-06-30": "", "2020-03-31": "", "2019-12-31": "", "2019-09-30": "", "2019-06-30": "", "2019-03-31": "", "2018-12-31": "", "2018-09-30": "", "2018-06-30": "", "2018-03-31": "", "2017-12-31": "", "2017-09-30": "", "2017-06-30": "", "2017-03-31": "", "2016-12-31": "", "2016-09-30": "", "2016-06-30": "", "2016-03-31": "", "2015-12-31": "", "2015-09-30": "", "2015-06-30": "", "2015-03-31": "", "2014-12-31": "", "2014-09-30": "", "2014-06-30": "", "2014-03-31": "", "2013-12-31": "", "2013-09-30": "", "2013-06-30": "", "2013-03-31": "", "2012-12-31": "", "2012-09-30": "", "2012-06-30": "", "2012-03-31": "", "2011-12-31": "", "2011-09-30": "", "2011-06-30": "", "2011-03-31": "", "2010-12-31": "", "2010-09-30": "", "2010-06-30": "", "2010-03-31": "", "2009-12-31": "", "2009-09-30": "", "2009-06-30": "", "2009-03-31": "", "2008-12-31": "", "2008-09-30": "", "2008-06-30": "", "2008-03-31": "", "2007-12-31": "", "2007-09-30": "", "2007-06-30": "", "2007-03-31": "", "2006-12-31": "", "2006-09-30": "", "2006-06-30": "", "2006-03-31": "", "2005-12-31": "", "2005-09-30": "", "2005-06-30": "", "2005-03-31": ""}, "Other Current Assets": {"2020-12-31": "", "2020-09-30": "", "2020-06-30": "", "2020-03-31": "", "2019-12-31": "", "2019-09-30": "", "2019-06-30": "", "2019-03-31": "", "2018-12-31": "", "2018-09-30": "", "2018-06-30": "", "2018-03-31": "", "2017-12-31": "", "2017-09-30": "", "2017-06-30": "", "2017-03-31": "", "2016-12-31": "", "2016-09-30": "", "2016-06-30": "", "2016-03-31": "", "2015-12-31": "", "2015-09-30": "", "2015-06-30": "", "2015-03-31": "", "2014-12-31": "", "2014-09-30": "", "2014-06-30": "", "2014-03-31": "", "2013-12-31": "", "2013-09-30": "", "2013-06-30": "", "2013-03-31": "", "2012-12-31": "", "2012-09-30": "", "2012-06-30": "", "2012-03-31": "", "2011-12-31": "", "2011-09-30": "", "2011-06-30": "", "2011-03-31": "", "2010-12-31": "", "2010-09-30": "", "2010-06-30": "", "2010-03-31": "", "2009-12-31": "", "2009-09-30": "", "2009-06-30": "", "2009-03-31": "", "2008-12-31": "", "2008-09-30": "", "2008-06-30": "", "2008-03-31": "", "2007-12-31": "", "2007-09-30": "", "2007-06-30": "", "2007-03-31": "", "2006-12-31": "", "2006-09-30": "", "2006-06-30": "", "2006-03-31": "", "2005-12-31": "", "2005-09-30": "", "2005-06-30": "", "2005-03-31": ""}, "Total Current Assets": {"2020-12-31": "3014.80000", "2020-09-30": "2943.00000", "2020-06-30": "2713.80000", "2020-03-31": "2147.70000", "2019-12-31": "2428.40000", "2019-09-30": "2833.80000", "2019-06-30": "2422.20000", "2019-03-31": "2262.00000", "2018-12-31": "1974.80000", "2018-09-30": "2673.70000", "2018-06-30": "2048.80000", "2018-03-31": "2275.00000", "2017-12-31": "2468.00000", "2017-09-30": "2377.30000", "2017-06-30": "2030.90000", "2017-03-31": "2063.30000", "2016-12-31": "1660.00000", "2016-09-30": "1847.90000", "2016-06-30": "1702.60000", "2016-03-31": "1751.00000", "2015-12-31": "1618.30000", "2015-09-30": "1595.80000", "2015-06-30": "1718.60000", "2015-03-31": "2257.70000", "2014-12-31": "1948.90000", "2014-09-30": "2068.10000", "2014-06-30": "2130.30000", "2014-03-31": "2159.00000", "2013-12-31": "1796.80000", "2013-09-30": "2058.90000", "2013-06-30": "1822.40000", "2013-03-31": "1650.50000", "2012-12-31": "1233.00000", "2012-09-30": "1567.20000", "2012-06-30": "1296.50000", "2012-03-31": "1426.00000", "2011-12-31": "1202.40000", "2011-09-30": "1297.20000", "2011-06-30": "1346.70000", "2011-03-31": "1386.30000", "2010-12-31": "1121.00000", "2010-09-30": "1085.60000", "2010-06-30": "992.20000", "2010-03-31": "1023.10000", "2009-12-31": "989.50000", "2009-09-30": "962.40000", "2009-06-30": "865.40000", "2009-03-31": "789.30000", "2008-12-31": "796.40000", "2008-09-30": "1087.20000", "2008-06-30": "943.30000", "2008-03-31": "869.30000", "2007-12-31": "1050.40000", "2007-09-30": "1100.70000", "2007-06-30": "1144.00000", "2007-03-31": "1134.30000", "2006-12-31": "996.50000", "2006-09-30": "1073.07100", "2006-06-30": "997.38900", "2006-03-31": "1122.37500", "2005-12-31": "978.60000", "2005-09-30": "939.85500", "2005-06-30": "788.62800", "2005-03-31": "747.76900"}, "Property, Plant, And Equipment": {"2020-12-31": "695.40000", "2020-09-30": "681.90000", "2020-06-30": "685.40000", "2020-03-31": "675.20000", "2019-12-31": "674.40000", "2019-09-30": "678.80000", "2019-06-30": "672.00000", "2019-03-31": "667.20000", "2018-12-31": "661.30000", "2018-09-30": "657.00000", "2018-06-30": "655.20000", "2018-03-31": "650.20000", "2017-12-31": "652.00000", "2017-09-30": "635.00000", "2017-06-30": "624.30000", "2017-03-31": "625.20000", "2016-12-31": "615.10000", "2016-09-30": "615.60000", "2016-06-30": "620.80000", "2016-03-31": "612.70000", "2015-12-31": "607.10000", "2015-09-30": "603.00000", "2015-06-30": "607.30000", "2015-03-31": "599.00000", "2014-12-31": "586.40000", "2014-09-30": "572.30000", "2014-06-30": "576.20000", "2014-03-31": "571.80000", "2013-12-31": "572.90000", "2013-09-30": "567.50000", "2013-06-30": "558.70000", "2013-03-31": "563.00000", "2012-12-31": "561.00000", "2012-09-30": "561.00000", "2012-06-30": "564.40000", "2012-03-31": "564.70000", "2011-12-31": "567.40000", "2011-09-30": "555.10000", "2011-06-30": "555.70000", "2011-03-31": "551.80000", "2010-12-31": "560.30000", "2010-09-30": "557.40000", "2010-06-30": "543.90000", "2010-03-31": "518.90000", "2009-12-31": "512.80000", "2009-09-30": "501.90000", "2009-06-30": "474.30000", "2009-03-31": "454.50000", "2008-12-31": "440.10000", "2008-09-30": "415.00000", "2008-06-30": "382.70000", "2008-03-31": "371.20000", "2007-12-31": "358.30000", "2007-09-30": "331.40000", "2007-06-30": "298.60000", "2007-03-31": "278.60000", "2006-12-31": "264.90000", "2006-09-30": "250.96900", "2006-06-30": "238.84300", "2006-03-31": "226.17000", "2005-12-31": "214.80000", "2005-09-30": "210.79100", "2005-06-30": "208.28300", "2005-03-31": "207.67700"}, "Long-Term Investments": {"2020-12-31": "5946.30000", "2020-09-30": "5473.10000", "2020-06-30": "5061.50000", "2020-03-31": "4755.60000", "2019-12-31": "5216.70000", "2019-09-30": "4853.30000", "2019-06-30": "4778.60000", "2019-03-31": "4483.00000", "2018-12-31": "4133.80000", "2018-09-30": "4332.20000", "2018-06-30": "4316.50000", "2018-03-31": "3605.90000", "2017-12-31": "3525.70000", "2017-09-30": "3441.40000", "2017-06-30": "2937.70000", "2017-03-31": "2647.10000", "2016-12-31": "2938.00000", "2016-09-30": "3348.90000", "2016-06-30": "3265.40000", "2016-03-31": "2934.60000", "2015-12-31": "2018.90000", "2015-09-30": "2200.60000", "2015-06-30": "2271.10000", "2015-03-31": "2308.90000", "2014-12-31": "2292.30000", "2014-09-30": "2354.70000", "2014-06-30": "2203.00000", "2014-03-31": "1984.20000", "2013-12-31": "1925.50000", "2013-09-30": "1746.90000", "2013-06-30": "1641.80000", "2013-03-31": "1621.20000", "2012-12-31": "1580.80000", "2012-09-30": "1472.60000", "2012-06-30": "1433.50000", "2012-03-31": "1300.30000", "2011-12-31": "1169.20000", "2011-09-30": "1153.20000", "2011-06-30": "1208.10000", "2011-03-31": "1173.60000", "2010-12-31": "1142.30000", "2010-09-30": "1104.50000", "2010-06-30": "1034.50000", "2010-03-31": "1075.80000", "2009-12-31": "905.80000", "2009-09-30": "896.00000", "2009-06-30": "783.10000", "2009-03-31": "716.20000", "2008-12-31": "721.40000", "2008-09-30": "817.90000", "2008-06-30": "946.00000", "2008-03-31": "959.30000", "2007-12-31": "1002.20000", "2007-09-30": "1000.70000", "2007-06-30": "898.30000", "2007-03-31": "805.00000", "2006-12-31": "762.40000", "2006-09-30": "526.94400", "2006-06-30": "504.42000", "2006-03-31": "417.30900", "2005-12-31": "401.50000", "2005-09-30": "368.15800", "2005-06-30": "357.13300", "2005-03-31": "330.81800"}, "Goodwill And Intangible Assets": {"2020-12-31": "665.70000", "2020-09-30": "665.70000", "2020-06-30": "665.70000", "2020-03-31": "665.70000", "2019-12-31": "665.70000", "2019-09-30": "665.70000", "2019-06-30": "665.70000", "2019-03-31": "665.70000", "2018-12-31": "665.70000", "2018-09-30": "665.70000", "2018-06-30": "665.70000", "2018-03-31": "665.70000", "2017-12-31": "665.70000", "2017-09-30": "665.70000", "2017-06-30": "665.70000", "2017-03-31": "665.70000", "2016-12-31": "665.70000", "2016-09-30": "665.70000", "2016-06-30": "665.70000", "2016-03-31": "665.70000", "2015-12-31": "665.70000", "2015-09-30": "665.70000", "2015-06-30": "665.70000", "2015-03-31": "665.70000", "2014-12-31": "665.70000", "2014-09-30": "665.70000", "2014-06-30": "665.70000", "2014-03-31": "665.70000", "2013-12-31": "665.70000", "2013-09-30": "665.70000", "2013-06-30": "665.70000", "2013-03-31": "665.70000", "2012-12-31": "665.70000", "2012-09-30": "665.70000", "2012-06-30": "665.70000", "2012-03-31": "665.70000", "2011-12-31": "665.70000", "2011-09-30": "665.70000", "2011-06-30": "665.70000", "2011-03-31": "665.70000", "2010-12-31": "665.70000", "2010-09-30": "665.70000", "2010-06-30": "665.70000", "2010-03-31": "665.70000", "2009-12-31": "665.70000", "2009-09-30": "665.70000", "2009-06-30": "665.70000", "2009-03-31": "665.70000", "2008-12-31": "665.70000", "2008-09-30": "668.30000", "2008-06-30": "668.50000", "2008-03-31": "668.60000", "2007-12-31": "665.70000", "2007-09-30": "668.90000", "2007-06-30": "669.10000", "2007-03-31": "669.30000", "2006-12-31": "669.40000", "2006-09-30": "668.98000", "2006-06-30": "669.12200", "2006-03-31": "665.69200", "2005-12-31": "665.70000", "2005-09-30": "665.69200", "2005-06-30": "665.69200", "2005-03-31": "665.69200"}, "Other Long-Term Assets": {"2020-12-31": "219.20000", "2020-09-30": "231.70000", "2020-06-30": "219.40000", "2020-03-31": "255.10000", "2019-12-31": "234.40000", "2019-09-30": "254.90000", "2019-06-30": "253.70000", "2019-03-31": "253.80000", "2018-12-31": "253.70000", "2018-09-30": "202.00000", "2018-06-30": "196.00000", "2018-03-31": "177.50000", "2017-12-31": "224.00000", "2017-09-30": "260.20000", "2017-06-30": "274.00000", "2017-03-31": "274.30000", "2016-12-31": "346.20000", "2016-09-30": "245.40000", "2016-06-30": "327.20000", "2016-03-31": "239.90000", "2015-12-31": "196.90000", "2015-09-30": "201.50000", "2015-06-30": "152.80000", "2015-03-31": "130.70000", "2014-12-31": "151.10000", "2014-09-30": "107.20000", "2014-06-30": "93.80000", "2014-03-31": "82.20000", "2013-12-31": "72.20000", "2013-09-30": "87.80000", "2013-06-30": "110.30000", "2013-03-31": "110.20000", "2012-12-31": "162.30000", "2012-09-30": "139.10000", "2012-06-30": "156.80000", "2012-03-31": "120.20000", "2011-12-31": "165.60000", "2011-09-30": "168.40000", "2011-06-30": "106.20000", "2011-03-31": "108.60000", "2010-12-31": "152.70000", "2010-09-30": "150.10000", "2010-06-30": "166.70000", "2010-03-31": "108.90000", "2009-12-31": "136.50000", "2009-09-30": "135.00000", "2009-06-30": "167.90000", "2009-03-31": "166.80000", "2008-12-31": "195.80000", "2008-09-30": "134.10000", "2008-06-30": "109.30000", "2008-03-31": "81.00000", "2007-12-31": "100.70000", "2007-09-30": "46.50000", "2007-06-30": "66.50000", "2007-03-31": "70.20000", "2006-12-31": "72.10000", "2006-09-30": "135.74300", "2006-06-30": "88.45200", "2006-03-31": "62.77800", "2005-12-31": "49.90000", "2005-09-30": "53.10400", "2005-06-30": "48.54000", "2005-03-31": "51.75000"}, "Total Long-Term Assets": {"2020-12-31": "7526.60000", "2020-09-30": "7052.40000", "2020-06-30": "6632.00000", "2020-03-31": "6351.60100", "2019-12-31": "6791.20000", "2019-09-30": "6452.70000", "2019-06-30": "6370.00000", "2019-03-31": "6069.70000", "2018-12-31": "5714.50000", "2018-09-30": "5856.90000", "2018-06-30": "5833.40000", "2018-03-31": "5099.30000", "2017-12-31": "5067.40000", "2017-09-30": "5002.30000", "2017-06-30": "4501.70000", "2017-03-31": "4212.30000", "2016-12-31": "4565.00000", "2016-09-30": "4875.60000", "2016-06-30": "4879.10000", "2016-03-31": "4452.90000", "2015-12-31": "3488.60000", "2015-09-30": "3670.80000", "2015-06-30": "3696.90000", "2015-03-31": "3704.30000", "2014-12-31": "3695.50000", "2014-09-30": "3699.90000", "2014-06-30": "3538.70000", "2014-03-31": "3303.90000", "2013-12-31": "3236.30000", "2013-09-30": "3067.90000", "2013-06-30": "2976.50000", "2013-03-31": "2960.10000", "2012-12-31": "2969.80000", "2012-09-30": "2838.40000", "2012-06-30": "2820.40000", "2012-03-31": "2650.90000", "2011-12-31": "2567.90000", "2011-09-30": "2542.40000", "2011-06-30": "2535.70000", "2011-03-31": "2499.70000", "2010-12-31": "2521.00000", "2010-09-30": "2477.70000", "2010-06-30": "2410.80000", "2010-03-31": "2369.30000", "2009-12-31": "2220.80000", "2009-09-30": "2198.60000", "2009-06-30": "2091.00000", "2009-03-31": "2003.20000", "2008-12-31": "2023.00000", "2008-09-30": "2035.30000", "2008-06-30": "2106.50000", "2008-03-31": "2080.10000", "2007-12-31": "2126.90000", "2007-09-30": "2047.50000", "2007-06-30": "1932.50000", "2007-03-31": "1823.10000", "2006-12-31": "1768.80000", "2006-09-30": "1582.63600", "2006-06-30": "1500.83700", "2006-03-31": "1371.94900", "2005-12-31": "1331.90000", "2005-09-30": "1297.74500", "2005-06-30": "1279.64800", "2005-03-31": "1255.93700"}, "Total Assets": {"2020-12-31": "10659.00000", "2020-09-30": "10134.60000", "2020-06-30": "9477.30000", "2020-03-31": "8636.90000", "2019-12-31": "9330.40000", "2019-09-30": "9397.80000", "2019-06-30": "8912.30000", "2019-03-31": "8458.90000", "2018-12-31": "7689.30000", "2018-09-30": "8530.60000", "2018-06-30": "7882.20000", "2018-03-31": "7374.30000", "2017-12-31": "7535.40000", "2017-09-30": "7379.60000", "2017-06-30": "6532.60000", "2017-03-31": "6275.60000", "2016-12-31": "6225.00000", "2016-09-30": "6723.50000", "2016-06-30": "6581.70000", "2016-03-31": "6203.90000", "2015-12-31": "5106.90000", "2015-09-30": "5266.60000", "2015-06-30": "5415.50000", "2015-03-31": "5962.00000", "2014-12-31": "5644.40000", "2014-09-30": "5768.00000", "2014-06-30": "5669.00000", "2014-03-31": "5462.90000", "2013-12-31": "5033.10000", "2013-09-30": "5126.80000", "2013-06-30": "4798.90000", "2013-03-31": "4610.60000", "2012-12-31": "4202.80000", "2012-09-30": "4405.60000", "2012-06-30": "4116.90000", "2012-03-31": "4076.90000", "2011-12-31": "3770.30000", "2011-09-30": "3839.60000", "2011-06-30": "3882.40000", "2011-03-31": "3886.00000", "2010-12-31": "3642.00000", "2010-09-30": "3563.30000", "2010-06-30": "3403.00000", "2010-03-31": "3392.40000", "2009-12-31": "3210.30000", "2009-09-30": "3161.00000", "2009-06-30": "2956.40000", "2009-03-31": "2792.50000", "2008-12-31": "2819.40000", "2008-09-30": "3122.50000", "2008-06-30": "3049.80000", "2008-03-31": "2949.40000", "2007-12-31": "3177.30000", "2007-09-30": "3148.20000", "2007-06-30": "3076.50000", "2007-03-31": "2957.40000", "2006-12-31": "2765.30000", "2006-09-30": "2655.70700", "2006-06-30": "2498.22600", "2006-03-31": "2494.32400", "2005-12-31": "2310.50000", "2005-09-30": "2237.60000", "2005-06-30": "2068.27600", "2005-03-31": "2003.70600"}, "Total Current Liabilities": {"2020-12-31": "", "2020-09-30": "836.90000", "2020-06-30": "838.30000", "2020-03-31": "472.20000", "2019-12-31": "358.40000", "2019-09-30": "786.50000", "2019-06-30": "619.50000", "2019-03-31": "604.30000", "2018-12-31": "406.00000", "2018-09-30": "841.80000", "2018-06-30": "626.00000", "2018-03-31": "588.20000", "2017-12-31": "393.00000", "2017-09-30": "664.10000", "2017-06-30": "508.10000", "2017-03-31": "612.20000", "2016-12-31": "312.70000", "2016-09-30": "723.40000", "2016-06-30": "532.50000", "2016-03-31": "556.50000", "2015-12-31": "276.00000", "2015-09-30": "593.00000", "2015-06-30": "448.40000", "2015-03-31": "960.00000", "2014-12-31": "249.20000", "2014-09-30": "540.50000", "2014-06-30": "395.40000", "2014-03-31": "425.70000", "2013-12-31": "215.00000", "2013-09-30": "586.20000", "2013-06-30": "488.40000", "2013-03-31": "503.60000", "2012-12-31": "356.70000", "2012-09-30": "546.70000", "2012-06-30": "459.10000", "2012-03-31": "446.80000", "2011-12-31": "349.60000", "2011-09-30": "570.00010", "2011-06-30": "469.60000", "2011-03-31": "430.10000", "2010-12-31": "345.50000", "2010-09-30": "498.90000", "2010-06-30": "443.70000", "2010-03-31": "385.50000", "2009-12-31": "328.10000", "2009-09-30": "421.30000", "2009-06-30": "376.30000", "2009-03-31": "331.90000", "2008-12-31": "330.60000", "2008-09-30": "466.00000", "2008-06-30": "397.60000", "2008-03-31": "371.10000", "2007-12-31": "400.20000", "2007-09-30": "473.70000", "2007-06-30": "438.20000", "2007-03-31": "408.60000", "2006-12-31": "338.40000", "2006-09-30": "389.22000", "2006-06-30": "352.34800", "2006-03-31": "322.91600", "2005-12-31": "274.40000", "2005-09-30": "326.94400", "2005-06-30": "267.14600", "2005-03-31": "249.38100"}, "Long Term Debt": {"2020-12-31": "", "2020-09-30": "", "2020-06-30": "", "2020-03-31": "", "2019-12-31": "", "2019-09-30": "", "2019-06-30": "", "2019-03-31": "", "2018-12-31": "", "2018-09-30": "", "2018-06-30": "", "2018-03-31": "", "2017-12-31": "", "2017-09-30": "", "2017-06-30": "", "2017-03-31": "", "2016-12-31": "", "2016-09-30": "", "2016-06-30": "", "2016-03-31": "", "2015-12-31": "", "2015-09-30": "", "2015-06-30": "", "2015-03-31": "", "2014-12-31": "", "2014-09-30": "", "2014-06-30": "", "2014-03-31": "", "2013-12-31": "", "2013-09-30": "", "2013-06-30": "", "2013-03-31": "", "2012-12-31": "", "2012-09-30": "", "2012-06-30": "", "2012-03-31": "", "2011-12-31": "", "2011-09-30": "", "2011-06-30": "", "2011-03-31": "", "2010-12-31": "", "2010-09-30": "", "2010-06-30": "", "2010-03-31": "", "2009-12-31": "", "2009-09-30": "", "2009-06-30": "", "2009-03-31": "", "2008-12-31": "", "2008-09-30": "", "2008-06-30": "", "2008-03-31": "", "2007-12-31": "", "2007-09-30": "", "2007-06-30": "", "2007-03-31": "", "2006-12-31": "", "2006-09-30": "", "2006-06-30": "", "2006-03-31": "", "2005-12-31": "", "2005-09-30": "", "2005-06-30": "", "2005-03-31": ""}, "Other Non-Current Liabilities": {"2020-12-31": "1390.30000", "2020-09-30": "653.70000", "2020-06-30": "631.80000", "2020-03-31": "587.10000", "2019-12-31": "602.60000", "2019-09-30": "522.20000", "2019-06-30": "546.50000", "2019-03-31": "495.00000", "2018-12-31": "418.70000", "2018-09-30": "367.70000", "2018-06-30": "402.40000", "2018-03-31": "337.70000", "2017-12-31": "325.20000", "2017-09-30": "233.70000", "2017-06-30": "228.30000", "2017-03-31": "204.10000", "2016-12-31": "216.50000", "2016-09-30": "52.50000", "2016-06-30": "77.90000", "2016-03-31": "58.50000", "2015-12-31": "68.90000", "2015-09-30": "", "2015-06-30": "", "2015-03-31": "", "2014-12-31": "", "2014-09-30": "", "2014-06-30": "", "2014-03-31": "", "2013-12-31": "", "2013-09-30": "", "2013-06-30": "", "2013-03-31": "", "2012-12-31": "", "2012-09-30": "", "2012-06-30": "", "2012-03-31": "", "2011-12-31": "", "2011-09-30": "", "2011-06-30": "", "2011-03-31": "", "2010-12-31": "", "2010-09-30": "", "2010-06-30": "", "2010-03-31": "", "2009-12-31": "", "2009-09-30": "", "2009-06-30": "", "2009-03-31": "", "2008-12-31": "", "2008-09-30": "", "2008-06-30": "", "2008-03-31": "", "2007-12-31": "", "2007-09-30": "", "2007-06-30": "", "2007-03-31": "", "2006-12-31": "", "2006-09-30": "", "2006-06-30": "", "2006-03-31": "", "2005-12-31": "", "2005-09-30": "", "2005-06-30": "", "2005-03-31": ""}, "Total Long Term Liabilities": {"2020-12-31": "2952.00000", "2020-09-30": "2169.20000", "2020-06-30": "1888.30000", "2020-03-31": "1730.70000", "2019-12-31": "1869.90000", "2019-09-30": "1771.50000", "2019-06-30": "1713.70000", "2019-03-31": "1543.60000", "2018-12-31": "1159.00000", "2018-09-30": "1228.30000", "2018-06-30": "1141.60000", "2018-03-31": "884.20000", "2017-12-31": "1318.00000", "2017-09-30": "1187.50000", "2017-06-30": "855.90000", "2017-03-31": "663.20000", "2016-12-31": "903.70000", "2016-09-30": "1166.40000", "2016-06-30": "1188.30000", "2016-03-31": "883.60000", "2015-12-31": "68.90000", "2015-09-30": "", "2015-06-30": "", "2015-03-31": "", "2014-12-31": "", "2014-09-30": "", "2014-06-30": "", "2014-03-31": "", "2013-12-31": "", "2013-09-30": "", "2013-06-30": "", "2013-03-31": "", "2012-12-31": "", "2012-09-30": "", "2012-06-30": "", "2012-03-31": "", "2011-12-31": "", "2011-09-30": "", "2011-06-30": "", "2011-03-31": "", "2010-12-31": "", "2010-09-30": "", "2010-06-30": "", "2010-03-31": "", "2009-12-31": "", "2009-09-30": "", "2009-06-30": "", "2009-03-31": "", "2008-12-31": "", "2008-09-30": "", "2008-06-30": "", "2008-03-31": "", "2007-12-31": "", "2007-09-30": "", "2007-06-30": "", "2007-03-31": "", "2006-12-31": "", "2006-09-30": "", "2006-06-30": "", "2006-03-31": "", "2005-12-31": "", "2005-09-30": "", "2005-06-30": "", "2005-03-31": ""}, "Total Liabilities": {"2020-12-31": "2952.00000", "2020-09-30": "3006.10000", "2020-06-30": "2726.60000", "2020-03-31": "2202.90000", "2019-12-31": "2228.30000", "2019-09-30": "2558.00000", "2019-06-30": "2333.20000", "2019-03-31": "2147.90000", "2018-12-31": "1565.00000", "2018-09-30": "2070.10000", "2018-06-30": "1767.60000", "2018-03-31": "1472.40000", "2017-12-31": "1711.00000", "2017-09-30": "1851.60000", "2017-06-30": "1364.00000", "2017-03-31": "1275.40000", "2016-12-31": "1216.40000", "2016-09-30": "1889.80000", "2016-06-30": "1720.80000", "2016-03-31": "1440.10000", "2015-12-31": "344.90000", "2015-09-30": "593.00000", "2015-06-30": "448.40000", "2015-03-31": "960.00000", "2014-12-31": "249.20000", "2014-09-30": "540.50000", "2014-06-30": "395.40000", "2014-03-31": "425.70000", "2013-12-31": "215.00000", "2013-09-30": "586.20000", "2013-06-30": "488.40000", "2013-03-31": "503.60000", "2012-12-31": "356.70000", "2012-09-30": "546.70000", "2012-06-30": "459.10000", "2012-03-31": "446.80000", "2011-12-31": "349.60000", "2011-09-30": "570.00000", "2011-06-30": "469.60000", "2011-03-31": "430.10000", "2010-12-31": "345.50000", "2010-09-30": "498.90000", "2010-06-30": "443.70000", "2010-03-31": "385.50000", "2009-12-31": "328.10000", "2009-09-30": "421.30000", "2009-06-30": "376.30000", "2009-03-31": "331.90000", "2008-12-31": "330.60000", "2008-09-30": "466.00000", "2008-06-30": "397.60000", "2008-03-31": "371.10000", "2007-12-31": "400.20000", "2007-09-30": "473.70000", "2007-06-30": "438.20000", "2007-03-31": "408.60000", "2006-12-31": "338.40000", "2006-09-30": "389.22000", "2006-06-30": "352.34800", "2006-03-31": "322.91600", "2005-12-31": "274.40000", "2005-09-30": "326.94400", "2005-06-30": "267.14600", "2005-03-31": "249.38100"}, "Common Stock Net": {"2020-12-31": "", "2020-09-30": "45.30000", "2020-06-30": "45.40000", "2020-03-31": "45.60000", "2019-12-31": "47.00000", "2019-09-30": "46.90000", "2019-06-30": "47.10000", "2019-03-31": "47.30000", "2018-12-31": "47.60000", "2018-09-30": "48.50000", "2018-06-30": "48.60000", "2018-03-31": "48.70000", "2017-12-31": "49.00000", "2017-09-30": "48.40000", "2017-06-30": "48.10000", "2017-03-31": "48.30000", "2016-12-31": "49.00000", "2016-09-30": "49.00000", "2016-06-30": "49.70000", "2016-03-31": "49.60000", "2015-12-31": "50.10000", "2015-09-30": "50.30000", "2015-06-30": "51.50000", "2015-03-31": "52.10000", "2014-12-31": "52.20000", "2014-09-30": "52.10000", "2014-06-30": "52.60000", "2014-03-31": "52.60000", "2013-12-31": "52.40000", "2013-09-30": "52.20000", "2013-06-30": "52.00000", "2013-03-31": "51.90000", "2012-12-31": "51.40000", "2012-09-30": "50.90000", "2012-06-30": "50.80000", "2012-03-31": "51.00000", "2011-12-31": "50.70000", "2011-09-30": "50.50000", "2011-06-30": "51.30000", "2011-03-31": "51.90000", "2010-12-31": "51.70000", "2010-09-30": "51.30000", "2010-06-30": "51.40000", "2010-03-31": "51.90000", "2009-12-31": "51.70000", "2009-09-30": "51.50000", "2009-06-30": "51.20000", "2009-03-31": "51.10000", "2008-12-31": "51.40000", "2008-09-30": "52.00000", "2008-06-30": "51.90000", "2008-03-31": "51.90000", "2007-12-31": "52.90000", "2007-09-30": "52.80000", "2007-06-30": "53.00000", "2007-03-31": "53.10000", "2006-12-31": "53.00000", "2006-09-30": "52.69300", "2006-06-30": "52.43400", "2006-03-31": "26.50800", "2005-12-31": "26.30000", "2005-09-30": "26.06100", "2005-06-30": "25.94200", "2005-03-31": "26.01100"}, "Retained Earnings (Accumulated Deficit)": {"2020-12-31": "", "2020-09-30": "6471.30000", "2020-06-30": "6102.90000", "2020-03-31": "5782.90000", "2019-12-31": "6443.50000", "2019-09-30": "6187.00000", "2019-06-30": "5915.90000", "2019-03-31": "5650.80000", "2018-12-31": "5464.10000", "2018-09-30": "5788.50000", "2018-06-30": "5435.10000", "2018-03-31": "5205.00000", "2017-12-31": "4932.90000", "2017-09-30": "4728.20000", "2017-06-30": "4477.60000", "2017-03-31": "4302.70000", "2016-12-31": "4293.60000", "2016-09-30": "4096.90000", "2016-06-30": "4081.20000", "2016-03-31": "4021.80000", "2015-12-31": "3970.70000", "2015-09-30": "3881.20000", "2015-06-30": "4141.90000", "2015-03-31": "4099.70000", "2014-12-31": "4450.10000", "2014-09-30": "4249.10000", "2014-06-30": "4061.00000", "2014-03-31": "3871.10000", "2013-12-31": "3682.80000", "2013-09-30": "3494.70000", "2013-06-30": "3323.80000", "2013-03-31": "3175.00000", "2012-12-31": "3031.80000", "2012-09-30": "3143.60000", "2012-06-30": "2983.00000", "2012-03-31": "2875.90000", "2011-12-31": "2765.20000", "2011-09-30": "2655.40000", "2011-06-30": "2744.20000", "2011-03-31": "2713.30000", "2010-12-31": "2599.40000", "2010-09-30": "2477.60000", "2010-06-30": "2410.80000", "2010-03-31": "2323.10000", "2009-12-31": "2240.10000", "2009-09-30": "2152.00000", "2009-06-30": "2083.60000", "2009-03-31": "2047.70000", "2008-12-31": "2086.80000", "2008-09-30": "2245.70000", "2008-06-30": "2203.90000", "2008-03-31": "2157.60000", "2007-12-31": "2333.40000", "2007-09-30": "2248.40000", "2007-06-30": "2250.80000", "2007-03-31": "2154.80000", "2006-12-31": "2057.10000", "2006-09-30": "1953.09300", "2006-06-30": "1861.78200", "2006-03-31": "1762.90300", "2005-12-31": "1683.30000", "2005-09-30": "1602.59500", "2005-06-30": "1516.21700", "2005-03-31": "1443.29300"}, "Comprehensive Income": {"2020-12-31": "", "2020-09-30": "-42.70000", "2020-06-30": "-52.20000", "2020-03-31": "-49.10000", "2019-12-31": "-43.00000", "2019-09-30": "-48.70000", "2019-06-30": "-38.50000", "2019-03-31": "-41.60000", "2018-12-31": "-42.00000", "2018-09-30": "-31.00000", "2018-06-30": "-23.70000", "2018-03-31": "-6.40000", "2017-12-31": "-3.60000", "2017-09-30": "-0.50000", "2017-06-30": "-11.60000", "2017-03-31": "-5.40000", "2016-12-31": "11.50000", "2016-09-30": "33.30000", "2016-06-30": "26.30000", "2016-03-31": "29.10000", "2015-12-31": "86.60000", "2015-09-30": "88.90000", "2015-06-30": "125.80000", "2015-03-31": "138.20000", "2014-12-31": "136.40000", "2014-09-30": "166.00000", "2014-06-30": "202.90000", "2014-03-31": "184.00000", "2013-12-31": "188.30000", "2013-09-30": "168.90000", "2013-06-30": "138.40000", "2013-03-31": "142.00000", "2012-12-31": "131.90000", "2012-09-30": "120.40000", "2012-06-30": "122.20000", "2012-03-31": "139.10000", "2011-12-31": "102.80000", "2011-09-30": "95.10000", "2011-06-30": "156.90000", "2011-03-31": "154.40000", "2010-12-31": "139.10000", "2010-09-30": "117.20000", "2010-06-30": "83.30000", "2010-03-31": "113.50000", "2009-12-31": "101.90000", "2009-09-30": "95.80000", "2009-06-30": "50.30000", "2009-03-31": "-2.50000", "2008-12-31": "-13.10000", "2008-09-30": "-0.90000", "2008-06-30": "64.50000", "2008-03-31": "64.00000", "2007-12-31": "95.00000", "2007-09-30": "110.60000", "2007-06-30": "97.10000", "2007-03-31": "75.50000", "2006-12-31": "69.30000", "2006-09-30": "56.80200", "2006-06-30": "52.47400", "2006-03-31": "55.82400", "2005-12-31": "48.50000", "2005-09-30": "48.25200", "2005-06-30": "41.36100", "2005-03-31": "38.26800"}, "Other Share Holders Equity": {"2020-12-31": "", "2020-09-30": "", "2020-06-30": "", "2020-03-31": "", "2019-12-31": "", "2019-09-30": "", "2019-06-30": "", "2019-03-31": "", "2018-12-31": "", "2018-09-30": "", "2018-06-30": "", "2018-03-31": "", "2017-12-31": "", "2017-09-30": "", "2017-06-30": "", "2017-03-31": "", "2016-12-31": "", "2016-09-30": "", "2016-06-30": "", "2016-03-31": "", "2015-12-31": "", "2015-09-30": "", "2015-06-30": "", "2015-03-31": "", "2014-12-31": "", "2014-09-30": "", "2014-06-30": "", "2014-03-31": "", "2013-12-31": "", "2013-09-30": "", "2013-06-30": "", "2013-03-31": "", "2012-12-31": "", "2012-09-30": "", "2012-06-30": "", "2012-03-31": "", "2011-12-31": "", "2011-09-30": "", "2011-06-30": "", "2011-03-31": "", "2010-12-31": "", "2010-09-30": "", "2010-06-30": "", "2010-03-31": "", "2009-12-31": "", "2009-09-30": "", "2009-06-30": "", "2009-03-31": "", "2008-12-31": "", "2008-09-30": "", "2008-06-30": "", "2008-03-31": "", "2007-12-31": "", "2007-09-30": "", "2007-06-30": "", "2007-03-31": "", "2006-12-31": "", "2006-09-30": "", "2006-06-30": "", "2006-03-31": "", "2005-12-31": "", "2005-09-30": "", "2005-06-30": "", "2005-03-31": ""}, "Share Holder Equity": {"2020-12-31": "7707.00000", "2020-09-30": "7128.50000", "2020-06-30": "6750.70000", "2020-03-31": "6434.00000", "2019-12-31": "7102.10000", "2019-09-30": "6839.80000", "2019-06-30": "6579.10000", "2019-03-31": "6311.00000", "2018-12-31": "6124.30000", "2018-09-30": "6460.50000", "2018-06-30": "6114.60000", "2018-03-31": "5901.90000", "2017-12-31": "5824.40000", "2017-09-30": "5528.00000", "2017-06-30": "5168.60000", "2017-03-31": "5000.20000", "2016-12-31": "5008.60000", "2016-09-30": "4833.70000", "2016-06-30": "4860.90000", "2016-03-31": "4763.80000", "2015-12-31": "4762.00000", "2015-09-30": "4673.60000", "2015-06-30": "4967.10000", "2015-03-31": "5002.00000", "2014-12-31": "5395.20000", "2014-09-30": "5227.50000", "2014-06-30": "5273.60000", "2014-03-31": "5037.20000", "2013-12-31": "4818.10000", "2013-09-30": "4540.60000", "2013-06-30": "4310.50000", "2013-03-31": "4107.00000", "2012-12-31": "3846.10000", "2012-09-30": "3858.90000", "2012-06-30": "3657.80000", "2012-03-31": "3630.10000", "2011-12-31": "3420.70000", "2011-09-30": "3269.60000", "2011-06-30": "3412.80000", "2011-03-31": "3455.90000", "2010-12-31": "3296.50000", "2010-09-30": "3064.40000", "2010-06-30": "2959.30000", "2010-03-31": "3006.90000", "2009-12-31": "2882.20000", "2009-09-30": "2739.70000", "2009-06-30": "2580.10000", "2009-03-31": "2460.60000", "2008-12-31": "2488.80000", "2008-09-30": "2656.50000", "2008-06-30": "2652.20000", "2008-03-31": "2578.30000", "2007-12-31": "2777.10000", "2007-09-30": "2674.50000", "2007-06-30": "2638.30000", "2007-03-31": "2548.80000", "2006-12-31": "2426.90000", "2006-09-30": "2266.48700", "2006-06-30": "2145.87800", "2006-03-31": "2171.40800", "2005-12-31": "2036.10000", "2005-09-30": "1910.65600", "2005-06-30": "1801.13000", "2005-03-31": "1754.32500"}, "Total Liabilities And Share Holders Equity": {"2020-12-31": "10659.00000", "2020-09-30": "10134.60000", "2020-06-30": "9477.30000", "2020-03-31": "8636.90000", "2019-12-31": "9330.40000", "2019-09-30": "9397.80000", "2019-06-30": "8912.30000", "2019-03-31": "8458.90000", "2018-12-31": "7689.30000", "2018-09-30": "8530.60000", "2018-06-30": "7882.20000", "2018-03-31": "7374.30000", "2017-12-31": "7535.40000", "2017-09-30": "7379.60000", "2017-06-30": "6532.60000", "2017-03-31": "6275.60000", "2016-12-31": "6225.00000", "2016-09-30": "6723.50000", "2016-06-30": "6581.70000", "2016-03-31": "6203.90000", "2015-12-31": "5106.90000", "2015-09-30": "5266.60000", "2015-06-30": "5415.50000", "2015-03-31": "5962.00000", "2014-12-31": "5644.40000", "2014-09-30": "5768.00000", "2014-06-30": "5669.00000", "2014-03-31": "5462.90000", "2013-12-31": "5033.10000", "2013-09-30": "5126.80000", "2013-06-30": "4798.90000", "2013-03-31": "4610.60000", "2012-12-31": "4202.80000", "2012-09-30": "4405.60000", "2012-06-30": "4116.90000", "2012-03-31": "4076.90000", "2011-12-31": "3770.30000", "2011-09-30": "3839.60000", "2011-06-30": "3882.40000", "2011-03-31": "3886.00000", "2010-12-31": "3642.00000", "2010-09-30": "3563.30000", "2010-06-30": "3403.00000", "2010-03-31": "3392.40000", "2009-12-31": "3210.30000", "2009-09-30": "3161.00000", "2009-06-30": "2956.40000", "2009-03-31": "2792.50000", "2008-12-31": "2819.40000", "2008-09-30": "3122.50000", "2008-06-30": "3049.80000", "2008-03-31": "2949.40000", "2007-12-31": "3177.30000", "2007-09-30": "3148.20000", "2007-06-30": "3076.50000", "2007-03-31": "2957.40000", "2006-12-31": "2765.30000", "2006-09-30": "2655.70700", "2006-06-30": "2498.22600", "2006-03-31": "2494.32400", "2005-12-31": "2310.50000", "2005-09-30": "2237.60000", "2005-06-30": "2068.27600", "2005-03-31": "2003.70600"}}, "cash flow statement": {"Net Income/Loss": {"2020-12-31": "0.00000", "2019-12-31": "2248.90000", "2018-12-31": "1768.70000", "2017-12-31": "1581.20000", "2016-12-31": "1254.00000", "2015-12-31": "1223.00000", "2014-12-31": "1229.60000", "2013-12-31": "1047.70000", "2012-12-31": "883.60000", "2011-12-31": "773.20000", "2010-12-31": "672.20000", "2009-12-31": "433.60000", "2008-12-31": "490.80000", "2007-12-31": "670.60000", "2006-12-31": "529.60000", "2005-12-31": "431.00000"}, "Total Depreciation And Amortization - Cash Flow": {"2020-12-31": "", "2019-12-31": "190.80000", "2018-12-31": "159.50000", "2017-12-31": "143.60000", "2016-12-31": "133.40000", "2015-12-31": "126.30000", "2014-12-31": "111.70000", "2013-12-31": "90.60000", "2012-12-31": "80.90000", "2011-12-31": "72.40000", "2010-12-31": "63.00000", "2009-12-31": "65.70000", "2008-12-31": "62.30000", "2007-12-31": "54.00000", "2006-12-31": "46.90000", "2005-12-31": "42.30000"}, "Other Non-Cash Items": {"2020-12-31": "", "2019-12-31": "-95.70000", "2018-12-31": "17.10000", "2017-12-31": "-223.00000", "2016-12-31": "77.60000", "2015-12-31": "86.60000", "2014-12-31": "73.00000", "2013-12-31": "88.10000", "2012-12-31": "57.60000", "2011-12-31": "94.70000", "2010-12-31": "81.90000", "2009-12-31": "125.20000", "2008-12-31": "176.80000", "2007-12-31": "80.10000", "2006-12-31": "61.50000", "2005-12-31": "3.20000"}, "Total Non-Cash Items": {"2020-12-31": "", "2019-12-31": "95.10000", "2018-12-31": "176.60000", "2017-12-31": "-79.40000", "2016-12-31": "211.00000", "2015-12-31": "212.90000", "2014-12-31": "184.70000", "2013-12-31": "178.70000", "2012-12-31": "138.50000", "2011-12-31": "167.10000", "2010-12-31": "144.90000", "2009-12-31": "190.90000", "2008-12-31": "239.10000", "2007-12-31": "134.10000", "2006-12-31": "108.40000", "2005-12-31": "45.50000"}, "Change In Accounts Receivable": {"2020-12-31": "", "2019-12-31": "", "2018-12-31": "", "2017-12-31": "", "2016-12-31": "-10.50000", "2015-12-31": "-3.20000", "2014-12-31": "-31.50000", "2013-12-31": "-44.70000", "2012-12-31": "-49.70000", "2011-12-31": "2.80000", "2010-12-31": "-62.50000", "2009-12-31": "-69.30000", "2008-12-31": "89.40000", "2007-12-31": "-42.70000", "2006-12-31": "-48.20000", "2005-12-31": "-16.50000"}, "Change In Inventories": {"2020-12-31": "", "2019-12-31": "-930.90000", "2018-12-31": "-437.00000", "2017-12-31": "-1492.90000", "2016-12-31": "-1297.90000", "2015-12-31": "-7.50000", "2014-12-31": "-86.20000", "2013-12-31": "-25.60000", "2012-12-31": "-89.30000", "2011-12-31": "", "2010-12-31": "", "2009-12-31": "", "2008-12-31": "", "2007-12-31": "", "2006-12-31": "", "2005-12-31": ""}, "Change In Accounts Payable": {"2020-12-31": "", "2019-12-31": "", "2018-12-31": "", "2017-12-31": "", "2016-12-31": "139.20000", "2015-12-31": "98.20000", "2014-12-31": "36.50000", "2013-12-31": "-5.10000", "2012-12-31": "35.30000", "2011-12-31": "-4.90000", "2010-12-31": "26.70000", "2009-12-31": "-15.60000", "2008-12-31": "-45.60000", "2007-12-31": "23.90000", "2006-12-31": "31.10000", "2005-12-31": "78.70000"}, "Change In Assets/Liabilities": {"2020-12-31": "", "2019-12-31": "109.60000", "2018-12-31": "111.60000", "2017-12-31": "220.60000", "2016-12-31": "-125.30000", "2015-12-31": "7.10000", "2014-12-31": "10.80000", "2013-12-31": "82.20000", "2012-12-31": "-15.60000", "2011-12-31": "10.20000", "2010-12-31": "-48.50000", "2009-12-31": "-4.00000", "2008-12-31": "-31.90000", "2007-12-31": "-27.90000", "2006-12-31": "-27.70000", "2005-12-31": "0.80000"}, "Total Change In Assets/Liabilities": {"2020-12-31": "", "2019-12-31": "-821.30000", "2018-12-31": "-325.40000", "2017-12-31": "-1272.30000", "2016-12-31": "-1294.50000", "2015-12-31": "94.60000", "2014-12-31": "-70.40000", "2013-12-31": "6.80000", "2012-12-31": "-119.30000", "2011-12-31": "8.10000", "2010-12-31": "-84.30000", "2009-12-31": "-88.90000", "2008-12-31": "11.90000", "2007-12-31": "-46.70000", "2006-12-31": "-44.80000", "2005-12-31": "63.00000"}, "Cash Flow From Operating Activities": {"2020-12-31": "", "2019-12-31": "1522.70000", "2018-12-31": "1619.90000", "2017-12-31": "229.50000", "2016-12-31": "170.50000", "2015-12-31": "1530.50000", "2014-12-31": "1343.90000", "2013-12-31": "1233.20000", "2012-12-31": "902.80000", "2011-12-31": "948.40000", "2010-12-31": "732.80000", "2009-12-31": "535.60000", "2008-12-31": "741.80000", "2007-12-31": "758.00000", "2006-12-31": "593.20000", "2005-12-31": "539.50000"}, "Net Change In Property, Plant, And Equipment": {"2020-12-31": "", "2019-12-31": "-204.60000", "2018-12-31": "-168.50000", "2017-12-31": "-186.10000", "2016-12-31": "-148.30000", "2015-12-31": "-151.30000", "2014-12-31": "-126.20000", "2013-12-31": "-105.80000", "2012-12-31": "-76.90000", "2011-12-31": "-82.30000", "2010-12-31": "-118.00000", "2009-12-31": "-133.90000", "2008-12-31": "-144.10000", "2007-12-31": "-145.60000", "2006-12-31": "-94.40000", "2005-12-31": "-52.30000"}, "Net Change In Intangible Assets": {"2020-12-31": "", "2019-12-31": "", "2018-12-31": "", "2017-12-31": "", "2016-12-31": "", "2015-12-31": "", "2014-12-31": "", "2013-12-31": "", "2012-12-31": "", "2011-12-31": "", "2010-12-31": "", "2009-12-31": "", "2008-12-31": "", "2007-12-31": "", "2006-12-31": "", "2005-12-31": ""}, "Net Acquisitions/Divestitures": {"2020-12-31": "", "2019-12-31": "", "2018-12-31": "", "2017-12-31": "", "2016-12-31": "", "2015-12-31": "", "2014-12-31": "", "2013-12-31": "", "2012-12-31": "", "2011-12-31": "", "2010-12-31": "", "2009-12-31": "", "2008-12-31": "", "2007-12-31": "", "2006-12-31": "", "2005-12-31": ""}, "Net Change In Short-term Investments": {"2020-12-31": "", "2019-12-31": "", "2018-12-31": "", "2017-12-31": "", "2016-12-31": "", "2015-12-31": "", "2014-12-31": "", "2013-12-31": "", "2012-12-31": "", "2011-12-31": "", "2010-12-31": "", "2009-12-31": "", "2008-12-31": "", "2007-12-31": "", "2006-12-31": "", "2005-12-31": ""}, "Net Change In Long-Term Investments": {"2020-12-31": "", "2019-12-31": "-126.70000", "2018-12-31": "-795.40000", "2017-12-31": "232.50000", "2016-12-31": "260.20000", "2015-12-31": "269.70000", "2014-12-31": "-305.30000", "2013-12-31": "-331.70000", "2012-12-31": "-220.00000", "2011-12-31": "-75.10000", "2010-12-31": "-158.90000", "2009-12-31": "-32.80000", "2008-12-31": "19.00000", "2007-12-31": "-176.00000", "2006-12-31": "-322.90000", "2005-12-31": "-42.00000"}, "Net Change In Investments - Total": {"2020-12-31": "", "2019-12-31": "-126.70000", "2018-12-31": "-795.40000", "2017-12-31": "232.50000", "2016-12-31": "260.20000", "2015-12-31": "269.70000", "2014-12-31": "-305.30000", "2013-12-31": "-331.70000", "2012-12-31": "-220.00000", "2011-12-31": "-75.10000", "2010-12-31": "-158.90000", "2009-12-31": "-32.80000", "2008-12-31": "19.00000", "2007-12-31": "-176.00000", "2006-12-31": "-322.90000", "2005-12-31": "-42.00000"}, "Investing Activities - Other": {"2020-12-31": "", "2019-12-31": "6.80000", "2018-12-31": "88.40000", "2017-12-31": "-7.40000", "2016-12-31": "-5.70000", "2015-12-31": "-9.40000", "2014-12-31": "-11.90000", "2013-12-31": "", "2012-12-31": "-13.20000", "2011-12-31": "-7.60000", "2010-12-31": "", "2009-12-31": "", "2008-12-31": "0.10000", "2007-12-31": "-23.10000", "2006-12-31": "-3.90000", "2005-12-31": "2.70000"}, "Cash Flow From Investing Activities": {"2020-12-31": "", "2019-12-31": "-324.50000", "2018-12-31": "-875.50000", "2017-12-31": "39.00000", "2016-12-31": "106.20000", "2015-12-31": "109.00000", "2014-12-31": "-443.40000", "2013-12-31": "-437.50000", "2012-12-31": "-310.10000", "2011-12-31": "-165.00000", "2010-12-31": "-276.90000", "2009-12-31": "-166.70000", "2008-12-31": "-125.00000", "2007-12-31": "-344.70000", "2006-12-31": "-421.20000", "2005-12-31": "-91.60000"}, "Net Long-Term Debt": {"2020-12-31": "", "2019-12-31": "", "2018-12-31": "", "2017-12-31": "", "2016-12-31": "", "2015-12-31": "", "2014-12-31": "", "2013-12-31": "", "2012-12-31": "", "2011-12-31": "", "2010-12-31": "", "2009-12-31": "", "2008-12-31": "", "2007-12-31": "", "2006-12-31": "", "2005-12-31": ""}, "Net Current Debt": {"2020-12-31": "", "2019-12-31": "", "2018-12-31": "", "2017-12-31": "", "2016-12-31": "", "2015-12-31": "", "2014-12-31": "", "2013-12-31": "", "2012-12-31": "", "2011-12-31": "", "2010-12-31": "", "2009-12-31": "", "2008-12-31": "", "2007-12-31": "", "2006-12-31": "", "2005-12-31": ""}, "Debt Issuance/Retirement Net - Total": {"2020-12-31": "", "2019-12-31": "", "2018-12-31": "", "2017-12-31": "", "2016-12-31": "", "2015-12-31": "", "2014-12-31": "", "2013-12-31": "", "2012-12-31": "", "2011-12-31": "", "2010-12-31": "", "2009-12-31": "", "2008-12-31": "", "2007-12-31": "", "2006-12-31": "", "2005-12-31": ""}, "Net Common Equity Issued/Repurchased": {"2020-12-31": "", "2019-12-31": "-622.50000", "2018-12-31": "-1015.60000", "2017-12-31": "-257.00000", "2016-12-31": "-550.60000", "2015-12-31": "-914.30000", "2014-12-31": "-330.30000", "2013-12-31": "104.10000", "2012-12-31": "-48.60000", "2011-12-31": "-429.10000", "2010-12-31": "-157.00000", "2009-12-31": "-23.30000", "2008-12-31": "-513.80000", "2007-12-31": "-220.50000", "2006-12-31": "-65.90000", "2005-12-31": "-27.90000"}, "Net Total Equity Issued/Repurchased": {"2020-12-31": "", "2019-12-31": "-622.50000", "2018-12-31": "-1015.60000", "2017-12-31": "-257.00000", "2016-12-31": "-550.60000", "2015-12-31": "-914.30000", "2014-12-31": "-330.30000", "2013-12-31": "104.10000", "2012-12-31": "-48.60000", "2011-12-31": "-429.10000", "2010-12-31": "-157.00000", "2009-12-31": "-23.30000", "2008-12-31": "-513.80000", "2007-12-31": "-220.50000", "2006-12-31": "-65.90000", "2005-12-31": "-27.90000"}, "Total Common And Preferred Stock Dividends Paid": {"2020-12-31": "", "2019-12-31": "-733.90000", "2018-12-31": "-694.30000", "2017-12-31": "-563.10000", "2016-12-31": "-540.80000", "2015-12-31": "-1059.00000", "2014-12-31": "-462.10000", "2013-12-31": "-396.70000", "2012-12-31": "-603.40000", "2011-12-31": "-317.90000", "2010-12-31": "-278.90000", "2009-12-31": "-256.90000", "2008-12-31": "-312.50000", "2007-12-31": "-180.30000", "2006-12-31": "-147.60000", "2005-12-31": "-119.50000"}, "Financial Activities - Other": {"2020-12-31": "", "2019-12-31": "523.70000", "2018-12-31": "470.40000", "2017-12-31": "1281.60000", "2016-12-31": "915.00000", "2015-12-31": "", "2014-12-31": "", "2013-12-31": "15.80000", "2012-12-31": "40.50000", "2011-12-31": "48.40000", "2010-12-31": "49.80000", "2009-12-31": "35.50000", "2008-12-31": "43.50000", "2007-12-31": "-0.40000", "2006-12-31": "10.90000", "2005-12-31": "3.40000"}, "Cash Flow From Financial Activities": {"2020-12-31": "", "2019-12-31": "-832.70000", "2018-12-31": "-1239.50000", "2017-12-31": "461.50000", "2016-12-31": "-176.40000", "2015-12-31": "-1973.30000", "2014-12-31": "-792.40000", "2013-12-31": "-276.80000", "2012-12-31": "-611.50000", "2011-12-31": "-698.60000", "2010-12-31": "-386.10000", "2009-12-31": "-244.70000", "2008-12-31": "-782.80000", "2007-12-31": "-401.20000", "2006-12-31": "-202.60000", "2005-12-31": "-144.00000"}, "Net Cash Flow": {"2020-12-31": "", "2019-12-31": "363.00000", "2018-12-31": "-510.50000", "2017-12-31": "735.30000", "2016-12-31": "98.20000", "2015-12-31": "-333.80000", "2014-12-31": "108.10000", "2013-12-31": "518.90000", "2012-12-31": "-18.80000", "2011-12-31": "84.80000", "2010-12-31": "69.80000", "2009-12-31": "124.20000", "2008-12-31": "-166.00000", "2007-12-31": "12.10000", "2006-12-31": "-30.60000", "2005-12-31": "303.90000"}, "Stock-Based Compensation": {"2020-12-31": "", "2019-12-31": "206.60000", "2018-12-31": "197.10000", "2017-12-31": "152.00000", "2016-12-31": "161.60000", "2015-12-31": "149.00000", "2014-12-31": "133.40000", "2013-12-31": "114.60000", "2012-12-31": "104.10000", "2011-12-31": "98.70000", "2010-12-31": "89.50000", "2009-12-31": "89.10000", "2008-12-31": "85.50000", "2007-12-31": "79.80000", "2006-12-31": "61.00000", "2005-12-31": "3.20000"}, "Common Stock Dividends Paid": {"2020-12-31": "", "2019-12-31": "-733.90000", "2018-12-31": "-694.30000", "2017-12-31": "-563.10000", "2016-12-31": "-540.80000", "2015-12-31": "-1059.00000", "2014-12-31": "-462.10000", "2013-12-31": "-396.70000", "2012-12-31": "-603.40000", "2011-12-31": "-317.90000", "2010-12-31": "-278.90000", "2009-12-31": "-256.90000", "2008-12-31": "-312.50000", "2007-12-31": "-180.30000", "2006-12-31": "-147.60000", "2005-12-31": "-119.50000"}}, "cash flow statement, quarterly": {"Net Income/Loss": {"2020-12-31": -1593.7, "2020-09-30": 698.6, "2020-06-30": 728.5, "2020-03-31": "166.60000", "2019-12-31": 593.9, "2019-09-30": 545.1, "2019-06-30": 555.9, "2019-03-31": "554.00000", "2018-12-31": 272, "2018-09-30": 581.6, "2018-06-30": 459.6, "2018-03-31": "455.50000", "2017-12-31": 386.6, "2017-09-30": 404.2, "2017-06-30": 390, "2017-03-31": "400.40000", "2016-12-31": 366.8, "2016-09-30": 362.7, "2016-06-30": 211.2, "2016-03-31": "313.30000", "2015-12-31": 303.2, "2015-09-30": 277.1, "2015-06-30": 333.2, "2015-03-31": "309.50000", "2014-12-31": 315.9, "2014-09-30": 303.6, "2014-06-30": 305.8, "2014-03-31": "304.30000", "2013-12-31": 287.7, "2013-09-30": 270.3, "2013-06-30": 247.8, "2013-03-31": "241.90000", "2012-12-31": 232, "2012-09-30": 247.3, "2012-06-30": 206.8, "2012-03-31": "197.50000", "2011-12-31": 188.4, "2011-09-30": 185.5, "2011-06-30": 204.7, "2011-03-31": "194.60000", "2010-12-31": 191.6, "2010-09-30": 169.1, "2010-06-30": 158.5, "2010-03-31": "153.00000", "2009-12-31": 152.5, "2009-09-30": 132.9, "2009-06-30": 100, "2009-03-31": "48.20000", "2008-12-31": 24.3, "2008-09-30": 152.8, "2008-06-30": 162.2, "2008-03-31": "151.50000", "2007-12-31": 190.7, "2007-09-30": 174.8, "2007-06-30": 162.2, "2007-03-31": "142.90000", "2006-12-31": 148.9, "2006-09-30": 128.3, "2006-06-30": 135.7, "2006-03-31": "116.70000", "2005-12-31": 117.619, "2005-09-30": 116.335, "2005-06-30": 102.749, "2005-03-31": "94.29700"}, "Total Depreciation And Amortization - Cash Flow": {"2020-12-31": -144, "2020-09-30": 49.7, "2020-06-30": 48.2, "2020-03-31": "46.10000", "2019-12-31": 59.1, "2019-09-30": 45.7, "2019-06-30": 44.1, "2019-03-31": "41.90000", "2018-12-31": 44.6, "2018-09-30": 40.2, "2018-06-30": 37.8, "2018-03-31": "36.90000", "2017-12-31": 36.7, "2017-09-30": 35, "2017-06-30": 36.3, "2017-03-31": "35.60000", "2016-12-31": 33.4, "2016-09-30": 34, "2016-06-30": 33.8, "2016-03-31": "32.20000", "2015-12-31": 31.9, "2015-09-30": 33.1, "2015-06-30": 32.2, "2015-03-31": "29.10000", "2014-12-31": 28.3, "2014-09-30": 28.3, "2014-06-30": 28, "2014-03-31": "27.10000", "2013-12-31": 25.1, "2013-09-30": 22.1, "2013-06-30": 21.9, "2013-03-31": "21.50000", "2012-12-31": 21, "2012-09-30": 20.7, "2012-06-30": 20, "2012-03-31": "19.20000", "2011-12-31": 19.1, "2011-09-30": 18.6, "2011-06-30": 18, "2011-03-31": "16.70000", "2010-12-31": 15.9, "2010-09-30": 16, "2010-06-30": 15.6, "2010-03-31": "15.50000", "2009-12-31": 15.7, "2009-09-30": 16.5, "2009-06-30": 16.7, "2009-03-31": "16.80000", "2008-12-31": 15.9, "2008-09-30": 15.5, "2008-06-30": 15.7, "2008-03-31": "15.20000", "2007-12-31": 13.8, "2007-09-30": 12.2, "2007-06-30": 14.2, "2007-03-31": "13.80000", "2006-12-31": 13.6, "2006-09-30": 11.1, "2006-06-30": 11.1, "2006-03-31": "11.10000", "2005-12-31": 11.231, "2005-09-30": 10.795, "2005-06-30": 10.502, "2005-03-31": "9.77200"}, "Other Non-Cash Items": {"2020-12-31": -70.1, "2020-09-30": -34.9, "2020-06-30": -346.3, "2020-03-31": "451.30000", "2019-12-31": -74, "2019-09-30": 31.3, "2019-06-30": 187.9, "2019-03-31": "-240.90000", "2018-12-31": 2.4, "2018-09-30": -57, "2018-06-30": 231, "2018-03-31": "-159.30000", "2017-12-31": -62.6, "2017-09-30": 19.8, "2017-06-30": 411.3, "2017-03-31": "-591.50000", "2016-12-31": 40.1, "2016-09-30": 31.1, "2016-06-30": 480.6, "2016-03-31": "-474.20000", "2015-12-31": 31.3, "2015-09-30": 33.8, "2015-06-30": 13.8, "2015-03-31": "7.70000", "2014-12-31": 30.7, "2014-09-30": 35.6, "2014-06-30": 15.8, "2014-03-31": "-9.10000", "2013-12-31": 25.6, "2013-09-30": 23.2, "2013-06-30": 31.5, "2013-03-31": "7.80000", "2012-12-31": 15.8, "2012-09-30": -7.1, "2012-06-30": 24.8, "2012-03-31": "24.10000", "2011-12-31": 20.9, "2011-09-30": 27.4, "2011-06-30": 25, "2011-03-31": "21.40000", "2010-12-31": 15.6, "2010-09-30": 23.2, "2010-06-30": 23, "2010-03-31": "20.10000", "2009-12-31": 21.1, "2009-09-30": 24, "2009-06-30": 23.9, "2009-03-31": "56.20000", "2008-12-31": 111.3, "2008-09-30": 25.4, "2008-06-30": 21.7, "2008-03-31": "18.40000", "2007-12-31": 23.2, "2007-09-30": 20.7, "2007-06-30": 19.4, "2007-03-31": "16.80000", "2006-12-31": 16.4, "2006-09-30": 15.6, "2006-06-30": 14.7, "2006-03-31": "14.80000", "2005-12-31": 3.2, "2005-09-30": 0, "2005-06-30": 0, "2005-03-31": ""}, "Total Non-Cash Items": {"2020-12-31": -214.1, "2020-09-30": 14.8, "2020-06-30": -298.1, "2020-03-31": "497.40000", "2019-12-31": -14.9, "2019-09-30": 77, "2019-06-30": 232, "2019-03-31": "-199.00000", "2018-12-31": 47, "2018-09-30": -16.8, "2018-06-30": 268.8, "2018-03-31": "-122.40000", "2017-12-31": -25.9, "2017-09-30": 54.8, "2017-06-30": 447.6, "2017-03-31": "-555.90000", "2016-12-31": 73.5, "2016-09-30": 65.1, "2016-06-30": 514.4, "2016-03-31": "-442.00000", "2015-12-31": 63.2, "2015-09-30": 66.9, "2015-06-30": 46, "2015-03-31": "36.80000", "2014-12-31": 59, "2014-09-30": 63.9, "2014-06-30": 43.8, "2014-03-31": "18.00000", "2013-12-31": 50.7, "2013-09-30": 45.3, "2013-06-30": 53.4, "2013-03-31": "29.30000", "2012-12-31": 36.8, "2012-09-30": 13.6, "2012-06-30": 44.8, "2012-03-31": "43.30000", "2011-12-31": 40, "2011-09-30": 46, "2011-06-30": 43, "2011-03-31": "38.10000", "2010-12-31": 31.5, "2010-09-30": 39.2, "2010-06-30": 38.6, "2010-03-31": "35.60000", "2009-12-31": 36.8, "2009-09-30": 40.5, "2009-06-30": 40.6, "2009-03-31": "73.00000", "2008-12-31": 127.2, "2008-09-30": 40.9, "2008-06-30": 37.4, "2008-03-31": "33.60000", "2007-12-31": 37, "2007-09-30": 32.9, "2007-06-30": 33.6, "2007-03-31": "30.60000", "2006-12-31": 30, "2006-09-30": 26.7, "2006-06-30": 25.8, "2006-03-31": "25.90000", "2005-12-31": 14.431, "2005-09-30": 10.795, "2005-06-30": 10.502, "2005-03-31": "9.77200"}, "Change In Accounts Receivable": {"2020-12-31": 0, "2020-09-30": 0, "2020-06-30": 0, "2020-03-31": "", "2019-12-31": 0, "2019-09-30": 0, "2019-06-30": 0, "2019-03-31": "", "2018-12-31": 0, "2018-09-30": 0, "2018-06-30": 0, "2018-03-31": "", "2017-12-31": 0, "2017-09-30": 0, "2017-06-30": 0, "2017-03-31": "", "2016-12-31": -10.5, "2016-09-30": 0, "2016-06-30": 0, "2016-03-31": "", "2015-12-31": -3.2, "2015-09-30": 0, "2015-06-30": 0, "2015-03-31": "", "2014-12-31": -31.5, "2014-09-30": 0, "2014-06-30": 0, "2014-03-31": "", "2013-12-31": -44.7, "2013-09-30": 0, "2013-06-30": 0, "2013-03-31": "", "2012-12-31": -49.7, "2012-09-30": 0, "2012-06-30": 0, "2012-03-31": "", "2011-12-31": 2.8, "2011-09-30": 0, "2011-06-30": 0, "2011-03-31": "", "2010-12-31": -62.5, "2010-09-30": 0, "2010-06-30": 0, "2010-03-31": "", "2009-12-31": -69.3, "2009-09-30": 0, "2009-06-30": 0, "2009-03-31": "", "2008-12-31": 89.4, "2008-09-30": 0, "2008-06-30": 0, "2008-03-31": "", "2007-12-31": -42.7, "2007-09-30": 0, "2007-06-30": 0, "2007-03-31": "", "2006-12-31": -48.2, "2006-09-30": 0, "2006-06-30": 0, "2006-03-31": "", "2005-12-31": -16.5, "2005-09-30": 0, "2005-06-30": 0, "2005-03-31": ""}, "Change In Inventories": {"2020-12-31": 350.8, "2020-09-30": -391.6, "2020-06-30": 40.8, "2020-03-31": "", "2019-12-31": -242.8, "2019-09-30": -244.1, "2019-06-30": -444, "2019-03-31": "", "2018-12-31": 141.3, "2018-09-30": -171.2, "2018-06-30": -407.1, "2018-03-31": "", "2017-12-31": -282.4, "2017-09-30": -408.5, "2017-06-30": -802, "2017-03-31": "", "2016-12-31": -213.8, "2016-09-30": -366.9, "2016-06-30": -710.3, "2016-03-31": "-6.90000", "2015-12-31": -5, "2015-09-30": 2.9, "2015-06-30": -0.3, "2015-03-31": "-5.10000", "2014-12-31": 3.9, "2014-09-30": -12.9, "2014-06-30": -52.1, "2014-03-31": "-25.10000", "2013-12-31": 0.1, "2013-09-30": 0, "2013-06-30": -25.7, "2013-03-31": "", "2012-12-31": 0, "2012-09-30": 0, "2012-06-30": -10.3, "2012-03-31": "-79.00000", "2011-12-31": 0, "2011-09-30": 0, "2011-06-30": 0, "2011-03-31": "", "2010-12-31": 0, "2010-09-30": 0, "2010-06-30": 0, "2010-03-31": "", "2009-12-31": 0, "2009-09-30": 0, "2009-06-30": 0, "2009-03-31": "", "2008-12-31": 0, "2008-09-30": 0, "2008-06-30": 0, "2008-03-31": "", "2007-12-31": 0, "2007-09-30": 0, "2007-06-30": 0, "2007-03-31": "", "2006-12-31": 0, "2006-09-30": 0, "2006-06-30": 0, "2006-03-31": "", "2005-12-31": 0, "2005-09-30": 0, "2005-06-30": 0, "2005-03-31": ""}, "Change In Accounts Payable": {"2020-12-31": 0, "2020-09-30": 0, "2020-06-30": 0, "2020-03-31": "", "2019-12-31": 0, "2019-09-30": 0, "2019-06-30": 0, "2019-03-31": "", "2018-12-31": 0, "2018-09-30": 0, "2018-06-30": 0, "2018-03-31": "", "2017-12-31": 0, "2017-09-30": 0, "2017-06-30": 0, "2017-03-31": "", "2016-12-31": 139.2, "2016-09-30": 0, "2016-06-30": 0, "2016-03-31": "", "2015-12-31": 98.2, "2015-09-30": 0, "2015-06-30": 0, "2015-03-31": "", "2014-12-31": 36.5, "2014-09-30": 0, "2014-06-30": 0, "2014-03-31": "", "2013-12-31": -5.1, "2013-09-30": 0, "2013-06-30": 0, "2013-03-31": "", "2012-12-31": 35.3, "2012-09-30": 0, "2012-06-30": 0, "2012-03-31": "", "2011-12-31": -4.9, "2011-09-30": 0, "2011-06-30": 0, "2011-03-31": "", "2010-12-31": 26.7, "2010-09-30": 0, "2010-06-30": 0, "2010-03-31": "", "2009-12-31": -15.6, "2009-09-30": 0, "2009-06-30": 0, "2009-03-31": "", "2008-12-31": -45.6, "2008-09-30": 0, "2008-06-30": 0, "2008-03-31": "", "2007-12-31": 23.9, "2007-09-30": 0, "2007-06-30": 0, "2007-03-31": "", "2006-12-31": 31.1, "2006-09-30": 0, "2006-06-30": 0, "2006-03-31": "", "2005-12-31": 78.7, "2005-09-30": 0, "2005-06-30": 0, "2005-03-31": ""}, "Change In Assets/Liabilities": {"2020-12-31": -459.9, "2020-09-30": -45.6, "2020-06-30": 381.8, "2020-03-31": "123.70000", "2019-12-31": -314.2, "2019-09-30": 173.9, "2019-06-30": 26.2, "2019-03-31": "223.70000", "2018-12-31": -326.8, "2018-09-30": 163.5, "2018-06-30": 87, "2018-03-31": "187.90000", "2017-12-31": -201.6, "2017-09-30": 163.1, "2017-06-30": -84.9, "2017-03-31": "344.00000", "2016-12-31": -452.9, "2016-09-30": 221.5, "2016-06-30": -102, "2016-03-31": "208.10000", "2015-12-31": -319.5, "2015-09-30": 160, "2015-06-30": -36, "2015-03-31": "202.60000", "2014-12-31": -256, "2014-09-30": 135.9, "2014-06-30": -59, "2014-03-31": "189.90000", "2013-12-31": -213.8, "2013-09-30": 114.8, "2013-06-30": -7, "2013-03-31": "188.20000", "2012-12-31": -212.6, "2012-09-30": 105.6, "2012-06-30": -12.6, "2012-03-31": "104.00000", "2011-12-31": -218.4, "2011-09-30": 98.5, "2011-06-30": 26.8, "2011-03-31": "103.30000", "2010-12-31": -166, "2010-09-30": 51, "2010-06-30": -1.6, "2010-03-31": "68.10000", "2009-12-31": -35.4, "2009-09-30": 23.4, "2009-06-30": -10.2, "2009-03-31": "18.20000", "2008-12-31": -189.9, "2008-09-30": 89.5, "2008-06-30": -5, "2008-03-31": "73.50000", "2007-12-31": -138.1, "2007-09-30": 57.7, "2007-06-30": -15.7, "2007-03-31": "68.20000", "2006-12-31": -92.9, "2006-09-30": 13.2, "2006-06-30": 13.4, "2006-03-31": "38.60000", "2005-12-31": -130.71, "2005-09-30": 58.077, "2005-06-30": 28.021, "2005-03-31": "45.41200"}, "Total Change In Assets/Liabilities": {"2020-12-31": -109.1, "2020-09-30": -437.2, "2020-06-30": 422.6, "2020-03-31": "123.70000", "2019-12-31": -557, "2019-09-30": -70.2, "2019-06-30": -417.8, "2019-03-31": "223.70000", "2018-12-31": -185.5, "2018-09-30": -7.7, "2018-06-30": -320.1, "2018-03-31": "187.90000", "2017-12-31": -484, "2017-09-30": -245.4, "2017-06-30": -886.9, "2017-03-31": "344.00000", "2016-12-31": -538, "2016-09-30": -145.4, "2016-06-30": -812.3, "2016-03-31": "201.20000", "2015-12-31": -229.5, "2015-09-30": 162.9, "2015-06-30": -36.3, "2015-03-31": "197.50000", "2014-12-31": -247.1, "2014-09-30": 123, "2014-06-30": -111.1, "2014-03-31": "164.80000", "2013-12-31": -263.5, "2013-09-30": 114.8, "2013-06-30": -32.7, "2013-03-31": "188.20000", "2012-12-31": -227, "2012-09-30": 105.6, "2012-06-30": -22.9, "2012-03-31": "25.00000", "2011-12-31": -220.5, "2011-09-30": 98.5, "2011-06-30": 26.8, "2011-03-31": "103.30000", "2010-12-31": -201.8, "2010-09-30": 51, "2010-06-30": -1.6, "2010-03-31": "68.10000", "2009-12-31": -120.3, "2009-09-30": 23.4, "2009-06-30": -10.2, "2009-03-31": "18.20000", "2008-12-31": -146.1, "2008-09-30": 89.5, "2008-06-30": -5, "2008-03-31": "73.50000", "2007-12-31": -156.9, "2007-09-30": 57.7, "2007-06-30": -15.7, "2007-03-31": "68.20000", "2006-12-31": -110, "2006-09-30": 13.2, "2006-06-30": 13.4, "2006-03-31": "38.60000", "2005-12-31": -68.51, "2005-09-30": 58.077, "2005-06-30": 28.021, "2005-03-31": "45.41200"}, "Cash Flow From Operating Activities": {"2020-12-31": -1916.9, "2020-09-30": 276.2, "2020-06-30": 853, "2020-03-31": "787.70000", "2019-12-31": 22, "2019-09-30": 551.9, "2019-06-30": 370.1, "2019-03-31": "578.70000", "2018-12-31": 133.5, "2018-09-30": 557.1, "2018-06-30": 408.3, "2018-03-31": "521.00000", "2017-12-31": -123.3, "2017-09-30": 213.6, "2017-06-30": -49.3, "2017-03-31": "188.50000", "2016-12-31": -97.7, "2016-09-30": 282.4, "2016-06-30": -86.7, "2016-03-31": "72.50000", "2015-12-31": 136.9, "2015-09-30": 506.9, "2015-06-30": 342.9, "2015-03-31": "543.80000", "2014-12-31": 127.8, "2014-09-30": 490.5, "2014-06-30": 238.5, "2014-03-31": "487.10000", "2013-12-31": 74.9, "2013-09-30": 430.4, "2013-06-30": 268.5, "2013-03-31": "459.40000", "2012-12-31": 41.8, "2012-09-30": 366.5, "2012-06-30": 228.7, "2012-03-31": "265.80000", "2011-12-31": 7.9, "2011-09-30": 330, "2011-06-30": 274.5, "2011-03-31": "336.00000", "2010-12-31": 21.3, "2010-09-30": 259.3, "2010-06-30": 195.5, "2010-03-31": "256.70000", "2009-12-31": 69, "2009-09-30": 196.8, "2009-06-30": 130.4, "2009-03-31": "139.40000", "2008-12-31": 5.4, "2008-09-30": 283.2, "2008-06-30": 194.6, "2008-03-31": "258.60000", "2007-12-31": 70.8, "2007-09-30": 265.4, "2007-06-30": 180.1, "2007-03-31": "241.70000", "2006-12-31": 68.9, "2006-09-30": 168.2, "2006-06-30": 174.9, "2006-03-31": "181.20000", "2005-12-31": 63.54, "2005-09-30": 185.207, "2005-06-30": 141.272, "2005-03-31": "149.48100"}, "Net Change In Property, Plant, And Equipment": {"2020-12-31": 155.4, "2020-09-30": -50.1, "2020-06-30": -59.3, "2020-03-31": "-46.00000", "2019-12-31": -55.7, "2019-09-30": -54.4, "2019-06-30": -46.8, "2019-03-31": "-47.70000", "2018-12-31": -47, "2018-09-30": -42.9, "2018-06-30": -41.9, "2018-03-31": "-36.70000", "2017-12-31": -57, "2017-09-30": -46.5, "2017-06-30": -35.7, "2017-03-31": "-46.90000", "2016-12-31": -35.8, "2016-09-30": -33.3, "2016-06-30": -44, "2016-03-31": "-35.20000", "2015-12-31": -36.7, "2015-09-30": -34.7, "2015-06-30": -38.6, "2015-03-31": "-41.30000", "2014-12-31": -43.6, "2014-09-30": -22.9, "2014-06-30": -34.3, "2014-03-31": "-25.40000", "2013-12-31": -31.2, "2013-09-30": -33.1, "2013-06-30": -18.7, "2013-03-31": "-22.80000", "2012-12-31": -21.2, "2012-09-30": -19.1, "2012-06-30": -18, "2012-03-31": "-18.60000", "2011-12-31": -32.8, "2011-09-30": -16.5, "2011-06-30": -21.3, "2011-03-31": "-11.70000", "2010-12-31": -16.6, "2010-09-30": -33.4, "2010-06-30": -43, "2010-03-31": "-25.00000", "2009-12-31": -30.9, "2009-09-30": -37.7, "2009-06-30": -34.5, "2009-03-31": "-30.80000", "2008-12-31": -47.6, "2008-09-30": -43, "2008-06-30": -23.6, "2008-03-31": "-29.90000", "2007-12-31": -42.8, "2007-09-30": -44, "2007-06-30": -31.9, "2007-03-31": "-26.90000", "2006-12-31": -25.3, "2006-09-30": -24.1, "2006-06-30": -23.4, "2006-03-31": "-21.60000", "2005-12-31": -13.44, "2005-09-30": -14.166, "2005-06-30": -10.956, "2005-03-31": "-13.73800"}, "Net Change In Intangible Assets": {"2020-12-31": 0, "2020-09-30": 0, "2020-06-30": 0, "2020-03-31": "", "2019-12-31": 0, "2019-09-30": 0, "2019-06-30": 0, "2019-03-31": "", "2018-12-31": 0, "2018-09-30": 0, "2018-06-30": 0, "2018-03-31": "", "2017-12-31": 0, "2017-09-30": 0, "2017-06-30": 0, "2017-03-31": "", "2016-12-31": 0, "2016-09-30": 0, "2016-06-30": 0, "2016-03-31": "", "2015-12-31": 0, "2015-09-30": 0, "2015-06-30": 0, "2015-03-31": "", "2014-12-31": 0, "2014-09-30": 0, "2014-06-30": 0, "2014-03-31": "", "2013-12-31": 0, "2013-09-30": 0, "2013-06-30": 0, "2013-03-31": "", "2012-12-31": 0, "2012-09-30": 0, "2012-06-30": 0, "2012-03-31": "", "2011-12-31": 0, "2011-09-30": 0, "2011-06-30": 0, "2011-03-31": "", "2010-12-31": 0, "2010-09-30": 0, "2010-06-30": 0, "2010-03-31": "", "2009-12-31": 0, "2009-09-30": 0, "2009-06-30": 0, "2009-03-31": "", "2008-12-31": 0, "2008-09-30": 0, "2008-06-30": 0, "2008-03-31": "", "2007-12-31": 0, "2007-09-30": 0, "2007-06-30": 0, "2007-03-31": "", "2006-12-31": 0, "2006-09-30": 0, "2006-06-30": 0, "2006-03-31": "", "2005-12-31": 0, "2005-09-30": 0, "2005-06-30": 0, "2005-03-31": ""}, "Net Acquisitions/Divestitures": {"2020-12-31": 0, "2020-09-30": 0, "2020-06-30": 0, "2020-03-31": "", "2019-12-31": 0, "2019-09-30": 0, "2019-06-30": 0, "2019-03-31": "", "2018-12-31": 0, "2018-09-30": 0, "2018-06-30": 0, "2018-03-31": "", "2017-12-31": 0, "2017-09-30": 0, "2017-06-30": 0, "2017-03-31": "", "2016-12-31": 0, "2016-09-30": 0, "2016-06-30": 0, "2016-03-31": "", "2015-12-31": 0, "2015-09-30": 0, "2015-06-30": 0, "2015-03-31": "", "2014-12-31": 0, "2014-09-30": 0, "2014-06-30": 0, "2014-03-31": "", "2013-12-31": 0, "2013-09-30": 0, "2013-06-30": 0, "2013-03-31": "", "2012-12-31": 0, "2012-09-30": 0, "2012-06-30": 0, "2012-03-31": "", "2011-12-31": 0, "2011-09-30": 0, "2011-06-30": 0, "2011-03-31": "", "2010-12-31": 0, "2010-09-30": 0, "2010-06-30": 0, "2010-03-31": "", "2009-12-31": 0, "2009-09-30": 0, "2009-06-30": 0, "2009-03-31": "", "2008-12-31": 0, "2008-09-30": 0, "2008-06-30": 0, "2008-03-31": "", "2007-12-31": 0, "2007-09-30": 0, "2007-06-30": 0, "2007-03-31": "", "2006-12-31": 0, "2006-09-30": 0, "2006-06-30": 0, "2006-03-31": "", "2005-12-31": 0, "2005-09-30": 0, "2005-06-30": 0, "2005-03-31": ""}, "Net Change In Short-term Investments": {"2020-12-31": 0, "2020-09-30": 0, "2020-06-30": 0, "2020-03-31": "", "2019-12-31": 0, "2019-09-30": 0, "2019-06-30": 0, "2019-03-31": "", "2018-12-31": 0, "2018-09-30": 0, "2018-06-30": 0, "2018-03-31": "", "2017-12-31": 0, "2017-09-30": 0, "2017-06-30": 0, "2017-03-31": "", "2016-12-31": 0, "2016-09-30": 0, "2016-06-30": 0, "2016-03-31": "", "2015-12-31": 0, "2015-09-30": 0, "2015-06-30": 0, "2015-03-31": "", "2014-12-31": 0, "2014-09-30": 0, "2014-06-30": 0, "2014-03-31": "", "2013-12-31": 0, "2013-09-30": 0, "2013-06-30": 0, "2013-03-31": "", "2012-12-31": 0, "2012-09-30": 0, "2012-06-30": 0, "2012-03-31": "", "2011-12-31": 0, "2011-09-30": 0, "2011-06-30": 0, "2011-03-31": "", "2010-12-31": 0, "2010-09-30": 0, "2010-06-30": 0, "2010-03-31": "", "2009-12-31": 0, "2009-09-30": 0, "2009-06-30": 0, "2009-03-31": "", "2008-12-31": 0, "2008-09-30": 0, "2008-06-30": 2.6, "2008-03-31": "-2.60000", "2007-12-31": 0, "2007-09-30": 0, "2007-06-30": 0, "2007-03-31": "", "2006-12-31": 0, "2006-09-30": 0, "2006-06-30": 0, "2006-03-31": "", "2005-12-31": 0, "2005-09-30": 0, "2005-06-30": 0, "2005-03-31": ""}, "Net Change In Long-Term Investments": {"2020-12-31": -92.5, "2020-09-30": -9.1, "2020-06-30": 28.4, "2020-03-31": "73.20000", "2019-12-31": -195.4, "2019-09-30": 4.9, "2019-06-30": 49.3, "2019-03-31": "14.50000", "2018-12-31": 2.2, "2018-09-30": 75, "2018-06-30": -387.7, "2018-03-31": "-484.90000", "2017-12-31": 21.7, "2017-09-30": -14.6, "2017-06-30": 149.1, "2017-03-31": "76.30000", "2016-12-31": 116.8, "2016-09-30": -14.1, "2016-06-30": -85.5, "2016-03-31": "243.00000", "2015-12-31": 197.3, "2015-09-30": 23.2, "2015-06-30": 42, "2015-03-31": "7.20000", "2014-12-31": 16.7, "2014-09-30": -201.8, "2014-06-30": -119.2, "2014-03-31": "-1.00000", "2013-12-31": -265.4, "2013-09-30": -47.9, "2013-06-30": -9.7, "2013-03-31": "-8.70000", "2012-12-31": -82.5, "2012-09-30": -7.1, "2012-06-30": -144.1, "2012-03-31": "13.70000", "2011-12-31": 7.3, "2011-09-30": -52.4, "2011-06-30": -25.4, "2011-03-31": "-4.60000", "2010-12-31": -0.8, "2010-09-30": -8, "2010-06-30": -2.1, "2010-03-31": "-148.00000", "2009-12-31": 6.3, "2009-09-30": -42.2, "2009-06-30": 17.6, "2009-03-31": "-14.50000", "2008-12-31": -21.1, "2008-09-30": 58.9, "2008-06-30": -18.8, "2008-03-31": "", "2007-12-31": -14, "2007-09-30": -80.3, "2007-06-30": -52.2, "2007-03-31": "-29.50000", "2006-12-31": -133.5, "2006-09-30": -72.8, "2006-06-30": -91.6, "2006-03-31": "-25.00000", "2005-12-31": -12.134, "2005-09-30": 1.888, "2005-06-30": -27.146, "2005-03-31": "-4.60800"}, "Net Change In Investments - Total": {"2020-12-31": -92.5, "2020-09-30": -9.1, "2020-06-30": 28.4, "2020-03-31": "73.20000", "2019-12-31": -195.4, "2019-09-30": 4.9, "2019-06-30": 49.3, "2019-03-31": "14.50000", "2018-12-31": 2.2, "2018-09-30": 75, "2018-06-30": -387.7, "2018-03-31": "-484.90000", "2017-12-31": 21.7, "2017-09-30": -14.6, "2017-06-30": 149.1, "2017-03-31": "76.30000", "2016-12-31": 116.8, "2016-09-30": -14.1, "2016-06-30": -85.5, "2016-03-31": "243.00000", "2015-12-31": 197.3, "2015-09-30": 23.2, "2015-06-30": 42, "2015-03-31": "7.20000", "2014-12-31": 16.7, "2014-09-30": -201.8, "2014-06-30": -119.2, "2014-03-31": "-1.00000", "2013-12-31": -265.4, "2013-09-30": -47.9, "2013-06-30": -9.7, "2013-03-31": "-8.70000", "2012-12-31": -82.5, "2012-09-30": -7.1, "2012-06-30": -144.1, "2012-03-31": "13.70000", "2011-12-31": 7.3, "2011-09-30": -52.4, "2011-06-30": -25.4, "2011-03-31": "-4.60000", "2010-12-31": -0.8, "2010-09-30": -8, "2010-06-30": -2.1, "2010-03-31": "-148.00000", "2009-12-31": 6.3, "2009-09-30": -42.2, "2009-06-30": 17.6, "2009-03-31": "-14.50000", "2008-12-31": -21.1, "2008-09-30": 58.9, "2008-06-30": -16.2, "2008-03-31": "-2.60000", "2007-12-31": -14, "2007-09-30": -80.3, "2007-06-30": -52.2, "2007-03-31": "-29.50000", "2006-12-31": -133.5, "2006-09-30": -72.8, "2006-06-30": -91.6, "2006-03-31": "-25.00000", "2005-12-31": -12.134, "2005-09-30": 1.888, "2005-06-30": -27.146, "2005-03-31": "-4.60800"}, "Investing Activities - Other": {"2020-12-31": -9.8, "2020-09-30": 3.7, "2020-06-30": 5.7, "2020-03-31": "0.40000", "2019-12-31": 3.3, "2019-09-30": 1.9, "2019-06-30": 2.2, "2019-03-31": "-0.60000", "2018-12-31": -0.3, "2018-09-30": 81.5, "2018-06-30": 5.4, "2018-03-31": "1.80000", "2017-12-31": -1.1, "2017-09-30": -1.1, "2017-06-30": -5.2, "2017-03-31": "", "2016-12-31": -85.1, "2016-09-30": -4.3, "2016-06-30": 83.7, "2016-03-31": "", "2015-12-31": -3, "2015-09-30": -3.2, "2015-06-30": -3.2, "2015-03-31": "", "2014-12-31": -0.8, "2014-09-30": -3.2, "2014-06-30": -4.5, "2014-03-31": "-3.40000", "2013-12-31": -2.3, "2013-09-30": -0.4, "2013-06-30": 2.8, "2013-03-31": "-0.10000", "2012-12-31": -4.2, "2012-09-30": -1.3, "2012-06-30": -3.3, "2012-03-31": "-4.40000", "2011-12-31": -7.6, "2011-09-30": 3.4, "2011-06-30": -2.7, "2011-03-31": "-0.70000", "2010-12-31": 5.6, "2010-09-30": -0.7, "2010-06-30": -3.5, "2010-03-31": "-1.40000", "2009-12-31": 0, "2009-09-30": 2.3, "2009-06-30": -0.3, "2009-03-31": "-2.00000", "2008-12-31": 0.1, "2008-09-30": -29.1, "2008-06-30": 30.7, "2008-03-31": "-1.60000", "2007-12-31": -13.4, "2007-09-30": -8.2, "2007-06-30": 2.9, "2007-03-31": "-4.40000", "2006-12-31": -7.6, "2006-09-30": 42, "2006-06-30": -35.1, "2006-03-31": "-3.20000", "2005-12-31": 0.738, "2005-09-30": -1.52, "2005-06-30": 5.809, "2005-03-31": "-2.32700"}, "Cash Flow From Investing Activities": {"2020-12-31": 53.1, "2020-09-30": -55.5, "2020-06-30": -25.2, "2020-03-31": "27.60000", "2019-12-31": -247.8, "2019-09-30": -47.6, "2019-06-30": 4.7, "2019-03-31": "-33.80000", "2018-12-31": -45.1, "2018-09-30": 113.6, "2018-06-30": -424.2, "2018-03-31": "-519.80000", "2017-12-31": -36.4, "2017-09-30": -62.2, "2017-06-30": 108.2, "2017-03-31": "29.40000", "2016-12-31": -4.1, "2016-09-30": -51.7, "2016-06-30": -45.8, "2016-03-31": "207.80000", "2015-12-31": 157.6, "2015-09-30": -14.7, "2015-06-30": 0.2, "2015-03-31": "-34.10000", "2014-12-31": -27.7, "2014-09-30": -227.9, "2014-06-30": -158, "2014-03-31": "-29.80000", "2013-12-31": -298.9, "2013-09-30": -81.4, "2013-06-30": -25.6, "2013-03-31": "-31.60000", "2012-12-31": -107.9, "2012-09-30": -27.5, "2012-06-30": -165.4, "2012-03-31": "-9.30000", "2011-12-31": -33.1, "2011-09-30": -65.5, "2011-06-30": -49.4, "2011-03-31": "-17.00000", "2010-12-31": -11.8, "2010-09-30": -42.1, "2010-06-30": -48.6, "2010-03-31": "-174.40000", "2009-12-31": -24.6, "2009-09-30": -77.6, "2009-06-30": -17.2, "2009-03-31": "-47.30000", "2008-12-31": -68.6, "2008-09-30": -13.2, "2008-06-30": -9.1, "2008-03-31": "-34.10000", "2007-12-31": -70.2, "2007-09-30": -132.5, "2007-06-30": -81.2, "2007-03-31": "-60.80000", "2006-12-31": -166.4, "2006-09-30": -54.9, "2006-06-30": -150.1, "2006-03-31": "-49.80000", "2005-12-31": -24.836, "2005-09-30": -13.798, "2005-06-30": -32.293, "2005-03-31": "-20.67300"}, "Net Long-Term Debt": {"2020-12-31": 0, "2020-09-30": 0, "2020-06-30": 0, "2020-03-31": "", "2019-12-31": 0, "2019-09-30": 0, "2019-06-30": 0, "2019-03-31": "", "2018-12-31": 0, "2018-09-30": 0, "2018-06-30": 0, "2018-03-31": "", "2017-12-31": 0, "2017-09-30": 0, "2017-06-30": 0, "2017-03-31": "", "2016-12-31": 0, "2016-09-30": 0, "2016-06-30": 0, "2016-03-31": "", "2015-12-31": 0, "2015-09-30": 0, "2015-06-30": 0, "2015-03-31": "", "2014-12-31": 0, "2014-09-30": 0, "2014-06-30": 0, "2014-03-31": "", "2013-12-31": 0, "2013-09-30": 0, "2013-06-30": 0, "2013-03-31": "", "2012-12-31": 0, "2012-09-30": 0, "2012-06-30": 0, "2012-03-31": "", "2011-12-31": 0, "2011-09-30": 0, "2011-06-30": 0, "2011-03-31": "", "2010-12-31": 0, "2010-09-30": 0, "2010-06-30": 0, "2010-03-31": "", "2009-12-31": 0, "2009-09-30": 0, "2009-06-30": 0, "2009-03-31": "", "2008-12-31": 0, "2008-09-30": 0, "2008-06-30": 0, "2008-03-31": "", "2007-12-31": 0, "2007-09-30": 0, "2007-06-30": 0, "2007-03-31": "", "2006-12-31": 0, "2006-09-30": 0, "2006-06-30": 0, "2006-03-31": "", "2005-12-31": 0, "2005-09-30": 0, "2005-06-30": 0, "2005-03-31": ""}, "Net Current Debt": {"2020-12-31": 0, "2020-09-30": 0, "2020-06-30": 0, "2020-03-31": "", "2019-12-31": 0, "2019-09-30": 0, "2019-06-30": 0, "2019-03-31": "", "2018-12-31": 0, "2018-09-30": 0, "2018-06-30": 0, "2018-03-31": "", "2017-12-31": 0, "2017-09-30": 0, "2017-06-30": 0, "2017-03-31": "", "2016-12-31": 0, "2016-09-30": 0, "2016-06-30": 0, "2016-03-31": "", "2015-12-31": 0, "2015-09-30": 0, "2015-06-30": 0, "2015-03-31": "", "2014-12-31": 0, "2014-09-30": 0, "2014-06-30": 0, "2014-03-31": "", "2013-12-31": 0, "2013-09-30": 0, "2013-06-30": 0, "2013-03-31": "", "2012-12-31": 0, "2012-09-30": 0, "2012-06-30": 0, "2012-03-31": "", "2011-12-31": 0, "2011-09-30": 0, "2011-06-30": 0, "2011-03-31": "", "2010-12-31": 0, "2010-09-30": 0, "2010-06-30": 0, "2010-03-31": "", "2009-12-31": 0, "2009-09-30": 0, "2009-06-30": 0, "2009-03-31": "", "2008-12-31": 0, "2008-09-30": 0, "2008-06-30": 0, "2008-03-31": "", "2007-12-31": 0, "2007-09-30": 0, "2007-06-30": 0, "2007-03-31": "", "2006-12-31": 0, "2006-09-30": 0, "2006-06-30": 0, "2006-03-31": "", "2005-12-31": 0, "2005-09-30": 0, "2005-06-30": 0, "2005-03-31": ""}, "Debt Issuance/Retirement Net - Total": {"2020-12-31": 0, "2020-09-30": 0, "2020-06-30": 0, "2020-03-31": "", "2019-12-31": 0, "2019-09-30": 0, "2019-06-30": 0, "2019-03-31": "", "2018-12-31": 0, "2018-09-30": 0, "2018-06-30": 0, "2018-03-31": "", "2017-12-31": 0, "2017-09-30": 0, "2017-06-30": 0, "2017-03-31": "", "2016-12-31": 0, "2016-09-30": 0, "2016-06-30": 0, "2016-03-31": "", "2015-12-31": 0, "2015-09-30": 0, "2015-06-30": 0, "2015-03-31": "", "2014-12-31": 0, "2014-09-30": 0, "2014-06-30": 0, "2014-03-31": "", "2013-12-31": 0, "2013-09-30": 0, "2013-06-30": 0, "2013-03-31": "", "2012-12-31": 0, "2012-09-30": 0, "2012-06-30": 0, "2012-03-31": "", "2011-12-31": 0, "2011-09-30": 0, "2011-06-30": 0, "2011-03-31": "", "2010-12-31": 0, "2010-09-30": 0, "2010-06-30": 0, "2010-03-31": "", "2009-12-31": 0, "2009-09-30": 0, "2009-06-30": 0, "2009-03-31": "", "2008-12-31": 0, "2008-09-30": 0, "2008-06-30": 0, "2008-03-31": "", "2007-12-31": 0, "2007-09-30": 0, "2007-06-30": 0, "2007-03-31": "", "2006-12-31": 0, "2006-09-30": 0, "2006-06-30": 0, "2006-03-31": "", "2005-12-31": 0, "2005-09-30": 0, "2005-06-30": 0, "2005-03-31": ""}, "Net Common Equity Issued/Repurchased": {"2020-12-31": 1082.3, "2020-09-30": -109.2, "2020-06-30": -119.9, "2020-03-31": "-853.20000", "2019-12-31": -162.8, "2019-09-30": -135.7, "2019-06-30": -136.6, "2019-03-31": "-187.40000", "2018-12-31": -588.6, "2018-09-30": -69.5, "2018-06-30": -112.4, "2018-03-31": "-245.10000", "2017-12-31": 56.9, "2017-09-30": 58.6, "2017-06-30": -108.3, "2017-03-31": "-264.20000", "2016-12-31": -113.7, "2016-09-30": -252.3, "2016-06-30": 1.1, "2016-03-31": "-185.70000", "2015-12-31": -154.8, "2015-09-30": -447.7, "2015-06-30": -230.7, "2015-03-31": "-81.10000", "2014-12-31": -99.2, "2014-09-30": -213.7, "2014-06-30": -8.3, "2014-03-31": "-9.10000", "2013-12-31": 17, "2013-09-30": -3.8, "2013-06-30": 20.7, "2013-03-31": "70.20000", "2012-12-31": 34.3, "2012-09-30": 7.2, "2012-06-30": -114.2, "2012-03-31": "24.10000", "2011-12-31": -8.6, "2011-09-30": -222, "2011-06-30": -193.7, "2011-03-31": "-4.80000", "2010-12-31": 40.9, "2010-09-30": -78.2, "2010-06-30": -117.6, "2010-03-31": "-2.10000", "2009-12-31": 15.2, "2009-09-30": 10.3, "2009-06-30": -4.3, "2009-03-31": "-44.50000", "2008-12-31": -75, "2008-09-30": -114.6, "2008-06-30": -47.6, "2008-03-31": "-276.60000", "2007-12-31": -23.7, "2007-09-30": -136.2, "2007-06-30": -64.2, "2007-03-31": "3.60000", "2006-12-31": 27.6, "2006-09-30": -18.5, "2006-06-30": -108.6, "2006-03-31": "33.60000", "2005-12-31": 19.115, "2005-09-30": 5.451, "2005-06-30": -33.962, "2005-03-31": "-18.50400"}, "Net Total Equity Issued/Repurchased": {"2020-12-31": 1082.3, "2020-09-30": -109.2, "2020-06-30": -119.9, "2020-03-31": "-853.20000", "2019-12-31": -162.8, "2019-09-30": -135.7, "2019-06-30": -136.6, "2019-03-31": "-187.40000", "2018-12-31": -588.6, "2018-09-30": -69.5, "2018-06-30": -112.4, "2018-03-31": "-245.10000", "2017-12-31": 56.9, "2017-09-30": 58.6, "2017-06-30": -108.3, "2017-03-31": "-264.20000", "2016-12-31": -113.7, "2016-09-30": -252.3, "2016-06-30": 1.1, "2016-03-31": "-185.70000", "2015-12-31": -154.8, "2015-09-30": -447.7, "2015-06-30": -230.7, "2015-03-31": "-81.10000", "2014-12-31": -99.2, "2014-09-30": -213.7, "2014-06-30": -8.3, "2014-03-31": "-9.10000", "2013-12-31": 17, "2013-09-30": -3.8, "2013-06-30": 20.7, "2013-03-31": "70.20000", "2012-12-31": 34.3, "2012-09-30": 7.2, "2012-06-30": -114.2, "2012-03-31": "24.10000", "2011-12-31": -8.6, "2011-09-30": -222, "2011-06-30": -193.7, "2011-03-31": "-4.80000", "2010-12-31": 40.9, "2010-09-30": -78.2, "2010-06-30": -117.6, "2010-03-31": "-2.10000", "2009-12-31": 15.2, "2009-09-30": 10.3, "2009-06-30": -4.3, "2009-03-31": "-44.50000", "2008-12-31": -75, "2008-09-30": -114.6, "2008-06-30": -47.6, "2008-03-31": "-276.60000", "2007-12-31": -23.7, "2007-09-30": -136.2, "2007-06-30": -64.2, "2007-03-31": "3.60000", "2006-12-31": 27.6, "2006-09-30": -18.5, "2006-06-30": -108.6, "2006-03-31": "33.60000", "2005-12-31": 19.115, "2005-09-30": 5.451, "2005-06-30": -33.962, "2005-03-31": "-18.50400"}, "Total Common And Preferred Stock Dividends Paid": {"2020-12-31": 635.7, "2020-09-30": -210, "2020-06-30": -210.5, "2020-03-31": "-215.20000", "2019-12-31": -183.5, "2019-09-30": -182.6, "2019-06-30": -183.2, "2019-03-31": "-184.60000", "2018-12-31": -172, "2018-09-30": -173.6, "2018-06-30": -173.9, "2018-03-31": "-174.80000", "2017-12-31": -142.3, "2017-09-30": -140.4, "2017-06-30": -139.5, "2017-03-31": "-140.90000", "2016-12-31": -134.2, "2016-09-30": -135, "2016-06-30": -135.7, "2016-03-31": "-135.90000", "2015-12-31": -131.8, "2015-09-30": -132.7, "2015-06-30": -659.1, "2015-03-31": "-135.40000", "2014-12-31": -114.9, "2014-09-30": -115.5, "2014-06-30": -115.9, "2014-03-31": "-115.80000", "2013-12-31": -99.6, "2013-09-30": -99.4, "2013-06-30": -99, "2013-03-31": "-98.70000", "2012-12-31": -343.7, "2012-09-30": -86.6, "2012-06-30": -86.3, "2012-03-31": "-86.80000", "2011-12-31": -78.6, "2011-09-30": -78.6, "2011-06-30": -80, "2011-03-31": "-80.70000", "2010-12-31": -70, "2010-09-30": -69.1, "2010-06-30": -69.8, "2010-03-31": "-70.00000", "2009-12-31": -64.6, "2009-09-30": -64.3, "2009-06-30": -64.1, "2009-03-31": "-63.90000", "2008-12-31": -61.9, "2008-09-30": -62.2, "2008-06-30": -62.3, "2008-03-31": "-126.10000", "2007-12-31": -44.9, "2007-09-30": -45.1, "2007-06-30": -45.2, "2007-03-31": "-45.10000", "2006-12-31": -36.8, "2006-09-30": -36.9, "2006-06-30": -37, "2006-03-31": "-36.90000", "2005-12-31": -29.923, "2005-09-30": -29.825, "2005-06-30": -29.952, "2005-03-31": "-29.80000"}, "Financial Activities - Other": {"2020-12-31": -298.7, "2020-09-30": 211, "2020-06-30": 11.6, "2020-03-31": "76.10000", "2019-12-31": 136.6, "2019-09-30": 196.8, "2019-06-30": 124.3, "2019-03-31": "66.00000", "2018-12-31": -15.8, "2018-09-30": 168.2, "2018-06-30": 140.2, "2018-03-31": "177.80000", "2017-12-31": 276.3, "2017-09-30": 287.6, "2017-06-30": 166.6, "2017-03-31": "551.10000", "2016-12-31": 116.8, "2016-09-30": 258.2, "2016-06-30": 269.2, "2016-03-31": "270.80000", "2015-12-31": 0, "2015-09-30": -16.6, "2015-06-30": 5.5, "2015-03-31": "11.10000", "2014-12-31": -24.4, "2014-09-30": 6.8, "2014-06-30": 8.7, "2014-03-31": "8.90000", "2013-12-31": 11.3, "2013-09-30": -8.4, "2013-06-30": 5.4, "2013-03-31": "7.50000", "2012-12-31": 19.6, "2012-09-30": 3.1, "2012-06-30": 6, "2012-03-31": "11.80000", "2011-12-31": 8.9, "2011-09-30": 14.8, "2011-06-30": 6.4, "2011-03-31": "18.30000", "2010-12-31": 22.3, "2010-09-30": 5.4, "2010-06-30": 11.5, "2010-03-31": "10.60000", "2009-12-31": 9, "2009-09-30": 6.7, "2009-06-30": 0.8, "2009-03-31": "19.00000", "2008-12-31": -33.5, "2008-09-30": 78.3, "2008-06-30": -4.6, "2008-03-31": "3.30000", "2007-12-31": 5.4, "2007-09-30": 0.9, "2007-06-30": -5.4, "2007-03-31": "-1.30000", "2006-12-31": 3.5, "2006-09-30": 3.8, "2006-06-30": 2, "2006-03-31": "1.60000", "2005-12-31": 3.38, "2005-09-30": 1.305, "2005-06-30": -3.522, "2005-03-31": "2.23700"}, "Cash Flow From Financial Activities": {"2020-12-31": 1419.3, "2020-09-30": -108.2, "2020-06-30": -318.8, "2020-03-31": "-992.30000", "2019-12-31": -209.7, "2019-09-30": -121.5, "2019-06-30": -195.5, "2019-03-31": "-306.00000", "2018-12-31": -776.4, "2018-09-30": -74.9, "2018-06-30": -146.1, "2018-03-31": "-242.10000", "2017-12-31": 190.9, "2017-09-30": 205.8, "2017-06-30": -81.2, "2017-03-31": "146.00000", "2016-12-31": -131.1, "2016-09-30": -129.1, "2016-06-30": 134.6, "2016-03-31": "-50.80000", "2015-12-31": -286.6, "2015-09-30": -597, "2015-06-30": -884.3, "2015-03-31": "-205.40000", "2014-12-31": -238.5, "2014-09-30": -322.4, "2014-06-30": -115.5, "2014-03-31": "-116.00000", "2013-12-31": -71.3, "2013-09-30": -111.6, "2013-06-30": -72.9, "2013-03-31": "-21.00000", "2012-12-31": -289.8, "2012-09-30": -76.3, "2012-06-30": -194.5, "2012-03-31": "-50.90000", "2011-12-31": -78.3, "2011-09-30": -285.8, "2011-06-30": -267.3, "2011-03-31": "-67.20000", "2010-12-31": -6.8, "2010-09-30": -141.9, "2010-06-30": -175.9, "2010-03-31": "-61.50000", "2009-12-31": -40.4, "2009-09-30": -47.3, "2009-06-30": -67.6, "2009-03-31": "-89.40000", "2008-12-31": -170.4, "2008-09-30": -98.5, "2008-06-30": -114.5, "2008-03-31": "-399.40000", "2007-12-31": -63.2, "2007-09-30": -180.4, "2007-06-30": -114.8, "2007-03-31": "-42.80000", "2006-12-31": -5.7, "2006-09-30": -51.6, "2006-06-30": -143.6, "2006-03-31": "-1.70000", "2005-12-31": -7.428, "2005-09-30": -23.069, "2005-06-30": -67.436, "2005-03-31": "-46.06700"}, "Net Cash Flow": {"2020-12-31": -447.9, "2020-09-30": 123.3, "2020-06-30": 502.8, "2020-03-31": "-178.20000", "2019-12-31": -435.8, "2019-09-30": 381, "2019-06-30": 179.6, "2019-03-31": "238.20000", "2018-12-31": -701, "2018-09-30": 600, "2018-06-30": -169.9, "2018-03-31": "-239.60000", "2017-12-31": 29.6, "2017-09-30": 360.3, "2017-06-30": -15.1, "2017-03-31": "360.50000", "2016-12-31": -216.8, "2016-09-30": 104.7, "2016-06-30": -17.8, "2016-03-31": "228.10000", "2015-12-31": 7.9, "2015-09-30": -104.8, "2015-06-30": -541.2, "2015-03-31": "304.30000", "2014-12-31": -138.4, "2014-09-30": -59.8, "2014-06-30": -35, "2014-03-31": "341.30000", "2013-12-31": -295.3, "2013-09-30": 237.4, "2013-06-30": 170, "2013-03-31": "406.80000", "2012-12-31": -355.9, "2012-09-30": 262.7, "2012-06-30": -131.2, "2012-03-31": "205.60000", "2011-12-31": -103.5, "2011-09-30": -21.3, "2011-06-30": -42.2, "2011-03-31": "251.80000", "2010-12-31": 2.7, "2010-09-30": 75.3, "2010-06-30": -29, "2010-03-31": "20.80000", "2009-12-31": 4, "2009-09-30": 71.9, "2009-06-30": 45.6, "2009-03-31": "2.70000", "2008-12-31": -233.6, "2008-09-30": 171.5, "2008-06-30": 71, "2008-03-31": "-174.90000", "2007-12-31": -62.6, "2007-09-30": -47.5, "2007-06-30": -15.9, "2007-03-31": "138.10000", "2006-12-31": -103.2, "2006-09-30": 61.7, "2006-06-30": -118.8, "2006-03-31": "129.70000", "2005-12-31": 31.276, "2005-09-30": 148.34, "2005-06-30": 41.543, "2005-03-31": "82.74100"}, "Stock-Based Compensation": {"2020-12-31": -164.5, "2020-09-30": 52.9, "2020-06-30": 53.3, "2020-03-31": "58.30000", "2019-12-31": 70.5, "2019-09-30": 45.4, "2019-06-30": 47.2, "2019-03-31": "43.50000", "2018-12-31": 61.8, "2018-09-30": 44.5, "2018-06-30": 45.2, "2018-03-31": "45.60000", "2017-12-31": 41.4, "2017-09-30": 36.4, "2017-06-30": 37.4, "2017-03-31": "36.80000", "2016-12-31": 43.7, "2016-09-30": 42.3, "2016-06-30": 38.8, "2016-03-31": "36.80000", "2015-12-31": 41.6, "2015-09-30": 40.8, "2015-06-30": 35.6, "2015-03-31": "31.00000", "2014-12-31": 37.5, "2014-09-30": 34.1, "2014-06-30": 32.6, "2014-03-31": "29.20000", "2013-12-31": 33.3, "2013-09-30": 29.7, "2013-06-30": 27.9, "2013-03-31": "23.70000", "2012-12-31": 26.8, "2012-09-30": 27.3, "2012-06-30": 25.9, "2012-03-31": "24.10000", "2011-12-31": 24.9, "2011-09-30": 27.4, "2011-06-30": 25, "2011-03-31": "21.40000", "2010-12-31": 23.2, "2010-09-30": 23.2, "2010-06-30": 23, "2010-03-31": "20.10000", "2009-12-31": 21.1, "2009-09-30": 24, "2009-06-30": 23.4, "2009-03-31": "20.60000", "2008-12-31": 22.9, "2008-09-30": 23.3, "2008-06-30": 20.9, "2008-03-31": "18.40000", "2007-12-31": 22.9, "2007-09-30": 20.7, "2007-06-30": 19.4, "2007-03-31": "16.80000", "2006-12-31": 15.9, "2006-09-30": 15.6, "2006-06-30": 14.7, "2006-03-31": "14.80000", "2005-12-31": 3.2, "2005-09-30": 0, "2005-06-30": 0, "2005-03-31": ""}, "Common Stock Dividends Paid": {"2020-12-31": 635.7, "2020-09-30": -210, "2020-06-30": -210.5, "2020-03-31": "-215.20000", "2019-12-31": -183.5, "2019-09-30": -182.6, "2019-06-30": -183.2, "2019-03-31": "-184.60000", "2018-12-31": -172, "2018-09-30": -173.6, "2018-06-30": -173.9, "2018-03-31": "-174.80000", "2017-12-31": -142.3, "2017-09-30": -140.4, "2017-06-30": -139.5, "2017-03-31": "-140.90000", "2016-12-31": -134.2, "2016-09-30": -135, "2016-06-30": -135.7, "2016-03-31": "-135.90000", "2015-12-31": -131.8, "2015-09-30": -132.7, "2015-06-30": -659.1, "2015-03-31": "-135.40000", "2014-12-31": -114.9, "2014-09-30": -115.5, "2014-06-30": -115.9, "2014-03-31": "-115.80000", "2013-12-31": -99.6, "2013-09-30": -99.4, "2013-06-30": -99, "2013-03-31": "-98.70000", "2012-12-31": -343.7, "2012-09-30": -86.6, "2012-06-30": -86.3, "2012-03-31": "-86.80000", "2011-12-31": -78.6, "2011-09-30": -78.6, "2011-06-30": -80, "2011-03-31": "-80.70000", "2010-12-31": -70, "2010-09-30": -69.1, "2010-06-30": -69.8, "2010-03-31": "-70.00000", "2009-12-31": -64.6, "2009-09-30": -64.3, "2009-06-30": -64.1, "2009-03-31": "-63.90000", "2008-12-31": -61.9, "2008-09-30": -62.2, "2008-06-30": -62.3, "2008-03-31": "-126.10000", "2007-12-31": -44.9, "2007-09-30": -45.1, "2007-06-30": -45.2, "2007-03-31": "-45.10000", "2006-12-31": -36.8, "2006-09-30": -36.9, "2006-06-30": -37, "2006-03-31": "-36.90000", "2005-12-31": -29.923, "2005-09-30": -29.825, "2005-06-30": -29.952, "2005-03-31": "-29.80000"}}, "financial ratios": {"Current Ratio": {"2019-12-31": "6.77570", "2018-12-31": "4.86400", "2017-12-31": "6.27990", "2016-12-31": "5.30860", "2015-12-31": "5.86340", "2014-12-31": "7.82060", "2013-12-31": "8.35720", "2012-12-31": "3.45670", "2011-12-31": "3.43940", "2010-12-31": "3.24460", "2009-12-31": "3.01580", "2008-12-31": "2.40900", "2007-12-31": "2.62470", "2006-12-31": "2.94470", "2005-12-31": "3.56630"}, "Long-term Debt / Capital": {"2019-12-31": "", "2018-12-31": "", "2017-12-31": "", "2016-12-31": "", "2015-12-31": "", "2014-12-31": "", "2013-12-31": "", "2012-12-31": "", "2011-12-31": "", "2010-12-31": "", "2009-12-31": "", "2008-12-31": "", "2007-12-31": "", "2006-12-31": "", "2005-12-31": ""}, "Debt/Equity Ratio": {"2019-12-31": "", "2018-12-31": "", "2017-12-31": "", "2016-12-31": "", "2015-12-31": "", "2014-12-31": "", "2013-12-31": "", "2012-12-31": "", "2011-12-31": "", "2010-12-31": "", "2009-12-31": "", "2008-12-31": "", "2007-12-31": "", "2006-12-31": "", "2005-12-31": ""}, "Gross Margin": {"2019-12-31": "100.00000", "2018-12-31": "100.00000", "2017-12-31": "100.00000", "2016-12-31": "100.00000", "2015-12-31": "100.00000", "2014-12-31": "100.00000", "2013-12-31": "100.00000", "2012-12-31": "100.00000", "2011-12-31": "100.00000", "2010-12-31": "100.00000", "2009-12-31": "100.00000", "2008-12-31": "100.00000", "2007-12-31": "100.00000", "2006-12-31": "100.00000", "2005-12-31": "100.00000"}, "Operating Margin": {"2019-12-31": "42.48920", "2018-12-31": "43.95270", "2017-12-31": "43.43650", "2016-12-31": "40.45460", "2015-12-31": "45.20550", "2014-12-31": "47.48500", "2013-12-31": "46.99500", "2012-12-31": "45.13810", "2011-12-31": "44.66160", "2010-12-31": "43.78590", "2009-12-31": "37.57100", "2008-12-31": "39.99910", "2007-12-31": "44.61960", "2006-12-31": "43.25290", "2005-12-31": "43.21150"}, "EBIT Margin": {"2019-12-31": "42.48920", "2018-12-31": "43.95270", "2017-12-31": "43.43650", "2016-12-31": "40.45460", "2015-12-31": "45.20550", "2014-12-31": "47.48500", "2013-12-31": "46.99500", "2012-12-31": "45.13810", "2011-12-31": "44.66160", "2010-12-31": "43.78590", "2009-12-31": "37.57100", "2008-12-31": "40.23480", "2007-12-31": "44.83450", "2006-12-31": "43.48930", "2005-12-31": "43.44900"}, "EBITDA Margin": {"2019-12-31": "45.88550", "2018-12-31": "46.92140", "2017-12-31": "46.39440", "2016-12-31": "43.56800", "2015-12-31": "48.21220", "2014-12-31": "50.29010", "2013-12-31": "49.59530", "2012-12-31": "47.81470", "2011-12-31": "47.29720", "2010-12-31": "46.44730", "2009-12-31": "41.08920", "2008-12-31": "43.17170", "2007-12-31": "47.25270", "2006-12-31": "46.06720", "2005-12-31": "46.23960"}, "Pre-Tax Profit Margin": {"2019-12-31": "52.10670", "2018-12-31": "44.38450", "2017-12-31": "51.59940", "2016-12-31": "45.75480", "2015-12-31": "47.66940", "2014-12-31": "50.30260", "2013-12-31": "48.80320", "2012-12-31": "47.48060", "2011-12-31": "45.52440", "2010-12-31": "45.20110", "2009-12-31": "36.89090", "2008-12-31": "37.53360", "2007-12-31": "48.22000", "2006-12-31": "47.17750", "2005-12-31": "44.82120"}, "Net Profit Margin": {"2019-12-31": "36.95330", "2018-12-31": "33.38980", "2017-12-31": "30.15300", "2016-12-31": "27.76090", "2015-12-31": "28.73160", "2014-12-31": "30.52160", "2013-12-31": "29.80310", "2012-12-31": "29.05210", "2011-12-31": "28.01860", "2010-12-31": "28.27810", "2009-12-31": "23.13910", "2008-12-31": "23.08490", "2007-12-31": "29.99420", "2006-12-31": "29.11010", "2005-12-31": "28.43380"}, "Asset Turnover": {"2019-12-31": "0.60210", "2018-12-31": "0.69870", "2017-12-31": "0.64430", "2016-12-31": "0.68830", "2015-12-31": "0.82250", "2014-12-31": "0.70550", "2013-12-31": "0.69230", "2012-12-31": "0.71920", "2011-12-31": "0.72860", "2010-12-31": "0.65000", "2009-12-31": "0.58170", "2008-12-31": "0.75240", "2007-12-31": "0.70280", "2006-12-31": "0.65790", "2005-12-31": "0.65600"}, "Inventory Turnover Ratio": {"2019-12-31": "", "2018-12-31": "", "2017-12-31": "", "2016-12-31": "", "2015-12-31": "", "2014-12-31": "", "2013-12-31": "", "2012-12-31": "", "2011-12-31": "", "2010-12-31": "", "2009-12-31": "", "2008-12-31": "", "2007-12-31": "", "2006-12-31": "", "2005-12-31": ""}, "Receiveable Turnover": {"2019-12-31": "8.68840", "2018-12-31": "9.77550", "2017-12-31": "8.58820", "2016-12-31": "9.41510", "2015-12-31": "9.41840", "2014-12-31": "8.99300", "2013-12-31": "8.73670", "2012-12-31": "8.54050", "2011-12-31": "9.02170", "2010-12-31": "7.68820", "2009-12-31": "7.58490", "2008-12-31": "11.96450", "2007-12-31": "8.41730", "2006-12-31": "8.14000", "2005-12-31": "8.66170"}, "Days Sales In Receivables": {"2019-12-31": "42.01020", "2018-12-31": "37.33830", "2017-12-31": "42.50030", "2016-12-31": "38.76760", "2015-12-31": "38.75400", "2014-12-31": "40.58710", "2013-12-31": "41.77770", "2012-12-31": "42.73730", "2011-12-31": "40.45810", "2010-12-31": "47.47530", "2009-12-31": "48.12200", "2008-12-31": "30.50700", "2007-12-31": "43.36330", "2006-12-31": "44.84010", "2005-12-31": "42.13950"}, "ROE - Return On Equity": {"2019-12-31": "31.66530", "2018-12-31": "28.88000", "2017-12-31": "27.14790", "2016-12-31": "25.03690", "2015-12-31": "25.68250", "2014-12-31": "22.79060", "2013-12-31": "21.74510", "2012-12-31": "22.97390", "2011-12-31": "22.60360", "2010-12-31": "20.39130", "2009-12-31": "15.04410", "2008-12-31": "19.72040", "2007-12-31": "24.14750", "2006-12-31": "21.82210", "2005-12-31": "21.16790"}, "Return On Tangible Equity": {"2019-12-31": "34.94030", "2018-12-31": "32.40210", "2017-12-31": "30.65110", "2016-12-31": "28.87470", "2015-12-31": "29.85620", "2014-12-31": "25.99850", "2013-12-31": "25.23120", "2012-12-31": "27.78270", "2011-12-31": "28.06530", "2010-12-31": "25.55120", "2009-12-31": "19.56240", "2008-12-31": "26.92120", "2007-12-31": "31.76090", "2006-12-31": "30.13370", "2005-12-31": "31.45070"}, "ROA - Return On Assets": {"2019-12-31": "24.10290", "2018-12-31": "23.00210", "2017-12-31": "20.98360", "2016-12-31": "20.14460", "2015-12-31": "23.94800", "2014-12-31": "21.78440", "2013-12-31": "20.81620", "2012-12-31": "21.02410", "2011-12-31": "20.50770", "2010-12-31": "18.45690", "2009-12-31": "13.50650", "2008-12-31": "17.40800", "2007-12-31": "21.10600", "2006-12-31": "19.15160", "2005-12-31": "18.65400"}, "ROI - Return On Investment": {"2019-12-31": "31.66530", "2018-12-31": "28.88000", "2017-12-31": "27.14790", "2016-12-31": "25.03690", "2015-12-31": "25.68250", "2014-12-31": "22.79060", "2013-12-31": "21.74510", "2012-12-31": "22.97390", "2011-12-31": "22.60360", "2010-12-31": "20.39130", "2009-12-31": "15.04410", "2008-12-31": "19.72040", "2007-12-31": "24.14750", "2006-12-31": "21.82210", "2005-12-31": "21.16790"}, "Book Value Per Share": {"2019-12-31": "30.19420", "2018-12-31": "25.72490", "2017-12-31": "23.76230", "2016-12-31": "20.46130", "2015-12-31": "19.01230", "2014-12-31": "20.66260", "2013-12-31": "18.38460", "2012-12-31": "14.96430", "2011-12-31": "13.50600", "2010-12-31": "12.73960", "2009-12-31": "11.14820", "2008-12-31": "9.68950", "2007-12-31": "10.49530", "2006-12-31": "9.15950", "2005-12-31": "15.46270"}, "Operating Cash Flow Per Share": {"2019-12-31": -0.1792, "2018-12-31": 5.6246, "2017-12-31": 0.2552, "2016-12-31": -5.185, "2015-12-31": 0.8404, "2014-12-31": 0.3949, "2013-12-31": 1.1719, "2012-12-31": -0.143, "2011-12-31": 0.8378, "2010-12-31": 0.7223, "2009-12-31": -0.7065, "2008-12-31": 0.0325, "2007-12-31": 0.5874, "2006-12-31": 0.1538, "2005-12-31": 1.9747}, "Free Cash Flow Per Share": {"2019-12-31": -0.3542, "2018-12-31": 5.7014, "2017-12-31": 0.0884, "2016-12-31": -5.1976, "2015-12-31": 0.7324, "2014-12-31": 0.3203, "2013-12-31": 1.0692, "2012-12-31": -0.125, "2011-12-31": 0.9703, "2010-12-31": 0.7876, "2009-12-31": -0.683, "2008-12-31": 0.0203, "2007-12-31": 0.4045, "2006-12-31": 0.0064, "2005-12-31": 1.7833}}, "financial ratios, quarterly": {"Current Ratio": {"2020-09-30": "3.51650", "2020-06-30": "3.23730", "2020-03-31": "4.54830", "2019-12-31": "6.77570", "2019-09-30": "3.60310", "2019-06-30": "3.90990", "2019-03-31": "3.74320", "2018-12-31": "4.86400", "2018-09-30": "3.17620", "2018-06-30": "3.27280", "2018-03-31": "3.86770", "2017-12-31": "6.27990", "2017-09-30": "3.57970", "2017-06-30": "3.99700", "2017-03-31": "3.37030", "2016-12-31": "5.30860", "2016-09-30": "2.55450", "2016-06-30": "3.19740", "2016-03-31": "3.14650", "2015-12-31": "5.86340", "2015-09-30": "2.69110", "2015-06-30": "3.83270", "2015-03-31": "2.35180", "2014-12-31": "7.82060", "2014-09-30": "3.82630", "2014-06-30": "5.38770", "2014-03-31": "5.07160", "2013-12-31": "8.35720", "2013-09-30": "3.51230", "2013-06-30": "3.73140", "2013-03-31": "3.27740", "2012-12-31": "3.45670", "2012-09-30": "2.86670", "2012-06-30": "2.82400", "2012-03-31": "3.19160", "2011-12-31": "3.43940", "2011-09-30": "2.27580", "2011-06-30": "2.86780", "2011-03-31": "3.22320", "2010-12-31": "3.24460", "2010-09-30": "2.17600", "2010-06-30": "2.23620", "2010-03-31": "2.65400", "2009-12-31": "3.01580", "2009-09-30": "2.28440", "2009-06-30": "2.29980", "2009-03-31": "2.37810", "2008-12-31": "2.40900", "2008-09-30": "2.33300", "2008-06-30": "2.37250", "2008-03-31": "2.34250", "2007-12-31": "2.62470", "2007-09-30": "2.32360", "2007-06-30": "2.61070", "2007-03-31": "2.77610", "2006-12-31": "2.94470", "2006-09-30": "2.75700", "2006-06-30": "2.83070", "2006-03-31": "3.47570", "2005-12-31": "3.56630", "2005-09-30": "2.87470", "2005-06-30": "2.95200", "2005-03-31": "2.99850"}, "Long-term Debt / Capital": {"2020-09-30": "", "2020-06-30": "", "2020-03-31": "", "2019-12-31": "", "2019-09-30": "", "2019-06-30": "", "2019-03-31": "", "2018-12-31": "", "2018-09-30": "", "2018-06-30": "", "2018-03-31": "", "2017-12-31": "", "2017-09-30": "", "2017-06-30": "", "2017-03-31": "", "2016-12-31": "", "2016-09-30": "", "2016-06-30": "", "2016-03-31": "", "2015-12-31": "", "2015-09-30": "", "2015-06-30": "", "2015-03-31": "", "2014-12-31": "", "2014-09-30": "", "2014-06-30": "", "2014-03-31": "", "2013-12-31": "", "2013-09-30": "", "2013-06-30": "", "2013-03-31": "", "2012-12-31": "", "2012-09-30": "", "2012-06-30": "", "2012-03-31": "", "2011-12-31": "", "2011-09-30": "", "2011-06-30": "", "2011-03-31": "", "2010-12-31": "", "2010-09-30": "", "2010-06-30": "", "2010-03-31": "", "2009-12-31": "", "2009-09-30": "", "2009-06-30": "", "2009-03-31": "", "2008-12-31": "", "2008-09-30": "", "2008-06-30": "", "2008-03-31": "", "2007-12-31": "", "2007-09-30": "", "2007-06-30": "", "2007-03-31": "", "2006-12-31": "", "2006-09-30": "", "2006-06-30": "", "2006-03-31": "", "2005-12-31": "", "2005-09-30": "", "2005-06-30": "", "2005-03-31": ""}, "Debt/Equity Ratio": {"2020-09-30": "", "2020-06-30": "", "2020-03-31": "", "2019-12-31": "", "2019-09-30": "", "2019-06-30": "", "2019-03-31": "", "2018-12-31": "", "2018-09-30": "", "2018-06-30": "", "2018-03-31": "", "2017-12-31": "", "2017-09-30": "", "2017-06-30": "", "2017-03-31": "", "2016-12-31": "", "2016-09-30": "", "2016-06-30": "", "2016-03-31": "", "2015-12-31": "", "2015-09-30": "", "2015-06-30": "", "2015-03-31": "", "2014-12-31": "", "2014-09-30": "", "2014-06-30": "", "2014-03-31": "", "2013-12-31": "", "2013-09-30": "", "2013-06-30": "", "2013-03-31": "", "2012-12-31": "", "2012-09-30": "", "2012-06-30": "", "2012-03-31": "", "2011-12-31": "", "2011-09-30": "", "2011-06-30": "", "2011-03-31": "", "2010-12-31": "", "2010-09-30": "", "2010-06-30": "", "2010-03-31": "", "2009-12-31": "", "2009-09-30": "", "2009-06-30": "", "2009-03-31": "", "2008-12-31": "", "2008-09-30": "", "2008-06-30": "", "2008-03-31": "", "2007-12-31": "", "2007-09-30": "", "2007-06-30": "", "2007-03-31": "", "2006-12-31": "", "2006-09-30": "", "2006-06-30": "", "2006-03-31": "", "2005-12-31": "", "2005-09-30": "", "2005-06-30": "", "2005-03-31": ""}, "Gross Margin": {"2020-09-30": "100.00000", "2020-06-30": "100.00000", "2020-03-31": "100.00000", "2019-12-31": "100.00000", "2019-09-30": "100.00000", "2019-06-30": "100.00000", "2019-03-31": "100.00000", "2018-12-31": "100.00000", "2018-09-30": "100.00000", "2018-06-30": "100.00000", "2018-03-31": "100.00000", "2017-12-31": "100.00000", "2017-09-30": "100.00000", "2017-06-30": "100.00000", "2017-03-31": "100.00000", "2016-12-31": "100.00000", "2016-09-30": "100.00000", "2016-06-30": "100.00000", "2016-03-31": "100.00000", "2015-12-31": "100.00000", "2015-09-30": "100.00000", "2015-06-30": "100.00000", "2015-03-31": "100.00000", "2014-12-31": "100.00000", "2014-09-30": "100.00000", "2014-06-30": "100.00000", "2014-03-31": "100.00000", "2013-12-31": "100.00000", "2013-09-30": "100.00000", "2013-06-30": "100.00000", "2013-03-31": "100.00000", "2012-12-31": "100.00000", "2012-09-30": "100.00000", "2012-06-30": "100.00000", "2012-03-31": "100.00000", "2011-12-31": "100.00000", "2011-09-30": "100.00000", "2011-06-30": "100.00000", "2011-03-31": "100.00000", "2010-12-31": "100.00000", "2010-09-30": "100.00000", "2010-06-30": "100.00000", "2010-03-31": "100.00000", "2009-12-31": "100.00000", "2009-09-30": "100.00000", "2009-06-30": "100.00000", "2009-03-31": "100.00000", "2008-12-31": "100.00000", "2008-09-30": "100.00000", "2008-06-30": "100.00000", "2008-03-31": "100.00000", "2007-12-31": "100.00000", "2007-09-30": "100.00000", "2007-06-30": "100.00000", "2007-03-31": "100.00000", "2006-12-31": "100.00000", "2006-09-30": "100.00000", "2006-06-30": "100.00000", "2006-03-31": "100.00000", "2005-12-31": "100.00000", "2005-09-30": "100.00000", "2005-06-30": "100.00000", "2005-03-31": "100.00000"}, "Operating Margin": {"2020-09-30": "45.67620", "2020-06-30": "39.11970", "2020-03-31": "48.35230", "2019-12-31": "39.51120", "2019-09-30": "46.19750", "2019-06-30": "44.08690", "2019-03-31": "40.11900", "2018-12-31": "41.55560", "2018-09-30": "45.93430", "2018-06-30": "44.21560", "2018-03-31": "43.96090", "2017-12-31": "40.92170", "2017-09-30": "44.28030", "2017-06-30": "42.79930", "2017-03-31": "46.06220", "2016-12-31": "48.85090", "2016-09-30": "43.52640", "2016-06-30": "27.13700", "2016-03-31": "41.33390", "2015-12-31": "43.24280", "2015-09-30": "43.68920", "2015-06-30": "47.35170", "2015-03-31": "46.52390", "2014-12-31": "46.94840", "2014-09-30": "47.87420", "2014-06-30": "48.06460", "2014-03-31": "47.04590", "2013-12-31": "47.33270", "2013-09-30": "48.15690", "2013-06-30": "46.68150", "2013-03-31": "45.67860", "2012-12-31": "45.87830", "2012-09-30": "46.62860", "2012-06-30": "44.51680", "2012-03-31": "43.39230", "2011-12-31": "43.71650", "2011-09-30": "43.45010", "2011-06-30": "45.76150", "2011-03-31": "45.64770", "2010-12-31": "43.85850", "2010-09-30": "44.61670", "2010-06-30": "43.76620", "2010-03-31": "42.84690", "2009-12-31": "42.62660", "2009-09-30": "41.53480", "2009-06-30": "34.70120", "2009-03-31": "28.67510", "2008-12-31": "28.99590", "2008-09-30": "42.95740", "2008-06-30": "44.00200", "2008-03-31": "41.06000", "2007-12-31": "43.83970", "2007-09-30": "46.10280", "2007-06-30": "45.46440", "2007-03-31": "42.95530", "2006-12-31": "43.83030", "2006-09-30": "44.41000", "2006-06-30": "43.15440", "2006-03-31": "41.48270", "2005-12-31": "42.68360", "2005-09-30": "46.16270", "2005-06-30": "42.67190", "2005-03-31": "41.14440"}, "EBIT Margin": {"2020-09-30": "45.67620", "2020-06-30": "39.11970", "2020-03-31": "48.35230", "2019-12-31": "39.51110", "2019-09-30": "46.19750", "2019-06-30": "44.08690", "2019-03-31": "40.11900", "2018-12-31": "41.55560", "2018-09-30": "45.93430", "2018-06-30": "44.21560", "2018-03-31": "43.96090", "2017-12-31": "40.92170", "2017-09-30": "44.28030", "2017-06-30": "42.79930", "2017-03-31": "46.06220", "2016-12-31": "48.85090", "2016-09-30": "43.52640", "2016-06-30": "27.13700", "2016-03-31": "41.33390", "2015-12-31": "43.24270", "2015-09-30": "43.68920", "2015-06-30": "47.35170", "2015-03-31": "46.52390", "2014-12-31": "46.94840", "2014-09-30": "47.87420", "2014-06-30": "48.06460", "2014-03-31": "47.04590", "2013-12-31": "47.33280", "2013-09-30": "48.15690", "2013-06-30": "46.68150", "2013-03-31": "45.67860", "2012-12-31": "45.87830", "2012-09-30": "46.62860", "2012-06-30": "44.51680", "2012-03-31": "43.39230", "2011-12-31": "43.71650", "2011-09-30": "43.45010", "2011-06-30": "45.76150", "2011-03-31": "45.64770", "2010-12-31": "43.43980", "2010-09-30": "44.77000", "2010-06-30": "43.92180", "2010-03-31": "43.00840", "2009-12-31": "41.97740", "2009-09-30": "41.73510", "2009-06-30": "34.99440", "2009-03-31": "28.98630", "2008-12-31": "29.33140", "2008-09-30": "43.15530", "2008-06-30": "44.20620", "2008-03-31": "41.29190", "2007-12-31": "44.04010", "2007-09-30": "46.31250", "2007-06-30": "45.68170", "2007-03-31": "43.19070", "2006-12-31": "44.07510", "2006-09-30": "44.65350", "2006-06-30": "43.37810", "2006-03-31": "41.71510", "2005-12-31": "42.90550", "2005-09-30": "46.39420", "2005-06-30": "42.92210", "2005-03-31": "41.39310"}, "EBITDA Margin": {"2020-09-30": "", "2020-06-30": "", "2020-03-31": "", "2019-12-31": "", "2019-09-30": "", "2019-06-30": "", "2019-03-31": "", "2018-12-31": "", "2018-09-30": "", "2018-06-30": "", "2018-03-31": "", "2017-12-31": "", "2017-09-30": "", "2017-06-30": "", "2017-03-31": "", "2016-12-31": "", "2016-09-30": "", "2016-06-30": "", "2016-03-31": "", "2015-12-31": "", "2015-09-30": "", "2015-06-30": "", "2015-03-31": "", "2014-12-31": "", "2014-09-30": "", "2014-06-30": "", "2014-03-31": "", "2013-12-31": "", "2013-09-30": "", "2013-06-30": "", "2013-03-31": "", "2012-12-31": "", "2012-09-30": "", "2012-06-30": "", "2012-03-31": "", "2011-12-31": "", "2011-09-30": "", "2011-06-30": "", "2011-03-31": "", "2010-12-31": "", "2010-09-30": "", "2010-06-30": "", "2010-03-31": "", "2009-12-31": "", "2009-09-30": "", "2009-06-30": "", "2009-03-31": "", "2008-12-31": "", "2008-09-30": "", "2008-06-30": "", "2008-03-31": "", "2007-12-31": "", "2007-09-30": "", "2007-06-30": "", "2007-03-31": "", "2006-12-31": "", "2006-09-30": "", "2006-06-30": "", "2006-03-31": "", "2005-12-31": "", "2005-09-30": "", "2005-06-30": "", "2005-03-31": ""}, "Pre-Tax Profit Margin": {"2020-09-30": "57.68270", "2020-06-30": "68.44710", "2020-03-31": "14.14600", "2019-12-31": "51.08600", "2019-09-30": "49.21150", "2019-06-30": "53.01030", "2019-03-31": "55.39820", "2018-12-31": "29.91570", "2018-09-30": "54.89030", "2018-06-30": "46.75090", "2018-03-31": "45.17320", "2017-12-31": "48.78240", "2017-09-30": "49.71340", "2017-06-30": "52.24280", "2017-03-31": "56.21580", "2016-12-31": "49.90890", "2016-09-30": "51.60580", "2016-06-30": "31.10940", "2016-03-31": "49.89440", "2015-12-31": "47.36740", "2015-09-30": "43.71780", "2015-06-30": "50.42890", "2015-03-31": "49.13340", "2014-12-31": "50.74330", "2014-09-30": "48.38360", "2014-06-30": "50.71620", "2014-03-31": "51.45610", "2013-12-31": "50.74210", "2013-09-30": "49.46860", "2013-06-30": "46.84540", "2013-03-31": "47.92200", "2012-12-31": "48.02490", "2012-09-30": "52.00730", "2012-06-30": "45.52120", "2012-03-31": "44.09220", "2011-12-31": "45.63730", "2011-09-30": "43.64150", "2011-06-30": "46.54620", "2011-03-31": "46.21920", "2010-12-31": "46.24690", "2010-09-30": "46.13290", "2010-06-30": "44.44060", "2010-03-31": "43.79820", "2009-12-31": "44.51860", "2009-09-30": "42.57660", "2009-06-30": "36.48250", "2009-03-31": "19.34150", "2008-12-31": "9.80110", "2008-09-30": "43.98270", "2008-06-30": "45.32930", "2008-03-31": "43.61170", "2007-12-31": "50.35060", "2007-09-30": "49.23100", "2007-06-30": "47.58280", "2007-03-31": "45.27080", "2006-12-31": "48.58250", "2006-09-30": "48.17360", "2006-06-30": "48.41160", "2006-03-31": "43.24890", "2005-12-31": "45.81530", "2005-09-30": "47.28400", "2005-06-30": "44.16060", "2005-03-31": "41.69200"}, "Net Profit Margin": {"2020-09-30": "39.18410", "2020-06-30": "41.41590", "2020-03-31": "22.81550", "2019-12-31": "36.13400", "2019-09-30": "37.28890", "2019-06-30": "36.81910", "2019-03-31": "37.64030", "2018-12-31": "26.29120", "2018-09-30": "40.82170", "2018-06-30": "32.59480", "2018-03-31": "33.36600", "2017-12-31": "25.47010", "2017-09-30": "30.84690", "2017-06-30": "30.80940", "2017-03-31": "34.07210", "2016-12-31": "31.70580", "2016-09-30": "29.32570", "2016-06-30": "19.07730", "2016-03-31": "30.59050", "2015-12-31": "28.86330", "2015-09-30": "26.02480", "2015-06-30": "30.68820", "2015-03-31": "29.31840", "2014-12-31": "30.52620", "2014-09-30": "29.36910", "2014-06-30": "30.72230", "2014-03-31": "31.54200", "2013-12-31": "30.63030", "2013-09-30": "30.26910", "2013-06-30": "28.77210", "2013-03-31": "29.43480", "2012-12-31": "29.25190", "2012-09-30": "31.92150", "2012-06-30": "27.90450", "2012-03-31": "26.96580", "2011-12-31": "27.91840", "2011-09-30": "27.17100", "2011-06-30": "28.55540", "2011-03-31": "28.39980", "2010-12-31": "29.59060", "2010-09-30": "28.68820", "2010-06-30": "27.28690", "2010-03-31": "27.35600", "2009-12-31": "28.19510", "2009-09-30": "26.52780", "2009-06-30": "22.48030", "2009-03-31": "12.44490", "2008-12-31": "5.65540", "2008-09-30": "27.41500", "2008-06-30": "27.59910", "2008-03-31": "27.03430", "2007-12-31": "31.70280", "2007-09-30": "30.54880", "2007-06-30": "29.36810", "2007-03-31": "28.04160", "2006-12-31": "30.36920", "2006-09-30": "28.40380", "2006-06-30": "30.35790", "2006-03-31": "27.12060", "2005-12-31": "29.12980", "2005-09-30": "29.85970", "2005-06-30": "28.19230", "2005-03-31": "26.34280"}, "Asset Turnover": {"2020-09-30": "0.15750", "2020-06-30": "0.14930", "2020-03-31": "0.16930", "2019-12-31": "0.15740", "2019-09-30": "0.15180", "2019-06-30": "0.15650", "2019-03-31": "0.15690", "2018-12-31": "0.16970", "2018-09-30": "0.16350", "2018-06-30": "0.17060", "2018-03-31": "0.18010", "2017-12-31": "0.17220", "2017-09-30": "0.16790", "2017-06-30": "0.18160", "2017-03-31": "0.18050", "2016-12-31": "0.18520", "2016-09-30": "0.16250", "2016-06-30": "0.15870", "2016-03-31": "0.16020", "2015-12-31": "0.20600", "2015-09-30": "0.19920", "2015-06-30": "0.19800", "2015-03-31": "0.17230", "2014-12-31": "0.18110", "2014-09-30": "0.17700", "2014-06-30": "0.17360", "2014-03-31": "0.17470", "2013-12-31": "0.18470", "2013-09-30": "0.17250", "2013-06-30": "0.17800", "2013-03-31": "0.17690", "2012-12-31": "0.18730", "2012-09-30": "0.17470", "2012-06-30": "0.17900", "2012-03-31": "0.17870", "2011-12-31": "0.17810", "2011-09-30": "0.17690", "2011-06-30": "0.18380", "2011-03-31": "0.17560", "2010-12-31": "0.17700", "2010-09-30": "0.16470", "2010-06-30": "0.16990", "2010-03-31": "0.16420", "2009-12-31": "0.16790", "2009-09-30": "0.15790", "2009-06-30": "0.15000", "2009-03-31": "0.13810", "2008-12-31": "0.14800", "2008-09-30": "0.17800", "2008-06-30": "0.19270", "2008-03-31": "0.19000", "2007-12-31": "0.18850", "2007-09-30": "0.18180", "2007-06-30": "0.17950", "2007-03-31": "0.17230", "2006-12-31": "0.17730", "2006-09-30": "0.17010", "2006-06-30": "0.17890", "2006-03-31": "0.17250", "2005-12-31": "0.17480", "2005-09-30": "0.17410", "2005-06-30": "0.17620", "2005-03-31": "0.17860"}, "Inventory Turnover Ratio": {"2020-09-30": "", "2020-06-30": "", "2020-03-31": "", "2019-12-31": "", "2019-09-30": "", "2019-06-30": "", "2019-03-31": "", "2018-12-31": "", "2018-09-30": "", "2018-06-30": "", "2018-03-31": "", "2017-12-31": "", "2017-09-30": "", "2017-06-30": "", "2017-03-31": "", "2016-12-31": "", "2016-09-30": "", "2016-06-30": "", "2016-03-31": "", "2015-12-31": "", "2015-09-30": "", "2015-06-30": "", "2015-03-31": "", "2014-12-31": "", "2014-09-30": "", "2014-06-30": "", "2014-03-31": "", "2013-12-31": "", "2013-09-30": "", "2013-06-30": "", "2013-03-31": "", "2012-12-31": "", "2012-09-30": "", "2012-06-30": "", "2012-03-31": "", "2011-12-31": "", "2011-09-30": "", "2011-06-30": "", "2011-03-31": "", "2010-12-31": "", "2010-09-30": "", "2010-06-30": "", "2010-03-31": "", "2009-12-31": "", "2009-09-30": "", "2009-06-30": "", "2009-03-31": "", "2008-12-31": "", "2008-09-30": "", "2008-06-30": "", "2008-03-31": "", "2007-12-31": "", "2007-09-30": "", "2007-06-30": "", "2007-03-31": "", "2006-12-31": "", "2006-09-30": "", "2006-06-30": "", "2006-03-31": "", "2005-12-31": "", "2005-09-30": "", "2005-06-30": "", "2005-03-31": ""}, "Receiveable Turnover": {"2020-09-30": "2.23250", "2020-06-30": "2.15860", "2020-03-31": "2.49890", "2019-12-31": "2.27140", "2019-09-30": "2.29890", "2019-06-30": "2.25100", "2019-03-31": "2.19530", "2018-12-31": "2.37450", "2018-09-30": "2.39170", "2018-06-30": "2.38310", "2018-03-31": "2.23720", "2017-12-31": "2.29540", "2017-09-30": "2.43890", "2017-06-30": "2.42680", "2017-03-31": "2.34740", "2016-12-31": "2.53370", "2016-09-30": "2.44550", "2016-06-30": "2.44430", "2016-03-31": "2.32210", "2015-12-31": "2.35920", "2015-09-30": "2.43160", "2015-06-30": "2.38630", "2015-03-31": "2.29600", "2014-12-31": "2.30890", "2014-09-30": "2.40980", "2014-06-30": "2.31060", "2014-03-31": "2.27450", "2013-12-31": "2.33150", "2013-09-30": "2.41900", "2013-06-30": "2.33100", "2013-03-31": "2.23720", "2012-12-31": "2.22460", "2012-09-30": "2.31700", "2012-06-30": "2.27270", "2012-03-31": "2.25950", "2011-12-31": "2.20560", "2011-09-30": "2.29680", "2011-06-30": "2.20280", "2011-03-31": "2.12320", "2010-12-31": "2.09420", "2010-09-30": "2.13300", "2010-06-30": "2.24930", "2010-03-31": "2.15100", "2009-12-31": "2.18970", "2009-09-30": "2.23710", "2009-06-30": "2.23990", "2009-03-31": "2.30270", "2008-12-31": "2.35360", "2008-09-30": "2.37060", "2008-06-30": "2.24230", "2008-03-31": "2.16290", "2007-12-31": "2.25780", "2007-09-30": "2.26170", "2007-06-30": "2.21990", "2007-03-31": "2.28320", "2006-12-31": "2.19370", "2006-09-30": "2.29450", "2006-06-30": "2.44340", "2006-03-31": "2.27570", "2005-12-31": "2.30730", "2005-09-30": "2.32630", "2005-06-30": "2.21430", "2005-03-31": "2.16580"}, "Days Sales In Receivables": {"2020-09-30": "40.31330", "2020-06-30": "41.69350", "2020-03-31": "36.01600", "2019-12-31": "39.62280", "2019-09-30": "39.14910", "2019-06-30": "39.98140", "2019-03-31": "40.99600", "2018-12-31": "37.90350", "2018-09-30": "37.63020", "2018-06-30": "37.76650", "2018-03-31": "40.22890", "2017-12-31": "39.20850", "2017-09-30": "36.90240", "2017-06-30": "37.08520", "2017-03-31": "38.34100", "2016-12-31": "35.52080", "2016-09-30": "36.80210", "2016-06-30": "36.82010", "2016-03-31": "38.75770", "2015-12-31": "38.14860", "2015-09-30": "37.01240", "2015-06-30": "37.71540", "2015-03-31": "39.19860", "2014-12-31": "38.97890", "2014-09-30": "37.34720", "2014-06-30": "38.95150", "2014-03-31": "39.56950", "2013-12-31": "38.60190", "2013-09-30": "37.20490", "2013-06-30": "38.61060", "2013-03-31": "40.22800", "2012-12-31": "40.45600", "2012-09-30": "38.84370", "2012-06-30": "39.60100", "2012-03-31": "39.83120", "2011-12-31": "40.80550", "2011-09-30": "39.18460", "2011-06-30": "40.85750", "2011-03-31": "42.38860", "2010-12-31": "42.97610", "2010-09-30": "42.19420", "2010-06-30": "40.01210", "2010-03-31": "41.84170", "2009-12-31": "41.10180", "2009-09-30": "40.23040", "2009-06-30": "40.18040", "2009-03-31": "39.08480", "2008-12-31": "38.23870", "2008-09-30": "37.96550", "2008-06-30": "40.13780", "2008-03-31": "41.61140", "2007-12-31": "39.86140", "2007-09-30": "39.79380", "2007-06-30": "40.54320", "2007-03-31": "39.41920", "2006-12-31": "41.02590", "2006-09-30": "39.22440", "2006-06-30": "36.83440", "2006-03-31": "39.54810", "2005-12-31": "39.00680", "2005-09-30": "38.68860", "2005-06-30": "40.64520", "2005-03-31": "41.55490"}, "ROE - Return On Equity": {"2020-09-30": "9.80010", "2020-06-30": "10.79150", "2020-03-31": "2.58940", "2019-12-31": "8.36230", "2019-09-30": "7.96950", "2019-06-30": "8.44950", "2019-03-31": "8.77830", "2018-12-31": "4.44130", "2018-09-30": "9.00240", "2018-06-30": "7.51640", "2018-03-31": "7.71790", "2017-12-31": "6.63760", "2017-09-30": "7.31190", "2017-06-30": "7.54560", "2017-03-31": "8.00770", "2016-12-31": "7.32340", "2016-09-30": "7.50360", "2016-06-30": "4.34490", "2016-03-31": "6.57670", "2015-12-31": "6.36710", "2015-09-30": "5.92900", "2015-06-30": "6.70810", "2015-03-31": "6.18750", "2014-12-31": "5.85520", "2014-09-30": "5.80770", "2014-06-30": "5.79870", "2014-03-31": "6.04110", "2013-12-31": "5.97120", "2013-09-30": "5.95300", "2013-06-30": "5.74880", "2013-03-31": "5.88990", "2012-12-31": "6.03210", "2012-09-30": "6.40860", "2012-06-30": "5.65370", "2012-03-31": "5.44060", "2011-12-31": "5.50760", "2011-09-30": "5.67350", "2011-06-30": "5.99800", "2011-03-31": "5.63100", "2010-12-31": "5.81220", "2010-09-30": "5.51820", "2010-06-30": "5.35600", "2010-03-31": "5.08830", "2009-12-31": "5.29110", "2009-09-30": "4.85090", "2009-06-30": "3.87580", "2009-03-31": "1.95890", "2008-12-31": "0.97640", "2008-09-30": "5.75190", "2008-06-30": "6.11570", "2008-03-31": "5.87600", "2007-12-31": "6.86690", "2007-09-30": "6.53580", "2007-06-30": "6.14790", "2007-03-31": "5.60660", "2006-12-31": "6.13540", "2006-09-30": "5.66070", "2006-06-30": "6.32380", "2006-03-31": "5.37440", "2005-12-31": "5.77670", "2005-09-30": "6.08870", "2005-06-30": "5.70470", "2005-03-31": "5.37510"}, "Return On Tangible Equity": {"2020-09-30": "10.80960", "2020-06-30": "11.97210", "2020-03-31": "2.88820", "2019-12-31": "9.22720", "2019-09-30": "8.82880", "2019-06-30": "9.40070", "2019-03-31": "9.81350", "2018-12-31": "4.98300", "2018-09-30": "10.03660", "2018-06-30": "8.43470", "2018-03-31": "8.69910", "2017-12-31": "7.49410", "2017-09-30": "8.31290", "2017-06-30": "8.66110", "2017-03-31": "9.23750", "2016-12-31": "8.44600", "2016-09-30": "8.70200", "2016-06-30": "5.03430", "2016-03-31": "7.64500", "2015-12-31": "7.40180", "2015-09-30": "6.91380", "2015-06-30": "7.74630", "2015-03-31": "7.13740", "2014-12-31": "6.67940", "2014-09-30": "6.65530", "2014-06-30": "6.63640", "2014-03-31": "6.96100", "2013-12-31": "6.92850", "2013-09-30": "6.97570", "2013-06-30": "6.79870", "2013-03-31": "7.02930", "2012-12-31": "7.29470", "2012-09-30": "7.74460", "2012-06-30": "6.91150", "2012-03-31": "6.66240", "2011-12-31": "6.83850", "2011-09-30": "7.12390", "2011-06-30": "7.45150", "2011-03-31": "6.97440", "2010-12-31": "7.28300", "2010-09-30": "7.04970", "2010-06-30": "6.91050", "2010-03-31": "6.53510", "2009-12-31": "6.88020", "2009-09-30": "6.40790", "2009-06-30": "5.22360", "2009-03-31": "2.68540", "2008-12-31": "1.33290", "2008-09-30": "7.68530", "2008-06-30": "8.17660", "2008-03-31": "7.93320", "2007-12-31": "9.03190", "2007-09-30": "8.71560", "2007-06-30": "8.23680", "2007-03-31": "7.60310", "2006-12-31": "8.47230", "2006-09-30": "8.03130", "2006-06-30": "9.18910", "2006-03-31": "7.75050", "2005-12-31": "8.58280", "2005-09-30": "9.34440", "2005-06-30": "9.04930", "2005-03-31": "8.66200"}, "ROA - Return On Assets": {"2020-09-30": "6.89320", "2020-06-30": "7.68680", "2020-03-31": "1.92890", "2019-12-31": "6.36520", "2019-09-30": "5.80030", "2019-06-30": "6.23740", "2019-03-31": "6.54930", "2018-12-31": "3.53740", "2018-09-30": "6.81780", "2018-06-30": "5.83090", "2018-03-31": "6.17690", "2017-12-31": "5.13050", "2017-09-30": "5.47730", "2017-06-30": "5.97010", "2017-03-31": "6.38030", "2016-12-31": "5.89240", "2016-09-30": "5.39450", "2016-06-30": "3.20890", "2016-03-31": "5.05000", "2015-12-31": "5.93710", "2015-09-30": "5.26150", "2015-06-30": "6.15270", "2015-03-31": "5.19120", "2014-12-31": "5.59670", "2014-09-30": "5.26350", "2014-06-30": "5.39430", "2014-03-31": "5.57030", "2013-12-31": "5.71620", "2013-09-30": "5.27230", "2013-06-30": "5.16370", "2013-03-31": "5.24660", "2012-12-31": "5.52010", "2012-09-30": "5.61330", "2012-06-30": "5.02320", "2012-03-31": "4.84440", "2011-12-31": "4.99690", "2011-09-30": "4.83120", "2011-06-30": "5.27250", "2011-03-31": "5.00770", "2010-12-31": "5.26080", "2010-09-30": "4.74560", "2010-06-30": "4.65770", "2010-03-31": "4.51010", "2009-12-31": "4.75030", "2009-09-30": "4.20440", "2009-06-30": "3.38250", "2009-03-31": "1.72610", "2008-12-31": "0.86190", "2008-09-30": "4.89350", "2008-06-30": "5.31840", "2008-03-31": "5.13660", "2007-12-31": "6.00200", "2007-09-30": "5.55240", "2007-06-30": "5.27220", "2007-03-31": "4.83190", "2006-12-31": "5.38460", "2006-09-30": "4.83110", "2006-06-30": "5.43190", "2006-03-31": "4.67860", "2005-12-31": "5.09060", "2005-09-30": "5.19910", "2005-06-30": "4.96790", "2005-03-31": "4.70610"}, "ROI - Return On Investment": {"2020-09-30": "9.80010", "2020-06-30": "10.79150", "2020-03-31": "2.58940", "2019-12-31": "8.36230", "2019-09-30": "7.96950", "2019-06-30": "8.44950", "2019-03-31": "8.77830", "2018-12-31": "4.44130", "2018-09-30": "9.00240", "2018-06-30": "7.51640", "2018-03-31": "7.71790", "2017-12-31": "6.63760", "2017-09-30": "7.31190", "2017-06-30": "7.54560", "2017-03-31": "8.00770", "2016-12-31": "7.32340", "2016-09-30": "7.50360", "2016-06-30": "4.34490", "2016-03-31": "6.57670", "2015-12-31": "6.36710", "2015-09-30": "5.92900", "2015-06-30": "6.70810", "2015-03-31": "6.18750", "2014-12-31": "5.85520", "2014-09-30": "5.80770", "2014-06-30": "5.79870", "2014-03-31": "6.04110", "2013-12-31": "5.97120", "2013-09-30": "5.95300", "2013-06-30": "5.74880", "2013-03-31": "5.88990", "2012-12-31": "6.03210", "2012-09-30": "6.40860", "2012-06-30": "5.65370", "2012-03-31": "5.44060", "2011-12-31": "5.50760", "2011-09-30": "5.67350", "2011-06-30": "5.99800", "2011-03-31": "5.63100", "2010-12-31": "5.81220", "2010-09-30": "5.51820", "2010-06-30": "5.35600", "2010-03-31": "5.08830", "2009-12-31": "5.29110", "2009-09-30": "4.85090", "2009-06-30": "3.87580", "2009-03-31": "1.95890", "2008-12-31": "0.97640", "2008-09-30": "5.75190", "2008-06-30": "6.11570", "2008-03-31": "5.87600", "2007-12-31": "6.86690", "2007-09-30": "6.53580", "2007-06-30": "6.14790", "2007-03-31": "5.60660", "2006-12-31": "6.13540", "2006-09-30": "5.66070", "2006-06-30": "6.32380", "2006-03-31": "5.37440", "2005-12-31": "5.77670", "2005-09-30": "6.08870", "2005-06-30": "5.70470", "2005-03-31": "5.37510"}, "Book Value Per Share": {"2020-09-30": "31.48980", "2020-06-30": "29.74010", "2020-03-31": "28.22120", "2019-12-31": "30.19420", "2019-09-30": "29.14250", "2019-06-30": "27.93460", "2019-03-31": "26.69270", "2018-12-31": "25.72490", "2018-09-30": "26.63040", "2018-06-30": "25.14430", "2018-03-31": "24.25950", "2017-12-31": "23.76230", "2017-09-30": "22.82280", "2017-06-30": "21.51240", "2017-03-31": "20.72540", "2016-12-31": "20.46130", "2016-09-30": "19.74320", "2016-06-30": "19.56080", "2016-03-31": "19.19880", "2015-12-31": "19.01230", "2015-09-30": "18.56780", "2015-06-30": "19.29510", "2015-03-31": "19.19600", "2014-12-31": "20.66260", "2014-09-30": "20.05530", "2014-06-30": "20.05040", "2014-03-31": "19.16460", "2013-12-31": "18.38460", "2013-09-30": "17.40550", "2013-06-30": "16.57530", "2013-03-31": "15.84140", "2012-12-31": "14.96430", "2012-09-30": "15.14320", "2012-06-30": "14.41680", "2012-03-31": "14.23930", "2011-12-31": "13.50600", "2011-09-30": "12.93480", "2011-06-30": "13.30430", "2011-03-31": "13.31080", "2010-12-31": "12.73960", "2010-09-30": "11.95320", "2010-06-30": "11.50650", "2010-03-31": "11.59070", "2009-12-31": "11.14820", "2009-09-30": "10.64830", "2009-06-30": "10.07770", "2009-03-31": "9.63270", "2008-12-31": "9.68950", "2008-09-30": "10.21300", "2008-06-30": "10.21170", "2008-03-31": "9.74400", "2007-12-31": "10.49530", "2007-09-30": "10.13410", "2007-06-30": "9.94960", "2007-03-31": "9.59460", "2006-12-31": "9.15950", "2006-09-30": "8.60260", "2006-06-30": "8.18510", "2006-03-31": "8.19160", "2005-12-31": "15.46270", "2005-09-30": "7.33160", "2005-06-30": "6.94310", "2005-03-31": "6.74460"}, "Operating Cash Flow Per Share": {"2020-09-30": 1.2071, "2020-06-30": 3.8226, "2020-03-31": "3.32640", "2019-12-31": 0.0816, "2019-09-30": 2.3336, "2019-06-30": 1.5513, "2019-03-31": "2.41530", "2018-12-31": 0.5553, "2018-09-30": 2.2494, "2018-06-30": 1.6706, "2018-03-31": "2.08570", "2017-12-31": -0.5071, "2017-09-30": 0.8707, "2017-06-30": -0.195, "2017-03-31": "0.76780", "2016-12-31": -0.3912, "2016-09-30": 1.1286, "2016-06-30": -0.3445, "2016-03-31": "0.28830", "2015-12-31": 0.4772, "2015-09-30": 2.0379, "2015-06-30": 1.3044, "2015-03-31": "2.04670", "2014-12-31": 0.4779, "2014-09-30": 1.8475, "2014-06-30": 0.8869, "2014-03-31": "1.81350", "2013-12-31": 0.2846, "2013-09-30": 1.6119, "2013-06-30": 1.0002, "2013-03-31": "1.73420", "2012-12-31": 0.1513, "2012-09-30": 1.4102, "2012-06-30": 0.8791, "2012-03-31": "1.01840", "2011-12-31": -0.0153, "2011-09-30": 1.3282, "2011-06-30": 1.0377, "2011-03-31": "1.25140", "2010-12-31": 0.0465, "2010-09-30": 1.0158, "2010-06-30": 0.7376, "2010-03-31": "0.96430", "2009-12-31": 0.2718, "2009-09-30": 0.7391, "2009-06-30": 0.4928, "2009-03-31": "0.53820", "2008-12-31": 0.027, "2008-09-30": 1.0564, "2008-06-30": 0.7195, "2008-03-31": "0.94550", "2007-12-31": 0.2457, "2007-09-30": 0.9638, "2007-06-30": 0.6426, "2007-03-31": "0.86380", "2006-12-31": 0.2398, "2006-09-30": 0.6155, "2006-06-30": 0.6212, "2006-03-31": "0.65200", "2005-12-31": 0.2304, "2005-09-30": 0.6731, "2005-06-30": 0.5246, "2005-03-31": "0.54660"}, "Free Cash Flow Per Share": {"2020-09-30": 0.9885, "2020-06-30": 3.558, "2020-03-31": "3.13220", "2019-12-31": -0.1508, "2019-09-30": 2.1036, "2019-06-30": 1.3553, "2019-03-31": "2.21620", "2018-12-31": 0.3638, "2018-09-30": 2.0761, "2018-06-30": 1.4998, "2018-03-31": "1.93880", "2017-12-31": -0.7382, "2017-09-30": 0.6824, "2017-06-30": -0.3439, "2017-03-31": "0.57680", "2016-12-31": -0.5339, "2016-09-30": 0.9924, "2016-06-30": -0.5181, "2016-03-31": "0.14830", "2015-12-31": 0.3404, "2015-09-30": 1.8968, "2015-06-30": 1.1579, "2015-03-31": "1.89120", "2014-12-31": 0.3149, "2014-09-30": 1.7608, "2014-06-30": 0.7593, "2014-03-31": "1.71890", "2013-12-31": 0.1672, "2013-09-30": 1.4879, "2013-06-30": 0.9303, "2013-03-31": "1.64820", "2012-12-31": 0.0707, "2012-09-30": 1.3366, "2012-06-30": 0.81, "2012-03-31": "0.94710", "2011-12-31": -0.1375, "2011-09-30": 1.2615, "2011-06-30": 0.9576, "2011-03-31": "1.20780", "2010-12-31": -0.0113, "2010-09-30": 0.8844, "2010-06-30": 0.5756, "2010-03-31": "0.87040", "2009-12-31": 0.1521, "2009-09-30": 0.598, "2009-06-30": 0.3621, "2009-03-31": "0.41930", "2008-12-31": -0.1502, "2008-09-30": 0.8963, "2008-06-30": 0.6322, "2008-03-31": "0.83620", "2007-12-31": 0.0936, "2007-09-30": 0.8042, "2007-06-30": 0.5287, "2007-03-31": "0.76770", "2006-12-31": 0.1499, "2006-09-30": 0.5275, "2006-06-30": 0.538, "2006-03-31": "0.57430", "2005-12-31": 0.1814, "2005-09-30": 0.6217, "2005-06-30": 0.4839, "2005-03-31": "0.49630"}}, "revenue": {"T Rowe Price Annual Revenue (Millions of US $)": {"2020": "$6,207", "2019": "$5,618", "2018": "$5,373", "2017": "$4,855", "2016": "$4,285", "2015": "$4,201", "2014": "$3,982", "2013": "$3,484", "2012": "$3,023", "2011": "$2,747", "2010": "$2,367", "2009": "$1,867", "2008": "$2,121", "2007": "$2,233", "2006": "$1,819", "2005": "$1,516"}, "T Rowe Price Quarterly Revenue (Millions of US $)": {"2020-12-31": "$1,733", "2020-09-30": "$1,596", "2020-06-30": "$1,415", "2020-03-31": "$1,463", "2019-12-31": "$1,469", "2019-09-30": "$1,427", "2019-06-30": "$1,395", "2019-03-31": "$1,327", "2018-12-31": "$1,305", "2018-09-30": "$1,395", "2018-06-30": "$1,345", "2018-03-31": "$1,328", "2017-12-31": "$1,298", "2017-09-30": "$1,239", "2017-06-30": "$1,186", "2017-03-31": "$1,133", "2016-12-31": "$1,153", "2016-09-30": "$1,093", "2016-06-30": "$1,045", "2016-03-31": "$994", "2015-12-31": "$1,052", "2015-09-30": "$1,049", "2015-06-30": "$1,072", "2015-03-31": "$1,027", "2014-12-31": "$1,022", "2014-09-30": "$1,021", "2014-06-30": "$984", "2014-03-31": "$955", "2013-12-31": "$930", "2013-09-30": "$884", "2013-06-30": "$854", "2013-03-31": "$816", "2012-12-31": "$787", "2012-09-30": "$770", "2012-06-30": "$737", "2012-03-31": "$729", "2011-12-31": "$672", "2011-09-30": "$679", "2011-06-30": "$714", "2011-03-31": "$682", "2010-12-31": "$645", "2010-09-30": "$587", "2010-06-30": "$578", "2010-03-31": "$557", "2009-12-31": "$539", "2009-09-30": "$499", "2009-06-30": "$444", "2009-03-31": "$386", "2008-12-31": "$417", "2008-09-30": "$556", "2008-06-30": "$588", "2008-03-31": "$560", "2007-12-31": "$599", "2007-09-30": "$572", "2007-06-30": "$552", "2007-03-31": "$510", "2006-12-31": "$490", "2006-09-30": "$452", "2006-06-30": "$447", "2006-03-31": "$430", "2005-12-31": "$404", "2005-09-30": "$390", "2005-06-30": "$364", "2005-03-31": "$358"}}, "gross-profit": {"T Rowe Price Annual Gross Profit (Millions of US $)": {"2020": "$6,207", "2019": "$5,618", "2018": "$5,373", "2017": "$4,855", "2016": "$4,285", "2015": "$4,201", "2014": "$3,982", "2013": "$3,484", "2012": "$3,023", "2011": "$2,747", "2010": "$2,367", "2009": "$1,867", "2008": "$2,121", "2007": "$2,233", "2006": "$1,819", "2005": "$1,516"}, "T Rowe Price Quarterly Gross Profit (Millions of US $)": {"2020-12-31": "$1,733", "2020-09-30": "$1,596", "2020-06-30": "$1,415", "2020-03-31": "$1,463", "2019-12-31": "$1,469", "2019-09-30": "$1,427", "2019-06-30": "$1,395", "2019-03-31": "$1,327", "2018-12-31": "$1,305", "2018-09-30": "$1,395", "2018-06-30": "$1,345", "2018-03-31": "$1,328", "2017-12-31": "$1,298", "2017-09-30": "$1,239", "2017-06-30": "$1,186", "2017-03-31": "$1,133", "2016-12-31": "$1,153", "2016-09-30": "$1,093", "2016-06-30": "$1,045", "2016-03-31": "$994", "2015-12-31": "$1,052", "2015-09-30": "$1,049", "2015-06-30": "$1,072", "2015-03-31": "$1,027", "2014-12-31": "$1,022", "2014-09-30": "$1,021", "2014-06-30": "$984", "2014-03-31": "$955", "2013-12-31": "$930", "2013-09-30": "$884", "2013-06-30": "$854", "2013-03-31": "$816", "2012-12-31": "$787", "2012-09-30": "$770", "2012-06-30": "$737", "2012-03-31": "$729", "2011-12-31": "$672", "2011-09-30": "$679", "2011-06-30": "$714", "2011-03-31": "$682", "2010-12-31": "$645", "2010-09-30": "$587", "2010-06-30": "$578", "2010-03-31": "$557", "2009-12-31": "$539", "2009-09-30": "$499", "2009-06-30": "$444", "2009-03-31": "$386", "2008-12-31": "$417", "2008-09-30": "$556", "2008-06-30": "$588", "2008-03-31": "$560", "2007-12-31": "$599", "2007-09-30": "$572", "2007-06-30": "$552", "2007-03-31": "$510", "2006-12-31": "$490", "2006-09-30": "$452", "2006-06-30": "$447", "2006-03-31": "$430", "2005-12-31": "$404", "2005-09-30": "$390", "2005-06-30": "$364", "2005-03-31": "$358"}}, "operating-income": {"T Rowe Price Annual Operating Income (Millions of US $)": {"2020": "$2,746", "2019": "$2,387", "2018": "$2,361", "2017": "$2,109", "2016": "$1,733", "2015": "$1,899", "2014": "$1,891", "2013": "$1,637", "2012": "$1,364", "2011": "$1,227", "2010": "$1,037", "2009": "$702", "2008": "$849", "2007": "$996", "2006": "$787", "2005": "$655"}, "T Rowe Price Quarterly Operating Income (Millions of US $)": {"2020-12-31": "$756", "2020-09-30": "$729", "2020-06-30": "$554", "2020-03-31": "$707", "2019-12-31": "$580", "2019-09-30": "$659", "2019-06-30": "$615", "2019-03-31": "$533", "2018-12-31": "$542", "2018-09-30": "$641", "2018-06-30": "$595", "2018-03-31": "$584", "2017-12-31": "$531", "2017-09-30": "$549", "2017-06-30": "$508", "2017-03-31": "$522", "2016-12-31": "$563", "2016-09-30": "$476", "2016-06-30": "$284", "2016-03-31": "$411", "2015-12-31": "$455", "2015-09-30": "$458", "2015-06-30": "$508", "2015-03-31": "$478", "2014-12-31": "$480", "2014-09-30": "$489", "2014-06-30": "$473", "2014-03-31": "$449", "2013-12-31": "$440", "2013-09-30": "$426", "2013-06-30": "$399", "2013-03-31": "$373", "2012-12-31": "$361", "2012-09-30": "$359", "2012-06-30": "$328", "2012-03-31": "$316", "2011-12-31": "$294", "2011-09-30": "$295", "2011-06-30": "$327", "2011-03-31": "$312", "2010-12-31": "$283", "2010-09-30": "$262", "2010-06-30": "$253", "2010-03-31": "$239", "2009-12-31": "$230", "2009-09-30": "$207", "2009-06-30": "$154", "2009-03-31": "$111", "2008-12-31": "$121", "2008-09-30": "$239", "2008-06-30": "$259", "2008-03-31": "$230", "2007-12-31": "$263", "2007-09-30": "$264", "2007-06-30": "$251", "2007-03-31": "$219", "2006-12-31": "$215", "2006-09-30": "$201", "2006-06-30": "$193", "2006-03-31": "$179", "2005-12-31": "$172", "2005-09-30": "$180", "2005-06-30": "$156", "2005-03-31": "$147"}}, "ebitda": {"T Rowe Price Annual EBITDA (Millions of US $)": {"2019": "$2,578", "2018": "$2,521", "2017": "$2,252", "2016": "$1,867", "2015": "$2,025", "2014": "$2,003", "2013": "$1,728", "2012": "$1,445", "2011": "$1,299", "2010": "$1,100", "2009": "$767", "2008": "$916", "2007": "$1,055", "2006": "$838", "2005": "$701"}, "T Rowe Price Quarterly EBITDA (Millions of US $)": {"2020-09-30": "$779", "2020-06-30": "$602", "2020-03-31": "$753", "2019-12-31": "$639", "2019-09-30": "$705", "2019-06-30": "$659", "2019-03-31": "$574", "2018-12-31": "$587", "2018-09-30": "$681", "2018-06-30": "$633", "2018-03-31": "$621", "2017-12-31": "$568", "2017-09-30": "$584", "2017-06-30": "$544", "2017-03-31": "$557", "2016-12-31": "$597", "2016-09-30": "$510", "2016-06-30": "$317", "2016-03-31": "$443", "2015-12-31": "$487", "2015-09-30": "$491", "2015-06-30": "$540", "2015-03-31": "$507", "2014-12-31": "$508", "2014-09-30": "$517", "2014-06-30": "$501", "2014-03-31": "$476", "2013-12-31": "$465", "2013-09-30": "$448", "2013-06-30": "$421", "2013-03-31": "$394", "2012-12-31": "$382", "2012-09-30": "$380", "2012-06-30": "$348", "2012-03-31": "$335", "2011-12-31": "$313", "2011-09-30": "$314", "2011-06-30": "$345", "2011-03-31": "$328", "2010-12-31": "$299", "2010-09-30": "$279", "2010-06-30": "$270", "2010-03-31": "$255", "2009-12-31": "$246", "2009-09-30": "$225", "2009-06-30": "$172", "2009-03-31": "$129", "2008-12-31": "$138", "2008-09-30": "$255", "2008-06-30": "$276", "2008-03-31": "$247", "2007-12-31": "$278", "2007-09-30": "$277", "2007-06-30": "$267", "2007-03-31": "$234", "2006-12-31": "$230", "2006-09-30": "$213", "2006-06-30": "$205", "2006-03-31": "$191", "2005-12-31": "$184", "2005-09-30": "$192", "2005-06-30": "$167", "2005-03-31": "$158"}}, "net-income": {"T Rowe Price Annual Net Income (Millions of US $)": {"2020": "$2,307", "2019": "$2,076", "2018": "$1,794", "2017": "$1,464", "2016": "$1,190", "2015": "$1,207", "2014": "$1,215", "2013": "$1,038", "2012": "$878", "2011": "$770", "2010": "$669", "2009": "$432", "2008": "$490", "2007": "$670", "2006": "$530", "2005": "$431"}, "T Rowe Price Quarterly Net Income (Millions of US $)": {"2020-12-31": "$762", "2020-09-30": "$625", "2020-06-30": "$586", "2020-03-31": "$334", "2019-12-31": "$531", "2019-09-30": "$532", "2019-06-30": "$514", "2019-03-31": "$500", "2018-12-31": "$343", "2018-09-30": "$569", "2018-06-30": "$438", "2018-03-31": "$443", "2017-12-31": "$331", "2017-09-30": "$382", "2017-06-30": "$365", "2017-03-31": "$386", "2016-12-31": "$366", "2016-09-30": "$321", "2016-06-30": "$199", "2016-03-31": "$304", "2015-12-31": "$304", "2015-09-30": "$273", "2015-06-30": "$329", "2015-03-31": "$301", "2014-12-31": "$312", "2014-09-30": "$300", "2014-06-30": "$302", "2014-03-31": "$301", "2013-12-31": "$285", "2013-09-30": "$268", "2013-06-30": "$246", "2013-03-31": "$240", "2012-12-31": "$230", "2012-09-30": "$246", "2012-06-30": "$206", "2012-03-31": "$197", "2011-12-31": "$188", "2011-09-30": "$185", "2011-06-30": "$204", "2011-03-31": "$194", "2010-12-31": "$191", "2010-09-30": "$168", "2010-06-30": "$158", "2010-03-31": "$152", "2009-12-31": "$152", "2009-09-30": "$132", "2009-06-30": "$100", "2009-03-31": "$48", "2008-12-31": "$24", "2008-09-30": "$152", "2008-06-30": "$162", "2008-03-31": "$152", "2007-12-31": "$190", "2007-09-30": "$175", "2007-06-30": "$162", "2007-03-31": "$143", "2006-12-31": "$149", "2006-09-30": "$128", "2006-06-30": "$136", "2006-03-31": "$117", "2005-12-31": "$118", "2005-09-30": "$116", "2005-06-30": "$103", "2005-03-31": "$94"}}, "eps-earnings-per-share-diluted": {"T Rowe Price Annual EPS": {"2020": "$9.98", "2019": "$8.70", "2018": "$7.27", "2017": "$5.97", "2016": "$4.75", "2015": "$4.63", "2014": "$4.55", "2013": "$3.90", "2012": "$3.36", "2011": "$2.92", "2010": "$2.53", "2009": "$1.65", "2008": "$1.81", "2007": "$2.40", "2006": "$1.90", "2005": "$1.58"}, "T Rowe Price Quarterly EPS": {"2020-12-31": "$3.33", "2020-09-30": "$2.73", "2020-06-30": "$2.55", "2020-03-31": "$1.41", "2019-12-31": "$2.23", "2019-09-30": "$2.23", "2019-06-30": "$2.15", "2019-03-31": "$2.09", "2018-12-31": "$1.43", "2018-09-30": "$2.30", "2018-06-30": "$1.77", "2018-03-31": "$1.77", "2017-12-31": "$1.37", "2017-09-30": "$1.56", "2017-06-30": "$1.50", "2017-03-31": "$1.54", "2016-12-31": "$1.50", "2016-09-30": "$1.28", "2016-06-30": "$0.79", "2016-03-31": "$1.18", "2015-12-31": "$1.20", "2015-09-30": "$1.06", "2015-06-30": "$1.24", "2015-03-31": "$1.13", "2014-12-31": "$1.18", "2014-09-30": "$1.12", "2014-06-30": "$1.13", "2014-03-31": "$1.12", "2013-12-31": "$1.07", "2013-09-30": "$1.00", "2013-06-30": "$0.92", "2013-03-31": "$0.91", "2012-12-31": "$0.88", "2012-09-30": "$0.94", "2012-06-30": "$0.79", "2012-03-31": "$0.75", "2011-12-31": "$0.73", "2011-09-30": "$0.71", "2011-06-30": "$0.76", "2011-03-31": "$0.72", "2010-12-31": "$0.73", "2010-09-30": "$0.64", "2010-06-30": "$0.59", "2010-03-31": "$0.57", "2009-12-31": "$0.58", "2009-09-30": "$0.50", "2009-06-30": "$0.38", "2009-03-31": "$0.19", "2008-12-31": "$0.11", "2008-09-30": "$0.56", "2008-06-30": "$0.59", "2008-03-31": "$0.55", "2007-12-31": "$0.68", "2007-09-30": "$0.63", "2007-06-30": "$0.58", "2007-03-31": "$0.51", "2006-12-31": "$0.53", "2006-09-30": "$0.46", "2006-06-30": "$0.49", "2006-03-31": "$0.42", "2005-12-31": "$0.43", "2005-09-30": "$0.43", "2005-06-30": "$0.38", "2005-03-31": "$0.35"}}, "shares-outstanding": {"T Rowe Price Annual Shares Outstanding (Millions of Shares)": {"2020": "231", "2019": "239", "2018": "247", "2017": "245", "2016": "250", "2015": "261", "2014": "267", "2013": "266", "2012": "261", "2011": "263", "2010": "265", "2009": "262", "2008": "270", "2007": "279", "2006": "279", "2005": "273"}, "T Rowe Price Quarterly Shares Outstanding (Millions of Shares)": {"2020-12-31": "229", "2020-09-30": "229", "2020-06-30": "230", "2020-03-31": "237", "2019-12-31": "239", "2019-09-30": "238", "2019-06-30": "239", "2019-03-31": "240", "2018-12-31": "247", "2018-09-30": "248", "2018-06-30": "247", "2018-03-31": "250", "2017-12-31": "245", "2017-09-30": "244", "2017-06-30": "243", "2017-03-31": "246", "2016-12-31": "250", "2016-09-30": "250", "2016-06-30": "253", "2016-03-31": "252", "2015-12-31": "261", "2015-09-30": "259", "2015-06-30": "265", "2015-03-31": "266", "2014-12-31": "267", "2014-09-30": "267", "2014-06-30": "269", "2014-03-31": "269", "2013-12-31": "266", "2013-09-30": "267", "2013-06-30": "266", "2013-03-31": "265", "2012-12-31": "261", "2012-09-30": "260", "2012-06-30": "261", "2012-03-31": "261", "2011-12-31": "263", "2011-09-30": "260", "2011-06-30": "267", "2011-03-31": "269", "2010-12-31": "265", "2010-09-30": "262", "2010-06-30": "266", "2010-03-31": "266", "2009-12-31": "262", "2009-09-30": "264", "2009-06-30": "262", "2009-03-31": "259", "2008-12-31": "270", "2008-09-30": "271", "2008-06-30": "272", "2008-03-31": "274", "2007-12-31": "279", "2007-09-30": "278", "2007-06-30": "280", "2007-03-31": "280", "2006-12-31": "279", "2006-09-30": "278", "2006-06-30": "280", "2006-03-31": "278", "2005-12-31": "273", "2005-09-30": "273", "2005-06-30": "271", "2005-03-31": "273"}}, "total-assets": {"T Rowe Price Annual Total Assets (Millions of US $)": {"2019": "$9,330", "2018": "$7,689", "2017": "$7,535", "2016": "$6,225", "2015": "$5,107", "2014": "$5,644", "2013": "$5,033", "2012": "$4,203", "2011": "$3,770", "2010": "$3,642", "2009": "$3,210", "2008": "$2,819", "2007": "$3,177", "2006": "$2,765", "2005": "$2,311"}, "T Rowe Price Quarterly Total Assets (Millions of US $)": {"2020-09-30": "$10,135", "2020-06-30": "$9,477", "2020-03-31": "$8,637", "2019-12-31": "$9,330", "2019-09-30": "$9,398", "2019-06-30": "$8,912", "2019-03-31": "$8,459", "2018-12-31": "$7,689", "2018-09-30": "$8,531", "2018-06-30": "$7,882", "2018-03-31": "$7,374", "2017-12-31": "$7,535", "2017-09-30": "$7,380", "2017-06-30": "$6,533", "2017-03-31": "$6,276", "2016-12-31": "$6,225", "2016-09-30": "$6,724", "2016-06-30": "$6,582", "2016-03-31": "$6,204", "2015-12-31": "$5,107", "2015-09-30": "$5,267", "2015-06-30": "$5,416", "2015-03-31": "$5,962", "2014-12-31": "$5,644", "2014-09-30": "$5,768", "2014-06-30": "$5,669", "2014-03-31": "$5,463", "2013-12-31": "$5,033", "2013-09-30": "$5,127", "2013-06-30": "$4,799", "2013-03-31": "$4,611", "2012-12-31": "$4,203", "2012-09-30": "$4,406", "2012-06-30": "$4,117", "2012-03-31": "$4,077", "2011-12-31": "$3,770", "2011-09-30": "$3,840", "2011-06-30": "$3,882", "2011-03-31": "$3,886", "2010-12-31": "$3,642", "2010-09-30": "$3,563", "2010-06-30": "$3,403", "2010-03-31": "$3,392", "2009-12-31": "$3,210", "2009-09-30": "$3,161", "2009-06-30": "$2,956", "2009-03-31": "$2,793", "2008-12-31": "$2,819", "2008-09-30": "$3,123", "2008-06-30": "$3,050", "2008-03-31": "$2,949", "2007-12-31": "$3,177", "2007-09-30": "$3,148", "2007-06-30": "$3,077", "2007-03-31": "$2,957", "2006-12-31": "$2,765", "2006-09-30": "$2,656", "2006-06-30": "$2,498", "2006-03-31": "$2,494", "2005-12-31": "$2,311", "2005-09-30": "$2,238", "2005-06-30": "$2,068", "2005-03-31": "$2,004"}}, "cash-on-hand": {"T Rowe Price Annual Cash on Hand (Millions of US $)": {"2019": "$1,782", "2018": "$1,425", "2017": "$1,903", "2016": "$1,205", "2015": "$1,172", "2014": "$1,506", "2013": "$1,398", "2012": "$879", "2011": "$898", "2010": "$813", "2009": "$743", "2008": "$619", "2007": "$785", "2006": "$773", "2005": "$804"}, "T Rowe Price Quarterly Cash on Hand (Millions of US $)": {"2020-09-30": "$2,228", "2020-06-30": "$2,058", "2020-03-31": "$1,562", "2019-12-31": "$1,782", "2019-09-30": "$2,213", "2019-06-30": "$1,802", "2019-03-31": "$1,657", "2018-12-31": "$1,425", "2018-09-30": "$2,091", "2018-06-30": "$1,484", "2018-03-31": "$1,681", "2017-12-31": "$1,903", "2017-09-30": "$1,869", "2017-06-30": "$1,542", "2017-03-31": "$1,581", "2016-12-31": "$1,205", "2016-09-30": "$1,401", "2016-06-30": "$1,275", "2016-03-31": "$1,323", "2015-12-31": "$1,172", "2015-09-30": "$1,164", "2015-06-30": "$1,269", "2015-03-31": "$1,810", "2014-12-31": "$1,506", "2014-09-30": "$1,645", "2014-06-30": "$1,704", "2014-03-31": "$1,739", "2013-12-31": "$1,398", "2013-09-30": "$1,693", "2013-06-30": "$1,456", "2013-03-31": "$1,286", "2012-12-31": "$879", "2012-09-30": "$1,235", "2012-06-30": "$972", "2012-03-31": "$1,104", "2011-12-31": "$898", "2011-09-30": "$1,001", "2011-06-30": "$1,023", "2011-03-31": "$1,065", "2010-12-31": "$813", "2010-09-30": "$810", "2010-06-30": "$735", "2010-03-31": "$764", "2009-12-31": "$743", "2009-09-30": "$739", "2009-06-30": "$667", "2009-03-31": "$622", "2008-12-31": "$619", "2008-09-30": "$853", "2008-06-30": "$681", "2008-03-31": "$610", "2007-12-31": "$785", "2007-09-30": "$848", "2007-06-30": "$895", "2007-03-31": "$911", "2006-12-31": "$773", "2006-09-30": "$876", "2006-06-30": "$814", "2006-03-31": "$933", "2005-12-31": "$804", "2005-09-30": "$772", "2005-06-30": "$624", "2005-03-31": "$582"}}, "long-term-debt": {"T Rowe Price Annual Long Term Debt (Millions of US $)": {"2019": "$", "2018": "$", "2017": "$", "2016": "$", "2015": "$", "2014": "$", "2013": "$", "2012": "$", "2011": "$", "2010": "$", "2009": "$", "2008": "$", "2007": "$", "2006": "$", "2005": "$"}, "T Rowe Price Quarterly Long Term Debt (Millions of US $)": {"2020-09-30": "", "2020-06-30": "", "2020-03-31": "", "2019-12-31": "", "2019-09-30": "", "2019-06-30": "", "2019-03-31": "", "2018-12-31": "", "2018-09-30": "", "2018-06-30": "", "2018-03-31": "", "2017-12-31": "", "2017-09-30": "", "2017-06-30": "", "2017-03-31": "", "2016-12-31": "", "2016-09-30": "", "2016-06-30": "", "2016-03-31": "", "2015-12-31": "", "2015-09-30": "", "2015-06-30": "", "2015-03-31": "", "2014-12-31": "", "2014-09-30": "", "2014-06-30": "", "2014-03-31": "", "2013-12-31": "", "2013-09-30": "", "2013-06-30": "", "2013-03-31": "", "2012-12-31": "", "2012-09-30": "", "2012-06-30": "", "2012-03-31": "", "2011-12-31": "", "2011-09-30": "", "2011-06-30": "", "2011-03-31": "", "2010-12-31": "", "2010-09-30": "", "2010-06-30": "", "2010-03-31": "", "2009-12-31": "", "2009-09-30": "", "2009-06-30": "", "2009-03-31": "", "2008-12-31": "", "2008-09-30": "", "2008-06-30": "", "2008-03-31": "", "2007-12-31": "", "2007-09-30": "", "2007-06-30": "", "2007-03-31": "", "2006-12-31": "", "2006-09-30": "", "2006-06-30": "", "2006-03-31": "", "2005-12-31": "", "2005-09-30": "", "2005-06-30": "", "2005-03-31": ""}}, "total-liabilities": {"T Rowe Price Annual Total Liabilities (Millions of US $)": {"2019": "$2,228", "2018": "$1,565", "2017": "$1,711", "2016": "$1,216", "2015": "$345", "2014": "$249", "2013": "$215", "2012": "$357", "2011": "$350", "2010": "$346", "2009": "$328", "2008": "$331", "2007": "$400", "2006": "$338", "2005": "$274"}, "T Rowe Price Quarterly Total Liabilities (Millions of US $)": {"2020-09-30": "$3,006", "2020-06-30": "$2,727", "2020-03-31": "$2,203", "2019-12-31": "$2,228", "2019-09-30": "$2,558", "2019-06-30": "$2,333", "2019-03-31": "$2,148", "2018-12-31": "$1,565", "2018-09-30": "$2,070", "2018-06-30": "$1,768", "2018-03-31": "$1,472", "2017-12-31": "$1,711", "2017-09-30": "$1,852", "2017-06-30": "$1,364", "2017-03-31": "$1,275", "2016-12-31": "$1,216", "2016-09-30": "$1,890", "2016-06-30": "$1,721", "2016-03-31": "$1,440", "2015-12-31": "$345", "2015-09-30": "$593", "2015-06-30": "$448", "2015-03-31": "$960", "2014-12-31": "$249", "2014-09-30": "$541", "2014-06-30": "$395", "2014-03-31": "$426", "2013-12-31": "$215", "2013-09-30": "$586", "2013-06-30": "$488", "2013-03-31": "$504", "2012-12-31": "$357", "2012-09-30": "$547", "2012-06-30": "$459", "2012-03-31": "$447", "2011-12-31": "$350", "2011-09-30": "$570", "2011-06-30": "$470", "2011-03-31": "$430", "2010-12-31": "$346", "2010-09-30": "$499", "2010-06-30": "$444", "2010-03-31": "$386", "2009-12-31": "$328", "2009-09-30": "$421", "2009-06-30": "$376", "2009-03-31": "$332", "2008-12-31": "$331", "2008-09-30": "$466", "2008-06-30": "$398", "2008-03-31": "$371", "2007-12-31": "$400", "2007-09-30": "$474", "2007-06-30": "$438", "2007-03-31": "$409", "2006-12-31": "$338", "2006-09-30": "$389", "2006-06-30": "$352", "2006-03-31": "$323", "2005-12-31": "$274", "2005-09-30": "$327", "2005-06-30": "$267", "2005-03-31": "$249"}}, "total-share-holder-equity": {"T Rowe Price Annual Share Holder Equity (Millions of US $)": {"2019": "$7,102", "2018": "$6,124", "2017": "$5,824", "2016": "$5,009", "2015": "$4,762", "2014": "$5,395", "2013": "$4,818", "2012": "$3,846", "2011": "$3,421", "2010": "$3,297", "2009": "$2,882", "2008": "$2,489", "2007": "$2,777", "2006": "$2,427", "2005": "$2,036"}, "T Rowe Price Quarterly Share Holder Equity (Millions of US $)": {"2020-09-30": "$7,129", "2020-06-30": "$6,751", "2020-03-31": "$6,434", "2019-12-31": "$7,102", "2019-09-30": "$6,840", "2019-06-30": "$6,579", "2019-03-31": "$6,311", "2018-12-31": "$6,124", "2018-09-30": "$6,461", "2018-06-30": "$6,115", "2018-03-31": "$5,902", "2017-12-31": "$5,824", "2017-09-30": "$5,528", "2017-06-30": "$5,169", "2017-03-31": "$5,000", "2016-12-31": "$5,009", "2016-09-30": "$4,834", "2016-06-30": "$4,861", "2016-03-31": "$4,764", "2015-12-31": "$4,762", "2015-09-30": "$4,674", "2015-06-30": "$4,967", "2015-03-31": "$5,002", "2014-12-31": "$5,395", "2014-09-30": "$5,228", "2014-06-30": "$5,274", "2014-03-31": "$5,037", "2013-12-31": "$4,818", "2013-09-30": "$4,541", "2013-06-30": "$4,311", "2013-03-31": "$4,107", "2012-12-31": "$3,846", "2012-09-30": "$3,859", "2012-06-30": "$3,658", "2012-03-31": "$3,630", "2011-12-31": "$3,421", "2011-09-30": "$3,270", "2011-06-30": "$3,413", "2011-03-31": "$3,456", "2010-12-31": "$3,297", "2010-09-30": "$3,064", "2010-06-30": "$2,959", "2010-03-31": "$3,007", "2009-12-31": "$2,882", "2009-09-30": "$2,740", "2009-06-30": "$2,580", "2009-03-31": "$2,461", "2008-12-31": "$2,489", "2008-09-30": "$2,657", "2008-06-30": "$2,652", "2008-03-31": "$2,578", "2007-12-31": "$2,777", "2007-09-30": "$2,675", "2007-06-30": "$2,638", "2007-03-31": "$2,549", "2006-12-31": "$2,427", "2006-09-30": "$2,266", "2006-06-30": "$2,146", "2006-03-31": "$2,171", "2005-12-31": "$2,036", "2005-09-30": "$1,911", "2005-06-30": "$1,801", "2005-03-31": "$1,754"}}, "profit-margins": {"current": "37.89%"}, "gross margin": {"2020-12-31": "100.00%", "2020-09-30": "100.00%", "2020-06-30": "100.00%", "2020-03-31": "100.00%", "2019-12-31": "100.00%", "2019-09-30": "100.00%", "2019-06-30": "100.00%", "2019-03-31": "100.00%", "2018-12-31": "100.00%", "2018-09-30": "100.00%", "2018-06-30": "100.00%", "2018-03-31": "100.00%", "2017-12-31": "100.00%", "2017-09-30": "100.00%", "2017-06-30": "100.00%", "2017-03-31": "100.00%", "2016-12-31": "100.00%", "2016-09-30": "100.00%", "2016-06-30": "100.00%", "2016-03-31": "100.00%", "2015-12-31": "100.00%", "2015-09-30": "100.00%", "2015-06-30": "100.00%", "2015-03-31": "100.00%", "2014-12-31": "100.00%", "2014-09-30": "100.00%", "2014-06-30": "100.00%", "2014-03-31": "100.00%", "2013-12-31": "100.00%", "2013-09-30": "100.00%", "2013-06-30": "100.00%", "2013-03-31": "100.00%", "2012-12-31": "100.00%", "2012-09-30": "100.00%", "2012-06-30": "100.00%", "2012-03-31": "100.00%", "2011-12-31": "100.00%", "2011-09-30": "100.00%", "2011-06-30": "100.00%", "2011-03-31": "100.00%", "2010-12-31": "100.00%", "2010-09-30": "100.00%", "2010-06-30": "100.00%", "2010-03-31": "100.00%", "2009-12-31": "100.00%", "2009-09-30": "100.00%", "2009-06-30": "100.00%", "2009-03-31": "100.00%", "2008-12-31": "100.00%", "2008-09-30": "100.00%", "2008-06-30": "100.00%", "2008-03-31": "100.00%", "2007-12-31": "100.00%", "2007-09-30": "100.00%", "2007-06-30": "100.00%", "2007-03-31": "100.00%", "2006-12-31": "100.00%", "2006-09-30": "100.00%", "2006-06-30": "100.00%", "2006-03-31": "100.00%", "2005-12-31": "100.00%"}, "operating margin": {"2020-12-31": "44.24%", "2020-09-30": "43.24%", "2020-06-30": "43.30%", "2020-03-31": "44.51%", "2019-12-31": "42.49%", "2019-09-30": "43.07%", "2019-06-30": "42.99%", "2019-03-31": "43.02%", "2018-12-31": "43.96%", "2018-09-30": "43.81%", "2018-06-30": "43.34%", "2018-03-31": "42.98%", "2017-12-31": "43.43%", "2017-09-30": "45.45%", "2017-06-30": "45.32%", "2017-03-31": "41.70%", "2016-12-31": "40.47%", "2016-09-30": "38.86%", "2016-06-30": "38.84%", "2016-03-31": "43.96%", "2015-12-31": "45.21%", "2015-09-30": "46.14%", "2015-06-30": "47.20%", "2015-03-31": "47.36%", "2014-12-31": "47.49%", "2014-09-30": "47.58%", "2014-06-30": "47.64%", "2014-03-31": "47.31%", "2013-12-31": "47.01%", "2013-09-30": "46.66%", "2013-06-30": "46.23%", "2013-03-31": "45.69%", "2012-12-31": "45.12%", "2012-09-30": "44.60%", "2012-06-30": "43.77%", "2012-03-31": "44.09%", "2011-12-31": "44.70%", "2011-09-30": "44.74%", "2011-06-30": "45.05%", "2011-03-31": "44.54%", "2010-12-31": "43.81%", "2010-09-30": "43.52%", "2010-06-30": "42.75%", "2010-03-31": "40.71%", "2009-12-31": "37.58%", "2009-09-30": "33.96%", "2009-06-30": "34.66%", "2009-03-31": "37.49%", "2008-12-31": "40.03%", "2008-09-30": "43.03%", "2008-06-30": "43.81%", "2008-03-31": "44.15%", "2007-12-31": "44.65%", "2007-09-30": "44.68%", "2007-06-30": "44.21%", "2007-03-31": "43.60%", "2006-12-31": "43.32%", "2006-09-30": "42.99%", "2006-06-30": "43.33%", "2006-03-31": "43.26%", "2005-12-31": "43.21%"}, "ebitda margin": {"2020-09-30": "46.66%", "2020-06-30": "46.74%", "2020-03-31": "47.90%", "2019-12-31": "45.87%", "2019-09-30": "46.30%", "2019-06-30": "46.13%", "2019-03-31": "46.07%", "2018-12-31": "46.94%", "2018-09-30": "46.65%", "2018-06-30": "46.16%", "2018-03-31": "45.85%", "2017-12-31": "46.38%", "2017-09-30": "48.42%", "2017-06-30": "48.37%", "2017-03-31": "44.78%", "2016-12-31": "43.57%", "2016-09-30": "41.99%", "2016-06-30": "41.98%", "2016-03-31": "47.06%", "2015-12-31": "48.21%", "2015-09-30": "49.06%", "2015-06-30": "50.02%", "2015-03-31": "50.15%", "2014-12-31": "50.28%", "2014-09-30": "50.36%", "2014-06-30": "50.36%", "2014-03-31": "49.96%", "2013-12-31": "49.60%", "2013-09-30": "49.24%", "2013-06-30": "48.87%", "2013-03-31": "48.36%", "2012-12-31": "47.80%", "2012-09-30": "47.32%", "2012-06-30": "46.50%", "2012-03-31": "46.78%", "2011-12-31": "47.32%", "2011-09-30": "47.28%", "2011-06-30": "47.60%", "2011-03-31": "47.19%", "2010-12-31": "46.60%", "2010-09-30": "46.44%", "2010-06-30": "45.84%", "2010-03-31": "44.04%", "2009-12-31": "41.33%", "2009-09-30": "38.03%", "2009-06-30": "38.49%", "2009-03-31": "40.99%", "2008-12-31": "43.19%", "2008-09-30": "45.85%", "2008-06-30": "46.49%", "2008-03-31": "46.82%", "2007-12-31": "47.29%", "2007-09-30": "47.46%", "2007-06-30": "47.11%", "2007-03-31": "46.45%", "2006-12-31": "46.12%", "2006-09-30": "45.76%", "2006-06-30": "46.20%", "2006-03-31": "46.22%", "2005-12-31": "46.24%"}, "pre tax profit margin": {"2020-12-31": "52.25%", "2020-09-30": "47.91%", "2020-06-30": "45.51%", "2020-03-31": "41.69%", "2019-12-31": "52.10%", "2019-09-30": "47.07%", "2019-06-30": "48.52%", "2019-03-31": "46.91%", "2018-12-31": "44.39%", "2018-09-30": "48.98%", "2018-06-30": "47.56%", "2018-03-31": "48.88%", "2017-12-31": "51.61%", "2017-09-30": "51.98%", "2017-06-30": "52.51%", "2017-03-31": "47.51%", "2016-12-31": "45.76%", "2016-09-30": "45.00%", "2016-06-30": "42.95%", "2016-03-31": "47.85%", "2015-12-31": "47.69%", "2015-09-30": "48.54%", "2015-06-30": "49.71%", "2015-03-31": "49.75%", "2014-12-31": "50.30%", "2014-09-30": "50.28%", "2014-06-30": "50.63%", "2014-03-31": "49.71%", "2013-12-31": "48.82%", "2013-09-30": "48.10%", "2013-06-30": "48.62%", "2013-03-31": "48.36%", "2012-12-31": "47.44%", "2012-09-30": "46.87%", "2012-06-30": "44.73%", "2012-03-31": "44.99%", "2011-12-31": "45.54%", "2011-09-30": "45.66%", "2011-06-30": "46.27%", "2011-03-31": "45.79%", "2010-12-31": "45.20%", "2010-09-30": "44.76%", "2010-06-30": "43.90%", "2010-03-31": "42.13%", "2009-12-31": "36.94%", "2009-09-30": "28.12%", "2009-06-30": "29.01%", "2009-03-31": "32.20%", "2008-12-31": "37.53%", "2008-09-30": "45.90%", "2008-06-30": "47.18%", "2008-03-31": "47.79%", "2007-12-31": "48.28%", "2007-09-30": "47.74%", "2007-06-30": "47.41%", "2007-03-31": "47.55%", "2006-12-31": "47.17%", "2006-09-30": "46.45%", "2006-06-30": "46.14%", "2006-03-31": "45.09%", "2005-12-31": "44.79%"}, "net profit margin": {"2020-12-31": "37.17%", "2020-09-30": "34.93%", "2020-06-30": "34.34%", "2020-03-31": "33.21%", "2019-12-31": "36.97%", "2019-09-30": "34.64%", "2019-06-30": "35.52%", "2019-03-31": "34.44%", "2018-12-31": "33.37%", "2018-09-30": "33.19%", "2018-06-30": "30.60%", "2018-03-31": "30.11%", "2017-12-31": "30.15%", "2017-09-30": "31.82%", "2017-06-30": "31.50%", "2017-03-31": "28.75%", "2016-12-31": "27.77%", "2016-09-30": "26.96%", "2016-06-30": "26.09%", "2016-03-31": "29.04%", "2015-12-31": "28.74%", "2015-09-30": "29.14%", "2015-06-30": "29.99%", "2015-03-31": "29.97%", "2014-12-31": "30.51%", "2014-09-30": "30.54%", "2014-06-30": "30.80%", "2014-03-31": "30.36%", "2013-12-31": "29.82%", "2013-09-30": "29.45%", "2013-06-30": "29.81%", "2013-03-31": "29.65%", "2012-12-31": "29.08%", "2012-09-30": "28.78%", "2012-06-30": "27.55%", "2012-03-31": "27.70%", "2011-12-31": "28.07%", "2011-09-30": "28.46%", "2011-06-30": "28.81%", "2011-03-31": "28.53%", "2010-12-31": "28.26%", "2010-09-30": "27.86%", "2010-06-30": "27.34%", "2010-03-31": "26.29%", "2009-12-31": "23.13%", "2009-09-30": "17.41%", "2009-06-30": "17.97%", "2009-03-31": "19.83%", "2008-12-31": "23.10%", "2008-09-30": "28.48%", "2008-06-30": "29.28%", "2008-03-31": "29.74%", "2007-12-31": "30.00%", "2007-09-30": "29.61%", "2007-06-30": "29.04%", "2007-03-31": "29.28%", "2006-12-31": "29.14%", "2006-09-30": "28.79%", "2006-06-30": "29.14%", "2006-03-31": "28.59%", "2005-12-31": "28.43%"}, "pe ratio": {"current": "17.20", "2021-02-11": "24.39", "2020-12-31": "22.63", "2020-09-30": "14.27", "2020-06-30": "14.46", "2020-03-31": "11.91", "2019-12-31": "13.59", "2019-09-30": "14.00", "2019-06-30": "13.24", "2019-03-31": "12.60", "2018-12-31": "12.04", "2018-09-30": "14.21", "2018-06-30": "16.73", "2018-03-31": "16.15", "2017-12-31": "16.20", "2017-09-30": "13.62", "2017-06-30": "11.61", "2017-03-31": "12.12", "2016-12-31": "14.38", "2016-09-30": "13.57", "2016-06-30": "15.56", "2016-03-31": "13.93", "2015-12-31": "13.51", "2015-09-30": "13.00", "2015-06-30": "14.26", "2015-03-31": "14.75", "2014-12-31": "15.57", "2014-09-30": "14.52", "2014-06-30": "15.99", "2014-03-31": "16.31", "2013-12-31": "17.39", "2013-09-30": "15.58", "2013-06-30": "16.03", "2013-03-31": "16.92", "2012-12-31": "15.34", "2012-09-30": "15.28", "2012-06-30": "16.29", "2012-03-31": "16.97", "2011-12-31": "14.87", "2011-09-30": "12.45", "2011-06-30": "15.95", "2011-03-31": "18.58", "2010-12-31": "19.03", "2010-09-30": "15.62", "2010-06-30": "14.70", "2010-03-31": "19.99", "2009-12-31": "23.73", "2009-09-30": "28.65", "2009-06-30": "24.70", "2009-03-31": "14.41", "2008-12-31": "14.03", "2008-09-30": "15.90", "2008-06-30": "16.17", "2008-03-31": "14.38", "2007-12-31": "17.71", "2007-09-30": "17.21", "2007-06-30": "17.30", "2007-03-31": "16.39", "2006-12-31": "15.87"}, "price sales": {"2021-02-11": "6.08", "2020-12-31": "5.64", "2020-09-30": "5.01", "2020-06-30": "4.98", "2020-03-31": "3.96", "2019-12-31": "5.03", "2019-09-30": "4.87", "2019-06-30": "4.72", "2019-03-31": "4.36", "2018-12-31": "4.03", "2018-09-30": "4.73", "2018-06-30": "5.13", "2018-03-31": "4.87", "2017-12-31": "4.87", "2017-09-30": "4.33", "2017-06-30": "3.66", "2017-03-31": "3.47", "2016-12-31": "3.95", "2016-09-30": "3.59", "2016-06-30": "3.98", "2016-03-31": "4.00", "2015-12-31": "3.88", "2015-09-30": "3.79", "2015-06-30": "4.28", "2015-03-31": "4.43", "2014-12-31": "4.77", "2014-09-30": "4.43", "2014-06-30": "4.91", "2014-03-31": "4.93", "2013-12-31": "5.16", "2013-09-30": "4.58", "2013-06-30": "4.77", "2013-03-31": "5.01", "2012-12-31": "4.44", "2012-09-30": "4.41", "2012-06-30": "4.50", "2012-03-31": "4.71", "2011-12-31": "4.18", "2011-09-30": "3.53", "2011-06-30": "4.60", "2011-03-31": "5.30", "2010-12-31": "5.38", "2010-09-30": "4.34", "2010-06-30": "3.99", "2010-03-31": "5.22", "2009-12-31": "5.46", "2009-09-30": "5.02", "2009-06-30": "4.44", "2009-03-31": "2.86", "2008-12-31": "3.23", "2008-09-30": "4.52", "2008-06-30": "4.73", "2008-03-31": "4.27", "2007-12-31": "5.31", "2007-09-30": "5.09", "2007-06-30": "5.01", "2007-03-31": "4.79", "2006-12-31": "4.61"}, "price book": {"current": "4.85", "2021-02-11": "5.18", "2020-09-30": "4.05", "2020-06-30": "4.10", "2020-03-31": "3.39", "2019-12-31": "3.92", "2019-09-30": "3.79", "2019-06-30": "3.77", "2019-03-31": "3.57", "2018-12-31": "3.39", "2018-09-30": "3.85", "2018-06-30": "4.30", "2018-03-31": "4.13", "2017-12-31": "4.07", "2017-09-30": "3.64", "2017-06-30": "3.14", "2017-03-31": "2.97", "2016-12-31": "3.30", "2016-09-30": "3.00", "2016-06-30": "3.29", "2016-03-31": "3.35", "2015-12-31": "3.27", "2015-09-30": "3.23", "2015-06-30": "3.45", "2015-03-31": "3.50", "2014-12-31": "3.43", "2014-09-30": "3.21", "2014-06-30": "3.44", "2014-03-31": "3.49", "2013-12-31": "3.68", "2013-09-30": "3.32", "2013-06-30": "3.53", "2013-03-31": "3.76", "2012-12-31": "3.44", "2012-09-30": "3.24", "2012-06-30": "3.37", "2012-03-31": "3.52", "2011-12-31": "3.22", "2011-09-30": "2.80", "2011-06-30": "3.42", "2011-03-31": "3.74", "2010-12-31": "3.78", "2010-09-30": "3.11", "2010-06-30": "2.85", "2010-03-31": "3.48", "2009-12-31": "3.49", "2009-09-30": "3.12", "2009-06-30": "2.99", "2009-03-31": "2.15", "2008-12-31": "2.61", "2008-09-30": "3.72", "2008-06-30": "3.90", "2008-03-31": "3.60", "2007-12-31": "4.05", "2007-09-30": "3.82", "2007-06-30": "3.62", "2007-03-31": "3.40", "2006-12-31": "3.29", "2006-09-30": "3.82", "2006-06-30": "3.16", "2006-03-31": "3.25"}, "price fcf": {"2021-02-11": "", "2020-09-30": "$7.53", "2020-06-30": "$8.64", "2020-03-31": "$6.44", "2019-12-31": "$5.52", "2019-09-30": "$6.04", "2019-06-30": "$6.01", "2019-03-31": "$6.16", "2018-12-31": "$5.88", "2018-09-30": "$4.78", "2018-06-30": "$3.38", "2018-03-31": "$1.54", "2017-12-31": "$0.18", "2017-09-30": "$0.38", "2017-06-30": "$0.69", "2017-03-31": "$0.52", "2016-12-31": "$0.09", "2016-09-30": "$0.96", "2016-06-30": "$1.87", "2016-03-31": "$3.54", "2015-12-31": "$5.29", "2015-09-30": "$5.26", "2015-06-30": "$5.12", "2015-03-31": "$4.73", "2014-12-31": "$4.55", "2014-09-30": "$4.41", "2014-06-30": "$4.13", "2014-03-31": "$4.30", "2013-12-31": "$4.23", "2013-09-30": "$4.14", "2013-06-30": "$3.99", "2013-03-31": "$3.87", "2012-12-31": "$3.16", "2012-09-30": "$2.96", "2012-06-30": "$2.88", "2012-03-31": "$3.03", "2011-12-31": "$3.29", "2011-09-30": "$3.42", "2011-06-30": "$3.04", "2011-03-31": "$2.66", "2010-12-31": "$2.32", "2010-09-30": "$2.48", "2010-06-30": "$2.20", "2010-03-31": "$1.98", "2009-12-31": "$1.53", "2009-09-30": "$1.23", "2009-06-30": "$1.53", "2009-03-31": "$1.80", "2008-12-31": "$2.21", "2008-09-30": "$2.46", "2008-06-30": "$2.37", "2008-03-31": "$2.26", "2007-12-31": "$2.19", "2007-09-30": "$2.25", "2007-06-30": "$1.97", "2007-03-31": "$1.98", "2006-12-31": "$1.79"}, "net worth": {"value": "$37.39B"}, "current ratio": {"2020-12-31": "0.00", "2020-09-30": "3.52", "2020-06-30": "3.24", "2020-03-31": "4.55", "2019-12-31": "6.78", "2019-09-30": "3.60", "2019-06-30": "3.91", "2019-03-31": "3.74", "2018-12-31": "4.86", "2018-09-30": "3.18", "2018-06-30": "3.27", "2018-03-31": "3.87", "2017-12-31": "6.28", "2017-09-30": "3.58", "2017-06-30": "4.00", "2017-03-31": "3.37", "2016-12-31": "5.31", "2016-09-30": "2.55", "2016-06-30": "3.20", "2016-03-31": "3.15", "2015-12-31": "5.86", "2015-09-30": "2.69", "2015-06-30": "3.83", "2015-03-31": "2.35", "2014-12-31": "7.82", "2014-09-30": "3.83", "2014-06-30": "5.39", "2014-03-31": "5.07", "2013-12-31": "8.36", "2013-09-30": "3.51", "2013-06-30": "3.73", "2013-03-31": "3.28", "2012-12-31": "3.46", "2012-09-30": "2.87", "2012-06-30": "2.82", "2012-03-31": "3.19", "2011-12-31": "3.44", "2011-09-30": "2.28", "2011-06-30": "2.87", "2011-03-31": "3.22", "2010-12-31": "3.25", "2010-09-30": "2.18", "2010-06-30": "2.24", "2010-03-31": "2.65", "2009-12-31": "3.02", "2009-09-30": "2.28", "2009-06-30": "2.30", "2009-03-31": "2.38", "2008-12-31": "2.41", "2008-09-30": "2.33", "2008-06-30": "2.37", "2008-03-31": "2.34", "2007-12-31": "2.63", "2007-09-30": "2.32", "2007-06-30": "2.61", "2007-03-31": "2.78", "2006-12-31": "2.95", "2006-09-30": "2.76", "2006-06-30": "2.83", "2006-03-31": "3.48", "2005-12-31": "3.57", "2005-09-30": "2.88", "2005-06-30": "2.95", "2005-03-31": "3.00"}, "quick ratio": {"2020-12-31": "0.00", "2020-09-30": "0.00", "2020-06-30": "0.00", "2020-03-31": "0.00", "2019-12-31": "0.00", "2019-09-30": "0.00", "2019-06-30": "0.00", "2019-03-31": "0.00", "2018-12-31": "0.00", "2018-09-30": "0.00", "2018-06-30": "0.00", "2018-03-31": "0.00", "2017-12-31": "0.00", "2017-09-30": "0.00", "2017-06-30": "0.00", "2017-03-31": "0.00", "2016-12-31": "0.00", "2016-09-30": "0.00", "2016-06-30": "0.00", "2016-03-31": "0.00", "2015-12-31": "0.00", "2015-09-30": "0.00", "2015-06-30": "0.00", "2015-03-31": "0.00", "2014-12-31": "0.00", "2014-09-30": "0.00", "2014-06-30": "0.00", "2014-03-31": "0.00", "2013-12-31": "0.00", "2013-09-30": "0.00", "2013-06-30": "0.00", "2013-03-31": "0.00", "2012-12-31": "0.00", "2012-09-30": "0.00", "2012-06-30": "0.00", "2012-03-31": "0.00", "2011-12-31": "0.00", "2011-09-30": "0.00", "2011-06-30": "0.00", "2011-03-31": "0.00", "2010-12-31": "0.00", "2010-09-30": "0.00", "2010-06-30": "0.00", "2010-03-31": "0.00", "2009-12-31": "0.00", "2009-09-30": "0.00", "2009-06-30": "0.00", "2009-03-31": "0.00", "2008-12-31": "0.00", "2008-09-30": "0.00", "2008-06-30": "0.00", "2008-03-31": "0.00", "2007-12-31": "0.00", "2007-09-30": "0.00", "2007-06-30": "0.00", "2007-03-31": "0.00", "2006-12-31": "0.00", "2006-09-30": "0.00", "2006-06-30": "0.00", "2006-03-31": "0.00", "2005-12-31": "0.00", "2005-09-30": "0.00", "2005-06-30": "0.00", "2005-03-31": "0.00"}, "debt equity ratio": {"current": "0.00", "2020-12-31": "0.38", "2020-09-30": "0.42", "2020-06-30": "0.40", "2020-03-31": "0.34", "2019-12-31": "0.31", "2019-09-30": "0.37", "2019-06-30": "0.36", "2019-03-31": "0.34", "2018-12-31": "0.26", "2018-09-30": "0.32", "2018-06-30": "0.29", "2018-03-31": "0.25", "2017-12-31": "0.29", "2017-09-30": "0.34", "2017-06-30": "0.26", "2017-03-31": "0.26", "2016-12-31": "0.24", "2016-09-30": "0.39", "2016-06-30": "0.35", "2016-03-31": "0.30", "2015-12-31": "0.07", "2015-09-30": "0.13", "2015-06-30": "0.09", "2015-03-31": "0.19", "2014-12-31": "0.05", "2014-09-30": "0.10", "2014-06-30": "0.08", "2014-03-31": "0.09", "2013-12-31": "0.05", "2013-09-30": "0.13", "2013-06-30": "0.11", "2013-03-31": "0.12", "2012-12-31": "0.09", "2012-09-30": "0.14", "2012-06-30": "0.13", "2012-03-31": "0.12", "2011-12-31": "0.10", "2011-09-30": "0.17", "2011-06-30": "0.14", "2011-03-31": "0.12", "2010-12-31": "0.11", "2010-09-30": "0.16", "2010-06-30": "0.15", "2010-03-31": "0.13", "2009-12-31": "0.11", "2009-09-30": "0.15", "2009-06-30": "0.15", "2009-03-31": "0.14", "2008-12-31": "0.13", "2008-09-30": "0.18", "2008-06-30": "0.15", "2008-03-31": "0.14", "2007-12-31": "0.14", "2007-09-30": "0.18", "2007-06-30": "0.17", "2007-03-31": "0.16", "2006-12-31": "0.14", "2006-09-30": "0.17", "2006-06-30": "0.16", "2006-03-31": "0.15", "2005-12-31": "0.14", "2005-09-30": "0.17", "2005-06-30": "0.15", "2005-03-31": "0.14"}, "return on equity": {"2020-12-31": "32.93%", "2020-09-30": "30.29%", "2020-06-30": "29.24%", "2020-03-31": "28.36%", "2019-12-31": "30.96%", "2019-09-30": "29.23%", "2019-06-30": "30.24%", "2019-03-31": "29.59%", "2018-12-31": "29.15%", "2018-09-30": "29.31%", "2018-06-30": "27.28%", "2018-03-31": "27.13%", "2017-12-31": "27.21%", "2017-09-30": "28.96%", "2017-06-30": "28.74%", "2017-03-31": "25.82%", "2016-12-31": "24.45%", "2016-09-30": "23.47%", "2016-06-30": "22.66%", "2016-03-31": "25.25%", "2015-12-31": "24.88%", "2015-09-30": "24.25%", "2015-06-30": "24.13%", "2015-03-31": "23.25%", "2014-12-31": "23.22%", "2014-09-30": "23.34%", "2014-06-30": "23.51%", "2014-03-31": "23.52%", "2013-12-31": "23.38%", "2013-09-30": "23.42%", "2013-06-30": "23.87%", "2013-03-31": "23.84%", "2012-12-31": "23.45%", "2012-09-30": "22.98%", "2012-06-30": "22.20%", "2012-03-31": "22.54%", "2011-12-31": "22.74%", "2011-09-30": "23.04%", "2011-06-30": "22.89%", "2011-03-31": "22.26%", "2010-12-31": "21.71%", "2010-09-30": "21.16%", "2010-06-30": "20.50%", "2010-03-31": "19.13%", "2009-12-31": "16.21%", "2009-09-30": "11.84%", "2009-06-30": "12.72%", "2009-03-31": "15.05%", "2008-12-31": "18.89%", "2008-09-30": "24.61%", "2008-06-30": "25.43%", "2008-03-31": "25.46%", "2007-12-31": "25.19%", "2007-09-30": "24.45%", "2007-06-30": "23.56%", "2007-03-31": "23.69%", "2006-12-31": "23.53%", "2006-09-30": "23.16%", "2006-06-30": "23.57%", "2006-03-31": "22.93%", "2005-12-31": "22.98%"}, "return on assets": {"2020-12-31": "23.72%", "2020-09-30": "22.10%", "2020-06-30": "21.53%", "2020-03-31": "21.07%", "2019-12-31": "23.01%", "2019-09-30": "21.93%", "2019-06-30": "22.93%", "2019-03-31": "22.73%", "2018-12-31": "22.79%", "2018-09-30": "22.74%", "2018-06-30": "21.13%", "2018-03-31": "21.11%", "2017-12-31": "21.12%", "2017-09-30": "22.70%", "2017-06-30": "22.33%", "2017-03-31": "19.72%", "2016-12-31": "18.50%", "2016-09-30": "18.33%", "2016-06-30": "18.65%", "2016-03-31": "22.01%", "2015-12-31": "22.20%", "2015-09-30": "21.80%", "2015-06-30": "21.80%", "2015-03-31": "21.09%", "2014-12-31": "21.56%", "2014-09-30": "21.67%", "2014-06-30": "21.72%", "2014-03-31": "21.55%", "2013-12-31": "21.24%", "2013-09-30": "21.00%", "2013-06-30": "21.36%", "2013-03-31": "21.27%", "2012-12-31": "20.92%", "2012-09-30": "20.45%", "2012-06-30": "19.64%", "2012-03-31": "19.89%", "2011-12-31": "20.05%", "2011-09-30": "20.30%", "2011-06-30": "20.22%", "2011-03-31": "19.62%", "2010-12-31": "19.11%", "2010-09-30": "18.57%", "2010-06-30": "18.05%", "2010-03-31": "16.86%", "2009-12-31": "14.26%", "2009-09-30": "10.37%", "2009-06-30": "11.09%", "2009-03-31": "13.10%", "2008-12-31": "16.41%", "2008-09-30": "21.34%", "2008-06-30": "22.04%", "2008-03-31": "21.99%", "2007-12-31": "21.68%", "2007-09-30": "21.06%", "2007-06-30": "20.32%", "2007-03-31": "20.45%", "2006-12-31": "20.36%", "2006-09-30": "20.04%", "2006-06-30": "20.42%", "2006-03-31": "19.93%", "2005-12-31": "20.00%"}, "return on investments": {"2020-12-31": "inf%", "2020-09-30": "inf%", "2020-06-30": "inf%", "2020-03-31": "inf%", "2019-12-31": "inf%", "2019-09-30": "inf%", "2019-06-30": "inf%", "2019-03-31": "inf%", "2018-12-31": "inf%", "2018-09-30": "inf%", "2018-06-30": "inf%", "2018-03-31": "inf%", "2017-12-31": "inf%", "2017-09-30": "inf%", "2017-06-30": "inf%", "2017-03-31": "inf%", "2016-12-31": "inf%", "2016-09-30": "inf%", "2016-06-30": "inf%", "2016-03-31": "inf%", "2015-12-31": "inf%", "2015-09-30": "inf%", "2015-06-30": "inf%", "2015-03-31": "inf%", "2014-12-31": "inf%", "2014-09-30": "inf%", "2014-06-30": "inf%", "2014-03-31": "inf%", "2013-12-31": "inf%", "2013-09-30": "inf%", "2013-06-30": "inf%", "2013-03-31": "inf%", "2012-12-31": "inf%", "2012-09-30": "inf%", "2012-06-30": "inf%", "2012-03-31": "inf%", "2011-12-31": "inf%", "2011-09-30": "inf%", "2011-06-30": "inf%", "2011-03-31": "inf%", "2010-12-31": "inf%", "2010-09-30": "inf%", "2010-06-30": "inf%", "2010-03-31": "inf%", "2009-12-31": "inf%", "2009-09-30": "inf%", "2009-06-30": "inf%", "2009-03-31": "inf%", "2008-12-31": "inf%", "2008-09-30": "inf%", "2008-06-30": "inf%", "2008-03-31": "inf%", "2007-12-31": "inf%", "2007-09-30": "inf%", "2007-06-30": "inf%", "2007-03-31": "inf%", "2006-12-31": "inf%", "2006-09-30": "inf%", "2006-06-30": "inf%", "2006-03-31": "inf%", "2005-12-31": "inf%"}, "return on tangible equity": {"2020-09-30": "33.55%", "2020-06-30": "32.42%", "2020-03-31": "31.47%", "2019-12-31": "34.38%", "2019-09-30": "32.58%", "2019-06-30": "33.77%", "2019-03-31": "33.11%", "2018-12-31": "32.69%", "2018-09-30": "32.92%", "2018-06-30": "30.79%", "2018-03-31": "30.79%", "2017-12-31": "31.05%", "2017-09-30": "33.23%", "2017-06-30": "33.15%", "2017-03-31": "29.86%", "2016-12-31": "28.33%", "2016-09-30": "27.25%", "2016-06-30": "26.35%", "2016-03-31": "29.33%", "2015-12-31": "28.84%", "2015-09-30": "27.97%", "2015-06-30": "27.71%", "2015-03-31": "26.65%", "2014-12-31": "26.60%", "2014-09-30": "26.86%", "2014-06-30": "27.19%", "2014-03-31": "27.42%", "2013-12-31": "27.50%", "2013-09-30": "27.83%", "2013-06-30": "28.59%", "2013-03-31": "28.80%", "2012-12-31": "28.52%", "2012-09-30": "28.13%", "2012-06-30": "27.43%", "2012-03-31": "27.97%", "2011-12-31": "28.30%", "2011-09-30": "28.74%", "2011-06-30": "28.66%", "2011-03-31": "28.12%", "2010-12-31": "27.69%", "2010-09-30": "27.24%", "2010-06-30": "26.62%", "2010-03-31": "25.09%", "2009-12-31": "21.60%", "2009-09-30": "15.99%", "2009-06-30": "17.23%", "2009-03-31": "20.34%", "2008-12-31": "25.44%", "2008-09-30": "32.83%", "2008-06-30": "33.90%", "2008-03-31": "33.97%", "2007-12-31": "33.64%", "2007-09-30": "33.05%", "2007-06-30": "32.31%", "2007-03-31": "33.13%", "2006-12-31": "33.44%", "2006-09-30": "33.54%", "2006-06-30": "34.80%", "2006-03-31": "34.55%", "2005-12-31": "35.63%"}, "dividend yield history": {"last payout": "$3.60", "last yield": "2.18%"}}