{"ticker": "TSLA", "price": {"title": "Tesla Historical Annual Stock Price Data", "value": 811.66, "historical": {"2020": {"Average Stock Price": "289.9971", "Year Open": "86.0520", "Year High": "705.6700", "Year Low": "72.2440", "Year Close": "705.6700", "Annual % Change": "743.44%"}, "2019": {"Average Stock Price": "54.7060", "Year Open": "62.0240", "Year High": "86.1880", "Year Low": "35.7940", "Year Close": "83.6660", "Annual % Change": "25.70%"}, "2018": {"Average Stock Price": "63.4620", "Year Open": "64.1060", "Year High": "75.9140", "Year Low": "50.1120", "Year Close": "66.5600", "Annual % Change": "6.89%"}, "2017": {"Average Stock Price": "62.8633", "Year Open": "43.3980", "Year High": "77.0000", "Year Low": "43.3980", "Year Close": "62.2700", "Annual % Change": "45.70%"}, "2016": {"Average Stock Price": "41.9535", "Year Open": "44.6820", "Year High": "53.0840", "Year Low": "28.7340", "Year Close": "42.7380", "Annual % Change": "-10.97%"}, "2015": {"Average Stock Price": "46.0085", "Year Open": "43.8620", "Year High": "56.4520", "Year Low": "37.0000", "Year Close": "48.0020", "Annual % Change": "7.91%"}, "2014": {"Average Stock Price": "44.6658", "Year Open": "30.0200", "Year High": "57.2080", "Year Low": "27.8680", "Year Close": "44.4820", "Annual % Change": "47.85%"}, "2013": {"Average Stock Price": "20.8803", "Year Open": "7.0720", "Year High": "38.6740", "Year Low": "6.5820", "Year Close": "30.0858", "Annual % Change": "344.14%"}, "2012": {"Average Stock Price": "6.2337", "Year Open": "5.6160", "Year High": "7.6020", "Year Low": "4.5580", "Year Close": "6.7740", "Annual % Change": "18.59%"}, "2011": {"Average Stock Price": "5.3609", "Year Open": "5.3240", "Year High": "6.9880", "Year Low": "4.3660", "Year Close": "5.7120", "Annual % Change": "7.25%"}, "2010": {"Average Stock Price": "4.6683", "Year Open": "4.7780", "Year High": "7.0940", "Year Low": "3.1600", "Year Close": "5.3260", "Annual % Change": "0.00%"}}}, "market cap": {"value": "$815.36B"}, "income statement": {"Revenue": {"2020-12-31": "", "2019-12-31": "24578.00000", "2018-12-31": "21461.00000", "2017-12-31": "11759.00000", "2016-12-31": "7000.13200", "2015-12-31": "4046.02500", "2014-12-31": "3198.35600", "2013-12-31": "2013.49600", "2012-12-31": "413.25600", "2011-12-31": "204.24200", "2010-12-31": "116.74400", "2009-12-31": "111.94300", "2008-12-31": "14.74200"}, "Cost Of Goods Sold": {"2020-12-31": "", "2019-12-31": "20509.00000", "2018-12-31": "17419.00000", "2017-12-31": "9536.00000", "2016-12-31": "5400.87500", "2015-12-31": "3122.52200", "2014-12-31": "2316.68500", "2013-12-31": "1557.23400", "2012-12-31": "383.18900", "2011-12-31": "142.64700", "2010-12-31": "86.01300", "2009-12-31": "102.40800", "2008-12-31": "15.88300"}, "Gross Profit": {"2020-12-31": "", "2019-12-31": "4069.00000", "2018-12-31": "4042.00000", "2017-12-31": "2223.00000", "2016-12-31": "1599.25700", "2015-12-31": "923.50270", "2014-12-31": "881.67110", "2013-12-31": "456.26200", "2012-12-31": "30.06700", "2011-12-31": "61.59500", "2010-12-31": "30.73100", "2009-12-31": "9.53500", "2008-12-31": "-1.14100"}, "Research And Development Expenses": {"2020-12-31": "", "2019-12-31": "1343.00000", "2018-12-31": "1460.00000", "2017-12-31": "1378.00000", "2016-12-31": "834.40800", "2015-12-31": "717.90000", "2014-12-31": "464.70000", "2013-12-31": "231.97600", "2012-12-31": "273.97800", "2011-12-31": "208.98100", "2010-12-31": "92.99600", "2009-12-31": "19.28200", "2008-12-31": "53.71400"}, "SG&A Expenses": {"2020-12-31": "", "2019-12-31": "2646.00000", "2018-12-31": "2835.00000", "2017-12-31": "2477.00000", "2016-12-31": "1432.18900", "2015-12-31": "922.23200", "2014-12-31": "603.66000", "2013-12-31": "285.56900", "2012-12-31": "150.37200", "2011-12-31": "104.10200", "2010-12-31": "84.57300", "2009-12-31": "42.15000", "2008-12-31": "23.64900"}, "Other Operating Income Or Expenses": {"2020-12-31": "", "2019-12-31": "", "2018-12-31": "", "2017-12-31": "", "2016-12-31": "", "2015-12-31": "", "2014-12-31": "", "2013-12-31": "", "2012-12-31": "", "2011-12-31": "", "2010-12-31": "", "2009-12-31": "", "2008-12-31": ""}, "Operating Expenses": {"2020-12-31": "", "2019-12-31": "24647.00000", "2018-12-31": "21849.00000", "2017-12-31": "13391.00000", "2016-12-31": "7667.47200", "2015-12-31": "4762.65400", "2014-12-31": "3385.04500", "2013-12-31": "2074.77900", "2012-12-31": "807.53900", "2011-12-31": "455.73000", "2010-12-31": "263.58200", "2009-12-31": "163.84000", "2008-12-31": "93.24600"}, "Operating Income": {"2020-12-31": "", "2019-12-31": "-69.00000", "2018-12-31": "-388.00000", "2017-12-31": "-1632.00000", "2016-12-31": "-667.34030", "2015-12-31": "-716.62940", "2014-12-31": "-186.68870", "2013-12-31": "-61.28310", "2012-12-31": "-394.28300", "2011-12-31": "-251.48800", "2010-12-31": "-146.83800", "2009-12-31": "-51.89700", "2008-12-31": "-78.50400"}, "Total Non-Operating Income/Expense": {"2020-12-31": "", "2019-12-31": "-596.00000", "2018-12-31": "-617.00000", "2017-12-31": "-577.00000", "2016-12-31": "-79.00800", "2015-12-31": "-158.99500", "2014-12-31": "-97.94700", "2013-12-31": "-10.14300", "2012-12-31": "-1.79400", "2011-12-31": "-2.43400", "2010-12-31": "-7.31700", "2009-12-31": "-3.81700", "2008-12-31": "-4.18100"}, "Pre-Tax Income": {"2020-12-31": "", "2019-12-31": "-665.00000", "2018-12-31": "-1005.00000", "2017-12-31": "-2209.00000", "2016-12-31": "-746.34800", "2015-12-31": "-875.62400", "2014-12-31": "-284.63600", "2013-12-31": "-71.42600", "2012-12-31": "-396.07700", "2011-12-31": "-253.92200", "2010-12-31": "-154.15500", "2009-12-31": "-55.71400", "2008-12-31": "-82.68500"}, "Income Taxes": {"2020-12-31": "", "2019-12-31": "110.00000", "2018-12-31": "58.00000", "2017-12-31": "32.00000", "2016-12-31": "26.69800", "2015-12-31": "13.03900", "2014-12-31": "9.40400", "2013-12-31": "2.58800", "2012-12-31": "0.13600", "2011-12-31": "0.48900", "2010-12-31": "0.17300", "2009-12-31": "0.02600", "2008-12-31": "0.09700"}, "Income After Taxes": {"2020-12-31": "", "2019-12-31": "-775.00000", "2018-12-31": "-1063.00000", "2017-12-31": "-2241.00000", "2016-12-31": "-773.04600", "2015-12-31": "-888.66300", "2014-12-31": "-294.04000", "2013-12-31": "-74.01400", "2012-12-31": "-396.21300", "2011-12-31": "-254.41100", "2010-12-31": "-154.32800", "2009-12-31": "-55.74000", "2008-12-31": "-82.78200"}, "Other Income": {"2020-12-31": "", "2019-12-31": "", "2018-12-31": "", "2017-12-31": "", "2016-12-31": "", "2015-12-31": "", "2014-12-31": "", "2013-12-31": "", "2012-12-31": "", "2011-12-31": "", "2010-12-31": "", "2009-12-31": "", "2008-12-31": ""}, "Income From Continuous Operations": {"2020-12-31": "", "2019-12-31": "-775.00000", "2018-12-31": "-1063.00000", "2017-12-31": "-2241.00000", "2016-12-31": "-773.04600", "2015-12-31": "-888.66300", "2014-12-31": "-294.04000", "2013-12-31": "-74.01400", "2012-12-31": "-396.21300", "2011-12-31": "-254.41100", "2010-12-31": "-154.32800", "2009-12-31": "-55.74000", "2008-12-31": "-82.78200"}, "Income From Discontinued Operations": {"2020-12-31": "", "2019-12-31": "", "2018-12-31": "", "2017-12-31": "", "2016-12-31": "", "2015-12-31": "", "2014-12-31": "", "2013-12-31": "", "2012-12-31": "", "2011-12-31": "", "2010-12-31": "", "2009-12-31": "", "2008-12-31": ""}, "Net Income": {"2020-12-31": "", "2019-12-31": "-862.00000", "2018-12-31": "-976.00000", "2017-12-31": "-1962.00000", "2016-12-31": "-674.91400", "2015-12-31": "-888.66300", "2014-12-31": "-294.04000", "2013-12-31": "-74.01400", "2012-12-31": "-396.21300", "2011-12-31": "-254.41100", "2010-12-31": "-154.32800", "2009-12-31": "-55.74000", "2008-12-31": "-82.78200"}, "EBITDA": {"2020-12-31": "", "2019-12-31": "2273.00000", "2018-12-31": "1672.00000", "2017-12-31": "95.00000", "2016-12-31": "374.44870", "2015-12-31": "-215.98540", "2014-12-31": "114.97630", "2013-12-31": "59.50090", "2012-12-31": "-365.45800", "2011-12-31": "-234.56900", "2010-12-31": "-136.21500", "2009-12-31": "-44.95700", "2008-12-31": "-74.34700"}, "EBIT": {"2020-12-31": "", "2019-12-31": "-69.00000", "2018-12-31": "-388.00000", "2017-12-31": "-1632.00000", "2016-12-31": "-667.34030", "2015-12-31": "-716.62940", "2014-12-31": "-186.68870", "2013-12-31": "-61.28310", "2012-12-31": "-394.28300", "2011-12-31": "-251.48800", "2010-12-31": "-146.83800", "2009-12-31": "-51.89700", "2008-12-31": "-78.50400"}, "Basic Shares Outstanding": {"2020-12-31": "", "2019-12-31": "885.00000", "2018-12-31": "855.00000", "2017-12-31": "830.00000", "2016-12-31": "721.06010", "2015-12-31": "641.01000", "2014-12-31": "622.69500", "2013-12-31": "597.10500", "2012-12-31": "536.74500", "2011-12-31": "501.94500", "2010-12-31": "253.59000", "2009-12-31": "35.11000", "2008-12-31": "33.23000"}, "Shares Outstanding": {"2020-12-31": "", "2019-12-31": "885.00000", "2018-12-31": "855.00000", "2017-12-31": "830.00000", "2016-12-31": "721.06010", "2015-12-31": "641.01000", "2014-12-31": "622.69500", "2013-12-31": "597.10500", "2012-12-31": "536.74500", "2011-12-31": "501.94500", "2010-12-31": "253.59000", "2009-12-31": "35.11000", "2008-12-31": "33.23000"}, "Basic EPS": {"2020-12-31": "", "2019-12-31": "-0.98400", "2018-12-31": "-1.14400", "2017-12-31": "-2.36600", "2016-12-31": "-0.93600", "2015-12-31": "-1.38600", "2014-12-31": "-0.47200", "2013-12-31": "-0.12400", "2012-12-31": "-0.73800", "2011-12-31": "-0.50600", "2010-12-31": "-0.60800", "2009-12-31": "-1.58800", "2008-12-31": "-2.49200"}, "EPS - Earnings Per Share": {"2020-12-31": "0.00000", "2019-12-31": "-0.98400", "2018-12-31": "-1.14400", "2017-12-31": "-2.36600", "2016-12-31": "-0.93600", "2015-12-31": "-1.38600", "2014-12-31": "-0.47200", "2013-12-31": "-0.12400", "2012-12-31": "-0.73800", "2011-12-31": "-0.50600", "2010-12-31": "-0.60800", "2009-12-31": "-1.58800", "2008-12-31": "-2.49200"}}, "income statement, quarterly": {"Revenue": {"2020-12-31": "10744.00000", "2020-09-30": "8771.00000", "2020-06-30": "6036.00000", "2020-03-31": "5985.00000", "2019-12-31": "7384.00000", "2019-09-30": "6303.00000", "2019-06-30": "6350.00000", "2019-03-31": "4541.00000", "2018-12-31": "7226.01900", "2018-09-30": "6824.00000", "2018-06-30": "4002.23100", "2018-03-31": "3408.75100", "2017-12-31": "3288.49900", "2017-09-30": "2984.67500", "2017-06-30": "2789.55700", "2017-03-31": "2696.27000", "2016-12-31": "2284.63100", "2016-09-30": "2298.43600", "2016-06-30": "1270.01700", "2016-03-31": "1147.04800", "2015-12-31": "1214.38000", "2015-09-30": "936.78900", "2015-06-30": "954.97600", "2015-03-31": "939.88000", "2014-12-31": "956.66100", "2014-09-30": "851.80400", "2014-06-30": "769.34900", "2014-03-31": "620.54200", "2013-12-31": "615.21890", "2013-09-30": "431.34600", "2013-06-30": "405.13900", "2013-03-31": "561.79200", "2012-12-31": "306.33200", "2012-09-30": "50.10400", "2012-06-30": "26.65300", "2012-03-31": "30.16700", "2011-12-31": "39.37500", "2011-09-30": "57.66600", "2011-06-30": "58.17100", "2011-03-31": "49.03000", "2010-12-31": "36.28600", "2010-09-30": "31.24100", "2010-06-30": "28.40500", "2010-03-31": "20.81200", "2009-12-31": "", "2009-09-30": "45.52700", "2009-06-30": "26.94500", "2008-12-31": ""}, "Cost Of Goods Sold": {"2020-12-31": "8678.00000", "2020-09-30": "6708.00000", "2020-06-30": "4769.00000", "2020-03-31": "4751.00000", "2019-12-31": "5993.00000", "2019-09-30": "5112.00000", "2019-06-30": "5429.00000", "2019-03-31": "3975.00000", "2018-12-31": "5783.47400", "2018-09-30": "5300.00000", "2018-06-30": "3383.30100", "2018-03-31": "2952.22500", "2017-12-31": "2849.19900", "2017-09-30": "2535.53500", "2017-06-30": "2122.94200", "2017-03-31": "2028.32400", "2016-12-31": "1849.35300", "2016-09-30": "1661.70100", "2016-06-30": "995.24100", "2016-03-31": "894.58000", "2015-12-31": "995.81630", "2015-09-30": "705.29300", "2015-06-30": "741.60600", "2015-03-31": "679.80700", "2014-12-31": "694.96380", "2014-09-30": "599.95300", "2014-06-30": "556.35400", "2014-03-31": "465.41400", "2013-12-31": "458.62800", "2013-09-30": "328.47800", "2013-06-30": "304.65600", "2013-03-31": "465.47200", "2012-12-31": "282.47600", "2012-09-30": "58.86500", "2012-06-30": "21.89100", "2012-03-31": "19.95700", "2011-12-31": "31.54000", "2011-09-30": "40.44200", "2011-06-30": "39.66300", "2011-03-31": "31.00200", "2010-12-31": "24.96400", "2010-09-30": "21.94500", "2010-06-30": "22.14400", "2010-03-31": "16.96000", "2009-12-31": "", "2009-09-30": "37.82800", "2009-06-30": "24.84400", "2008-12-31": ""}, "Gross Profit": {"2020-12-31": "2066.00000", "2020-09-30": "2063.00000", "2020-06-30": "1267.00000", "2020-03-31": "1234.00000", "2019-12-31": "1391.00000", "2019-09-30": "1191.00000", "2019-06-30": "921.00000", "2019-03-31": "566.00000", "2018-12-31": "1442.54400", "2018-09-30": "1524.00000", "2018-06-30": "618.92990", "2018-03-31": "456.52590", "2017-12-31": "439.29960", "2017-09-30": "449.13990", "2017-06-30": "666.61500", "2017-03-31": "667.94600", "2016-12-31": "435.27800", "2016-09-30": "636.73500", "2016-06-30": "274.77590", "2016-03-31": "252.46800", "2015-12-31": "218.56350", "2015-09-30": "231.49600", "2015-06-30": "213.37010", "2015-03-31": "260.07300", "2014-12-31": "261.69720", "2014-09-30": "251.85100", "2014-06-30": "212.99500", "2014-03-31": "155.12800", "2013-12-31": "156.59090", "2013-09-30": "102.86800", "2013-06-30": "100.48300", "2013-03-31": "96.32000", "2012-12-31": "23.85600", "2012-09-30": "-8.76100", "2012-06-30": "4.76200", "2012-03-31": "10.21000", "2011-12-31": "7.83500", "2011-09-30": "17.22400", "2011-06-30": "18.50800", "2011-03-31": "18.02800", "2010-12-31": "11.32200", "2010-09-30": "9.29600", "2010-06-30": "6.26100", "2010-03-31": "3.85200", "2009-12-31": "", "2009-09-30": "7.69900", "2009-06-30": "2.10100", "2008-12-31": ""}, "Research And Development Expenses": {"2020-12-31": "522.00000", "2020-09-30": "366.00000", "2020-06-30": "279.00000", "2020-03-31": "324.00000", "2019-12-31": "345.00000", "2019-09-30": "334.00000", "2019-06-30": "324.00000", "2019-03-31": "340.00000", "2018-12-31": "355.77500", "2018-09-30": "351.00000", "2018-06-30": "386.12900", "2018-03-31": "367.09600", "2017-12-31": "354.56390", "2017-09-30": "331.62200", "2017-06-30": "369.77400", "2017-03-31": "322.04000", "2016-12-31": "245.96000", "2016-09-30": "214.30200", "2016-06-30": "191.66400", "2016-03-31": "182.48200", "2015-12-31": "190.24300", "2015-09-30": "178.79100", "2015-06-30": "181.71200", "2015-03-31": "167.15400", "2014-12-31": "139.56600", "2014-09-30": "135.87300", "2014-06-30": "107.71700", "2014-03-31": "81.54400", "2013-12-31": "68.45400", "2013-09-30": "56.35100", "2013-06-30": "52.31200", "2013-03-31": "54.85900", "2012-12-31": "68.83200", "2012-09-30": "61.90100", "2012-06-30": "74.85400", "2012-03-31": "68.39100", "2011-12-31": "61.20500", "2011-09-30": "54.08300", "2011-06-30": "52.53100", "2011-03-31": "41.16200", "2010-12-31": "37.61700", "2010-09-30": "26.69800", "2010-06-30": "15.41600", "2010-03-31": "13.26500", "2009-12-31": "", "2009-09-30": "1.25700", "2009-06-30": "1.94100", "2008-12-31": ""}, "SG&A Expenses": {"2020-12-31": "969.00000", "2020-09-30": "888.00000", "2020-06-30": "661.00000", "2020-03-31": "627.00000", "2019-12-31": "699.00000", "2019-09-30": "596.00000", "2019-06-30": "647.00000", "2019-03-31": "704.00000", "2018-12-31": "667.83700", "2018-09-30": "730.00000", "2018-06-30": "750.75900", "2018-03-31": "686.40400", "2017-12-31": "682.78990", "2017-09-30": "652.99800", "2017-06-30": "537.75700", "2017-03-31": "603.45500", "2016-12-31": "456.01600", "2016-09-30": "336.81100", "2016-06-30": "321.15200", "2016-03-31": "318.21000", "2015-12-31": "288.65400", "2015-09-30": "236.36700", "2015-06-30": "201.84600", "2015-03-31": "195.36500", "2014-12-31": "196.97100", "2014-09-30": "155.10700", "2014-06-30": "134.03100", "2014-03-31": "117.55100", "2013-12-31": "101.49000", "2013-09-30": "77.07100", "2013-06-30": "59.96300", "2013-03-31": "47.04500", "2012-12-31": "45.90900", "2012-09-30": "37.79800", "2012-06-30": "36.08300", "2012-03-31": "30.58200", "2011-12-31": "27.55600", "2011-09-30": "27.61800", "2011-06-30": "24.71600", "2011-03-31": "24.21200", "2010-12-31": "25.34900", "2010-09-30": "20.43200", "2010-06-30": "22.20700", "2010-03-31": "16.58500", "2009-12-31": "", "2009-09-30": "10.73300", "2009-06-30": "8.24700", "2008-12-31": ""}, "Other Operating Income Or Expenses": {"2020-12-31": "", "2020-09-30": "", "2020-06-30": "", "2020-03-31": "", "2019-12-31": "", "2019-09-30": "", "2019-06-30": "", "2019-03-31": "", "2018-12-31": "", "2018-09-30": "", "2018-06-30": "", "2018-03-31": "", "2017-12-31": "", "2017-09-30": "", "2017-06-30": "", "2017-03-31": "", "2016-12-31": "", "2016-09-30": "", "2016-06-30": "", "2016-03-31": "", "2015-12-31": "", "2015-09-30": "", "2015-06-30": "", "2015-03-31": "", "2014-12-31": "", "2014-09-30": "", "2014-06-30": "", "2014-03-31": "", "2013-12-31": "", "2013-09-30": "", "2013-06-30": "", "2013-03-31": "", "2012-12-31": "", "2012-09-30": "", "2012-06-30": "", "2012-03-31": "", "2011-12-31": "", "2011-09-30": "", "2011-06-30": "", "2011-03-31": "", "2010-12-31": "", "2010-09-30": "", "2010-06-30": "", "2010-03-31": "", "2009-12-31": "", "2009-09-30": "", "2009-06-30": "", "2008-12-31": ""}, "Operating Expenses": {"2020-12-31": "10169.00000", "2020-09-30": "7962.00000", "2020-06-30": "5709.00000", "2020-03-31": "5702.00000", "2019-12-31": "7025.00000", "2019-09-30": "6042.00000", "2019-06-30": "6517.00000", "2019-03-31": "5063.00000", "2018-12-31": "6811.65200", "2018-09-30": "6408.00000", "2018-06-30": "4623.62300", "2018-03-31": "4005.72500", "2017-12-31": "3886.55300", "2017-09-30": "3520.15500", "2017-06-30": "3030.47300", "2017-03-31": "2953.81900", "2016-12-31": "2551.32900", "2016-09-30": "2212.81400", "2016-06-30": "1508.05700", "2016-03-31": "1395.27200", "2015-12-31": "1474.71300", "2015-09-30": "1120.45100", "2015-06-30": "1125.16400", "2015-03-31": "1042.32600", "2014-12-31": "1031.50100", "2014-09-30": "890.93300", "2014-06-30": "798.10200", "2014-03-31": "664.50900", "2013-12-31": "628.57200", "2013-09-30": "461.90000", "2013-06-30": "416.93100", "2013-03-31": "567.37600", "2012-12-31": "397.21700", "2012-09-30": "158.56400", "2012-06-30": "132.82800", "2012-03-31": "118.93000", "2011-12-31": "120.30100", "2011-09-30": "122.14300", "2011-06-30": "116.91000", "2011-03-31": "96.37600", "2010-12-31": "87.93000", "2010-09-30": "69.07500", "2010-06-30": "59.76700", "2010-03-31": "46.81000", "2009-12-31": "", "2009-09-30": "49.81800", "2009-06-30": "35.03200", "2008-12-31": ""}, "Operating Income": {"2020-12-31": "575.00000", "2020-09-30": "809.00000", "2020-06-30": "327.00000", "2020-03-31": "283.00000", "2019-12-31": "359.00000", "2019-09-30": "261.00000", "2019-06-30": "-167.00000", "2019-03-31": "-522.00000", "2018-12-31": "414.36670", "2018-09-30": "416.00000", "2018-06-30": "-621.39210", "2018-03-31": "-596.97410", "2017-12-31": "-598.05440", "2017-09-30": "-535.48020", "2017-06-30": "-240.91600", "2017-03-31": "-257.54910", "2016-12-31": "-266.69820", "2016-09-30": "85.62210", "2016-06-30": "-238.04000", "2016-03-31": "-248.22400", "2015-12-31": "-260.33330", "2015-09-30": "-183.66200", "2015-06-30": "-170.18790", "2015-03-31": "-102.44600", "2014-12-31": "-74.83970", "2014-09-30": "-39.12900", "2014-06-30": "-28.75300", "2014-03-31": "-43.96700", "2013-12-31": "-13.35320", "2013-09-30": "-30.55400", "2013-06-30": "-11.79200", "2013-03-31": "-5.58400", "2012-12-31": "-90.88500", "2012-09-30": "-108.46000", "2012-06-30": "-106.17500", "2012-03-31": "-88.76300", "2011-12-31": "-80.92600", "2011-09-30": "-64.47700", "2011-06-30": "-58.73900", "2011-03-31": "-47.34600", "2010-12-31": "-51.64400", "2010-09-30": "-37.83400", "2010-06-30": "-31.36200", "2010-03-31": "-25.99800", "2009-12-31": "", "2009-09-30": "-4.29100", "2009-06-30": "-8.08700", "2008-12-31": ""}, "Total Non-Operating Income/Expense": {"2020-12-31": "-196.00000", "2020-09-30": "-254.00000", "2020-06-30": "-177.00000", "2020-03-31": "-213.00000", "2019-12-31": "-185.00000", "2019-09-30": "-85.00000", "2019-06-30": "-203.00000", "2019-03-31": "-123.00000", "2018-12-31": "-182.34500", "2018-09-30": "-145.00000", "2018-06-30": "-107.60700", "2018-03-31": "-182.04800", "2017-12-31": "-181.81400", "2017-09-30": "-135.96800", "2017-06-30": "-144.86400", "2017-03-31": "-114.35400", "2016-12-31": "58.29900", "2016-09-30": "-55.61100", "2016-06-30": "-51.49900", "2016-03-31": "-30.19700", "2015-12-31": "-55.01600", "2015-09-30": "-44.41200", "2015-06-30": "-10.87200", "2015-03-31": "-48.69500", "2014-12-31": "-29.07400", "2014-09-30": "-31.85200", "2014-06-30": "-31.99700", "2014-03-31": "-5.02400", "2013-12-31": "-1.55300", "2013-09-30": "-7.16400", "2013-06-30": "-18.40900", "2013-03-31": "16.98300", "2012-12-31": "0.80400", "2012-09-30": "-2.22800", "2012-06-30": "0.68100", "2012-03-31": "-1.05100", "2011-12-31": "-0.45000", "2011-09-30": "-0.51400", "2011-06-30": "-0.02500", "2011-03-31": "-1.44500", "2010-12-31": "0.25000", "2010-09-30": "2.98200", "2010-06-30": "-7.14600", "2010-03-31": "-3.40300", "2009-12-31": "", "2009-09-30": "-0.54300", "2009-06-30": "-2.77200", "2008-12-31": ""}, "Pre-Tax Income": {"2020-12-31": "379.00000", "2020-09-30": "555.00000", "2020-06-30": "150.00000", "2020-03-31": "70.00000", "2019-12-31": "174.00000", "2019-09-30": "176.00000", "2019-06-30": "-370.00000", "2019-03-31": "-645.00000", "2018-12-31": "232.02100", "2018-09-30": "271.00000", "2018-06-30": "-728.99900", "2018-03-31": "-779.02200", "2017-12-31": "-779.86900", "2017-09-30": "-671.44800", "2017-06-30": "-385.78000", "2017-03-31": "-371.90300", "2016-12-31": "-208.39900", "2016-09-30": "30.01100", "2016-06-30": "-289.53900", "2016-03-31": "-278.42100", "2015-12-31": "-315.34910", "2015-09-30": "-228.07400", "2015-06-30": "-181.06000", "2015-03-31": "-151.14100", "2014-12-31": "-103.91400", "2014-09-30": "-70.98100", "2014-06-30": "-60.75000", "2014-03-31": "-48.99100", "2013-12-31": "-14.90600", "2013-09-30": "-37.71800", "2013-06-30": "-30.20100", "2013-03-31": "11.39900", "2012-12-31": "-90.08100", "2012-09-30": "-110.68800", "2012-06-30": "-105.49400", "2012-03-31": "-89.81400", "2011-12-31": "-81.37600", "2011-09-30": "-64.99100", "2011-06-30": "-58.76400", "2011-03-31": "-48.79100", "2010-12-31": "-51.39400", "2010-09-30": "-34.85200", "2010-06-30": "-38.50800", "2010-03-31": "-29.40100", "2009-12-31": "", "2009-09-30": "-4.83400", "2009-06-30": "-10.85900", "2008-12-31": ""}, "Income Taxes": {"2020-12-31": "83.00000", "2020-09-30": "186.00000", "2020-06-30": "21.00000", "2020-03-31": "2.00000", "2019-12-31": "42.00000", "2019-09-30": "26.00000", "2019-06-30": "19.00000", "2019-03-31": "23.00000", "2018-12-31": "21.68800", "2018-09-30": "17.00000", "2018-06-30": "13.70700", "2018-03-31": "5.60500", "2017-12-31": "-8.64000", "2017-09-30": "-0.28500", "2017-06-30": "15.64700", "2017-03-31": "25.27800", "2016-12-31": "11.07000", "2016-09-30": "8.13300", "2016-06-30": "3.64900", "2016-03-31": "3.84600", "2015-12-31": "5.04800", "2015-09-30": "1.78400", "2015-06-30": "3.16700", "2015-03-31": "3.04000", "2014-12-31": "3.71800", "2014-09-30": "3.72700", "2014-06-30": "1.15000", "2014-03-31": "0.80900", "2013-12-31": "1.35800", "2013-09-30": "0.77800", "2013-06-30": "0.30100", "2013-03-31": "0.15100", "2012-12-31": "-0.14800", "2012-09-30": "0.11600", "2012-06-30": "0.10900", "2012-03-31": "0.05900", "2011-12-31": "0.11300", "2011-09-30": "0.08700", "2011-06-30": "0.13900", "2011-03-31": "0.15000", "2010-12-31": "-0.03700", "2010-09-30": "0.08300", "2010-06-30": "0.00900", "2010-03-31": "0.11800", "2009-12-31": "", "2009-09-30": "-0.21900", "2009-06-30": "0.00800", "2008-12-31": ""}, "Income After Taxes": {"2020-12-31": "296.00000", "2020-09-30": "369.00000", "2020-06-30": "129.00000", "2020-03-31": "68.00000", "2019-12-31": "132.00000", "2019-09-30": "150.00000", "2019-06-30": "-389.00000", "2019-03-31": "-668.00000", "2018-12-31": "210.33290", "2018-09-30": "254.00000", "2018-06-30": "-742.70600", "2018-03-31": "-784.62700", "2017-12-31": "-771.22890", "2017-09-30": "-671.16300", "2017-06-30": "-401.42700", "2017-03-31": "-397.18100", "2016-12-31": "-219.46900", "2016-09-30": "21.87800", "2016-06-30": "-293.18800", "2016-03-31": "-282.26700", "2015-12-31": "-320.39710", "2015-09-30": "-229.85800", "2015-06-30": "-184.22700", "2015-03-31": "-154.18100", "2014-12-31": "-107.63200", "2014-09-30": "-74.70800", "2014-06-30": "-61.90000", "2014-03-31": "-49.80000", "2013-12-31": "-16.26400", "2013-09-30": "-38.49600", "2013-06-30": "-30.50200", "2013-03-31": "11.24800", "2012-12-31": "-89.93300", "2012-09-30": "-110.80400", "2012-06-30": "-105.60300", "2012-03-31": "-89.87300", "2011-12-31": "-81.48900", "2011-09-30": "-65.07800", "2011-06-30": "-58.90300", "2011-03-31": "-48.94100", "2010-12-31": "-51.35700", "2010-09-30": "-34.93500", "2010-06-30": "-38.51700", "2010-03-31": "-29.51900", "2009-12-31": "", "2009-09-30": "-4.61500", "2009-06-30": "-10.86700", "2008-12-31": ""}, "Other Income": {"2020-12-31": "", "2020-09-30": "", "2020-06-30": "", "2020-03-31": "", "2019-12-31": "", "2019-09-30": "", "2019-06-30": "", "2019-03-31": "", "2018-12-31": "", "2018-09-30": "", "2018-06-30": "", "2018-03-31": "", "2017-12-31": "", "2017-09-30": "", "2017-06-30": "", "2017-03-31": "", "2016-12-31": "", "2016-09-30": "", "2016-06-30": "", "2016-03-31": "", "2015-12-31": "", "2015-09-30": "", "2015-06-30": "", "2015-03-31": "", "2014-12-31": "", "2014-09-30": "", "2014-06-30": "", "2014-03-31": "", "2013-12-31": "", "2013-09-30": "", "2013-06-30": "", "2013-03-31": "", "2012-12-31": "", "2012-09-30": "", "2012-06-30": "", "2012-03-31": "", "2011-12-31": "", "2011-09-30": "", "2011-06-30": "", "2011-03-31": "", "2010-12-31": "", "2010-09-30": "", "2010-06-30": "", "2010-03-31": "", "2009-12-31": "", "2009-09-30": "", "2009-06-30": "", "2008-12-31": ""}, "Income From Continuous Operations": {"2020-12-31": "296.00000", "2020-09-30": "369.00000", "2020-06-30": "129.00000", "2020-03-31": "68.00000", "2019-12-31": "132.00000", "2019-09-30": "150.00000", "2019-06-30": "-389.00000", "2019-03-31": "-668.00000", "2018-12-31": "210.33290", "2018-09-30": "254.00000", "2018-06-30": "-742.70600", "2018-03-31": "-784.62700", "2017-12-31": "-771.22890", "2017-09-30": "-671.16300", "2017-06-30": "-401.42700", "2017-03-31": "-397.18100", "2016-12-31": "-219.46900", "2016-09-30": "21.87800", "2016-06-30": "-293.18800", "2016-03-31": "-282.26700", "2015-12-31": "-320.39710", "2015-09-30": "-229.85800", "2015-06-30": "-184.22700", "2015-03-31": "-154.18100", "2014-12-31": "-107.63200", "2014-09-30": "-74.70800", "2014-06-30": "-61.90000", "2014-03-31": "-49.80000", "2013-12-31": "-16.26400", "2013-09-30": "-38.49600", "2013-06-30": "-30.50200", "2013-03-31": "11.24800", "2012-12-31": "-89.93300", "2012-09-30": "-110.80400", "2012-06-30": "-105.60300", "2012-03-31": "-89.87300", "2011-12-31": "-81.48900", "2011-09-30": "-65.07800", "2011-06-30": "-58.90300", "2011-03-31": "-48.94100", "2010-12-31": "-51.35700", "2010-09-30": "-34.93500", "2010-06-30": "-38.51700", "2010-03-31": "-29.51900", "2009-12-31": "", "2009-09-30": "-4.61500", "2009-06-30": "-10.86700", "2008-12-31": ""}, "Income From Discontinued Operations": {"2020-12-31": "", "2020-09-30": "", "2020-06-30": "", "2020-03-31": "", "2019-12-31": "", "2019-09-30": "", "2019-06-30": "", "2019-03-31": "", "2018-12-31": "", "2018-09-30": "", "2018-06-30": "", "2018-03-31": "", "2017-12-31": "", "2017-09-30": "", "2017-06-30": "", "2017-03-31": "", "2016-12-31": "", "2016-09-30": "", "2016-06-30": "", "2016-03-31": "", "2015-12-31": "", "2015-09-30": "", "2015-06-30": "", "2015-03-31": "", "2014-12-31": "", "2014-09-30": "", "2014-06-30": "", "2014-03-31": "", "2013-12-31": "", "2013-09-30": "", "2013-06-30": "", "2013-03-31": "", "2012-12-31": "", "2012-09-30": "", "2012-06-30": "", "2012-03-31": "", "2011-12-31": "", "2011-09-30": "", "2011-06-30": "", "2011-03-31": "", "2010-12-31": "", "2010-09-30": "", "2010-06-30": "", "2010-03-31": "", "2009-12-31": "", "2009-09-30": "", "2009-06-30": "", "2008-12-31": ""}, "Net Income": {"2020-12-31": "270.00000", "2020-09-30": "300.00000", "2020-06-30": "104.00000", "2020-03-31": "16.00000", "2019-12-31": "113.00000", "2019-09-30": "143.00000", "2019-06-30": "-408.00000", "2019-03-31": "-710.00000", "2018-12-31": "140.09000", "2018-09-30": "311.00000", "2018-06-30": "-717.53900", "2018-03-31": "-709.55100", "2017-12-31": "-675.95010", "2017-09-30": "-619.37600", "2017-06-30": "-336.39700", "2017-03-31": "-330.27700", "2016-12-31": "-121.33700", "2016-09-30": "21.87800", "2016-06-30": "-293.18800", "2016-03-31": "-282.26700", "2015-12-31": "-320.39710", "2015-09-30": "-229.85800", "2015-06-30": "-184.22700", "2015-03-31": "-154.18100", "2014-12-31": "-107.63200", "2014-09-30": "-74.70800", "2014-06-30": "-61.90000", "2014-03-31": "-49.80000", "2013-12-31": "-16.26400", "2013-09-30": "-38.49600", "2013-06-30": "-30.50200", "2013-03-31": "11.24800", "2012-12-31": "-89.93300", "2012-09-30": "-110.80400", "2012-06-30": "-105.60300", "2012-03-31": "-89.87300", "2011-12-31": "-81.48900", "2011-09-30": "-65.07800", "2011-06-30": "-58.90300", "2011-03-31": "-48.94100", "2010-12-31": "-51.35700", "2010-09-30": "-34.93500", "2010-06-30": "-38.51700", "2010-03-31": "-29.51900", "2009-12-31": "", "2009-09-30": "-4.61500", "2009-06-30": "-10.86700", "2008-12-31": ""}, "EBITDA": {"2020-12-31": "", "2020-09-30": "1443.00000", "2020-06-30": "942.00000", "2020-03-31": "882.00000", "2019-12-31": "986.00000", "2019-09-30": "847.00000", "2019-06-30": "454.00000", "2019-03-31": "-14.00000", "2018-12-31": "949.36670", "2018-09-30": "965.09300", "2018-06-30": "-101.06310", "2018-03-31": "-141.39610", "2017-12-31": "-98.06450", "2017-09-30": "-141.64820", "2017-06-30": "183.91300", "2017-03-31": "150.79990", "2016-12-31": "85.06980", "2016-09-30": "394.25510", "2016-06-30": "-33.72510", "2016-03-31": "-71.15100", "2015-12-31": "-89.93230", "2015-09-30": "-55.63210", "2015-06-30": "-63.02790", "2015-03-31": "-7.39300", "2014-12-31": "7.23630", "2014-09-30": "49.37500", "2014-06-30": "49.57100", "2014-03-31": "8.79400", "2013-12-31": "28.03090", "2013-09-30": "1.65800", "2013-06-30": "17.54600", "2013-03-31": "12.26600", "2012-12-31": "-78.09300", "2012-09-30": "-100.93800", "2012-06-30": "-101.82700", "2012-03-31": "-84.60000", "2011-12-31": "-76.12200", "2011-09-30": "-60.19700", "2011-06-30": "-54.42100", "2011-03-31": "-43.82900", "2010-12-31": "-48.75400", "2010-09-30": "-34.72500", "2010-06-30": "-28.87900", "2010-03-31": "-23.85700", "2009-12-31": "", "2009-09-30": "-2.34300", "2009-06-30": "-8.08700", "2008-12-31": ""}, "EBIT": {"2020-12-31": "575.00000", "2020-09-30": "809.00000", "2020-06-30": "327.00000", "2020-03-31": "283.00000", "2019-12-31": "359.00000", "2019-09-30": "261.00000", "2019-06-30": "-167.00000", "2019-03-31": "-522.00000", "2018-12-31": "414.36620", "2018-09-30": "416.00000", "2018-06-30": "-621.39210", "2018-03-31": "-596.97410", "2017-12-31": "-598.05470", "2017-09-30": "-535.48020", "2017-06-30": "-240.91600", "2017-03-31": "-257.54910", "2016-12-31": "-266.69840", "2016-09-30": "85.62210", "2016-06-30": "-238.04000", "2016-03-31": "-248.22400", "2015-12-31": "-260.33340", "2015-09-30": "-183.66200", "2015-06-30": "-170.18790", "2015-03-31": "-102.44600", "2014-12-31": "-74.83970", "2014-09-30": "-39.12900", "2014-06-30": "-28.75300", "2014-03-31": "-43.96700", "2013-12-31": "-13.35310", "2013-09-30": "-30.55400", "2013-06-30": "-11.79200", "2013-03-31": "-5.58400", "2012-12-31": "-90.88500", "2012-09-30": "-108.46000", "2012-06-30": "-106.17500", "2012-03-31": "-88.76300", "2011-12-31": "-80.92600", "2011-09-30": "-64.47700", "2011-06-30": "-58.73900", "2011-03-31": "-47.34600", "2010-12-31": "-51.64400", "2010-09-30": "-37.83400", "2010-06-30": "-31.36200", "2010-03-31": "-25.99800", "2009-12-31": "", "2009-09-30": "-4.29100", "2009-06-30": "-8.08700", "2008-12-31": ""}, "Basic Shares Outstanding": {"2020-12-31": "951.00000", "2020-09-30": "937.00000", "2020-06-30": "930.00000", "2020-03-31": "915.00000", "2019-12-31": "885.00000", "2019-09-30": "897.00000", "2019-06-30": "885.00000", "2019-03-31": "865.00000", "2018-12-31": "855.00000", "2018-09-30": "855.00000", "2018-06-30": "849.98500", "2018-03-31": "845.73000", "2017-12-31": "830.00000", "2017-09-30": "836.47000", "2017-06-30": "826.06010", "2017-03-31": "810.64500", "2016-12-31": "721.06010", "2016-09-30": "744.95500", "2016-06-30": "699.91500", "2016-03-31": "663.38000", "2015-12-31": "641.01000", "2015-09-30": "645.03000", "2015-06-30": "633.44500", "2015-03-31": "629.73500", "2014-12-31": "622.69500", "2014-09-30": "624.55500", "2014-06-30": "621.25000", "2014-03-31": "617.36500", "2013-12-31": "597.10500", "2013-09-30": "609.31000", "2013-06-30": "590.97000", "2013-03-31": "573.56000", "2012-12-31": "536.74500", "2012-09-30": "527.78000", "2012-06-30": "526.21000", "2012-03-31": "523.92000", "2011-12-31": "501.94500", "2011-09-30": "520.38500", "2011-06-30": "488.78500", "2011-03-31": "475.93500", "2010-12-31": "253.59000", "2010-09-30": "461.35500", "2010-06-30": "38.21500", "2010-03-31": "36.51000", "2009-12-31": "", "2009-09-30": "35.07000", "2009-06-30": "34.83000", "2008-12-31": ""}, "Shares Outstanding": {"2020-12-31": "1124.00000", "2020-09-30": "1105.00000", "2020-06-30": "1035.00000", "2020-03-31": "995.00000", "2019-12-31": "885.00000", "2019-09-30": "922.00000", "2019-06-30": "885.00000", "2019-03-31": "865.00000", "2018-12-31": "855.00000", "2018-09-30": "890.00000", "2018-06-30": "849.98500", "2018-03-31": "845.73000", "2017-12-31": "830.00000", "2017-09-30": "836.47000", "2017-06-30": "826.06010", "2017-03-31": "810.64500", "2016-12-31": "721.06010", "2016-09-30": "784.67500", "2016-06-30": "699.91500", "2016-03-31": "663.38000", "2015-12-31": "641.01000", "2015-09-30": "645.03000", "2015-06-30": "633.44500", "2015-03-31": "629.73500", "2014-12-31": "622.69500", "2014-09-30": "624.55500", "2014-06-30": "621.25000", "2014-03-31": "617.36500", "2013-12-31": "597.10500", "2013-09-30": "609.31000", "2013-06-30": "590.97000", "2013-03-31": "621.32500", "2012-12-31": "536.74500", "2012-09-30": "527.78000", "2012-06-30": "526.21000", "2012-03-31": "523.92000", "2011-12-31": "501.94500", "2011-09-30": "520.38500", "2011-06-30": "488.78500", "2011-03-31": "475.93500", "2010-12-31": "253.59000", "2010-09-30": "461.35500", "2010-06-30": "38.21500", "2010-03-31": "36.51000", "2009-12-31": "", "2009-09-30": "35.07000", "2009-06-30": "34.83000", "2008-12-31": ""}, "Basic EPS": {"2020-12-31": "0.28000", "2020-09-30": "0.32000", "2020-06-30": "0.11200", "2020-03-31": "0.01800", "2019-12-31": "0.13800", "2019-09-30": "0.16000", "2019-06-30": "-0.46200", "2019-03-31": "-0.82000", "2018-12-31": "0.17400", "2018-09-30": "0.36400", "2018-06-30": "-0.84400", "2018-03-31": "-0.83800", "2017-12-31": "-0.81000", "2017-09-30": "-0.74000", "2017-06-30": "-0.40800", "2017-03-31": "-0.40800", "2016-12-31": "-0.12200", "2016-09-30": "0.03000", "2016-06-30": "-0.41800", "2016-03-31": "-0.42600", "2015-12-31": "-0.49600", "2015-09-30": "-0.35600", "2015-06-30": "-0.29000", "2015-03-31": "-0.24400", "2014-12-31": "-0.17200", "2014-09-30": "-0.12000", "2014-06-30": "-0.10000", "2014-03-31": "-0.08000", "2013-12-31": "-0.02800", "2013-09-30": "-0.06400", "2013-06-30": "-0.05200", "2013-03-31": "0.02000", "2012-12-31": "-0.15600", "2012-09-30": "-0.21000", "2012-06-30": "-0.20000", "2012-03-31": "-0.17200", "2011-12-31": "-0.15800", "2011-09-30": "-0.12600", "2011-06-30": "-0.12000", "2011-03-31": "-0.10200", "2010-12-31": "1.28400", "2010-09-30": "-0.07600", "2010-06-30": "-1.00800", "2010-03-31": "-0.80800", "2009-12-31": "", "2009-09-30": "-0.13200", "2009-06-30": "-0.31200", "2008-12-31": ""}, "EPS - Earnings Per Share": {"2020-12-31": "0.24000", "2020-09-30": "0.27000", "2020-06-30": "0.10000", "2020-03-31": "0.01600", "2019-12-31": "0.13800", "2019-09-30": "0.16000", "2019-06-30": "-0.46200", "2019-03-31": "-0.82000", "2018-12-31": "0.18800", "2018-09-30": "0.35000", "2018-06-30": "-0.84400", "2018-03-31": "-0.83800", "2017-12-31": "-0.81000", "2017-09-30": "-0.74000", "2017-06-30": "-0.40800", "2017-03-31": "-0.40800", "2016-12-31": "-0.12000", "2016-09-30": "0.02800", "2016-06-30": "-0.41800", "2016-03-31": "-0.42600", "2015-12-31": "-0.49600", "2015-09-30": "-0.35600", "2015-06-30": "-0.29000", "2015-03-31": "-0.24400", "2014-12-31": "-0.17200", "2014-09-30": "-0.12000", "2014-06-30": "-0.10000", "2014-03-31": "-0.08000", "2013-12-31": "-0.00800", "2013-09-30": "-0.06400", "2013-06-30": "-0.05200", "2013-03-31": "0.00000", "2012-12-31": "-0.15600", "2012-09-30": "-0.21000", "2012-06-30": "-0.20000", "2012-03-31": "-0.17200", "2011-12-31": "-0.15800", "2011-09-30": "-0.12600", "2011-06-30": "-0.12000", "2011-03-31": "-0.10200", "2010-12-31": "1.28400", "2010-09-30": "-0.07600", "2010-06-30": "-1.00800", "2010-03-31": "-0.80800", "2009-12-31": "0.00000", "2009-09-30": "-0.13200", "2009-06-30": "-0.31200", "2008-12-31": "0.00000"}}, "balance sheet": {"Cash On Hand": {"2020-12-31": "19384.00000", "2019-12-31": "6514.00000", "2018-12-31": "3879.00000", "2017-12-31": "3523.23700", "2016-12-31": "3498.73500", "2015-12-31": "1219.53600", "2014-12-31": "1923.66000", "2013-12-31": "848.90100", "2012-12-31": "220.98400", "2011-12-31": "303.80300", "2010-12-31": "173.15500", "2009-12-31": "69.62700", "2008-12-31": ""}, "Receivables": {"2020-12-31": "1886.00000", "2019-12-31": "1324.00000", "2018-12-31": "949.00000", "2017-12-31": "515.38100", "2016-12-31": "499.14200", "2015-12-31": "168.96500", "2014-12-31": "226.60400", "2013-12-31": "49.10900", "2012-12-31": "26.84200", "2011-12-31": "9.53900", "2010-12-31": "6.71000", "2009-12-31": "3.48800", "2008-12-31": ""}, "Inventory": {"2020-12-31": "4101.00000", "2019-12-31": "3552.00000", "2018-12-31": "3113.00000", "2017-12-31": "2263.53700", "2016-12-31": "2067.45400", "2015-12-31": "1277.83800", "2014-12-31": "953.67500", "2013-12-31": "340.35500", "2012-12-31": "268.50400", "2011-12-31": "50.08200", "2010-12-31": "45.18200", "2009-12-31": "23.22200", "2008-12-31": ""}, "Pre-Paid Expenses": {"2020-12-31": "1346.00000", "2019-12-31": "713.00000", "2018-12-31": "366.00000", "2017-12-31": "268.36500", "2016-12-31": "194.46500", "2015-12-31": "115.66700", "2014-12-31": "76.13400", "2013-12-31": "27.57400", "2012-12-31": "8.43800", "2011-12-31": "9.41400", "2010-12-31": "10.83900", "2009-12-31": "4.22200", "2008-12-31": ""}, "Other Current Assets": {"2020-12-31": "", "2019-12-31": "", "2018-12-31": "", "2017-12-31": "", "2016-12-31": "", "2015-12-31": "", "2014-12-31": "", "2013-12-31": "", "2012-12-31": "", "2011-12-31": "", "2010-12-31": "", "2009-12-31": "", "2008-12-31": ""}, "Total Current Assets": {"2020-12-31": "26717.00000", "2019-12-31": "12103.00000", "2018-12-31": "8307.00000", "2017-12-31": "6570.52000", "2016-12-31": "6259.79600", "2015-12-31": "2782.00600", "2014-12-31": "3180.07300", "2013-12-31": "1265.93900", "2012-12-31": "524.76800", "2011-12-31": "372.83800", "2010-12-31": "235.88600", "2009-12-31": "100.55900", "2008-12-31": ""}, "Property, Plant, And Equipment": {"2020-12-31": "12747.00000", "2019-12-31": "10396.00000", "2018-12-31": "11330.00000", "2017-12-31": "10027.52000", "2016-12-31": "5982.95700", "2015-12-31": "3403.33400", "2014-12-31": "1829.26700", "2013-12-31": "738.49400", "2012-12-31": "552.22900", "2011-12-31": "298.41400", "2010-12-31": "114.63600", "2009-12-31": "23.53500", "2008-12-31": ""}, "Long-Term Investments": {"2020-12-31": "", "2019-12-31": "", "2018-12-31": "", "2017-12-31": "", "2016-12-31": "", "2015-12-31": "", "2014-12-31": "", "2013-12-31": "", "2012-12-31": "", "2011-12-31": "", "2010-12-31": "", "2009-12-31": "", "2008-12-31": ""}, "Goodwill And Intangible Assets": {"2020-12-31": "520.00000", "2019-12-31": "537.00000", "2018-12-31": "350.00000", "2017-12-31": "421.73900", "2016-12-31": "376.14500", "2015-12-31": "12.81600", "2014-12-31": "", "2013-12-31": "", "2012-12-31": "", "2011-12-31": "", "2010-12-31": "", "2009-12-31": "", "2008-12-31": "0.00000"}, "Other Long-Term Assets": {"2020-12-31": "7515.00000", "2019-12-31": "7215.00000", "2018-12-31": "7241.00000", "2017-12-31": "7062.33500", "2016-12-31": "6404.79600", "2015-12-31": "78.38000", "2014-12-31": "54.58300", "2013-12-31": "30.07200", "2012-12-31": "27.12200", "2011-12-31": "30.43900", "2010-12-31": "27.59700", "2009-12-31": "6.33000", "2008-12-31": ""}, "Total Long-Term Assets": {"2020-12-31": "25431.00000", "2019-12-31": "22206.00000", "2018-12-31": "21433.00000", "2017-12-31": "22084.85000", "2016-12-31": "16404.28000", "2015-12-31": "5285.93300", "2014-12-31": "2650.59400", "2013-12-31": "1150.99100", "2012-12-31": "589.42200", "2011-12-31": "340.61000", "2010-12-31": "150.19600", "2009-12-31": "29.86500", "2008-12-31": ""}, "Total Assets": {"2020-12-31": "52148.00000", "2019-12-31": "34309.00000", "2018-12-31": "29740.00000", "2017-12-31": "28655.37000", "2016-12-31": "22664.08000", "2015-12-31": "8067.93900", "2014-12-31": "5830.66700", "2013-12-31": "2416.93000", "2012-12-31": "1114.19000", "2011-12-31": "713.44800", "2010-12-31": "386.08200", "2009-12-31": "130.42400", "2008-12-31": "0.00000"}, "Total Current Liabilities": {"2020-12-31": "14248.00000", "2019-12-31": "10667.00000", "2018-12-31": "9993.00000", "2017-12-31": "7674.67000", "2016-12-31": "5827.00500", "2015-12-31": "2811.03500", "2014-12-31": "2107.16600", "2013-12-31": "675.16000", "2012-12-31": "539.10800", "2011-12-31": "191.33900", "2010-12-31": "85.56500", "2009-12-31": "57.48900", "2008-12-31": ""}, "Long Term Debt": {"2020-12-31": "9607.00000", "2019-12-31": "11634.00000", "2018-12-31": "9404.00000", "2017-12-31": "9418.39000", "2016-12-31": "5879.12000", "2015-12-31": "2068.37800", "2014-12-31": "1876.98100", "2013-12-31": "598.97400", "2012-12-31": "411.46000", "2011-12-31": "271.16500", "2010-12-31": "72.32400", "2009-12-31": "0.80000", "2008-12-31": ""}, "Other Non-Current Liabilities": {"2020-12-31": "3330.00000", "2019-12-31": "2691.00000", "2018-12-31": "3039.00000", "2017-12-31": "4752.19200", "2016-12-31": "4201.03600", "2015-12-31": "1658.71700", "2014-12-31": "642.53900", "2013-12-31": "294.49600", "2012-12-31": "35.86200", "2011-12-31": "23.75300", "2010-12-31": "18.36200", "2009-12-31": "3.45900", "2008-12-31": ""}, "Total Long Term Liabilities": {"2020-12-31": "14825.00000", "2019-12-31": "16175.00000", "2018-12-31": "13990.00000", "2017-12-31": "15746.12000", "2016-12-31": "11298.98000", "2015-12-31": "4173.20000", "2014-12-31": "2811.79100", "2013-12-31": "1074.65000", "2012-12-31": "450.38200", "2011-12-31": "298.06400", "2010-12-31": "93.46900", "2009-12-31": "326.45800", "2008-12-31": ""}, "Total Liabilities": {"2020-12-31": "29073.00000", "2019-12-31": "26842.00000", "2018-12-31": "23983.00000", "2017-12-31": "23420.78000", "2016-12-31": "17125.99000", "2015-12-31": "6984.23500", "2014-12-31": "4918.95700", "2013-12-31": "1749.81000", "2012-12-31": "989.49000", "2011-12-31": "489.40300", "2010-12-31": "179.03400", "2009-12-31": "383.94700", "2008-12-31": "0.00000"}, "Common Stock Net": {"2020-12-31": "", "2019-12-31": "", "2018-12-31": "", "2017-12-31": "0.16900", "2016-12-31": "0.16100", "2015-12-31": "0.13100", "2014-12-31": "0.12600", "2013-12-31": "0.12300", "2012-12-31": "0.11500", "2011-12-31": "0.10400", "2010-12-31": "0.09500", "2009-12-31": "0.00700", "2008-12-31": "0.00000"}, "Retained Earnings (Accumulated Deficit)": {"2020-12-31": "", "2019-12-31": "-6083.00000", "2018-12-31": "-5318.00000", "2017-12-31": "-4974.29900", "2016-12-31": "-2997.23700", "2015-12-31": "-2322.32300", "2014-12-31": "-1433.66000", "2013-12-31": "-1139.62000", "2012-12-31": "-1065.60600", "2011-12-31": "-669.39200", "2010-12-31": "-414.98200", "2009-12-31": "-260.65400", "2008-12-31": ""}, "Comprehensive Income": {"2020-12-31": "", "2019-12-31": "-36.00000", "2018-12-31": "-8.00000", "2017-12-31": "33.34800", "2016-12-31": "-23.74000", "2015-12-31": "-3.55600", "2014-12-31": "-0.02200", "2013-12-31": "", "2012-12-31": "", "2011-12-31": "-0.00300", "2010-12-31": "", "2009-12-31": "", "2008-12-31": ""}, "Other Share Holders Equity": {"2020-12-31": "", "2019-12-31": "", "2018-12-31": "", "2017-12-31": "", "2016-12-31": "", "2015-12-31": "", "2014-12-31": "", "2013-12-31": "", "2012-12-31": "", "2011-12-31": "", "2010-12-31": "", "2009-12-31": "", "2008-12-31": "0.00000"}, "Share Holder Equity": {"2020-12-31": "23075.00000", "2019-12-31": "7467.00000", "2018-12-31": "5757.00000", "2017-12-31": "5234.58800", "2016-12-31": "5538.08600", "2015-12-31": "1083.70400", "2014-12-31": "911.71000", "2013-12-31": "667.12000", "2012-12-31": "124.70000", "2011-12-31": "224.04500", "2010-12-31": "207.04800", "2009-12-31": "-253.52300", "2008-12-31": "0.00000"}, "Total Liabilities And Share Holders Equity": {"2020-12-31": "52148.00000", "2019-12-31": "34309.00000", "2018-12-31": "29740.00000", "2017-12-31": "28655.37000", "2016-12-31": "22664.08000", "2015-12-31": "8067.93900", "2014-12-31": "5830.66700", "2013-12-31": "2416.93000", "2012-12-31": "1114.19000", "2011-12-31": "713.44800", "2010-12-31": "386.08200", "2009-12-31": "130.42400", "2008-12-31": "0.00000"}}, "balance sheet, quarterly": {"Cash On Hand": {"2020-12-31": "19384.00000", "2020-09-30": "14531.00000", "2020-06-30": "8615.00000", "2020-03-31": "8080.00000", "2019-12-31": "6268.00000", "2019-09-30": "5571.00000", "2019-06-30": "5082.74600", "2019-03-31": "2329.11900", "2018-12-31": "3879.00000", "2018-09-30": "3126.13100", "2018-06-30": "2383.24600", "2018-03-31": "2785.86700", "2017-12-31": "3523.23700", "2017-09-30": "3668.21100", "2017-06-30": "3154.29300", "2017-03-31": "4095.53900", "2016-12-31": "3498.73500", "2016-09-30": "3107.96800", "2016-06-30": "3270.82600", "2016-03-31": "1465.76900", "2015-12-31": "1219.53600", "2015-09-30": "1451.25900", "2015-06-30": "1171.26400", "2015-03-31": "1530.76900", "2014-12-31": "1923.66000", "2014-09-30": "2388.06600", "2014-06-30": "2686.62400", "2014-03-31": "2584.06800", "2013-12-31": "848.90100", "2013-09-30": "796.38100", "2013-06-30": "747.41900", "2013-03-31": "231.13600", "2012-12-31": "220.98400", "2012-09-30": "108.55400", "2012-06-30": "232.51400", "2012-03-31": "282.77800", "2011-12-31": "303.80300", "2011-09-30": "333.69300", "2011-06-30": "330.63100", "2011-03-31": "143.59800", "2010-12-31": "173.15500", "2010-09-30": "184.69300", "2010-06-30": "47.30400", "2010-03-31": "", "2009-12-31": "", "2009-09-30": "", "2009-06-30": "", "2008-12-31": ""}, "Receivables": {"2020-12-31": "1886.00000", "2020-09-30": "1757.00000", "2020-06-30": "1485.00000", "2020-03-31": "1274.00000", "2019-12-31": "1324.00000", "2019-09-30": "1128.00000", "2019-06-30": "1147.10000", "2019-03-31": "1046.94500", "2018-12-31": "949.00000", "2018-09-30": "1155.00100", "2018-06-30": "569.87400", "2018-03-31": "652.84800", "2017-12-31": "515.38100", "2017-09-30": "607.73400", "2017-06-30": "453.53900", "2017-03-31": "440.34900", "2016-12-31": "499.14200", "2016-09-30": "326.89500", "2016-06-30": "178.59400", "2016-03-31": "318.05600", "2015-12-31": "168.96500", "2015-09-30": "119.96400", "2015-06-30": "138.64800", "2015-03-31": "200.05200", "2014-12-31": "226.60400", "2014-09-30": "156.88900", "2014-06-30": "96.60700", "2014-03-31": "72.38000", "2013-12-31": "49.10900", "2013-09-30": "47.58000", "2013-06-30": "113.54400", "2013-03-31": "46.13900", "2012-12-31": "26.84200", "2012-09-30": "9.16400", "2012-06-30": "11.02300", "2012-03-31": "13.58900", "2011-12-31": "9.53900", "2011-09-30": "18.25000", "2011-06-30": "23.30800", "2011-03-31": "20.26000", "2010-12-31": "6.71000", "2010-09-30": "8.06200", "2010-06-30": "6.46700", "2010-03-31": "", "2009-12-31": "", "2009-09-30": "", "2009-06-30": "", "2008-12-31": ""}, "Inventory": {"2020-12-31": "4101.00000", "2020-09-30": "4218.00000", "2020-06-30": "4018.00000", "2020-03-31": "4494.00000", "2019-12-31": "3552.00000", "2019-09-30": "3581.00000", "2019-06-30": "3382.35800", "2019-03-31": "3836.85000", "2018-12-31": "3113.00000", "2018-09-30": "3314.12700", "2018-06-30": "3324.64300", "2018-03-31": "2565.82600", "2017-12-31": "2263.53700", "2017-09-30": "2471.38200", "2017-06-30": "2438.11100", "2017-03-31": "2220.33600", "2016-12-31": "2067.45400", "2016-09-30": "1604.57100", "2016-06-30": "1609.60700", "2016-03-31": "1301.96100", "2015-12-31": "1277.83800", "2015-09-30": "1293.71700", "2015-06-30": "1212.27900", "2015-03-31": "1054.84000", "2014-12-31": "953.67500", "2014-09-30": "752.49200", "2014-06-30": "596.92700", "2014-03-31": "450.73000", "2013-12-31": "340.35500", "2013-09-30": "347.54500", "2013-06-30": "254.89100", "2013-03-31": "237.61800", "2012-12-31": "268.50400", "2012-09-30": "159.04800", "2012-06-30": "66.66900", "2012-03-31": "55.42700", "2011-12-31": "50.08200", "2011-09-30": "49.21600", "2011-06-30": "54.31200", "2011-03-31": "50.82300", "2010-12-31": "45.18200", "2010-09-30": "39.50800", "2010-06-30": "29.51800", "2010-03-31": "", "2009-12-31": "", "2009-09-30": "", "2009-06-30": "", "2008-12-31": ""}, "Pre-Paid Expenses": {"2020-12-31": "1346.00000", "2020-09-30": "1238.00000", "2020-06-30": "1218.00000", "2020-03-31": "1045.00000", "2019-12-31": "959.00000", "2019-09-30": "660.00000", "2019-06-30": "569.74800", "2019-03-31": "464.90800", "2018-12-31": "366.00000", "2018-09-30": "325.23200", "2018-06-30": "422.03400", "2018-03-31": "379.37900", "2017-12-31": "268.36500", "2017-09-30": "321.40600", "2017-06-30": "313.50100", "2017-03-31": "271.66500", "2016-12-31": "194.46500", "2016-09-30": "132.97800", "2016-06-30": "144.67800", "2016-03-31": "153.75700", "2015-12-31": "115.66700", "2015-09-30": "133.85500", "2015-06-30": "106.43000", "2015-03-31": "135.75600", "2014-12-31": "76.13400", "2014-09-30": "65.46700", "2014-06-30": "61.53600", "2014-03-31": "48.86900", "2013-12-31": "27.57400", "2013-09-30": "27.26000", "2013-06-30": "13.68800", "2013-03-31": "11.10000", "2012-12-31": "8.43800", "2012-09-30": "7.77500", "2012-06-30": "6.92000", "2012-03-31": "7.10300", "2011-12-31": "9.41400", "2011-09-30": "10.96200", "2011-06-30": "9.50700", "2011-03-31": "12.22500", "2010-12-31": "10.83900", "2010-09-30": "8.87000", "2010-06-30": "6.74500", "2010-03-31": "", "2009-12-31": "", "2009-09-30": "", "2009-06-30": "", "2008-12-31": ""}, "Other Current Assets": {"2020-12-31": "", "2020-09-30": "", "2020-06-30": "", "2020-03-31": "", "2019-12-31": "", "2019-09-30": "", "2019-06-30": "", "2019-03-31": "", "2018-12-31": "", "2018-09-30": "", "2018-06-30": "", "2018-03-31": "", "2017-12-31": "", "2017-09-30": "", "2017-06-30": "", "2017-03-31": "", "2016-12-31": "", "2016-09-30": "", "2016-06-30": "", "2016-03-31": "", "2015-12-31": "", "2015-09-30": "", "2015-06-30": "", "2015-03-31": "", "2014-12-31": "", "2014-09-30": "", "2014-06-30": "", "2014-03-31": "", "2013-12-31": "", "2013-09-30": "", "2013-06-30": "", "2013-03-31": "", "2012-12-31": "", "2012-09-30": "", "2012-06-30": "", "2012-03-31": "", "2011-12-31": "", "2011-09-30": "", "2011-06-30": "", "2011-03-31": "", "2010-12-31": "", "2010-09-30": "", "2010-06-30": "", "2010-03-31": "", "2009-12-31": "", "2009-09-30": "", "2009-06-30": "", "2008-12-31": ""}, "Total Current Assets": {"2020-12-31": "26717.00000", "2020-09-30": "21744.00000", "2020-06-30": "15336.00000", "2020-03-31": "14893.00000", "2019-12-31": "12103.00000", "2019-09-30": "10940.00000", "2019-06-30": "10181.95000", "2019-03-31": "7677.82200", "2018-12-31": "8307.00000", "2018-09-30": "7920.49100", "2018-06-30": "6699.79700", "2018-03-31": "6383.92000", "2017-12-31": "6570.52000", "2017-09-30": "7068.73300", "2017-06-30": "6359.44400", "2017-03-31": "7027.88900", "2016-12-31": "6259.79600", "2016-09-30": "5172.41200", "2016-06-30": "5203.70500", "2016-03-31": "3239.54300", "2015-12-31": "2782.00600", "2015-09-30": "2998.79500", "2015-06-30": "2628.62100", "2015-03-31": "2921.41700", "2014-12-31": "3180.07300", "2014-09-30": "3362.91400", "2014-06-30": "3441.69400", "2014-03-31": "3156.04700", "2013-12-31": "1265.93900", "2013-09-30": "1218.76600", "2013-06-30": "1129.54200", "2013-03-31": "525.99300", "2012-12-31": "524.76800", "2012-09-30": "284.54100", "2012-06-30": "317.12600", "2012-03-31": "358.89700", "2011-12-31": "372.83800", "2011-09-30": "412.12100", "2011-06-30": "417.75800", "2011-03-31": "226.90600", "2010-12-31": "235.88600", "2010-09-30": "241.13300", "2010-06-30": "90.03400", "2010-03-31": "", "2009-12-31": "", "2009-09-30": "", "2009-06-30": "", "2008-12-31": ""}, "Property, Plant, And Equipment": {"2020-12-31": "12747.00000", "2020-09-30": "11848.00000", "2020-06-30": "11009.00000", "2020-03-31": "10638.00000", "2019-12-31": "10396.00000", "2019-09-30": "10190.00000", "2019-06-30": "10082.46000", "2019-03-31": "9850.92900", "2018-12-31": "11330.00000", "2018-09-30": "11246.29000", "2018-06-30": "10969.35000", "2018-03-31": "10519.23000", "2017-12-31": "10027.52000", "2017-09-30": "9394.39700", "2017-06-30": "8399.22900", "2017-03-31": "7016.55100", "2016-12-31": "5982.95700", "2016-09-30": "4309.04800", "2016-06-30": "3993.25000", "2016-03-31": "3593.01400", "2015-12-31": "3403.33400", "2015-09-30": "3103.81100", "2015-06-30": "2646.01700", "2015-03-31": "2224.19100", "2014-12-31": "1829.26700", "2014-09-30": "1404.32600", "2014-06-30": "1035.82200", "2014-03-31": "849.38900", "2013-12-31": "738.49400", "2013-09-30": "654.48200", "2013-06-30": "595.57900", "2013-03-31": "581.99700", "2012-12-31": "552.22900", "2012-09-30": "486.24800", "2012-06-30": "421.85900", "2012-03-31": "364.12800", "2011-12-31": "298.41400", "2011-09-30": "248.12200", "2011-06-30": "189.64700", "2011-03-31": "143.37200", "2010-12-31": "114.63600", "2010-09-30": "37.15300", "2010-06-30": "33.15600", "2010-03-31": "", "2009-12-31": "", "2009-09-30": "", "2009-06-30": "", "2008-12-31": ""}, "Long-Term Investments": {"2020-12-31": "", "2020-09-30": "", "2020-06-30": "", "2020-03-31": "", "2019-12-31": "", "2019-09-30": "", "2019-06-30": "", "2019-03-31": "", "2018-12-31": "", "2018-09-30": "", "2018-06-30": "", "2018-03-31": "", "2017-12-31": "", "2017-09-30": "", "2017-06-30": "", "2017-03-31": "", "2016-12-31": "", "2016-09-30": "", "2016-06-30": "", "2016-03-31": "", "2015-12-31": "", "2015-09-30": "", "2015-06-30": "", "2015-03-31": "", "2014-12-31": "", "2014-09-30": "", "2014-06-30": "", "2014-03-31": "", "2013-12-31": "", "2013-09-30": "", "2013-06-30": "", "2013-03-31": "", "2012-12-31": "", "2012-09-30": "", "2012-06-30": "", "2012-03-31": "", "2011-12-31": "", "2011-09-30": "", "2011-06-30": "", "2011-03-31": "", "2010-12-31": "", "2010-09-30": "", "2010-06-30": "", "2010-03-31": "", "2009-12-31": "", "2009-09-30": "", "2009-06-30": "", "2008-12-31": ""}, "Goodwill And Intangible Assets": {"2020-12-31": "520.00000", "2020-09-30": "521.00000", "2020-06-30": "508.00000", "2020-03-31": "516.00000", "2019-12-31": "537.00000", "2019-09-30": "537.00000", "2019-06-30": "480.83300", "2019-03-31": "347.88000", "2018-12-31": "350.00000", "2018-09-30": "356.70200", "2018-06-30": "364.69000", "2018-03-31": "407.71200", "2017-12-31": "421.73900", "2017-09-30": "417.47400", "2017-06-30": "424.61300", "2017-03-31": "429.59200", "2016-12-31": "376.14500", "2016-09-30": "", "2016-06-30": "", "2016-03-31": "", "2015-12-31": "12.81600", "2015-09-30": "", "2015-06-30": "", "2015-03-31": "", "2014-12-31": "", "2014-09-30": "", "2014-06-30": "", "2014-03-31": "", "2013-12-31": "", "2013-09-30": "", "2013-06-30": "", "2013-03-31": "", "2012-12-31": "", "2012-09-30": "", "2012-06-30": "", "2012-03-31": "", "2011-12-31": "", "2011-09-30": "", "2011-06-30": "", "2011-03-31": "", "2010-12-31": "", "2010-09-30": "", "2010-06-30": "", "2010-03-31": "0.00000", "2009-12-31": "", "2009-09-30": "0.00000", "2009-06-30": "0.00000", "2008-12-31": "0.00000"}, "Other Long-Term Assets": {"2020-12-31": "7515.00000", "2020-09-30": "7461.00000", "2020-06-30": "7484.00000", "2020-03-31": "7479.00000", "2019-12-31": "7608.00000", "2019-09-30": "7243.00000", "2019-06-30": "7409.22900", "2019-03-31": "7397.18300", "2018-12-31": "7241.00000", "2018-09-30": "7130.19100", "2018-06-30": "7159.27700", "2018-03-31": "7195.69300", "2017-12-31": "7062.33500", "2017-09-30": "6928.35800", "2017-06-30": "6786.93500", "2017-03-31": "6640.74900", "2016-12-31": "6404.79600", "2016-09-30": "161.64000", "2016-06-30": "138.27100", "2016-03-31": "114.93500", "2015-12-31": "78.38000", "2015-09-30": "84.16600", "2015-06-30": "73.30100", "2015-03-31": "62.36100", "2014-12-31": "54.58300", "2014-09-30": "52.55000", "2014-06-30": "45.72100", "2014-03-31": "43.24500", "2013-12-31": "30.07200", "2013-09-30": "24.13700", "2013-06-30": "31.25500", "2013-03-31": "26.72800", "2012-12-31": "27.12200", "2012-09-30": "26.59900", "2012-06-30": "26.10100", "2012-03-31": "26.02900", "2011-12-31": "30.43900", "2011-09-30": "28.33500", "2011-06-30": "28.21700", "2011-03-31": "27.87000", "2010-12-31": "27.59700", "2010-09-30": "77.59200", "2010-06-30": "24.78400", "2010-03-31": "", "2009-12-31": "", "2009-09-30": "", "2009-06-30": "", "2008-12-31": ""}, "Total Long-Term Assets": {"2020-12-31": "25431.00000", "2020-09-30": "23947.00000", "2020-06-30": "22799.00000", "2020-03-31": "22357.00000", "2019-12-31": "22206.00000", "2019-09-30": "21855.00000", "2019-06-30": "21690.64000", "2019-03-31": "21234.70000", "2018-12-31": "21433.00000", "2018-09-30": "21342.22000", "2018-06-30": "21210.20000", "2018-03-31": "20887.51000", "2017-12-31": "22084.85000", "2017-09-30": "21038.34000", "2017-06-30": "19684.26000", "2017-03-31": "18025.84000", "2016-12-31": "16404.28000", "2016-09-30": "7419.98500", "2016-06-30": "6665.24700", "2016-03-31": "5952.15900", "2015-12-31": "5285.93300", "2015-09-30": "4548.70200", "2015-06-30": "3839.56400", "2015-03-31": "3198.61300", "2014-12-31": "2650.59400", "2014-09-30": "2074.61900", "2014-06-30": "1612.76900", "2014-03-31": "1344.36300", "2013-12-31": "1150.99100", "2013-09-30": "947.44310", "2013-06-30": "758.30200", "2013-03-31": "617.78500", "2012-12-31": "589.42200", "2012-09-30": "524.63600", "2012-06-30": "459.74300", "2012-03-31": "402.20300", "2011-12-31": "340.61000", "2011-09-30": "288.12900", "2011-06-30": "228.39700", "2011-03-31": "180.38300", "2010-12-31": "150.19600", "2010-09-30": "120.48800", "2010-06-30": "57.94000", "2010-03-31": "", "2009-12-31": "", "2009-09-30": "", "2009-06-30": "", "2008-12-31": ""}, "Total Assets": {"2020-12-31": "52148.00000", "2020-09-30": "45691.00000", "2020-06-30": "38135.00000", "2020-03-31": "37250.00000", "2019-12-31": "34309.00000", "2019-09-30": "32795.00000", "2019-06-30": "31872.60000", "2019-03-31": "28912.52000", "2018-12-31": "29740.00000", "2018-09-30": "29262.71000", "2018-06-30": "27910.00000", "2018-03-31": "27271.43000", "2017-12-31": "28655.37000", "2017-09-30": "28107.07000", "2017-06-30": "26043.71000", "2017-03-31": "25053.73000", "2016-12-31": "22664.08000", "2016-09-30": "12592.40000", "2016-06-30": "11868.95000", "2016-03-31": "9191.70200", "2015-12-31": "8067.93900", "2015-09-30": "7547.49700", "2015-06-30": "6468.18500", "2015-03-31": "6120.03000", "2014-12-31": "5830.66700", "2014-09-30": "5437.53300", "2014-06-30": "5054.46300", "2014-03-31": "4500.41000", "2013-12-31": "2416.93000", "2013-09-30": "2166.20900", "2013-06-30": "1887.84400", "2013-03-31": "1143.77800", "2012-12-31": "1114.19000", "2012-09-30": "809.17700", "2012-06-30": "776.86900", "2012-03-31": "761.10000", "2011-12-31": "713.44800", "2011-09-30": "700.25000", "2011-06-30": "646.15500", "2011-03-31": "407.28900", "2010-12-31": "386.08200", "2010-09-30": "361.62100", "2010-06-30": "147.97400", "2010-03-31": "0.00000", "2009-12-31": "0.00000", "2009-09-30": "0.00000", "2009-06-30": "0.00000", "2008-12-31": "0.00000"}, "Total Current Liabilities": {"2020-12-31": "14248.00000", "2020-09-30": "13302.00000", "2020-06-30": "12270.00000", "2020-03-31": "11986.00000", "2019-12-31": "10667.00000", "2019-09-30": "10146.00000", "2019-06-30": "9588.77300", "2019-03-31": "9242.80000", "2018-12-31": "9993.00000", "2018-09-30": "9775.32400", "2018-06-30": "9141.36200", "2018-03-31": "8650.35900", "2017-12-31": "7674.67000", "2017-09-30": "6468.94000", "2017-06-30": "6546.35500", "2017-03-31": "6245.43900", "2016-12-31": "5827.00500", "2016-09-30": "4082.39000", "2016-06-30": "3766.40400", "2016-03-31": "3187.69900", "2015-12-31": "2811.03500", "2015-09-30": "2553.77100", "2015-06-30": "2384.38800", "2015-03-31": "2192.38100", "2014-12-31": "2107.16600", "2014-09-30": "1839.77700", "2014-06-30": "1575.85000", "2014-03-31": "1413.47000", "2013-12-31": "675.16000", "2013-09-30": "1169.45900", "2013-06-30": "486.54500", "2013-03-31": "535.62300", "2012-12-31": "539.10800", "2012-09-30": "385.80600", "2012-06-30": "286.52600", "2012-03-31": "235.72200", "2011-12-31": "191.33900", "2011-09-30": "154.18100", "2011-06-30": "138.73600", "2011-03-31": "112.97600", "2010-12-31": "85.56500", "2010-09-30": "69.32800", "2010-06-30": "68.63400", "2010-03-31": "", "2009-12-31": "", "2009-09-30": "", "2009-06-30": "", "2008-12-31": ""}, "Long Term Debt": {"2020-12-31": "9607.00000", "2020-09-30": "10607.00000", "2020-06-30": "10460.00000", "2020-03-31": "10726.00000", "2019-12-31": "11634.00000", "2019-09-30": "11313.00000", "2019-06-30": "11234.40000", "2019-03-31": "9787.95000", "2018-12-31": "9404.00000", "2018-09-30": "9672.51300", "2018-06-30": "9513.29000", "2018-03-31": "8763.62800", "2017-12-31": "9418.39000", "2017-09-30": "9584.45400", "2017-06-30": "7126.99400", "2017-03-31": "7166.13900", "2016-12-31": "5879.12000", "2016-09-30": "2454.69000", "2016-06-30": "2657.14800", "2016-03-31": "2526.95500", "2015-12-31": "2068.37800", "2015-09-30": "2027.57500", "2015-06-30": "2049.61600", "2015-03-31": "1954.21400", "2014-12-31": "1876.98100", "2014-09-30": "1861.60200", "2014-06-30": "1847.20600", "2014-03-31": "1602.48100", "2013-12-31": "598.97400", "2013-09-30": "88.42900", "2013-06-30": "587.98900", "2013-03-31": "399.24500", "2012-12-31": "411.46000", "2012-09-30": "420.48500", "2012-06-30": "400.87500", "2012-03-31": "344.04400", "2011-12-31": "271.16500", "2011-09-30": "225.66100", "2011-06-30": "134.53600", "2011-03-31": "102.90500", "2010-12-31": "72.32400", "2010-09-30": "57.12300", "2010-06-30": "46.05800", "2010-03-31": "", "2009-12-31": "", "2009-09-30": "", "2009-06-30": "", "2008-12-31": ""}, "Other Non-Current Liabilities": {"2020-12-31": "3330.00000", "2020-09-30": "3049.00000", "2020-06-30": "2870.00000", "2020-03-31": "2667.00000", "2019-12-31": "2691.00000", "2019-09-30": "2714.00000", "2019-06-30": "2716.92000", "2019-03-31": "2686.52500", "2018-12-31": "3039.00000", "2018-09-30": "3011.18100", "2018-06-30": "3192.41500", "2018-03-31": "3318.78600", "2017-12-31": "4752.19200", "2017-09-30": "4793.15000", "2017-06-30": "4752.66200", "2017-03-31": "4525.98000", "2016-12-31": "4201.03600", "2016-09-30": "2793.62700", "2016-06-30": "2391.85300", "2016-03-31": "2009.68600", "2015-12-31": "1658.71700", "2015-09-30": "1289.23400", "2015-06-30": "983.61900", "2015-03-31": "834.58800", "2014-12-31": "642.53900", "2014-09-30": "523.73900", "2014-06-30": "444.09400", "2014-03-31": "361.58600", "2013-12-31": "294.49600", "2013-09-30": "212.85800", "2013-06-30": "115.59100", "2013-03-31": "35.00400", "2012-12-31": "35.86200", "2012-09-30": "28.28400", "2012-06-30": "24.64300", "2012-03-31": "24.38800", "2011-12-31": "23.75300", "2011-09-30": "22.75400", "2011-06-30": "21.20600", "2011-03-31": "20.58100", "2010-12-31": "18.36200", "2010-09-30": "12.73300", "2010-06-30": "5.00700", "2010-03-31": "", "2009-12-31": "", "2009-09-30": "", "2009-06-30": "", "2008-12-31": ""}, "Total Long Term Liabilities": {"2020-12-31": "14825.00000", "2020-09-30": "15497.00000", "2020-06-30": "15141.00000", "2020-03-31": "15224.00000", "2019-12-31": "16175.00000", "2019-09-30": "15767.00000", "2019-06-30": "15713.59000", "2019-03-31": "14202.10000", "2018-12-31": "13990.00000", "2018-09-30": "14185.08000", "2018-06-30": "14041.06000", "2018-03-31": "13306.50000", "2017-12-31": "15746.12000", "2017-09-30": "15863.42000", "2017-06-30": "13282.61000", "2017-03-31": "13011.49000", "2016-12-31": "11298.98000", "2016-09-30": "5829.51900", "2016-06-30": "5582.25400", "2016-03-31": "5033.63800", "2015-12-31": "4173.20000", "2015-09-30": "3679.07000", "2015-06-30": "3367.86300", "2015-03-31": "3101.65200", "2014-12-31": "2811.79100", "2014-09-30": "2639.66200", "2014-06-30": "2526.28000", "2014-03-31": "2174.88400", "2013-12-31": "1074.65000", "2013-09-30": "432.58500", "2013-06-30": "771.87300", "2013-03-31": "439.57200", "2012-12-31": "450.38200", "2012-09-30": "451.24600", "2012-06-30": "428.12800", "2012-03-31": "371.50400", "2011-12-31": "298.06400", "2011-09-30": "251.95100", "2011-06-30": "158.96700", "2011-03-31": "126.57500", "2010-12-31": "93.46900", "2010-09-30": "72.37000", "2010-06-30": "389.11500", "2010-03-31": "", "2009-12-31": "", "2009-09-30": "", "2009-06-30": "", "2008-12-31": ""}, "Total Liabilities": {"2020-12-31": "29073.00000", "2020-09-30": "28799.00000", "2020-06-30": "27411.00000", "2020-03-31": "27210.00000", "2019-12-31": "26842.00000", "2019-09-30": "25913.00000", "2019-06-30": "25302.36000", "2019-03-31": "23444.90000", "2018-12-31": "23983.00000", "2018-09-30": "23960.41000", "2018-06-30": "23182.42000", "2018-03-31": "21956.86000", "2017-12-31": "23420.78000", "2017-09-30": "22332.36000", "2017-06-30": "19828.97000", "2017-03-31": "19256.93000", "2016-12-31": "17125.99000", "2016-09-30": "9911.90900", "2016-06-30": "9348.65800", "2016-03-31": "8221.33700", "2015-12-31": "6984.23500", "2015-09-30": "6232.84100", "2015-06-30": "5752.25100", "2015-03-31": "5294.03300", "2014-12-31": "4918.95700", "2014-09-30": "4479.43900", "2014-06-30": "4102.13000", "2014-03-31": "3588.35400", "2013-12-31": "1749.81000", "2013-09-30": "1602.04400", "2013-06-30": "1258.41800", "2013-03-31": "975.19500", "2012-12-31": "989.49000", "2012-09-30": "837.05200", "2012-06-30": "714.65400", "2012-03-31": "607.22600", "2011-12-31": "489.40300", "2011-09-30": "406.13200", "2011-06-30": "297.70300", "2011-03-31": "239.55100", "2010-12-31": "179.03400", "2010-09-30": "141.69800", "2010-06-30": "457.74900", "2010-03-31": "0.00000", "2009-12-31": "", "2009-09-30": "0.00000", "2009-06-30": "0.00000", "2008-12-31": "0.00000"}, "Common Stock Net": {"2020-12-31": "", "2020-09-30": "1.00000", "2020-06-30": "", "2020-03-31": "", "2019-12-31": "1.00000", "2019-09-30": "", "2019-06-30": "0.17900", "2019-03-31": "0.17400", "2018-12-31": "", "2018-09-30": "0.17100", "2018-06-30": "0.17000", "2018-03-31": "0.17000", "2017-12-31": "0.16900", "2017-09-30": "0.16800", "2017-06-30": "0.16300", "2017-03-31": "0.16100", "2016-12-31": "0.16100", "2016-09-30": "0.15000", "2016-06-30": "0.14800", "2016-03-31": "0.13400", "2015-12-31": "0.13100", "2015-09-30": "0.13100", "2015-06-30": "0.12700", "2015-03-31": "0.12600", "2014-12-31": "0.12600", "2014-09-30": "0.12500", "2014-06-30": "0.12500", "2014-03-31": "0.12400", "2013-12-31": "0.12300", "2013-09-30": "0.12300", "2013-06-30": "0.12100", "2013-03-31": "0.11500", "2012-12-31": "0.11500", "2012-09-30": "0.10600", "2012-06-30": "0.10500", "2012-03-31": "0.10500", "2011-12-31": "0.10400", "2011-09-30": "0.10400", "2011-06-30": "0.10400", "2011-03-31": "0.09600", "2010-12-31": "0.09500", "2010-09-30": "0.09300", "2010-06-30": "0.00800", "2010-03-31": "0.00000", "2009-12-31": "", "2009-09-30": "0.00000", "2009-06-30": "0.00000", "2008-12-31": "0.00000"}, "Retained Earnings (Accumulated Deficit)": {"2020-12-31": "", "2020-09-30": "-5669.00000", "2020-06-30": "-6000.00000", "2020-03-31": "-6104.00000", "2019-12-31": "-6083.00000", "2019-09-30": "-6188.00000", "2019-06-30": "-6331.63900", "2019-03-31": "-5923.30500", "2018-12-31": "-5318.00000", "2018-09-30": "-5457.31500", "2018-06-30": "-5768.83100", "2018-03-31": "-5051.29200", "2017-12-31": "-4974.29900", "2017-09-30": "-4298.96000", "2017-06-30": "-3679.58400", "2017-03-31": "-3343.18700", "2016-12-31": "-2997.23700", "2016-09-30": "-2875.90000", "2016-06-30": "-2897.77800", "2016-03-31": "-2604.59000", "2015-12-31": "-2322.32300", "2015-09-30": "-2001.92600", "2015-06-30": "-1772.06800", "2015-03-31": "-1587.84100", "2014-12-31": "-1433.66000", "2014-09-30": "-1326.04100", "2014-06-30": "-1251.32700", "2014-03-31": "-1189.42000", "2013-12-31": "-1139.62000", "2013-09-30": "-1123.35500", "2013-06-30": "-1084.85800", "2013-03-31": "-1054.35700", "2012-12-31": "-1065.60600", "2012-09-30": "-975.67400", "2012-06-30": "-864.87100", "2012-03-31": "-759.26500", "2011-12-31": "-669.39200", "2011-09-30": "-587.90300", "2011-06-30": "-522.82600", "2011-03-31": "-463.92200", "2010-12-31": "-414.98200", "2010-09-30": "-363.62400", "2010-06-30": "-328.68900", "2010-03-31": "", "2009-12-31": "", "2009-09-30": "", "2009-06-30": "", "2008-12-31": ""}, "Comprehensive Income": {"2020-12-31": "", "2020-09-30": "125.00000", "2020-06-30": "-40.00000", "2020-03-31": "-113.00000", "2019-12-31": "-36.00000", "2019-09-30": "-120.00000", "2019-06-30": "-5.60500", "2019-03-31": "-35.01900", "2018-12-31": "-8.00000", "2018-09-30": "8.27100", "2018-06-30": "18.54500", "2018-03-31": "82.92100", "2017-12-31": "33.34800", "2017-09-30": "21.25000", "2017-06-30": "10.96100", "2017-03-31": "-20.76900", "2016-12-31": "-23.74000", "2016-09-30": "25.31000", "2016-06-30": "34.19300", "2016-03-31": "13.56500", "2015-12-31": "-3.55600", "2015-09-30": "-23.98500", "2015-06-30": "-14.80400", "2015-03-31": "-15.96500", "2014-12-31": "-0.02200", "2014-09-30": "", "2014-06-30": "", "2014-03-31": "", "2013-12-31": "", "2013-09-30": "", "2013-06-30": "", "2013-03-31": "", "2012-12-31": "", "2012-09-30": "0.00000", "2012-06-30": "0.00000", "2012-03-31": "-0.00600", "2011-12-31": "-0.00300", "2011-09-30": "-0.02400", "2011-06-30": "", "2011-03-31": "", "2010-12-31": "", "2010-09-30": "", "2010-06-30": "", "2010-03-31": "", "2009-12-31": "", "2009-09-30": "", "2009-06-30": "", "2008-12-31": ""}, "Other Share Holders Equity": {"2020-12-31": "", "2020-09-30": "", "2020-06-30": "", "2020-03-31": "", "2019-12-31": "", "2019-09-30": "", "2019-06-30": "", "2019-03-31": "", "2018-12-31": "", "2018-09-30": "", "2018-06-30": "", "2018-03-31": "", "2017-12-31": "", "2017-09-30": "", "2017-06-30": "", "2017-03-31": "", "2016-12-31": "", "2016-09-30": "", "2016-06-30": "", "2016-03-31": "", "2015-12-31": "", "2015-09-30": "", "2015-06-30": "", "2015-03-31": "", "2014-12-31": "", "2014-09-30": "", "2014-06-30": "", "2014-03-31": "", "2013-12-31": "", "2013-09-30": "", "2013-06-30": "", "2013-03-31": "", "2012-12-31": "", "2012-09-30": "", "2012-06-30": "", "2012-03-31": "", "2011-12-31": "", "2011-09-30": "", "2011-06-30": "", "2011-03-31": "", "2010-12-31": "", "2010-09-30": "", "2010-06-30": "", "2010-03-31": "0.00000", "2009-12-31": "", "2009-09-30": "0.00000", "2009-06-30": "0.00000", "2008-12-31": "0.00000"}, "Share Holder Equity": {"2020-12-31": "23075.00000", "2020-09-30": "16892.00000", "2020-06-30": "10724.00000", "2020-03-31": "10040.00000", "2019-12-31": "7467.00000", "2019-09-30": "6882.00000", "2019-06-30": "6570.23400", "2019-03-31": "5467.62600", "2018-12-31": "5757.00000", "2018-09-30": "5302.30500", "2018-06-30": "4727.57700", "2018-03-31": "5314.57100", "2017-12-31": "5234.58800", "2017-09-30": "5774.71700", "2017-06-30": "6214.73800", "2017-03-31": "5796.79400", "2016-12-31": "5538.08600", "2016-09-30": "2680.48800", "2016-06-30": "2520.29400", "2016-03-31": "970.36500", "2015-12-31": "1083.70400", "2015-09-30": "1314.65600", "2015-06-30": "715.93400", "2015-03-31": "825.99700", "2014-12-31": "911.71000", "2014-09-30": "958.09400", "2014-06-30": "952.33300", "2014-03-31": "912.05600", "2013-12-31": "667.12000", "2013-09-30": "564.16500", "2013-06-30": "629.42600", "2013-03-31": "168.58300", "2012-12-31": "124.70000", "2012-09-30": "-27.87500", "2012-06-30": "62.21500", "2012-03-31": "153.87400", "2011-12-31": "224.04500", "2011-09-30": "294.11800", "2011-06-30": "348.45200", "2011-03-31": "167.73800", "2010-12-31": "207.04800", "2010-09-30": "219.92300", "2010-06-30": "-309.77500", "2010-03-31": "0.00000", "2009-12-31": "", "2009-09-30": "0.00000", "2009-06-30": "0.00000", "2008-12-31": "0.00000"}, "Total Liabilities And Share Holders Equity": {"2020-12-31": "52148.00000", "2020-09-30": "45691.00000", "2020-06-30": "38135.00000", "2020-03-31": "37250.00000", "2019-12-31": "34309.00000", "2019-09-30": "32795.00000", "2019-06-30": "31872.60000", "2019-03-31": "28912.52000", "2018-12-31": "29740.00000", "2018-09-30": "29262.71000", "2018-06-30": "27910.00000", "2018-03-31": "27271.43000", "2017-12-31": "28655.37000", "2017-09-30": "28107.07000", "2017-06-30": "26043.71000", "2017-03-31": "25053.73000", "2016-12-31": "22664.08000", "2016-09-30": "12592.40000", "2016-06-30": "11868.95000", "2016-03-31": "9191.70200", "2015-12-31": "8067.93900", "2015-09-30": "7547.49700", "2015-06-30": "6468.18500", "2015-03-31": "6120.03000", "2014-12-31": "5830.66700", "2014-09-30": "5437.53300", "2014-06-30": "5054.46300", "2014-03-31": "4500.41000", "2013-12-31": "2416.93000", "2013-09-30": "2166.20900", "2013-06-30": "1887.84400", "2013-03-31": "1143.77800", "2012-12-31": "1114.19000", "2012-09-30": "809.17700", "2012-06-30": "776.86900", "2012-03-31": "761.10000", "2011-12-31": "713.44800", "2011-09-30": "700.25000", "2011-06-30": "646.15500", "2011-03-31": "407.28900", "2010-12-31": "386.08200", "2010-09-30": "361.62100", "2010-06-30": "147.97400", "2010-03-31": "0.00000", "2009-12-31": "", "2009-09-30": "0.00000", "2009-06-30": "0.00000", "2008-12-31": "0.00000"}}, "cash flow statement": {"Net Income/Loss": {"2020-12-31": "0.00000", "2019-12-31": "-775.00000", "2018-12-31": "-1063.00000", "2017-12-31": "-2241.00000", "2016-12-31": "-773.04600", "2015-12-31": "-888.66300", "2014-12-31": "-294.04000", "2013-12-31": "-74.01400", "2012-12-31": "-396.21300", "2011-12-31": "-254.41100", "2010-12-31": "-154.32800", "2009-12-31": "-55.74000", "2008-12-31": "-82.78200"}, "Total Depreciation And Amortization - Cash Flow": {"2020-12-31": "", "2019-12-31": "2342.00000", "2018-12-31": "2060.00000", "2017-12-31": "1727.00000", "2016-12-31": "1041.78900", "2015-12-31": "500.64400", "2014-12-31": "301.66500", "2013-12-31": "120.78400", "2012-12-31": "28.82500", "2011-12-31": "16.91900", "2010-12-31": "10.62300", "2009-12-31": "6.94000", "2008-12-31": "4.15700"}, "Other Non-Cash Items": {"2020-12-31": "", "2019-12-31": "1187.00000", "2018-12-31": "1043.00000", "2017-12-31": "950.00000", "2016-12-31": "301.28900", "2015-12-31": "356.80900", "2014-12-31": "191.86300", "2013-12-31": "69.07600", "2012-12-31": "58.63100", "2011-12-31": "34.23000", "2010-12-31": "27.06300", "2009-12-31": "5.51800", "2008-12-31": "9.98100"}, "Total Non-Cash Items": {"2020-12-31": "", "2019-12-31": "3529.00000", "2018-12-31": "3103.00000", "2017-12-31": "2677.00000", "2016-12-31": "1343.07800", "2015-12-31": "857.45300", "2014-12-31": "493.52800", "2013-12-31": "189.86000", "2012-12-31": "87.45600", "2011-12-31": "51.14900", "2010-12-31": "37.68600", "2009-12-31": "12.45800", "2008-12-31": "14.13800"}, "Change In Accounts Receivable": {"2020-12-31": "", "2019-12-31": "-367.00000", "2018-12-31": "-497.00000", "2017-12-31": "-25.00000", "2016-12-31": "-216.56500", "2015-12-31": "46.26700", "2014-12-31": "-183.65800", "2013-12-31": "-21.70500", "2012-12-31": "-17.30300", "2011-12-31": "-2.82900", "2010-12-31": "-3.22200", "2009-12-31": "-0.16800", "2008-12-31": "-3.26100"}, "Change In Inventories": {"2020-12-31": "", "2019-12-31": "-429.00000", "2018-12-31": "-1023.00000", "2017-12-31": "-179.00000", "2016-12-31": "-632.86700", "2015-12-31": "-369.36400", "2014-12-31": "-1050.26400", "2013-12-31": "-460.56100", "2012-12-31": "-194.72600", "2011-12-31": "-13.63800", "2010-12-31": "-28.51300", "2009-12-31": "-7.92500", "2008-12-31": "-18.83900"}, "Change In Accounts Payable": {"2020-12-31": "", "2019-12-31": "", "2018-12-31": "", "2017-12-31": "", "2016-12-31": "", "2015-12-31": "", "2014-12-31": "", "2013-12-31": "", "2012-12-31": "189.94400", "2011-12-31": "19.89100", "2010-12-31": "-0.21200", "2009-12-31": "0.90200", "2008-12-31": "8.81500"}, "Change In Assets/Liabilities": {"2020-12-31": "", "2019-12-31": "-235.00000", "2018-12-31": "-145.00000", "2017-12-31": "-681.00000", "2016-12-31": "-595.06900", "2015-12-31": "-433.53700", "2014-12-31": "562.24100", "2013-12-31": "543.81100", "2012-12-31": "57.42400", "2011-12-31": "61.18400", "2010-12-31": "7.42700", "2009-12-31": "-33.73900", "2008-12-31": "26.88400"}, "Total Change In Assets/Liabilities": {"2020-12-31": "", "2019-12-31": "-349.00000", "2018-12-31": "58.00000", "2017-12-31": "-497.00000", "2016-12-31": "-693.86100", "2015-12-31": "-493.28900", "2014-12-31": "-256.82500", "2013-12-31": "148.95800", "2012-12-31": "44.94200", "2011-12-31": "75.22800", "2010-12-31": "-11.17500", "2009-12-31": "-37.54300", "2008-12-31": "16.23200"}, "Cash Flow From Operating Activities": {"2020-12-31": "", "2019-12-31": "2405.00000", "2018-12-31": "2098.00000", "2017-12-31": "-61.00000", "2016-12-31": "-123.82900", "2015-12-31": "-524.49900", "2014-12-31": "-57.33700", "2013-12-31": "264.80400", "2012-12-31": "-263.81500", "2011-12-31": "-128.03400", "2010-12-31": "-127.81700", "2009-12-31": "-80.82500", "2008-12-31": "-52.41200"}, "Net Change In Property, Plant, And Equipment": {"2020-12-31": "", "2019-12-31": "-1327.00000", "2018-12-31": "-2101.00000", "2017-12-31": "-3415.00000", "2016-12-31": "-1280.80200", "2015-12-31": "-1634.85000", "2014-12-31": "-969.88500", "2013-12-31": "-264.22400", "2012-12-31": "-239.22800", "2011-12-31": "-184.22600", "2010-12-31": "-40.20300", "2009-12-31": "-11.88400", "2008-12-31": "-10.63000"}, "Net Change In Intangible Assets": {"2020-12-31": "", "2019-12-31": "-5.00000", "2018-12-31": "0.00000", "2017-12-31": "0.00000", "2016-12-31": "", "2015-12-31": "", "2014-12-31": "", "2013-12-31": "", "2012-12-31": "", "2011-12-31": "", "2010-12-31": "", "2009-12-31": "", "2008-12-31": ""}, "Net Acquisitions/Divestitures": {"2020-12-31": "", "2019-12-31": "-45.00000", "2018-12-31": "-18.00000", "2017-12-31": "-115.00000", "2016-12-31": "342.71900", "2015-12-31": "-12.26000", "2014-12-31": "", "2013-12-31": "", "2012-12-31": "", "2011-12-31": "", "2010-12-31": "-65.21000", "2009-12-31": "", "2008-12-31": ""}, "Net Change In Short-term Investments": {"2020-12-31": "", "2019-12-31": "", "2018-12-31": "", "2017-12-31": "", "2016-12-31": "16.66700", "2015-12-31": "", "2014-12-31": "-16.71000", "2013-12-31": "", "2012-12-31": "25.00800", "2011-12-31": "-24.95200", "2010-12-31": "", "2009-12-31": "", "2008-12-31": ""}, "Net Change In Long-Term Investments": {"2020-12-31": "", "2019-12-31": "", "2018-12-31": "", "2017-12-31": "", "2016-12-31": "", "2015-12-31": "", "2014-12-31": "", "2013-12-31": "", "2012-12-31": "", "2011-12-31": "", "2010-12-31": "", "2009-12-31": "", "2008-12-31": ""}, "Net Change In Investments - Total": {"2020-12-31": "", "2019-12-31": "", "2018-12-31": "", "2017-12-31": "", "2016-12-31": "16.66700", "2015-12-31": "", "2014-12-31": "-16.71000", "2013-12-31": "", "2012-12-31": "25.00800", "2011-12-31": "-24.95200", "2010-12-31": "", "2009-12-31": "", "2008-12-31": ""}, "Investing Activities - Other": {"2020-12-31": "", "2019-12-31": "-59.00000", "2018-12-31": "-218.00000", "2017-12-31": "-666.00000", "2016-12-31": "-159.66900", "2015-12-31": "-26.44100", "2014-12-31": "-3.84900", "2013-12-31": "14.80700", "2012-12-31": "7.29000", "2011-12-31": "46.92000", "2010-12-31": "-74.88400", "2009-12-31": "-2.36000", "2008-12-31": "-0.96000"}, "Cash Flow From Investing Activities": {"2020-12-31": "", "2019-12-31": "-1436.00000", "2018-12-31": "-2337.00000", "2017-12-31": "-4196.00000", "2016-12-31": "-1081.08500", "2015-12-31": "-1673.55100", "2014-12-31": "-990.44400", "2013-12-31": "-249.41700", "2012-12-31": "-206.93000", "2011-12-31": "-162.25800", "2010-12-31": "-180.29700", "2009-12-31": "-14.24400", "2008-12-31": "-11.59000"}, "Net Long-Term Debt": {"2020-12-31": "", "2019-12-31": "322.00000", "2018-12-31": "89.00000", "2017-12-31": "3468.00000", "2016-12-31": "1718.19000", "2015-12-31": "683.93700", "2014-12-31": "1688.66400", "2013-12-31": "21.69800", "2012-12-31": "173.25400", "2011-12-31": "204.00700", "2010-12-31": "71.51300", "2009-12-31": "25.14600", "2008-12-31": "55.59100"}, "Net Current Debt": {"2020-12-31": "", "2019-12-31": "", "2018-12-31": "", "2017-12-31": "", "2016-12-31": "", "2015-12-31": "", "2014-12-31": "", "2013-12-31": "", "2012-12-31": "", "2011-12-31": "", "2010-12-31": "", "2009-12-31": "", "2008-12-31": ""}, "Debt Issuance/Retirement Net - Total": {"2020-12-31": "", "2019-12-31": "322.00000", "2018-12-31": "89.00000", "2017-12-31": "3468.00000", "2016-12-31": "1718.19000", "2015-12-31": "683.93700", "2014-12-31": "1688.66400", "2013-12-31": "21.69800", "2012-12-31": "173.25400", "2011-12-31": "204.00700", "2010-12-31": "71.51300", "2009-12-31": "25.14600", "2008-12-31": "55.59100"}, "Net Common Equity Issued/Repurchased": {"2020-12-31": "", "2019-12-31": "1285.00000", "2018-12-31": "296.00000", "2017-12-31": "482.00000", "2016-12-31": "1865.55100", "2015-12-31": "856.61100", "2014-12-31": "489.61500", "2013-12-31": "630.62500", "2012-12-31": "246.38100", "2011-12-31": "241.99300", "2010-12-31": "270.19200", "2009-12-31": "0.49700", "2008-12-31": "0.47700"}, "Net Total Equity Issued/Repurchased": {"2020-12-31": "", "2019-12-31": "1285.00000", "2018-12-31": "296.00000", "2017-12-31": "482.00000", "2016-12-31": "1865.55100", "2015-12-31": "856.61100", "2014-12-31": "489.61500", "2013-12-31": "630.62500", "2012-12-31": "246.38100", "2011-12-31": "241.99300", "2010-12-31": "270.19200", "2009-12-31": "132.31900", "2008-12-31": "0.47700"}, "Total Common And Preferred Stock Dividends Paid": {"2020-12-31": "", "2019-12-31": "", "2018-12-31": "", "2017-12-31": "", "2016-12-31": "", "2015-12-31": "", "2014-12-31": "", "2013-12-31": "", "2012-12-31": "", "2011-12-31": "", "2010-12-31": "", "2009-12-31": "", "2008-12-31": ""}, "Financial Activities - Other": {"2020-12-31": "", "2019-12-31": "-78.00000", "2018-12-31": "189.00000", "2017-12-31": "465.00000", "2016-12-31": "160.23500", "2015-12-31": "-17.02500", "2014-12-31": "-35.14900", "2013-12-31": "-16.90100", "2012-12-31": "", "2011-12-31": "", "2010-12-31": "-3.66000", "2009-12-31": "-2.04600", "2008-12-31": ""}, "Cash Flow From Financial Activities": {"2020-12-31": "", "2019-12-31": "1529.00000", "2018-12-31": "574.00000", "2017-12-31": "4415.00000", "2016-12-31": "3743.97600", "2015-12-31": "1523.52300", "2014-12-31": "2143.13000", "2013-12-31": "635.42200", "2012-12-31": "419.63500", "2011-12-31": "446.00000", "2010-12-31": "338.04500", "2009-12-31": "155.41900", "2008-12-31": "56.06800"}, "Net Cash Flow": {"2020-12-31": "", "2019-12-31": "2506.00000", "2018-12-31": "312.00000", "2017-12-31": "198.00000", "2016-12-31": "2532.50900", "2015-12-31": "-708.80500", "2014-12-31": "1059.82400", "2013-12-31": "643.99900", "2012-12-31": "-53.37600", "2011-12-31": "155.70800", "2010-12-31": "29.93100", "2009-12-31": "60.35000", "2008-12-31": "-7.93400"}, "Stock-Based Compensation": {"2020-12-31": "", "2019-12-31": "898.00000", "2018-12-31": "749.00000", "2017-12-31": "467.00000", "2016-12-31": "334.22500", "2015-12-31": "197.99900", "2014-12-31": "156.49600", "2013-12-31": "80.73700", "2012-12-31": "50.14500", "2011-12-31": "29.41900", "2010-12-31": "21.15600", "2009-12-31": "1.43400", "2008-12-31": "0.43700"}, "Common Stock Dividends Paid": {"2020-12-31": "", "2019-12-31": "", "2018-12-31": "", "2017-12-31": "", "2016-12-31": "", "2015-12-31": "", "2014-12-31": "", "2013-12-31": "", "2012-12-31": "", "2011-12-31": "", "2010-12-31": "", "2009-12-31": "", "2008-12-31": ""}}, "cash flow statement, quarterly": {"Net Income/Loss": {"2020-12-31": -270, "2020-09-30": 369, "2020-06-30": 129, "2020-03-31": "68.00000", "2019-12-31": 132, "2019-09-30": 150, "2019-06-30": -389, "2019-03-31": "-668.00000", "2018-12-31": 210, "2018-09-30": 254.333, "2018-06-30": -742.706, "2018-03-31": "-784.62700", "2017-12-31": -771.229, "2017-09-30": -671.163, "2017-06-30": -401.427, "2017-03-31": "-397.18100", "2016-12-31": -219.469, "2016-09-30": 21.878, "2016-06-30": -293.188, "2016-03-31": "-282.26700", "2015-12-31": -320.397, "2015-09-30": -229.858, "2015-06-30": -184.227, "2015-03-31": "-154.18100", "2014-12-31": -107.629, "2014-09-30": -74.709, "2014-06-30": -61.902, "2014-03-31": "-49.80000", "2013-12-31": -16.264, "2013-09-30": -38.496, "2013-06-30": -30.502, "2013-03-31": "11.24800", "2012-12-31": -89.931, "2012-09-30": -110.806, "2012-06-30": -105.603, "2012-03-31": "-89.87300", "2011-12-31": -81.489, "2011-09-30": -65.078, "2011-06-30": -58.903, "2011-03-31": "-48.94100", "2010-12-31": -51.358, "2010-09-30": -34.934, "2010-06-30": -38.517, "2010-03-31": "-29.51900", "2009-12-31": -24.242, "2009-09-30": -4.615, "2009-06-30": 55.897, "2008-12-31": -82.78}, "Total Depreciation And Amortization - Cash Flow": {"2020-12-31": -1230, "2020-09-30": 634, "2020-06-30": 615, "2020-03-31": "599.00000", "2019-12-31": 627, "2019-09-30": 586, "2019-06-30": 621, "2019-03-31": "508.00000", "2018-12-31": 535, "2018-09-30": 549.093, "2018-06-30": 520.329, "2018-03-31": "455.57800", "2017-12-31": 499.99, "2017-09-30": 393.832, "2017-06-30": 424.829, "2017-03-31": "408.34900", "2016-12-31": 351.768, "2016-09-30": 308.633, "2016-06-30": 204.315, "2016-03-31": "177.07300", "2015-12-31": 170.401, "2015-09-30": 128.03, "2015-06-30": 107.16, "2015-03-31": "95.05300", "2014-12-31": 82.076, "2014-09-30": 88.504, "2014-06-30": 78.324, "2014-03-31": "52.76100", "2013-12-31": 41.384, "2013-09-30": 32.212, "2013-06-30": 29.338, "2013-03-31": "17.85000", "2012-12-31": 12.792, "2012-09-30": 7.522, "2012-06-30": 4.348, "2012-03-31": "4.16300", "2011-12-31": 4.804, "2011-09-30": 4.28, "2011-06-30": 4.318, "2011-03-31": "3.51700", "2010-12-31": 2.89, "2010-09-30": 3.109, "2010-06-30": 2.483, "2010-03-31": "2.14100", "2009-12-31": 1.935, "2009-09-30": 1.948, "2009-06-30": -1.093, "2008-12-31": 4.15}, "Other Non-Cash Items": {"2020-12-31": -705, "2020-09-30": 762, "2020-06-30": 466, "2020-03-31": "340.00000", "2019-12-31": 435, "2019-09-30": 212, "2019-06-30": 344, "2019-03-31": "196.00000", "2018-12-31": 291, "2018-09-30": 236.199, "2018-06-30": 259.702, "2018-03-31": "256.09900", "2017-12-31": 284.143, "2017-09-30": 226.537, "2017-06-30": 257.519, "2017-03-31": "181.80100", "2016-12-31": -33.913, "2016-09-30": 128.859, "2016-06-30": 79.725, "2016-03-31": "126.61800", "2015-12-31": 135.753, "2015-09-30": 90.935, "2015-06-30": 47.602, "2015-03-31": "82.51900", "2014-12-31": 52.54, "2014-09-30": 52.894, "2014-06-30": 47.161, "2014-03-31": "39.26800", "2013-12-31": 11.431, "2013-09-30": 23.264, "2013-06-30": 28.283, "2013-03-31": "6.09800", "2012-12-31": 16.54, "2012-09-30": 14.392, "2012-06-30": 14.308, "2012-03-31": "13.39100", "2011-12-31": 9.942, "2011-09-30": 8.794, "2011-06-30": 7.753, "2011-03-31": "7.74100", "2010-12-31": 7.488, "2010-09-30": 1.04, "2010-06-30": 12.675, "2010-03-31": "5.86000", "2009-12-31": -3.1, "2009-09-30": 0.826, "2009-06-30": 2.274, "2008-12-31": 0}, "Total Non-Cash Items": {"2020-12-31": -1935, "2020-09-30": 1396, "2020-06-30": 1081, "2020-03-31": "939.00000", "2019-12-31": 1062, "2019-09-30": 798, "2019-06-30": 965, "2019-03-31": "704.00000", "2018-12-31": 826, "2018-09-30": 785.292, "2018-06-30": 780.0309, "2018-03-31": "711.67710", "2017-12-31": 784.133, "2017-09-30": 620.369, "2017-06-30": 682.348, "2017-03-31": "590.15000", "2016-12-31": 317.855, "2016-09-30": 437.492, "2016-06-30": 284.04, "2016-03-31": "303.69100", "2015-12-31": 306.154, "2015-09-30": 218.965, "2015-06-30": 154.762, "2015-03-31": "177.57200", "2014-12-31": 134.616, "2014-09-30": 141.398, "2014-06-30": 125.485, "2014-03-31": "92.02900", "2013-12-31": 52.815, "2013-09-30": 55.476, "2013-06-30": 57.621, "2013-03-31": "23.94800", "2012-12-31": 29.332, "2012-09-30": 21.914, "2012-06-30": 18.656, "2012-03-31": "17.55400", "2011-12-31": 14.746, "2011-09-30": 13.074, "2011-06-30": 12.071, "2011-03-31": "11.25800", "2010-12-31": 10.378, "2010-09-30": 4.149, "2010-06-30": 15.158, "2010-03-31": "8.00100", "2009-12-31": -1.165, "2009-09-30": 2.774, "2009-06-30": 1.181, "2008-12-31": 4.15}, "Change In Accounts Receivable": {"2020-12-31": 550, "2020-09-30": -314, "2020-06-30": -222, "2020-03-31": "-14.00000", "2019-12-31": -217, "2019-09-30": 18, "2019-06-30": -68, "2019-03-31": "-100.00000", "2018-12-31": 189, "2018-09-30": -587.491, "2018-06-30": 70.633, "2018-03-31": "-169.14200", "2017-12-31": 80.643, "2017-09-30": -182.686, "2017-06-30": -14.498, "2017-03-31": "91.54100", "2016-12-31": -106.055, "2016-09-30": -109.084, "2016-06-30": 157.901, "2016-03-31": "-159.32700", "2015-12-31": -32.106, "2015-09-30": 15.541, "2015-06-30": 60.657, "2015-03-31": "2.17500", "2014-12-31": -74.486, "2014-09-30": -61.241, "2014-06-30": -24.21, "2014-03-31": "-23.72100", "2013-12-31": -0.989, "2013-09-30": 66.162, "2013-06-30": -67.581, "2013-03-31": "-19.29700", "2012-12-31": -17.678, "2012-09-30": 1.858, "2012-06-30": 2.567, "2012-03-31": "-4.05000", "2011-12-31": 8.711, "2011-09-30": 5.058, "2011-06-30": -3.048, "2011-03-31": "-13.55000", "2010-12-31": 1.353, "2010-09-30": -1.597, "2010-06-30": -0.535, "2010-03-31": "-2.44300", "2009-12-31": -1.934, "2009-09-30": 3.16, "2009-06-30": -1.226, "2008-12-31": 0}, "Change In Inventories": {"2020-12-31": 602, "2020-09-30": -67, "2020-06-30": 446, "2020-03-31": "-981.00000", "2019-12-31": 56, "2019-09-30": -133, "2019-06-30": 457, "2019-03-31": "-809.00000", "2018-12-31": 88, "2018-09-30": -55.444, "2018-06-30": -733.475, "2018-03-31": "-322.08100", "2017-12-31": 239.97, "2017-09-30": -25.268, "2017-06-30": -269.188, "2017-03-31": "-124.51400", "2016-12-31": -287.536, "2016-09-30": 872.6, "2016-06-30": -705.26, "2016-03-31": "-512.67100", "2015-12-31": 722.018, "2015-09-30": -385.162, "2015-06-30": -399.011, "2015-03-31": "-307.20900", "2014-12-31": -377.601, "2014-09-30": -214.531, "2014-06-30": -259.538, "2014-03-31": "-198.59400", "2013-12-31": -102.144, "2013-09-30": -229.17, "2013-06-30": -147.467, "2013-03-31": "18.22000", "2012-12-31": -90.694, "2012-09-30": -85.594, "2012-06-30": -12.838, "2012-03-31": "-5.60000", "2011-12-31": -2.807, "2011-09-30": 2.133, "2011-06-30": -6.001, "2011-03-31": "-6.96300", "2010-12-31": -5.644, "2010-09-30": -13.837, "2010-06-30": -3.525, "2010-03-31": "-5.50700", "2009-12-31": 4.032, "2009-09-30": 4.731, "2009-06-30": -8.763, "2008-12-31": 0}, "Change In Accounts Payable": {"2020-12-31": 0, "2020-09-30": 0, "2020-06-30": 0, "2020-03-31": "", "2019-12-31": 0, "2019-09-30": 0, "2019-06-30": 0, "2019-03-31": "", "2018-12-31": 0, "2018-09-30": 0, "2018-06-30": 0, "2018-03-31": "", "2017-12-31": 0, "2017-09-30": 0, "2017-06-30": 0, "2017-03-31": "", "2016-12-31": 0, "2016-09-30": 0, "2016-06-30": 0, "2016-03-31": "", "2015-12-31": 0, "2015-09-30": 0, "2015-06-30": 0, "2015-03-31": "", "2014-12-31": -253.895, "2014-09-30": 68.184, "2014-06-30": 107.454, "2014-03-31": "78.25700", "2013-12-31": -25.421, "2013-09-30": 33.796, "2013-06-30": -34.036, "2013-03-31": "25.66100", "2012-12-31": 116.593, "2012-09-30": 69.878, "2012-06-30": 10.744, "2012-03-31": "-7.27100", "2011-12-31": -19.897, "2011-09-30": 11.54, "2011-06-30": 20.29, "2011-03-31": "7.95800", "2010-12-31": -6.074, "2010-09-30": 4.378, "2010-06-30": 4.991, "2010-03-31": "-3.50700", "2009-12-31": -3.173, "2009-09-30": 0.894, "2009-06-30": 2.279, "2008-12-31": 0}, "Change In Assets/Liabilities": {"2020-12-31": 1913, "2020-09-30": -121, "2020-06-30": -363, "2020-03-31": "-187.00000", "2019-12-31": -147, "2019-09-30": -133, "2019-06-30": -229, "2019-03-31": "274.00000", "2018-12-31": -173, "2018-09-30": 276.07, "2018-06-30": -95.884, "2018-03-31": "-152.18600", "2017-12-31": -41.646, "2017-09-30": -198.906, "2017-06-30": -208.11, "2017-03-31": "-232.33800", "2016-12-31": -206.116, "2016-09-30": -1283.816, "2016-06-30": 554.487, "2016-03-31": "340.37600", "2015-12-31": -879.625, "2015-09-30": 149.197, "2015-06-30": 194.535, "2015-03-31": "102.35600", "2014-12-31": 177.737, "2014-09-30": 112.903, "2014-06-30": 130.329, "2014-03-31": "141.27200", "2013-12-31": 172.91, "2013-09-30": 194.911, "2013-06-30": 172.617, "2013-03-31": "3.37300", "2012-12-31": 5.716, "2012-09-30": 6.436, "2012-06-30": 20.28, "2012-03-31": "24.99200", "2011-12-31": 27.569, "2011-09-30": 11.441, "2011-06-30": 15.017, "2011-03-31": "7.15700", "2010-12-31": 3.716, "2010-09-30": -4.116, "2010-06-30": 2.181, "2010-03-31": "5.64600", "2009-12-31": 29.421, "2009-09-30": -29.865, "2009-06-30": 0.444, "2008-12-31": 0}, "Total Change In Assets/Liabilities": {"2020-12-31": 2300, "2020-09-30": 635, "2020-06-30": -246, "2020-03-31": "-1447.00000", "2019-12-31": 231, "2019-09-30": -192, "2019-06-30": 288, "2019-03-31": "-676.00000", "2018-12-31": 199, "2018-09-30": 351.4151, "2018-06-30": -166.9891, "2018-03-31": "-325.42600", "2017-12-31": 496.641, "2017-09-30": -249.768, "2017-06-30": -481.093, "2017-03-31": "-262.78000", "2016-12-31": -546.595, "2016-09-30": -35.7209, "2016-06-30": 159.4839, "2016-03-31": "-271.02900", "2015-12-31": -15.606, "2015-09-30": -192.447, "2015-06-30": -130.051, "2015-03-31": "-155.18500", "2014-12-31": -113.389, "2014-09-30": -94.685, "2014-06-30": -65.245, "2014-03-31": "16.49400", "2013-12-31": 97.436, "2013-09-30": 85.056, "2013-06-30": -62.417, "2013-03-31": "28.88300", "2012-12-31": 25.374, "2012-09-30": -12.134, "2012-06-30": 22.683, "2012-03-31": "9.01900", "2011-12-31": 25.985, "2011-09-30": 30.513, "2011-06-30": 24.344, "2011-03-31": "-5.61400", "2010-12-31": 6.696, "2010-09-30": -15.172, "2010-06-30": 3.112, "2010-03-31": "-5.81100", "2009-12-31": -9.115, "2009-09-30": -21.648, "2009-06-30": -23.007, "2008-12-31": 16.23}, "Cash Flow From Operating Activities": {"2020-12-31": 95, "2020-09-30": 2400, "2020-06-30": 964, "2020-03-31": "-440.00000", "2019-12-31": 1425, "2019-09-30": 756, "2019-06-30": 864, "2019-03-31": "-640.00000", "2018-12-31": 1235, "2018-09-30": 1391.04, "2018-06-30": -129.664, "2018-03-31": "-398.37600", "2017-12-31": 509.545, "2017-09-30": -300.562, "2017-06-30": -200.172, "2017-03-31": "-69.81100", "2016-12-31": -448.209, "2016-09-30": 423.649, "2016-06-30": 150.336, "2016-03-31": "-249.60500", "2015-12-31": -29.849, "2015-09-30": -203.34, "2015-06-30": -159.516, "2015-03-31": "-131.79400", "2014-12-31": -86.402, "2014-09-30": -27.996, "2014-06-30": -1.662, "2014-03-31": "58.72300", "2013-12-31": 133.987, "2013-09-30": 102.036, "2013-06-30": -35.298, "2013-03-31": "64.07900", "2012-12-31": -35.225, "2012-09-30": -101.026, "2012-06-30": -64.264, "2012-03-31": "-63.30000", "2011-12-31": -40.758, "2011-09-30": -21.491, "2011-06-30": -22.488, "2011-03-31": "-43.29700", "2010-12-31": -34.284, "2010-09-30": -45.957, "2010-06-30": -20.247, "2010-03-31": "-27.32900", "2009-12-31": -29.002, "2009-09-30": -23.489, "2009-06-30": 24.081, "2008-12-31": -52.41}, "Net Change In Property, Plant, And Equipment": {"2020-12-31": 855, "2020-09-30": -1005, "2020-06-30": -546, "2020-03-31": "-455.00000", "2019-12-31": -412, "2019-09-30": -385, "2019-06-30": -250, "2019-03-31": "-280.00000", "2018-12-31": -325, "2018-09-30": -510.525, "2018-06-30": -609.813, "2018-03-31": "-655.66200", "2017-12-31": -786.874, "2017-09-30": -1116.434, "2017-06-30": -959.068, "2017-03-31": "-552.62400", "2016-12-31": -521.612, "2016-09-30": -247.611, "2016-06-30": -294.72, "2016-03-31": "-216.85900", "2015-12-31": -411.222, "2015-09-30": -392.403, "2015-06-30": -405.165, "2015-03-31": "-426.06000", "2014-12-31": -368.661, "2014-09-30": -284.175, "2014-06-30": -175.685, "2014-03-31": "-141.36400", "2013-12-31": -89.434, "2013-09-30": -76.548, "2013-06-30": -40.515, "2013-03-31": "-57.72700", "2012-12-31": -64.053, "2012-09-30": -62.398, "2012-06-30": -58.003, "2012-03-31": "-54.77400", "2011-12-31": -40.592, "2011-09-30": -68.844, "2011-06-30": -54.314, "2011-03-31": "-20.47600", "2010-12-31": -17.148, "2010-09-30": -7.768, "2010-06-30": -9.815, "2010-03-31": "-5.47200", "2009-12-31": -6.195, "2009-09-30": -2.256, "2009-06-30": 7.201, "2008-12-31": -10.63}, "Net Change In Intangible Assets": {"2020-12-31": 0, "2020-09-30": -5, "2020-06-30": 0, "2020-03-31": "", "2019-12-31": 0, "2019-09-30": 0, "2019-06-30": -5, "2019-03-31": "", "2018-12-31": 0, "2018-09-30": 0, "2018-06-30": 0, "2018-03-31": "", "2017-12-31": 0, "2017-09-30": 0, "2017-06-30": 0, "2017-03-31": "", "2016-12-31": 0, "2016-09-30": 0, "2016-06-30": 0, "2016-03-31": "", "2015-12-31": 0, "2015-09-30": 0, "2015-06-30": 0, "2015-03-31": "", "2014-12-31": 0, "2014-09-30": 0, "2014-06-30": 0, "2014-03-31": "", "2013-12-31": 0, "2013-09-30": 0, "2013-06-30": 0, "2013-03-31": "", "2012-12-31": 0, "2012-09-30": 0, "2012-06-30": 0, "2012-03-31": "", "2011-12-31": 0, "2011-09-30": 0, "2011-06-30": 0, "2011-03-31": "", "2010-12-31": 0, "2010-09-30": 0, "2010-06-30": 0, "2010-03-31": "", "2009-12-31": 0, "2009-09-30": 0, "2009-06-30": 0, "2008-12-31": 0}, "Net Acquisitions/Divestitures": {"2020-12-31": 13, "2020-09-30": -13, "2020-06-30": 0, "2020-03-31": "", "2019-12-31": 0, "2019-09-30": -76, "2019-06-30": 32, "2019-03-31": "-1.00000", "2018-12-31": -11, "2018-09-30": -1.396, "2018-06-30": -5.604, "2018-03-31": "", "2017-12-31": -5.853, "2017-09-30": 0, "2017-06-30": 0, "2017-03-31": "-109.14700", "2016-12-31": 342.719, "2016-09-30": 0, "2016-06-30": 0, "2016-03-31": "", "2015-12-31": 0, "2015-09-30": 0, "2015-06-30": -12.26, "2015-03-31": "", "2014-12-31": 0, "2014-09-30": 0, "2014-06-30": 0, "2014-03-31": "", "2013-12-31": 0, "2013-09-30": 0, "2013-06-30": 0, "2013-03-31": "", "2012-12-31": 0, "2012-09-30": 0, "2012-06-30": 0, "2012-03-31": "", "2011-12-31": 0, "2011-09-30": 0, "2011-06-30": 0, "2011-03-31": "", "2010-12-31": -6.5, "2010-09-30": -58.71, "2010-06-30": 0, "2010-03-31": "", "2009-12-31": 0, "2009-09-30": 0, "2009-06-30": 0, "2008-12-31": 0}, "Net Change In Short-term Investments": {"2020-12-31": 0, "2020-09-30": 0, "2020-06-30": 0, "2020-03-31": "", "2019-12-31": 0, "2019-09-30": 0, "2019-06-30": 0, "2019-03-31": "", "2018-12-31": 0, "2018-09-30": 0, "2018-06-30": 0, "2018-03-31": "", "2017-12-31": 0, "2017-09-30": 0, "2017-06-30": 0, "2017-03-31": "", "2016-12-31": 0, "2016-09-30": 0, "2016-06-30": 16.667, "2016-03-31": "", "2015-12-31": 0, "2015-09-30": 0, "2015-06-30": 0, "2015-03-31": "", "2014-12-31": -0.01, "2014-09-30": -5.563, "2014-06-30": 177.974, "2014-03-31": "-189.11100", "2013-12-31": 0, "2013-09-30": 0, "2013-06-30": 0, "2013-03-31": "", "2012-12-31": 0, "2012-09-30": 0, "2012-06-30": 25, "2012-03-31": "0.00800", "2011-12-31": 40, "2011-09-30": -64.952, "2011-06-30": 0, "2011-03-31": "", "2010-12-31": 0, "2010-09-30": 0, "2010-06-30": 0, "2010-03-31": "", "2009-12-31": 0, "2009-09-30": 0, "2009-06-30": 0, "2008-12-31": 0}, "Net Change In Long-Term Investments": {"2020-12-31": 0, "2020-09-30": 0, "2020-06-30": 0, "2020-03-31": "", "2019-12-31": 0, "2019-09-30": 0, "2019-06-30": 0, "2019-03-31": "", "2018-12-31": 0, "2018-09-30": 0, "2018-06-30": 0, "2018-03-31": "", "2017-12-31": 0, "2017-09-30": 0, "2017-06-30": 0, "2017-03-31": "", "2016-12-31": 0, "2016-09-30": 0, "2016-06-30": 0, "2016-03-31": "", "2015-12-31": 0, "2015-09-30": 0, "2015-06-30": 0, "2015-03-31": "", "2014-12-31": 0, "2014-09-30": 0, "2014-06-30": 0, "2014-03-31": "", "2013-12-31": 0, "2013-09-30": 0, "2013-06-30": 0, "2013-03-31": "", "2012-12-31": 0, "2012-09-30": 0, "2012-06-30": 0, "2012-03-31": "", "2011-12-31": 0, "2011-09-30": 0, "2011-06-30": 0, "2011-03-31": "", "2010-12-31": 0, "2010-09-30": 0, "2010-06-30": 0, "2010-03-31": "", "2009-12-31": 0, "2009-09-30": 0, "2009-06-30": 0, "2008-12-31": 0}, "Net Change In Investments - Total": {"2020-12-31": 0, "2020-09-30": 0, "2020-06-30": 0, "2020-03-31": "", "2019-12-31": 0, "2019-09-30": 0, "2019-06-30": 0, "2019-03-31": "", "2018-12-31": 0, "2018-09-30": 0, "2018-06-30": 0, "2018-03-31": "", "2017-12-31": 0, "2017-09-30": 0, "2017-06-30": 0, "2017-03-31": "", "2016-12-31": 0, "2016-09-30": 0, "2016-06-30": 16.667, "2016-03-31": "", "2015-12-31": 0, "2015-09-30": 0, "2015-06-30": 0, "2015-03-31": "", "2014-12-31": -0.01, "2014-09-30": -5.563, "2014-06-30": 177.974, "2014-03-31": "-189.11100", "2013-12-31": 0, "2013-09-30": 0, "2013-06-30": 0, "2013-03-31": "", "2012-12-31": 0, "2012-09-30": 0, "2012-06-30": 25, "2012-03-31": "0.00800", "2011-12-31": 40, "2011-09-30": -64.952, "2011-06-30": 0, "2011-03-31": "", "2010-12-31": 0, "2010-09-30": 0, "2010-06-30": 0, "2010-03-31": "", "2009-12-31": 0, "2009-09-30": 0, "2009-06-30": 0, "2008-12-31": 0}, "Investing Activities - Other": {"2020-12-31": 170, "2020-09-30": -16, "2020-06-30": -20, "2020-03-31": "-25.00000", "2019-12-31": 9, "2019-09-30": -25, "2019-06-30": -18, "2019-03-31": "-25.00000", "2018-12-31": -29, "2018-09-30": -48.625, "2018-06-30": -67.4, "2018-03-31": "-72.97500", "2017-12-31": -118.915, "2017-09-30": -128.293, "2017-06-30": -198.844, "2017-03-31": "-219.94800", "2016-12-31": -80.513, "2016-09-30": -20.395, "2016-06-30": -41.801, "2016-03-31": "-16.96000", "2015-12-31": -3.058, "2015-09-30": -11.687, "2015-06-30": -5.412, "2015-03-31": "-6.28400", "2014-12-31": -3.56, "2014-09-30": -1.905, "2014-06-30": 0.321, "2014-03-31": "1.29500", "2013-12-31": -0.071, "2013-09-30": -0.954, "2013-06-30": 13.341, "2013-03-31": "2.49100", "2012-12-31": 3.296, "2012-09-30": -1.616, "2012-06-30": 17.071, "2012-03-31": "-11.46100", "2011-12-31": 29.515, "2011-09-30": -44.374, "2011-06-30": 31.192, "2011-03-31": "30.58700", "2010-12-31": 15.098, "2010-09-30": -88.201, "2010-06-30": 2.126, "2010-03-31": "-3.90700", "2009-12-31": 0, "2009-09-30": -0.779, "2009-06-30": -0.621, "2008-12-31": -0.96}, "Cash Flow From Investing Activities": {"2020-12-31": 1038, "2020-09-30": -1039, "2020-06-30": -566, "2020-03-31": "-480.00000", "2019-12-31": -403, "2019-09-30": -486, "2019-06-30": -241, "2019-03-31": "-306.00000", "2018-12-31": -365, "2018-09-30": -560.546, "2018-06-30": -682.817, "2018-03-31": "-728.63700", "2017-12-31": -911.642, "2017-09-30": -1244.727, "2017-06-30": -1157.912, "2017-03-31": "-881.71900", "2016-12-31": -259.406, "2016-09-30": -268.006, "2016-06-30": -319.854, "2016-03-31": "-233.81900", "2015-12-31": -414.28, "2015-09-30": -404.09, "2015-06-30": -422.837, "2015-03-31": "-432.34400", "2014-12-31": -372.231, "2014-09-30": -291.643, "2014-06-30": 2.61, "2014-03-31": "-329.18000", "2013-12-31": -89.505, "2013-09-30": -77.502, "2013-06-30": -27.174, "2013-03-31": "-55.23600", "2012-12-31": -60.757, "2012-09-30": -64.014, "2012-06-30": -15.932, "2012-03-31": "-66.22700", "2011-12-31": 28.923, "2011-09-30": -178.17, "2011-06-30": -23.122, "2011-03-31": "10.11100", "2010-12-31": -8.55, "2010-09-30": -154.679, "2010-06-30": -7.689, "2010-03-31": "-9.37900", "2009-12-31": -6.195, "2009-09-30": -3.035, "2009-06-30": 6.58, "2008-12-31": -11.59}, "Net Long-Term Debt": {"2020-12-31": -2122, "2020-09-30": -581, "2020-06-30": 111, "2020-03-31": "287.00000", "2019-12-31": -195, "2019-09-30": 47, "2019-06-30": 1147, "2019-03-31": "-677.00000", "2018-12-31": -198, "2018-09-30": -221.311, "2018-06-30": 245.5971, "2018-03-31": "262.71390", "2017-12-31": 58.397, "2017-09-30": 2231.737, "2017-06-30": 156.695, "2017-03-31": "1021.17100", "2016-12-31": 1184.164, "2016-09-30": -361.546, "2016-06-30": 231.937, "2016-03-31": "663.63500", "2015-12-31": 212.92, "2015-09-30": 120.137, "2015-06-30": 198.984, "2015-03-31": "151.89600", "2014-12-31": -388.366, "2014-09-30": -217.324, "2014-06-30": 296.899, "2014-03-31": "1997.45500", "2013-12-31": -2.045, "2013-09-30": -123.064, "2013-06-30": 161.026, "2013-03-31": "-14.21900", "2012-12-31": -13.858, "2012-09-30": 32.492, "2012-06-30": 70.782, "2012-03-31": "83.83800", "2011-12-31": 51.06, "2011-09-30": 90.727, "2011-06-30": 31.643, "2011-03-31": "30.57700", "2010-12-31": 15.189, "2010-09-30": 11.06, "2010-06-30": 15.421, "2010-03-31": "29.84300", "2009-12-31": -25.193, "2009-09-30": -0.06, "2009-06-30": 25.253, "2008-12-31": 0}, "Net Current Debt": {"2020-12-31": 0, "2020-09-30": 0, "2020-06-30": 0, "2020-03-31": "", "2019-12-31": 0, "2019-09-30": 0, "2019-06-30": 0, "2019-03-31": "", "2018-12-31": 0, "2018-09-30": 0, "2018-06-30": 0, "2018-03-31": "", "2017-12-31": 0, "2017-09-30": 0, "2017-06-30": 0, "2017-03-31": "", "2016-12-31": 0, "2016-09-30": 0, "2016-06-30": 0, "2016-03-31": "", "2015-12-31": 0, "2015-09-30": 0, "2015-06-30": 0, "2015-03-31": "", "2014-12-31": 0, "2014-09-30": 0, "2014-06-30": 0, "2014-03-31": "", "2013-12-31": 0, "2013-09-30": 0, "2013-06-30": 0, "2013-03-31": "", "2012-12-31": 0, "2012-09-30": 0, "2012-06-30": 0, "2012-03-31": "", "2011-12-31": 0, "2011-09-30": 0, "2011-06-30": 0, "2011-03-31": "", "2010-12-31": 0, "2010-09-30": 0, "2010-06-30": 0, "2010-03-31": "", "2009-12-31": 0, "2009-09-30": 0, "2009-06-30": 0, "2008-12-31": 0}, "Debt Issuance/Retirement Net - Total": {"2020-12-31": -2122, "2020-09-30": -581, "2020-06-30": 111, "2020-03-31": "287.00000", "2019-12-31": -195, "2019-09-30": 47, "2019-06-30": 1147, "2019-03-31": "-677.00000", "2018-12-31": -198, "2018-09-30": -221.311, "2018-06-30": 245.5971, "2018-03-31": "262.71390", "2017-12-31": 58.397, "2017-09-30": 2231.737, "2017-06-30": 156.695, "2017-03-31": "1021.17100", "2016-12-31": 1184.164, "2016-09-30": -361.546, "2016-06-30": 231.937, "2016-03-31": "663.63500", "2015-12-31": 212.92, "2015-09-30": 120.137, "2015-06-30": 198.984, "2015-03-31": "151.89600", "2014-12-31": -388.366, "2014-09-30": -217.324, "2014-06-30": 296.899, "2014-03-31": "1997.45500", "2013-12-31": -2.045, "2013-09-30": -123.064, "2013-06-30": 161.026, "2013-03-31": "-14.21900", "2012-12-31": -13.858, "2012-09-30": 32.492, "2012-06-30": 70.782, "2012-03-31": "83.83800", "2011-12-31": 51.06, "2011-09-30": 90.727, "2011-06-30": 31.643, "2011-03-31": "30.57700", "2010-12-31": 15.189, "2010-09-30": 11.06, "2010-06-30": 15.421, "2010-03-31": "29.84300", "2009-12-31": -0.053, "2009-09-30": -0.06, "2009-06-30": -30.337, "2008-12-31": 55.59}, "Net Common Equity Issued/Repurchased": {"2020-12-31": -2656, "2020-09-30": 5117, "2020-06-30": 57, "2020-03-31": "2469.00000", "2019-12-31": 96, "2019-09-30": 71, "2019-06-30": 1040, "2019-03-31": "78.00000", "2018-12-31": 76, "2018-09-30": 94.929, "2018-06-30": 31.053, "2018-03-31": "94.01800", "2017-12-31": 9.152, "2017-09-30": 69.07, "2017-06-30": -106.587, "2017-03-31": "510.36500", "2016-12-31": 10.356, "2016-09-30": 42.983, "2016-06-30": 1759.374, "2016-03-31": "52.83800", "2015-12-31": 12.585, "2015-09-30": 785.155, "2015-06-30": 23.653, "2015-03-31": "35.21800", "2014-12-31": 399.69, "2014-09-30": -352.35, "2014-06-30": 68.149, "2014-03-31": "374.12600", "2013-12-31": 13.088, "2013-09-30": 147.446, "2013-06-30": 452.188, "2013-03-31": "17.90300", "2012-12-31": 228.303, "2012-09-30": 7.687, "2012-06-30": 1.398, "2012-03-31": "8.99300", "2011-12-31": 2.713, "2011-09-30": 2.882, "2011-06-30": 232.692, "2011-03-31": "3.70600", "2010-12-31": 30.609, "2010-09-30": 239.003, "2010-06-30": 0.222, "2010-03-31": "0.35800", "2009-12-31": -0.118, "2009-09-30": 0.053, "2009-06-30": 0.065, "2008-12-31": 0}, "Net Total Equity Issued/Repurchased": {"2020-12-31": -2656, "2020-09-30": 5117, "2020-06-30": 57, "2020-03-31": "2469.00000", "2019-12-31": 96, "2019-09-30": 71, "2019-06-30": 1040, "2019-03-31": "78.00000", "2018-12-31": 76, "2018-09-30": 94.929, "2018-06-30": 31.053, "2018-03-31": "94.01800", "2017-12-31": 9.152, "2017-09-30": 69.07, "2017-06-30": -106.587, "2017-03-31": "510.36500", "2016-12-31": 10.356, "2016-09-30": 42.983, "2016-06-30": 1759.374, "2016-03-31": "52.83800", "2015-12-31": 12.585, "2015-09-30": 785.155, "2015-06-30": 23.653, "2015-03-31": "35.21800", "2014-12-31": 399.69, "2014-09-30": -352.35, "2014-06-30": 68.149, "2014-03-31": "374.12600", "2013-12-31": 13.088, "2013-09-30": 147.446, "2013-06-30": 452.188, "2013-03-31": "17.90300", "2012-12-31": 228.303, "2012-09-30": 7.687, "2012-06-30": 1.398, "2012-03-31": "8.99300", "2011-12-31": 2.713, "2011-09-30": 2.882, "2011-06-30": 232.692, "2011-03-31": "3.70600", "2010-12-31": 30.609, "2010-09-30": 239.003, "2010-06-30": 0.222, "2010-03-31": "0.35800", "2009-12-31": 0.37, "2009-09-30": 82.431, "2009-06-30": 49.039, "2008-12-31": 0.47}, "Total Common And Preferred Stock Dividends Paid": {"2020-12-31": 0, "2020-09-30": 0, "2020-06-30": 0, "2020-03-31": "", "2019-12-31": 0, "2019-09-30": 0, "2019-06-30": 0, "2019-03-31": "", "2018-12-31": 0, "2018-09-30": 0, "2018-06-30": 0, "2018-03-31": "", "2017-12-31": 0, "2017-09-30": 0, "2017-06-30": 0, "2017-03-31": "", "2016-12-31": 0, "2016-09-30": 0, "2016-06-30": 0, "2016-03-31": "", "2015-12-31": 0, "2015-09-30": 0, "2015-06-30": 0, "2015-03-31": "", "2014-12-31": 0, "2014-09-30": 0, "2014-06-30": 0, "2014-03-31": "", "2013-12-31": 0, "2013-09-30": 0, "2013-06-30": 0, "2013-03-31": "", "2012-12-31": 0, "2012-09-30": 0, "2012-06-30": 0, "2012-03-31": "", "2011-12-31": 0, "2011-09-30": 0, "2011-06-30": 0, "2011-03-31": "", "2010-12-31": 0, "2010-09-30": 0, "2010-06-30": 0, "2010-03-31": "", "2009-12-31": 0, "2009-09-30": 0, "2009-06-30": 0, "2008-12-31": 0}, "Financial Activities - Other": {"2020-12-31": 189, "2020-09-30": -86, "2020-06-30": -45, "2020-03-31": "-48.00000", "2019-12-31": 20, "2019-09-30": 0, "2019-06-30": -44, "2019-03-31": "-54.00000", "2018-12-31": 10, "2018-09-30": 42.1, "2018-06-30": 121.972, "2018-03-31": "14.92800", "2017-12-31": 218.429, "2017-09-30": -199.301, "2017-06-30": 378.659, "2017-03-31": "67.21300", "2016-12-31": 178.307, "2016-09-30": -2.307, "2016-06-30": -14.727, "2016-03-31": "-1.03800", "2015-12-31": -0.467, "2015-09-30": -11.314, "2015-06-30": -4.286, "2015-03-31": "-0.95800", "2014-12-31": 0.001, "2014-09-30": 603.428, "2014-06-30": -83.556, "2014-03-31": "-555.02200", "2013-12-31": -0.527, "2013-09-30": -0.167, "2013-06-30": -16.207, "2013-03-31": "", "2012-12-31": 0, "2012-09-30": 0, "2012-06-30": 0, "2012-03-31": "", "2011-12-31": 0, "2011-09-30": 0, "2011-06-30": 0, "2011-03-31": "", "2010-12-31": 0.031, "2010-09-30": -0.168, "2010-06-30": -1.949, "2010-03-31": "-1.57400", "2009-12-31": -2.04, "2009-09-30": 0, "2009-06-30": 0, "2008-12-31": 0}, "Cash Flow From Financial Activities": {"2020-12-31": -4589, "2020-09-30": 4450, "2020-06-30": 123, "2020-03-31": "2708.00000", "2019-12-31": -79, "2019-09-30": 118, "2019-06-30": 2143, "2019-03-31": "-653.00000", "2018-12-31": -112, "2018-09-30": -84.282, "2018-06-30": 398.622, "2018-03-31": "371.66000", "2017-12-31": 285.978, "2017-09-30": 2101.506, "2017-06-30": 428.767, "2017-03-31": "1598.74900", "2016-12-31": 1372.827, "2016-09-30": -320.87, "2016-06-30": 1976.584, "2016-03-31": "715.43500", "2015-12-31": 225.038, "2015-09-30": 893.978, "2015-06-30": 218.351, "2015-03-31": "186.15600", "2014-12-31": 11.325, "2014-09-30": 33.754, "2014-06-30": 281.492, "2014-03-31": "1816.55900", "2013-12-31": 10.516, "2013-09-30": 24.215, "2013-06-30": 597.007, "2013-03-31": "3.68400", "2012-12-31": 214.445, "2012-09-30": 40.179, "2012-06-30": 72.18, "2012-03-31": "92.83100", "2011-12-31": 53.773, "2011-09-30": 93.609, "2011-06-30": 264.335, "2011-03-31": "34.28300", "2010-12-31": 45.829, "2010-09-30": 249.895, "2010-06-30": 13.694, "2010-03-31": "28.62700", "2009-12-31": -1.723, "2009-09-30": 82.371, "2009-06-30": 18.702, "2008-12-31": 56.06}, "Net Cash Flow": {"2020-12-31": -3322, "2020-09-30": 5897, "2020-06-30": 559, "2020-03-31": "1764.00000", "2019-12-31": 957, "2019-09-30": 377, "2019-06-30": 2766, "2019-03-31": "-1594.00000", "2018-12-31": 754, "2018-09-30": 739.721, "2018-06-30": -436.47, "2018-03-31": "-745.25100", "2017-12-31": -111.855, "2017-09-30": 564.017, "2017-06-30": -913.024, "2017-03-31": "658.86200", "2016-12-31": 645.16, "2016-09-30": -162.044, "2016-06-30": 1804.512, "2016-03-31": "244.88100", "2015-12-31": -229.128, "2015-09-30": 275.363, "2015-06-30": -359.403, "2015-03-31": "-395.63700", "2014-12-31": -482.833, "2014-09-30": -286.364, "2014-06-30": 281.002, "2014-03-31": "1548.01900", "2013-12-31": 50.773, "2013-09-30": 49.059, "2013-06-30": 531.64, "2013-03-31": "12.52700", "2012-12-31": 116.197, "2012-09-30": -124.861, "2012-06-30": -8.016, "2012-03-31": "-36.69600", "2011-12-31": 41.938, "2011-09-30": -106.052, "2011-06-30": 218.725, "2011-03-31": "1.09700", "2010-12-31": 2.995, "2010-09-30": 49.259, "2010-06-30": -14.242, "2010-03-31": "-8.08100", "2009-12-31": -36.92, "2009-09-30": 55.847, "2009-06-30": 49.353, "2008-12-31": -7.93}, "Stock-Based Compensation": {"2020-12-31": -468, "2020-09-30": 543, "2020-06-30": 347, "2020-03-31": "211.00000", "2019-12-31": 281, "2019-09-30": 199, "2019-06-30": 210, "2019-03-31": "208.00000", "2018-12-31": 205, "2018-09-30": 205.017, "2018-06-30": 197.344, "2018-03-31": "141.63900", "2017-12-31": 134.588, "2017-09-30": 112.653, "2017-06-30": 116.042, "2017-03-31": "103.71700", "2016-12-31": 87.713, "2016-09-30": 89.543, "2016-06-30": 67.311, "2016-03-31": "89.65800", "2015-12-31": 55.64, "2015-09-30": 55.998, "2015-06-30": 43.335, "2015-03-31": "43.02600", "2014-12-31": 44.516, "2014-09-30": 39.158, "2014-06-30": 35.784, "2014-03-31": "37.03800", "2013-12-31": 25.171, "2013-09-30": 20.984, "2013-06-30": 19.714, "2013-03-31": "14.86800", "2012-12-31": 14.416, "2012-09-30": 12.475, "2012-06-30": 12.543, "2012-03-31": "10.71100", "2011-12-31": 8.682, "2011-09-30": 7.885, "2011-06-30": 6.926, "2011-03-31": "5.92600", "2010-12-31": 7.843, "2010-09-30": 3.811, "2010-06-30": 6.115, "2010-03-31": "3.38700", "2009-12-31": -0.449, "2009-09-30": 0.206, "2009-06-30": 0.243, "2008-12-31": 0}, "Common Stock Dividends Paid": {"2020-12-31": 0, "2020-09-30": 0, "2020-06-30": 0, "2020-03-31": "", "2019-12-31": 0, "2019-09-30": 0, "2019-06-30": 0, "2019-03-31": "", "2018-12-31": 0, "2018-09-30": 0, "2018-06-30": 0, "2018-03-31": "", "2017-12-31": 0, "2017-09-30": 0, "2017-06-30": 0, "2017-03-31": "", "2016-12-31": 0, "2016-09-30": 0, "2016-06-30": 0, "2016-03-31": "", "2015-12-31": 0, "2015-09-30": 0, "2015-06-30": 0, "2015-03-31": "", "2014-12-31": 0, "2014-09-30": 0, "2014-06-30": 0, "2014-03-31": "", "2013-12-31": 0, "2013-09-30": 0, "2013-06-30": 0, "2013-03-31": "", "2012-12-31": 0, "2012-09-30": 0, "2012-06-30": 0, "2012-03-31": "", "2011-12-31": 0, "2011-09-30": 0, "2011-06-30": 0, "2011-03-31": "", "2010-12-31": 0, "2010-09-30": 0, "2010-06-30": 0, "2010-03-31": "", "2009-12-31": 0, "2009-09-30": 0, "2009-06-30": 0, "2008-12-31": 0}}, "financial ratios": {"Current Ratio": {"2019-12-31": "1.13460", "2018-12-31": "0.83130", "2017-12-31": "0.85610", "2016-12-31": "1.07430", "2015-12-31": "0.98970", "2014-12-31": "1.50920", "2013-12-31": "1.87500", "2012-12-31": "0.97340", "2011-12-31": "1.94860", "2010-12-31": "2.75680", "2009-12-31": "1.74920", "2008-12-31": ""}, "Long-term Debt / Capital": {"2019-12-31": "0.60910", "2018-12-31": "0.62030", "2017-12-31": "0.64280", "2016-12-31": "0.51490", "2015-12-31": "0.65620", "2014-12-31": "0.67310", "2013-12-31": "0.47310", "2012-12-31": "0.76740", "2011-12-31": "0.54760", "2010-12-31": "0.25890", "2009-12-31": "-0.00320", "2008-12-31": ""}, "Debt/Equity Ratio": {"2019-12-31": "1.79710", "2018-12-31": "2.07960", "2017-12-31": "1.97050", "2016-12-31": "1.26930", "2015-12-31": "2.48800", "2014-12-31": "2.72900", "2013-12-31": "0.90970", "2012-12-31": "3.74230", "2011-12-31": "1.25040", "2010-12-31": "0.35070", "2009-12-31": "-0.00430", "2008-12-31": ""}, "Gross Margin": {"2019-12-31": "16.55550", "2018-12-31": "18.83420", "2017-12-31": "18.90470", "2016-12-31": "22.84610", "2015-12-31": "22.82500", "2014-12-31": "27.56640", "2013-12-31": "22.66020", "2012-12-31": "7.27560", "2011-12-31": "30.15790", "2010-12-31": "26.32340", "2009-12-31": "8.51770", "2008-12-31": "-7.73980"}, "Operating Margin": {"2019-12-31": "-0.28070", "2018-12-31": "-1.80790", "2017-12-31": "-13.87870", "2016-12-31": "-9.53330", "2015-12-31": "-17.71190", "2014-12-31": "-5.83700", "2013-12-31": "-3.04360", "2012-12-31": "-95.40890", "2011-12-31": "-123.13230", "2010-12-31": "-125.77780", "2009-12-31": "-46.36020", "2008-12-31": "-532.51940"}, "EBIT Margin": {"2019-12-31": "-0.28070", "2018-12-31": "-1.80790", "2017-12-31": "-13.87870", "2016-12-31": "-9.53330", "2015-12-31": "-17.71190", "2014-12-31": "-5.83700", "2013-12-31": "-3.04360", "2012-12-31": "-95.40890", "2011-12-31": "-123.13230", "2010-12-31": "-125.77780", "2009-12-31": "-46.36020", "2008-12-31": "-532.51940"}, "EBITDA Margin": {"2019-12-31": "9.24810", "2018-12-31": "7.79090", "2017-12-31": "0.80790", "2016-12-31": "5.34920", "2015-12-31": "-5.33820", "2014-12-31": "3.59490", "2013-12-31": "2.95510", "2012-12-31": "-88.43380", "2011-12-31": "-114.84850", "2010-12-31": "-116.67840", "2009-12-31": "-40.16060", "2008-12-31": "-504.32100"}, "Pre-Tax Profit Margin": {"2019-12-31": "-2.70570", "2018-12-31": "-4.68290", "2017-12-31": "-18.78560", "2016-12-31": "-10.66190", "2015-12-31": "-21.64160", "2014-12-31": "-8.89940", "2013-12-31": "-3.54740", "2012-12-31": "-95.84300", "2011-12-31": "-124.32410", "2010-12-31": "-132.04530", "2009-12-31": "-49.77000", "2008-12-31": "-560.88050"}, "Net Profit Margin": {"2019-12-31": "-3.53980", "2018-12-31": "-4.54780", "2017-12-31": "-16.68510", "2016-12-31": "-9.64140", "2015-12-31": "-21.96390", "2014-12-31": "-9.19350", "2013-12-31": "-3.67590", "2012-12-31": "-95.87590", "2011-12-31": "-124.56350", "2010-12-31": "-132.19350", "2009-12-31": "-49.79320", "2008-12-31": "-561.53850"}, "Asset Turnover": {"2019-12-31": "0.71640", "2018-12-31": "0.72160", "2017-12-31": "0.41040", "2016-12-31": "0.30890", "2015-12-31": "0.50150", "2014-12-31": "0.54850", "2013-12-31": "0.83310", "2012-12-31": "0.37090", "2011-12-31": "0.28630", "2010-12-31": "0.30240", "2009-12-31": "0.85830", "2008-12-31": ""}, "Inventory Turnover Ratio": {"2019-12-31": "5.77390", "2018-12-31": "5.59560", "2017-12-31": "4.21290", "2016-12-31": "2.61230", "2015-12-31": "2.44360", "2014-12-31": "2.42920", "2013-12-31": "4.57530", "2012-12-31": "1.42710", "2011-12-31": "2.84830", "2010-12-31": "1.90370", "2009-12-31": "4.41000", "2008-12-31": ""}, "Receiveable Turnover": {"2019-12-31": "18.56340", "2018-12-31": "22.61430", "2017-12-31": "22.81610", "2016-12-31": "14.02430", "2015-12-31": "23.94590", "2014-12-31": "14.11430", "2013-12-31": "41.00060", "2012-12-31": "15.39590", "2011-12-31": "21.41130", "2010-12-31": "17.39850", "2009-12-31": "32.09380", "2008-12-31": ""}, "Days Sales In Receivables": {"2019-12-31": "19.66230", "2018-12-31": "16.14020", "2017-12-31": "15.99750", "2016-12-31": "26.02620", "2015-12-31": "15.24270", "2014-12-31": "25.86030", "2013-12-31": "8.90230", "2012-12-31": "23.70770", "2011-12-31": "17.04710", "2010-12-31": "20.97880", "2009-12-31": "11.37290", "2008-12-31": ""}, "ROE - Return On Equity": {"2019-12-31": "-10.37900", "2018-12-31": "-18.46450", "2017-12-31": "-42.81140", "2016-12-31": "-13.95870", "2015-12-31": "-82.00240", "2014-12-31": "-32.25150", "2013-12-31": "-11.09460", "2012-12-31": "-317.73280", "2011-12-31": "-113.55350", "2010-12-31": "-74.53730", "2009-12-31": "21.98620", "2008-12-31": ""}, "Return On Tangible Equity": {"2019-12-31": "-11.18330", "2018-12-31": "-19.65970", "2017-12-31": "-46.56290", "2016-12-31": "-14.97590", "2015-12-31": "-82.98370", "2014-12-31": "-32.25150", "2013-12-31": "-11.09460", "2012-12-31": "-317.73310", "2011-12-31": "-113.55350", "2010-12-31": "-74.53730", "2009-12-31": "21.98620", "2008-12-31": ""}, "ROA - Return On Assets": {"2019-12-31": "-2.25890", "2018-12-31": "-3.57430", "2017-12-31": "-7.82050", "2016-12-31": "-3.41090", "2015-12-31": "-11.01480", "2014-12-31": "-5.04300", "2013-12-31": "-3.06230", "2012-12-31": "-35.56060", "2011-12-31": "-35.65940", "2010-12-31": "-39.97290", "2009-12-31": "-42.73750", "2008-12-31": ""}, "ROI - Return On Investment": {"2019-12-31": "-4.05740", "2018-12-31": "-7.01140", "2017-12-31": "-15.29380", "2016-12-31": "-6.77090", "2015-12-31": "-28.19290", "2014-12-31": "-10.54400", "2013-12-31": "-5.84590", "2012-12-31": "-73.89830", "2011-12-31": "-51.37440", "2010-12-31": "-55.24100", "2009-12-31": "22.05580", "2008-12-31": ""}, "Book Value Per Share": {"2019-12-31": "8.25080", "2018-12-31": "6.65550", "2017-12-31": "6.20220", "2016-12-31": "6.85570", "2015-12-31": "1.64920", "2014-12-31": "1.45080", "2013-12-31": "1.08390", "2012-12-31": "0.21840", "2011-12-31": "0.42870", "2010-12-31": "0.43630", "2009-12-31": "-6.96110", "2008-12-31": ""}, "Operating Cash Flow Per Share": {"2019-12-31": 0.2518, "2018-12-31": 2.5331, "2017-12-31": 0.0982, "2016-12-31": 0.6465, "2015-12-31": -0.7261, "2014-12-31": -0.5356, "2013-12-31": 0.935, "2012-12-31": -0.2364, "2011-12-31": 0.2489, "2010-12-31": 1.7981, "2009-12-31": -0.7249, "2008-12-31": -1.5772}, "Free Cash Flow Per Share": {"2019-12-31": 1.2188, "2018-12-31": 4.1845, "2017-12-31": -2.24, "2016-12-31": 1.4207, "2015-12-31": -1.7191, "2014-12-31": -1.6506, "2013-12-31": 0.9382, "2012-12-31": -0.3151, "2011-12-31": 0.0405, "2010-12-31": 1.9779, "2009-12-31": -0.7434, "2008-12-31": -1.8971}}, "financial ratios, quarterly": {"Current Ratio": {"2020-09-30": "1.63460", "2020-06-30": "1.24990", "2020-03-31": "1.24250", "2019-12-31": "1.13460", "2019-09-30": "1.07830", "2019-06-30": "1.06190", "2019-03-31": "0.83070", "2018-12-31": "0.83130", "2018-09-30": "0.81030", "2018-06-30": "0.73290", "2018-03-31": "0.73800", "2017-12-31": "0.85610", "2017-09-30": "1.09270", "2017-06-30": "0.97140", "2017-03-31": "1.12530", "2016-12-31": "1.07430", "2016-09-30": "1.26700", "2016-06-30": "1.38160", "2016-03-31": "1.01630", "2015-12-31": "0.98970", "2015-09-30": "1.17430", "2015-06-30": "1.10240", "2015-03-31": "1.33250", "2014-12-31": "1.50920", "2014-09-30": "1.82790", "2014-06-30": "2.18400", "2014-03-31": "2.23280", "2013-12-31": "1.87500", "2013-09-30": "1.04220", "2013-06-30": "2.32160", "2013-03-31": "0.98200", "2012-12-31": "0.97340", "2012-09-30": "0.73750", "2012-06-30": "1.10680", "2012-03-31": "1.52250", "2011-12-31": "1.94860", "2011-09-30": "2.67300", "2011-06-30": "3.01120", "2011-03-31": "2.00840", "2010-12-31": "2.75680", "2010-09-30": "3.47810", "2010-06-30": "1.31180", "2010-03-31": "", "2009-12-31": "", "2009-09-30": "", "2009-06-30": "", "2008-12-31": ""}, "Long-term Debt / Capital": {"2020-09-30": "0.38570", "2020-06-30": "0.49380", "2020-03-31": "0.51650", "2019-12-31": "0.60910", "2019-09-30": "0.62180", "2019-06-30": "0.63100", "2019-03-31": "0.64160", "2018-12-31": "0.62030", "2018-09-30": "0.64590", "2018-06-30": "0.66800", "2018-03-31": "0.62250", "2017-12-31": "0.64280", "2017-09-30": "0.62400", "2017-06-30": "0.53420", "2017-03-31": "0.55280", "2016-12-31": "0.51490", "2016-09-30": "0.47800", "2016-06-30": "0.51320", "2016-03-31": "0.72250", "2015-12-31": "0.65620", "2015-09-30": "0.60670", "2015-06-30": "0.74110", "2015-03-31": "0.70290", "2014-12-31": "0.67310", "2014-09-30": "0.66020", "2014-06-30": "0.65980", "2014-03-31": "0.63730", "2013-12-31": "0.47310", "2013-09-30": "0.13550", "2013-06-30": "0.48300", "2013-03-31": "0.70310", "2012-12-31": "0.76740", "2012-09-30": "1.07100", "2012-06-30": "0.86570", "2012-03-31": "0.69100", "2011-12-31": "0.54760", "2011-09-30": "0.43410", "2011-06-30": "0.27850", "2011-03-31": "0.38020", "2010-12-31": "0.25890", "2010-09-30": "0.20620", "2010-06-30": "-0.17460", "2010-03-31": "", "2009-12-31": "", "2009-09-30": "", "2009-06-30": "", "2008-12-31": ""}, "Debt/Equity Ratio": {"2020-09-30": "0.81300", "2020-06-30": "1.31840", "2020-03-31": "1.38870", "2019-12-31": "1.79710", "2019-09-30": "1.93880", "2019-06-30": "1.98250", "2019-03-31": "2.10210", "2018-12-31": "2.07960", "2018-09-30": "2.22150", "2018-06-30": "2.45720", "2018-03-31": "2.02490", "2017-12-31": "1.97050", "2017-09-30": "1.73320", "2017-06-30": "1.27820", "2017-03-31": "1.40930", "2016-12-31": "1.26930", "2016-09-30": "1.01300", "2016-06-30": "1.30300", "2016-03-31": "3.25880", "2015-12-31": "2.48800", "2015-09-30": "2.03810", "2015-06-30": "3.75440", "2015-03-31": "3.12900", "2014-12-31": "2.72900", "2014-09-30": "2.57680", "2014-06-30": "2.57330", "2014-03-31": "2.41300", "2013-12-31": "0.90970", "2013-09-30": "1.19980", "2013-06-30": "0.94320", "2013-03-31": "2.70220", "2012-12-31": "3.74230", "2012-09-30": "-17.02290", "2012-06-30": "7.05570", "2012-03-31": "2.37800", "2011-12-31": "1.25040", "2011-09-30": "0.76860", "2011-06-30": "0.38690", "2011-03-31": "0.61510", "2010-12-31": "0.35070", "2010-09-30": "0.26110", "2010-06-30": "-0.14960", "2010-03-31": "", "2009-12-31": "", "2009-09-30": "", "2009-06-30": "", "2008-12-31": ""}, "Gross Margin": {"2020-09-30": "23.52070", "2020-06-30": "20.99070", "2020-03-31": "20.61820", "2019-12-31": "18.83800", "2019-09-30": "18.89580", "2019-06-30": "14.50390", "2019-03-31": "12.46420", "2018-12-31": "19.96320", "2018-09-30": "22.33290", "2018-06-30": "15.46460", "2018-03-31": "13.39280", "2017-12-31": "13.35870", "2017-09-30": "15.04820", "2017-06-30": "23.89680", "2017-03-31": "24.77300", "2016-12-31": "19.05240", "2016-09-30": "27.70300", "2016-06-30": "21.63560", "2016-03-31": "22.01020", "2015-12-31": "17.99800", "2015-09-30": "24.71170", "2015-06-30": "22.34300", "2015-03-31": "27.67090", "2014-12-31": "27.35530", "2014-09-30": "29.56680", "2014-06-30": "27.68510", "2014-03-31": "24.99880", "2013-12-31": "25.45290", "2013-09-30": "23.84810", "2013-06-30": "24.80210", "2013-03-31": "17.14510", "2012-12-31": "7.78760", "2012-09-30": "-17.48560", "2012-06-30": "17.86670", "2012-03-31": "33.84490", "2011-12-31": "19.89840", "2011-09-30": "29.86860", "2011-06-30": "31.81650", "2011-03-31": "36.76930", "2010-12-31": "31.20210", "2010-09-30": "29.75580", "2010-06-30": "22.04190", "2010-03-31": "18.50860", "2009-12-31": "", "2009-09-30": "16.91080", "2009-06-30": "7.79740", "2008-12-31": ""}, "Operating Margin": {"2020-09-30": "9.22360", "2020-06-30": "5.41750", "2020-03-31": "4.72850", "2019-12-31": "4.86190", "2019-09-30": "4.14090", "2019-06-30": "-2.62990", "2019-03-31": "-11.49530", "2018-12-31": "5.73440", "2018-09-30": "6.09610", "2018-06-30": "-15.52610", "2018-03-31": "-17.51300", "2017-12-31": "-18.18620", "2017-09-30": "-17.94100", "2017-06-30": "-8.63640", "2017-03-31": "-9.55210", "2016-12-31": "-11.67360", "2016-09-30": "3.72520", "2016-06-30": "-18.74310", "2016-03-31": "-21.64030", "2015-12-31": "-21.43760", "2015-09-30": "-19.60550", "2015-06-30": "-17.82120", "2015-03-31": "-10.89990", "2014-12-31": "-7.82300", "2014-09-30": "-4.59370", "2014-06-30": "-3.73730", "2014-03-31": "-7.08530", "2013-12-31": "-2.17050", "2013-09-30": "-7.08340", "2013-06-30": "-2.91060", "2013-03-31": "-0.99400", "2012-12-31": "-29.66880", "2012-09-30": "-216.46980", "2012-06-30": "-398.36040", "2012-03-31": "-294.23870", "2011-12-31": "-205.52630", "2011-09-30": "-111.81110", "2011-06-30": "-100.97640", "2011-03-31": "-96.56540", "2010-12-31": "-142.32480", "2010-09-30": "-121.10370", "2010-06-30": "-110.41010", "2010-03-31": "-124.91830", "2009-12-31": "", "2009-09-30": "-9.42520", "2009-06-30": "-30.01300", "2008-12-31": ""}, "EBIT Margin": {"2020-09-30": "9.22360", "2020-06-30": "5.41750", "2020-03-31": "4.72850", "2019-12-31": "4.86190", "2019-09-30": "4.14090", "2019-06-30": "-2.62990", "2019-03-31": "-11.49530", "2018-12-31": "5.73440", "2018-09-30": "6.09610", "2018-06-30": "-15.52610", "2018-03-31": "-17.51300", "2017-12-31": "-18.18630", "2017-09-30": "-17.94100", "2017-06-30": "-8.63640", "2017-03-31": "-9.55210", "2016-12-31": "-11.67360", "2016-09-30": "3.72520", "2016-06-30": "-18.74310", "2016-03-31": "-21.64030", "2015-12-31": "-21.43760", "2015-09-30": "-19.60550", "2015-06-30": "-17.82120", "2015-03-31": "-10.89990", "2014-12-31": "-7.82300", "2014-09-30": "-4.59370", "2014-06-30": "-3.73730", "2014-03-31": "-7.08530", "2013-12-31": "-2.17050", "2013-09-30": "-7.08340", "2013-06-30": "-2.91060", "2013-03-31": "-0.99400", "2012-12-31": "-29.66880", "2012-09-30": "-216.46980", "2012-06-30": "-398.36040", "2012-03-31": "-294.23870", "2011-12-31": "-205.52630", "2011-09-30": "-111.81110", "2011-06-30": "-100.97640", "2011-03-31": "-96.56540", "2010-12-31": "-142.32480", "2010-09-30": "-121.10370", "2010-06-30": "-110.41010", "2010-03-31": "-124.91830", "2009-12-31": "", "2009-09-30": "-9.42520", "2009-06-30": "-30.01300", "2008-12-31": ""}, "EBITDA Margin": {"2020-09-30": "", "2020-06-30": "", "2020-03-31": "", "2019-12-31": "", "2019-09-30": "", "2019-06-30": "", "2019-03-31": "", "2018-12-31": "", "2018-09-30": "", "2018-06-30": "", "2018-03-31": "", "2017-12-31": "", "2017-09-30": "", "2017-06-30": "", "2017-03-31": "", "2016-12-31": "", "2016-09-30": "", "2016-06-30": "", "2016-03-31": "", "2015-12-31": "", "2015-09-30": "", "2015-06-30": "", "2015-03-31": "", "2014-12-31": "", "2014-09-30": "", "2014-06-30": "", "2014-03-31": "", "2013-12-31": "", "2013-09-30": "", "2013-06-30": "", "2013-03-31": "", "2012-12-31": "", "2012-09-30": "", "2012-06-30": "", "2012-03-31": "", "2011-12-31": "", "2011-09-30": "", "2011-06-30": "", "2011-03-31": "", "2010-12-31": "", "2010-09-30": "", "2010-06-30": "", "2010-03-31": "", "2009-12-31": "", "2009-09-30": "", "2009-06-30": "", "2008-12-31": ""}, "Pre-Tax Profit Margin": {"2020-09-30": "6.32770", "2020-06-30": "2.48510", "2020-03-31": "1.16960", "2019-12-31": "2.35640", "2019-09-30": "2.79230", "2019-06-30": "-5.82680", "2019-03-31": "-14.20390", "2018-12-31": "3.21090", "2018-09-30": "3.97130", "2018-06-30": "-18.21480", "2018-03-31": "-22.85360", "2017-12-31": "-23.71510", "2017-09-30": "-22.49650", "2017-06-30": "-13.82940", "2017-03-31": "-13.79320", "2016-12-31": "-9.12180", "2016-09-30": "1.30570", "2016-06-30": "-22.79800", "2016-03-31": "-24.27280", "2015-12-31": "-25.96790", "2015-09-30": "-24.34640", "2015-06-30": "-18.95960", "2015-03-31": "-16.08090", "2014-12-31": "-10.86220", "2014-09-30": "-8.33300", "2014-06-30": "-7.89630", "2014-03-31": "-7.89490", "2013-12-31": "-2.42290", "2013-09-30": "-8.74430", "2013-06-30": "-7.45450", "2013-03-31": "2.02900", "2012-12-31": "-29.40630", "2012-09-30": "-220.91650", "2012-06-30": "-395.80540", "2012-03-31": "-297.72270", "2011-12-31": "-206.66920", "2011-09-30": "-112.70250", "2011-06-30": "-101.01940", "2011-03-31": "-99.51260", "2010-12-31": "-141.63590", "2010-09-30": "-111.55850", "2010-06-30": "-135.56770", "2010-03-31": "-141.26950", "2009-12-31": "", "2009-09-30": "-10.61790", "2009-06-30": "-40.30060", "2008-12-31": ""}, "Net Profit Margin": {"2020-09-30": "3.42040", "2020-06-30": "1.72300", "2020-03-31": "0.26730", "2019-12-31": "1.42200", "2019-09-30": "2.26880", "2019-06-30": "-6.42520", "2019-03-31": "-15.63530", "2018-12-31": "1.93870", "2018-09-30": "4.55740", "2018-06-30": "-17.92850", "2018-03-31": "-20.81560", "2017-12-31": "-20.55500", "2017-09-30": "-20.75190", "2017-06-30": "-12.05920", "2017-03-31": "-12.24940", "2016-12-31": "-5.31100", "2016-09-30": "0.95190", "2016-06-30": "-23.08540", "2016-03-31": "-24.60810", "2015-12-31": "-26.38360", "2015-09-30": "-24.53680", "2015-06-30": "-19.29130", "2015-03-31": "-16.40430", "2014-12-31": "-11.25080", "2014-09-30": "-8.77060", "2014-06-30": "-8.04580", "2014-03-31": "-8.02520", "2013-12-31": "-2.64360", "2013-09-30": "-8.92460", "2013-06-30": "-7.52880", "2013-03-31": "2.00220", "2012-12-31": "-29.35800", "2012-09-30": "-221.14800", "2012-06-30": "-396.21430", "2012-03-31": "-297.91830", "2011-12-31": "-206.95620", "2011-09-30": "-112.85330", "2011-06-30": "-101.25840", "2011-03-31": "-99.81850", "2010-12-31": "-141.53390", "2010-09-30": "-111.82420", "2010-06-30": "-135.59940", "2010-03-31": "-141.83640", "2009-12-31": "", "2009-09-30": "-10.13680", "2009-06-30": "-40.33030", "2008-12-31": ""}, "Asset Turnover": {"2020-09-30": "0.19200", "2020-06-30": "0.15830", "2020-03-31": "0.16070", "2019-12-31": "0.21520", "2019-09-30": "0.19220", "2019-06-30": "0.19920", "2019-03-31": "0.15710", "2018-12-31": "0.24300", "2018-09-30": "0.23320", "2018-06-30": "0.14340", "2018-03-31": "0.12500", "2017-12-31": "0.11480", "2017-09-30": "0.10620", "2017-06-30": "0.10710", "2017-03-31": "0.10760", "2016-12-31": "0.10080", "2016-09-30": "0.18250", "2016-06-30": "0.10700", "2016-03-31": "0.12480", "2015-12-31": "0.15050", "2015-09-30": "0.12410", "2015-06-30": "0.14760", "2015-03-31": "0.15360", "2014-12-31": "0.16410", "2014-09-30": "0.15670", "2014-06-30": "0.15220", "2014-03-31": "0.13790", "2013-12-31": "0.25450", "2013-09-30": "0.19910", "2013-06-30": "0.21460", "2013-03-31": "0.49120", "2012-12-31": "0.27490", "2012-09-30": "0.06190", "2012-06-30": "0.03430", "2012-03-31": "0.03960", "2011-12-31": "0.05520", "2011-09-30": "0.08240", "2011-06-30": "0.09000", "2011-03-31": "0.12040", "2010-12-31": "0.09400", "2010-09-30": "0.08640", "2010-06-30": "0.19200", "2010-03-31": "", "2009-12-31": "", "2009-09-30": "", "2009-06-30": "", "2008-12-31": ""}, "Inventory Turnover Ratio": {"2020-09-30": "1.59030", "2020-06-30": "1.18690", "2020-03-31": "1.05720", "2019-12-31": "1.68720", "2019-09-30": "1.42750", "2019-06-30": "1.60510", "2019-03-31": "1.03600", "2018-12-31": "1.85780", "2018-09-30": "1.59920", "2018-06-30": "1.01760", "2018-03-31": "1.15060", "2017-12-31": "1.25870", "2017-09-30": "1.02600", "2017-06-30": "0.87070", "2017-03-31": "0.91350", "2016-12-31": "0.89450", "2016-09-30": "1.03560", "2016-06-30": "0.61830", "2016-03-31": "0.68710", "2015-12-31": "0.77930", "2015-09-30": "0.54520", "2015-06-30": "0.61170", "2015-03-31": "0.64450", "2014-12-31": "0.72870", "2014-09-30": "0.79730", "2014-06-30": "0.93200", "2014-03-31": "1.03260", "2013-12-31": "1.34750", "2013-09-30": "0.94510", "2013-06-30": "1.19520", "2013-03-31": "1.95890", "2012-12-31": "1.05200", "2012-09-30": "0.37010", "2012-06-30": "0.32840", "2012-03-31": "0.36010", "2011-12-31": "0.62980", "2011-09-30": "0.82170", "2011-06-30": "0.73030", "2011-03-31": "0.61000", "2010-12-31": "0.55250", "2010-09-30": "0.55550", "2010-06-30": "0.75020", "2010-03-31": "", "2009-12-31": "", "2009-09-30": "", "2009-06-30": "", "2008-12-31": ""}, "Receiveable Turnover": {"2020-09-30": "4.99200", "2020-06-30": "4.06460", "2020-03-31": "4.69780", "2019-12-31": "5.57700", "2019-09-30": "5.58780", "2019-06-30": "5.53570", "2019-03-31": "4.33740", "2018-12-31": "7.61440", "2018-09-30": "5.90820", "2018-06-30": "7.02300", "2018-03-31": "5.22140", "2017-12-31": "6.38070", "2017-09-30": "4.91120", "2017-06-30": "6.15060", "2017-03-31": "6.12300", "2016-12-31": "4.57710", "2016-09-30": "7.03110", "2016-06-30": "7.11120", "2016-03-31": "3.60640", "2015-12-31": "7.18720", "2015-09-30": "7.80890", "2015-06-30": "6.88780", "2015-03-31": "4.69820", "2014-12-31": "4.22170", "2014-09-30": "5.42930", "2014-06-30": "7.96370", "2014-03-31": "8.57340", "2013-12-31": "12.52760", "2013-09-30": "9.06570", "2013-06-30": "3.56810", "2013-03-31": "12.17610", "2012-12-31": "11.41240", "2012-09-30": "5.46750", "2012-06-30": "2.41790", "2012-03-31": "2.22000", "2011-12-31": "4.12780", "2011-09-30": "3.15980", "2011-06-30": "2.49580", "2011-03-31": "2.42000", "2010-12-31": "5.40780", "2010-09-30": "3.87510", "2010-06-30": "4.39230", "2010-03-31": "", "2009-12-31": "", "2009-09-30": "", "2009-06-30": "", "2008-12-31": ""}, "Days Sales In Receivables": {"2020-09-30": "18.02870", "2020-06-30": "22.14220", "2020-03-31": "19.15790", "2019-12-31": "16.13760", "2019-09-30": "16.10660", "2019-06-30": "16.25810", "2019-03-31": "20.74990", "2018-12-31": "11.81980", "2018-09-30": "15.23300", "2018-06-30": "12.81500", "2018-03-31": "17.23690", "2017-12-31": "14.10500", "2017-09-30": "18.32560", "2017-06-30": "14.63260", "2017-03-31": "14.69860", "2016-12-31": "19.66300", "2016-09-30": "12.80030", "2016-06-30": "12.65610", "2016-03-31": "24.95540", "2015-12-31": "12.52230", "2015-09-30": "11.52530", "2015-06-30": "13.06660", "2015-03-31": "19.15640", "2014-12-31": "21.31830", "2014-09-30": "16.57660", "2014-06-30": "11.30130", "2014-03-31": "10.49760", "2013-12-31": "7.18410", "2013-09-30": "9.92750", "2013-06-30": "25.22330", "2013-03-31": "7.39150", "2012-12-31": "7.88610", "2012-09-30": "16.46100", "2012-06-30": "37.22170", "2012-03-31": "40.54130", "2011-12-31": "21.80340", "2011-09-30": "28.48300", "2011-06-30": "36.06130", "2011-03-31": "37.18950", "2010-12-31": "16.64280", "2010-09-30": "23.22530", "2010-06-30": "20.49040", "2010-03-31": "", "2009-12-31": "", "2009-09-30": "", "2009-06-30": "", "2008-12-31": ""}, "ROE - Return On Equity": {"2020-09-30": "2.18450", "2020-06-30": "1.20290", "2020-03-31": "0.67730", "2019-12-31": "1.76780", "2019-09-30": "2.17960", "2019-06-30": "-5.92060", "2019-03-31": "-12.21740", "2018-12-31": "3.65350", "2018-09-30": "4.79040", "2018-06-30": "-15.71010", "2018-03-31": "-14.76370", "2017-12-31": "-14.73330", "2017-09-30": "-11.62240", "2017-06-30": "-6.45930", "2017-03-31": "-6.85170", "2016-12-31": "-3.96290", "2016-09-30": "0.81620", "2016-06-30": "-11.63310", "2016-03-31": "-29.08880", "2015-12-31": "-29.56500", "2015-09-30": "-17.48430", "2015-06-30": "-25.73240", "2015-03-31": "-18.66610", "2014-12-31": "-11.80550", "2014-09-30": "-7.79760", "2014-06-30": "-6.49980", "2014-03-31": "-5.46020", "2013-12-31": "-2.43790", "2013-09-30": "-6.82350", "2013-06-30": "-4.84600", "2013-03-31": "6.67210", "2012-12-31": "-72.11950", "2012-09-30": "397.50310", "2012-06-30": "-169.73870", "2012-03-31": "-58.40690", "2011-12-31": "-36.37170", "2011-09-30": "-22.12650", "2011-06-30": "-16.90420", "2011-03-31": "-29.17710", "2010-12-31": "-24.80440", "2010-09-30": "-15.88510", "2010-06-30": "12.43390", "2010-03-31": "", "2009-12-31": "", "2009-09-30": "", "2009-06-30": "", "2008-12-31": ""}, "Return On Tangible Equity": {"2020-09-30": "2.25400", "2020-06-30": "1.26270", "2020-03-31": "0.71400", "2019-12-31": "1.90480", "2019-09-30": "2.36410", "2019-06-30": "-6.38810", "2019-03-31": "-13.04750", "2018-12-31": "3.89000", "2018-09-30": "5.13590", "2018-06-30": "-17.02330", "2018-03-31": "-15.99040", "2017-12-31": "-16.02440", "2017-09-30": "-12.52810", "2017-06-30": "-6.93300", "2017-03-31": "-7.40010", "2016-12-31": "-4.25170", "2016-09-30": "0.81620", "2016-06-30": "-11.63310", "2016-03-31": "-29.08870", "2015-12-31": "-29.91880", "2015-09-30": "-17.48430", "2015-06-30": "-25.73240", "2015-03-31": "-18.66610", "2014-12-31": "-11.80550", "2014-09-30": "-7.79760", "2014-06-30": "-6.49980", "2014-03-31": "-5.46020", "2013-12-31": "-2.43790", "2013-09-30": "-6.82350", "2013-06-30": "-4.84600", "2013-03-31": "6.67210", "2012-12-31": "-72.11950", "2012-09-30": "397.50310", "2012-06-30": "-169.73870", "2012-03-31": "-58.40690", "2011-12-31": "-36.37170", "2011-09-30": "-22.12650", "2011-06-30": "-16.90420", "2011-03-31": "-29.17710", "2010-12-31": "-24.80440", "2010-09-30": "-15.88510", "2010-06-30": "12.43390", "2010-03-31": "", "2009-12-31": "", "2009-09-30": "", "2009-06-30": "", "2008-12-31": ""}, "ROA - Return On Assets": {"2020-09-30": "0.80760", "2020-06-30": "0.33830", "2020-03-31": "0.18260", "2019-12-31": "0.38470", "2019-09-30": "0.45740", "2019-06-30": "-1.22050", "2019-03-31": "-2.31040", "2018-12-31": "0.70720", "2018-09-30": "0.86800", "2018-06-30": "-2.66110", "2018-03-31": "-2.87710", "2017-12-31": "-2.69140", "2017-09-30": "-2.38790", "2017-06-30": "-1.54140", "2017-03-31": "-1.58530", "2016-12-31": "-0.96840", "2016-09-30": "0.17370", "2016-06-30": "-2.47020", "2016-03-31": "-3.07090", "2015-12-31": "-3.97120", "2015-09-30": "-3.04550", "2015-06-30": "-2.84820", "2015-03-31": "-2.51930", "2014-12-31": "-1.84600", "2014-09-30": "-1.37390", "2014-06-30": "-1.22470", "2014-03-31": "-1.10660", "2013-12-31": "-0.67290", "2013-09-30": "-1.77710", "2013-06-30": "-1.61570", "2013-03-31": "0.98340", "2012-12-31": "-8.07160", "2012-09-30": "-13.69340", "2012-06-30": "-13.59340", "2012-03-31": "-11.80830", "2011-12-31": "-11.42190", "2011-09-30": "-9.29350", "2011-06-30": "-9.11590", "2011-03-31": "-12.01630", "2010-12-31": "-13.30210", "2010-09-30": "-9.66070", "2010-06-30": "-26.02960", "2010-03-31": "", "2009-12-31": "", "2009-09-30": "", "2009-06-30": "", "2008-12-31": ""}, "ROI - Return On Investment": {"2020-09-30": "1.34190", "2020-06-30": "0.60900", "2020-03-31": "0.32750", "2019-12-31": "0.69110", "2019-09-30": "0.82440", "2019-06-30": "-2.18480", "2019-03-31": "-4.37870", "2018-12-31": "1.38730", "2018-09-30": "1.69620", "2018-06-30": "-5.21530", "2018-03-31": "-5.57330", "2017-12-31": "-5.26330", "2017-09-30": "-4.36980", "2017-06-30": "-3.00880", "2017-03-31": "-3.06400", "2016-12-31": "-1.92230", "2016-09-30": "0.42600", "2016-06-30": "-5.66280", "2016-03-31": "-8.07100", "2015-12-31": "-10.16460", "2015-09-30": "-6.87740", "2015-06-30": "-6.66150", "2015-03-31": "-5.54570", "2014-12-31": "-3.85960", "2014-09-30": "-2.64950", "2014-06-30": "-2.21110", "2014-03-31": "-1.98050", "2013-12-31": "-1.28460", "2013-09-30": "-5.89890", "2013-06-30": "-2.50550", "2013-03-31": "1.98090", "2012-12-31": "-16.77350", "2012-09-30": "-28.22240", "2012-06-30": "-22.80400", "2012-03-31": "-18.04980", "2011-12-31": "-16.45550", "2011-09-30": "-12.52030", "2011-06-30": "-12.19550", "2011-03-31": "-18.08320", "2010-12-31": "-18.38300", "2010-09-30": "-12.60980", "2010-06-30": "14.60540", "2010-03-31": "", "2009-12-31": "", "2009-09-30": "", "2009-06-30": "", "2008-12-31": ""}, "Book Value Per Share": {"2020-09-30": "17.81860", "2020-06-30": "11.53120", "2020-03-31": "10.85410", "2019-12-31": "8.25080", "2019-09-30": "7.64670", "2019-06-30": "7.33620", "2019-03-31": "6.29610", "2018-12-31": "6.65550", "2018-09-30": "6.18060", "2018-06-30": "5.54500", "2018-03-31": "6.26160", "2017-12-31": "6.20220", "2017-09-30": "6.87400", "2017-06-30": "7.44890", "2017-03-31": "7.06220", "2016-12-31": "6.85570", "2016-09-30": "3.57820", "2016-06-30": "3.40550", "2016-03-31": "1.44980", "2015-12-31": "1.64920", "2015-09-30": "2.00860", "2015-06-30": "1.12660", "2015-03-31": "1.30740", "2014-12-31": "1.45080", "2014-09-30": "1.52850", "2014-06-30": "1.52880", "2014-03-31": "1.47060", "2013-12-31": "1.08390", "2013-09-30": "0.92060", "2013-06-30": "1.03670", "2013-03-31": "0.29280", "2012-12-31": "0.21840", "2012-09-30": "-0.05270", "2012-06-30": "0.11810", "2012-03-31": "0.29260", "2011-12-31": "0.42870", "2011-09-30": "0.56460", "2011-06-30": "0.67020", "2011-03-31": "0.35110", "2010-12-31": "0.43630", "2010-09-30": "0.47170", "2010-06-30": "-8.04400", "2010-03-31": "", "2009-12-31": "", "2009-09-30": "", "2009-06-30": "", "2008-12-31": ""}, "Operating Cash Flow Per Share": {"2020-09-30": 2.1399, "2020-06-30": 0.9485, "2020-03-31": "-0.44220", "2019-12-31": 1.6485, "2019-09-30": 0.8098, "2019-06-30": 0.993, "2019-03-31": "-0.73990", "2018-12-31": 1.4899, "2018-09-30": 1.5909, "2018-06-30": -0.1502, "2018-03-31": "-0.47100", "2017-12-31": 0.6086, "2017-09-30": -0.3553, "2017-06-30": -0.2407, "2017-03-31": "-0.08610", "2016-12-31": -0.5851, "2016-09-30": 0.5552, "2016-06-30": 0.2345, "2016-03-31": "-0.37630", "2015-12-31": -0.0513, "2015-09-30": -0.307, "2015-06-30": -0.2506, "2015-03-31": "-0.20930", "2014-12-31": -0.1386, "2014-09-30": -0.0453, "2014-06-30": -0.0033, "2014-03-31": "0.09510", "2013-12-31": 0.2288, "2013-09-30": 0.166, "2013-06-30": -0.0544, "2013-03-31": "0.10310", "2012-12-31": -0.0584, "2012-09-30": -0.1907, "2012-06-30": -0.1216, "2012-03-31": "-0.12080", "2011-12-31": -0.0874, "2011-09-30": -0.0331, "2011-06-30": -0.0436, "2011-03-31": "-0.09100", "2010-12-31": -0.3013, "2010-09-30": 1.0423, "2010-06-30": -0.4965, "2010-03-31": "-0.74850", "2009-12-31": 1.4776, "2009-09-30": -0.6642, "2009-06-30": -0.8134, "2008-12-31": 0}, "Free Cash Flow Per Share": {"2020-09-30": 1.2917, "2020-06-30": 0.4386, "2020-03-31": "-0.89950", "2019-12-31": 1.1448, "2019-09-30": 0.4163, "2019-06-30": 0.7178, "2019-03-31": "-1.06360", "2018-12-31": 1.0223, "2018-09-30": 1.0843, "2018-06-30": -0.8638, "2018-03-31": "-1.24630", "2017-12-31": -0.364, "2017-09-30": -1.6672, "2017-06-30": -1.389, "2017-03-31": "-0.76780", "2016-12-31": -1.3939, "2016-09-30": 0.3186, "2016-06-30": -0.1695, "2016-03-31": "-0.70320", "2015-12-31": -0.7048, "2015-09-30": -0.8918, "2015-06-30": -0.8862, "2015-03-31": "-0.88590", "2014-12-31": -0.7335, "2014-09-30": -0.4976, "2014-06-30": -0.2846, "2014-03-31": "-0.13390", "2013-12-31": 0.0732, "2013-09-30": 0.0453, "2013-06-30": -0.1277, "2013-03-31": "0.01020", "2012-12-31": -0.1722, "2012-09-30": -0.3083, "2012-06-30": -0.2313, "2012-03-31": "-0.22540", "2011-12-31": -0.1784, "2011-09-30": -0.1561, "2011-06-30": -0.1536, "2011-03-31": "-0.13400", "2010-12-31": -0.4099, "2010-09-30": 1.3923, "2010-06-30": -0.7466, "2010-03-31": "-0.89840", "2009-12-31": 1.6397, "2009-09-30": -0.7279, "2009-06-30": -0.9118, "2008-12-31": 0}}, "revenue": {"Tesla Annual Revenue (Millions of US $)": {"2020": "$", "2019": "$24,578", "2018": "$21,461", "2017": "$11,759", "2016": "$7,000", "2015": "$4,046", "2014": "$3,198", "2013": "$2,013", "2012": "$413", "2011": "$204", "2010": "$117", "2009": "$112", "2008": "$15"}, "Tesla Quarterly Revenue (Millions of US $)": {"2020-12-31": "$10,744", "2020-09-30": "$8,771", "2020-06-30": "$6,036", "2020-03-31": "$5,985", "2019-12-31": "$7,384", "2019-09-30": "$6,303", "2019-06-30": "$6,350", "2019-03-31": "$4,541", "2018-12-31": "$7,226", "2018-09-30": "$6,824", "2018-06-30": "$4,002", "2018-03-31": "$3,409", "2017-12-31": "$3,288", "2017-09-30": "$2,985", "2017-06-30": "$2,790", "2017-03-31": "$2,696", "2016-12-31": "$2,285", "2016-09-30": "$2,298", "2016-06-30": "$1,270", "2016-03-31": "$1,147", "2015-12-31": "$1,214", "2015-09-30": "$937", "2015-06-30": "$955", "2015-03-31": "$940", "2014-12-31": "$957", "2014-09-30": "$852", "2014-06-30": "$769", "2014-03-31": "$621", "2013-12-31": "$615", "2013-09-30": "$431", "2013-06-30": "$405", "2013-03-31": "$562", "2012-12-31": "$306", "2012-09-30": "$50", "2012-06-30": "$27", "2012-03-31": "$30", "2011-12-31": "$39", "2011-09-30": "$58", "2011-06-30": "$58", "2011-03-31": "$49", "2010-12-31": "$36", "2010-09-30": "$31", "2010-06-30": "$28", "2010-03-31": "$21", "2009-12-31": "", "2009-09-30": "$46", "2009-06-30": "$27", "2008-12-31": ""}}, "gross-profit": {"Tesla Annual Gross Profit (Millions of US $)": {"2020": "$", "2019": "$4,069", "2018": "$4,042", "2017": "$2,223", "2016": "$1,599", "2015": "$924", "2014": "$882", "2013": "$456", "2012": "$30", "2011": "$62", "2010": "$31", "2009": "$10", "2008": "$-1"}, "Tesla Quarterly Gross Profit (Millions of US $)": {"2020-12-31": "$2,066", "2020-09-30": "$2,063", "2020-06-30": "$1,267", "2020-03-31": "$1,234", "2019-12-31": "$1,391", "2019-09-30": "$1,191", "2019-06-30": "$921", "2019-03-31": "$566", "2018-12-31": "$1,443", "2018-09-30": "$1,524", "2018-06-30": "$619", "2018-03-31": "$457", "2017-12-31": "$439", "2017-09-30": "$449", "2017-06-30": "$667", "2017-03-31": "$668", "2016-12-31": "$435", "2016-09-30": "$637", "2016-06-30": "$275", "2016-03-31": "$252", "2015-12-31": "$219", "2015-09-30": "$231", "2015-06-30": "$213", "2015-03-31": "$260", "2014-12-31": "$262", "2014-09-30": "$252", "2014-06-30": "$213", "2014-03-31": "$155", "2013-12-31": "$157", "2013-09-30": "$103", "2013-06-30": "$100", "2013-03-31": "$96", "2012-12-31": "$24", "2012-09-30": "$-9", "2012-06-30": "$5", "2012-03-31": "$10", "2011-12-31": "$8", "2011-09-30": "$17", "2011-06-30": "$19", "2011-03-31": "$18", "2010-12-31": "$11", "2010-09-30": "$9", "2010-06-30": "$6", "2010-03-31": "$4", "2009-12-31": "", "2009-09-30": "$8", "2009-06-30": "$2", "2008-12-31": ""}}, "operating-income": {"Tesla Annual Operating Income (Millions of US $)": {"2020": "$", "2019": "$-69", "2018": "$-388", "2017": "$-1,632", "2016": "$-667", "2015": "$-717", "2014": "$-187", "2013": "$-61", "2012": "$-394", "2011": "$-251", "2010": "$-147", "2009": "$-52", "2008": "$-79"}, "Tesla Quarterly Operating Income (Millions of US $)": {"2020-12-31": "$575", "2020-09-30": "$809", "2020-06-30": "$327", "2020-03-31": "$283", "2019-12-31": "$359", "2019-09-30": "$261", "2019-06-30": "$-167", "2019-03-31": "$-522", "2018-12-31": "$414", "2018-09-30": "$416", "2018-06-30": "$-621", "2018-03-31": "$-597", "2017-12-31": "$-598", "2017-09-30": "$-535", "2017-06-30": "$-241", "2017-03-31": "$-258", "2016-12-31": "$-267", "2016-09-30": "$86", "2016-06-30": "$-238", "2016-03-31": "$-248", "2015-12-31": "$-260", "2015-09-30": "$-184", "2015-06-30": "$-170", "2015-03-31": "$-102", "2014-12-31": "$-75", "2014-09-30": "$-39", "2014-06-30": "$-29", "2014-03-31": "$-44", "2013-12-31": "$-13", "2013-09-30": "$-31", "2013-06-30": "$-12", "2013-03-31": "$-6", "2012-12-31": "$-91", "2012-09-30": "$-108", "2012-06-30": "$-106", "2012-03-31": "$-89", "2011-12-31": "$-81", "2011-09-30": "$-64", "2011-06-30": "$-59", "2011-03-31": "$-47", "2010-12-31": "$-52", "2010-09-30": "$-38", "2010-06-30": "$-31", "2010-03-31": "$-26", "2009-12-31": "", "2009-09-30": "$-4", "2009-06-30": "$-8", "2008-12-31": ""}}, "ebitda": {"Tesla Annual EBITDA (Millions of US $)": {"2019": "$2,273", "2018": "$1,672", "2017": "$95", "2016": "$374", "2015": "$-216", "2014": "$115", "2013": "$60", "2012": "$-365", "2011": "$-235", "2010": "$-136", "2009": "$-45", "2008": "$-74"}, "Tesla Quarterly EBITDA (Millions of US $)": {"2020-09-30": "$1,443", "2020-06-30": "$942", "2020-03-31": "$882", "2019-12-31": "$986", "2019-09-30": "$847", "2019-06-30": "$454", "2019-03-31": "$-14", "2018-12-31": "$949", "2018-09-30": "$965", "2018-06-30": "$-101", "2018-03-31": "$-141", "2017-12-31": "$-98", "2017-09-30": "$-142", "2017-06-30": "$184", "2017-03-31": "$151", "2016-12-31": "$85", "2016-09-30": "$394", "2016-06-30": "$-34", "2016-03-31": "$-71", "2015-12-31": "$-90", "2015-09-30": "$-56", "2015-06-30": "$-63", "2015-03-31": "$-7", "2014-12-31": "$7", "2014-09-30": "$49", "2014-06-30": "$50", "2014-03-31": "$9", "2013-12-31": "$28", "2013-09-30": "$2", "2013-06-30": "$18", "2013-03-31": "$12", "2012-12-31": "$-78", "2012-09-30": "$-101", "2012-06-30": "$-102", "2012-03-31": "$-85", "2011-12-31": "$-76", "2011-09-30": "$-60", "2011-06-30": "$-54", "2011-03-31": "$-44", "2010-12-31": "$-49", "2010-09-30": "$-35", "2010-06-30": "$-29", "2010-03-31": "$-24", "2009-12-31": "", "2009-09-30": "$-2", "2009-06-30": "$-8", "2008-12-31": ""}}, "net-income": {"Tesla Annual Net Income (Millions of US $)": {"2020": "$", "2019": "$-862", "2018": "$-976", "2017": "$-1,962", "2016": "$-675", "2015": "$-889", "2014": "$-294", "2013": "$-74", "2012": "$-396", "2011": "$-254", "2010": "$-154", "2009": "$-56", "2008": "$-83"}, "Tesla Quarterly Net Income (Millions of US $)": {"2020-12-31": "$270", "2020-09-30": "$300", "2020-06-30": "$104", "2020-03-31": "$16", "2019-12-31": "$113", "2019-09-30": "$143", "2019-06-30": "$-408", "2019-03-31": "$-710", "2018-12-31": "$140", "2018-09-30": "$311", "2018-06-30": "$-718", "2018-03-31": "$-710", "2017-12-31": "$-676", "2017-09-30": "$-619", "2017-06-30": "$-336", "2017-03-31": "$-330", "2016-12-31": "$-121", "2016-09-30": "$22", "2016-06-30": "$-293", "2016-03-31": "$-282", "2015-12-31": "$-320", "2015-09-30": "$-230", "2015-06-30": "$-184", "2015-03-31": "$-154", "2014-12-31": "$-108", "2014-09-30": "$-75", "2014-06-30": "$-62", "2014-03-31": "$-50", "2013-12-31": "$-16", "2013-09-30": "$-38", "2013-06-30": "$-31", "2013-03-31": "$11", "2012-12-31": "$-90", "2012-09-30": "$-111", "2012-06-30": "$-106", "2012-03-31": "$-90", "2011-12-31": "$-81", "2011-09-30": "$-65", "2011-06-30": "$-59", "2011-03-31": "$-49", "2010-12-31": "$-51", "2010-09-30": "$-35", "2010-06-30": "$-39", "2010-03-31": "$-30", "2009-12-31": "", "2009-09-30": "$-5", "2009-06-30": "$-11", "2008-12-31": ""}}, "eps-earnings-per-share-diluted": {"Tesla Annual EPS": {"2020": "$0.00", "2019": "$-0.98", "2018": "$-1.14", "2017": "$-2.37", "2016": "$-0.94", "2015": "$-1.39", "2014": "$-0.47", "2013": "$-0.12", "2012": "$-0.74", "2011": "$-0.51", "2010": "$-0.61", "2009": "$-1.59", "2008": "$-2.49"}, "Tesla Quarterly EPS": {"2020-12-31": "$0.24", "2020-09-30": "$0.27", "2020-06-30": "$0.10", "2020-03-31": "$0.02", "2019-12-31": "$0.14", "2019-09-30": "$0.16", "2019-06-30": "$-0.46", "2019-03-31": "$-0.82", "2018-12-31": "$0.19", "2018-09-30": "$0.35", "2018-06-30": "$-0.84", "2018-03-31": "$-0.84", "2017-12-31": "$-0.81", "2017-09-30": "$-0.74", "2017-06-30": "$-0.41", "2017-03-31": "$-0.41", "2016-12-31": "$-0.12", "2016-09-30": "$0.03", "2016-06-30": "$-0.42", "2016-03-31": "$-0.43", "2015-12-31": "$-0.50", "2015-09-30": "$-0.36", "2015-06-30": "$-0.29", "2015-03-31": "$-0.24", "2014-12-31": "$-0.17", "2014-09-30": "$-0.12", "2014-06-30": "$-0.10", "2014-03-31": "$-0.08", "2013-12-31": "$-0.01", "2013-09-30": "$-0.06", "2013-06-30": "$-0.05", "2013-03-31": "$0.00", "2012-12-31": "$-0.16", "2012-09-30": "$-0.21", "2012-06-30": "$-0.20", "2012-03-31": "$-0.17", "2011-12-31": "$-0.16", "2011-09-30": "$-0.13", "2011-06-30": "$-0.12", "2011-03-31": "$-0.10", "2010-12-31": "$1.28", "2010-09-30": "$-0.08", "2010-06-30": "$-1.01", "2010-03-31": "$-0.81", "2009-12-31": "$0.00", "2009-09-30": "$-0.13", "2009-06-30": "$-0.31", "2008-12-31": "$0.00"}}, "shares-outstanding": {"Tesla Annual Shares Outstanding (Millions of Shares)": {"2020": "", "2019": "885", "2018": "855", "2017": "830", "2016": "721", "2015": "641", "2014": "623", "2013": "597", "2012": "537", "2011": "502", "2010": "254", "2009": "35", "2008": "33"}, "Tesla Quarterly Shares Outstanding (Millions of Shares)": {"2020-12-31": "1,124", "2020-09-30": "1,105", "2020-06-30": "1,035", "2020-03-31": "995", "2019-12-31": "885", "2019-09-30": "922", "2019-06-30": "885", "2019-03-31": "865", "2018-12-31": "855", "2018-09-30": "890", "2018-06-30": "850", "2018-03-31": "846", "2017-12-31": "830", "2017-09-30": "836", "2017-06-30": "826", "2017-03-31": "811", "2016-12-31": "721", "2016-09-30": "785", "2016-06-30": "700", "2016-03-31": "663", "2015-12-31": "641", "2015-09-30": "645", "2015-06-30": "633", "2015-03-31": "630", "2014-12-31": "623", "2014-09-30": "625", "2014-06-30": "621", "2014-03-31": "617", "2013-12-31": "597", "2013-09-30": "609", "2013-06-30": "591", "2013-03-31": "621", "2012-12-31": "537", "2012-09-30": "528", "2012-06-30": "526", "2012-03-31": "524", "2011-12-31": "502", "2011-09-30": "520", "2011-06-30": "489", "2011-03-31": "476", "2010-12-31": "254", "2010-09-30": "461", "2010-06-30": "38", "2010-03-31": "37", "2009-12-31": "", "2009-09-30": "35", "2009-06-30": "35", "2008-12-31": ""}}, "total-assets": {"Tesla Annual Total Assets (Millions of US $)": {"2019": "$34,309", "2018": "$29,740", "2017": "$28,655", "2016": "$22,664", "2015": "$8,068", "2014": "$5,831", "2013": "$2,417", "2012": "$1,114", "2011": "$713", "2010": "$386", "2009": "$130", "2008": "$0"}, "Tesla Quarterly Total Assets (Millions of US $)": {"2020-09-30": "$45,691", "2020-06-30": "$38,135", "2020-03-31": "$37,250", "2019-12-31": "$34,309", "2019-09-30": "$32,795", "2019-06-30": "$31,873", "2019-03-31": "$28,913", "2018-12-31": "$29,740", "2018-09-30": "$29,263", "2018-06-30": "$27,910", "2018-03-31": "$27,271", "2017-12-31": "$28,655", "2017-09-30": "$28,107", "2017-06-30": "$26,044", "2017-03-31": "$25,054", "2016-12-31": "$22,664", "2016-09-30": "$12,592", "2016-06-30": "$11,869", "2016-03-31": "$9,192", "2015-12-31": "$8,068", "2015-09-30": "$7,547", "2015-06-30": "$6,468", "2015-03-31": "$6,120", "2014-12-31": "$5,831", "2014-09-30": "$5,438", "2014-06-30": "$5,054", "2014-03-31": "$4,500", "2013-12-31": "$2,417", "2013-09-30": "$2,166", "2013-06-30": "$1,888", "2013-03-31": "$1,144", "2012-12-31": "$1,114", "2012-09-30": "$809", "2012-06-30": "$777", "2012-03-31": "$761", "2011-12-31": "$713", "2011-09-30": "$700", "2011-06-30": "$646", "2011-03-31": "$407", "2010-12-31": "$386", "2010-09-30": "$362", "2010-06-30": "$148", "2010-03-31": "$0", "2009-12-31": "$0", "2009-09-30": "$0", "2009-06-30": "$0", "2008-12-31": "$0"}}, "cash-on-hand": {"Tesla Annual Cash on Hand (Millions of US $)": {"2019": "$6,514", "2018": "$3,879", "2017": "$3,523", "2016": "$3,499", "2015": "$1,220", "2014": "$1,924", "2013": "$849", "2012": "$221", "2011": "$304", "2010": "$173", "2009": "$70", "2008": "$"}, "Tesla Quarterly Cash on Hand (Millions of US $)": {"2020-09-30": "$14,531", "2020-06-30": "$8,615", "2020-03-31": "$8,080", "2019-12-31": "$6,268", "2019-09-30": "$5,571", "2019-06-30": "$5,083", "2019-03-31": "$2,329", "2018-12-31": "$3,879", "2018-09-30": "$3,126", "2018-06-30": "$2,383", "2018-03-31": "$2,786", "2017-12-31": "$3,523", "2017-09-30": "$3,668", "2017-06-30": "$3,154", "2017-03-31": "$4,096", "2016-12-31": "$3,499", "2016-09-30": "$3,108", "2016-06-30": "$3,271", "2016-03-31": "$1,466", "2015-12-31": "$1,220", "2015-09-30": "$1,451", "2015-06-30": "$1,171", "2015-03-31": "$1,531", "2014-12-31": "$1,924", "2014-09-30": "$2,388", "2014-06-30": "$2,687", "2014-03-31": "$2,584", "2013-12-31": "$849", "2013-09-30": "$796", "2013-06-30": "$747", "2013-03-31": "$231", "2012-12-31": "$221", "2012-09-30": "$109", "2012-06-30": "$233", "2012-03-31": "$283", "2011-12-31": "$304", "2011-09-30": "$334", "2011-06-30": "$331", "2011-03-31": "$144", "2010-12-31": "$173", "2010-09-30": "$185", "2010-06-30": "$47", "2010-03-31": "", "2009-12-31": "", "2009-09-30": "", "2009-06-30": "", "2008-12-31": ""}}, "long-term-debt": {"Tesla Annual Long Term Debt (Millions of US $)": {"2019": "$11,634", "2018": "$9,404", "2017": "$9,418", "2016": "$5,879", "2015": "$2,068", "2014": "$1,877", "2013": "$599", "2012": "$411", "2011": "$271", "2010": "$72", "2009": "$1", "2008": "$"}, "Tesla Quarterly Long Term Debt (Millions of US $)": {"2020-09-30": "$10,607", "2020-06-30": "$10,460", "2020-03-31": "$10,726", "2019-12-31": "$11,634", "2019-09-30": "$11,313", "2019-06-30": "$11,234", "2019-03-31": "$9,788", "2018-12-31": "$9,404", "2018-09-30": "$9,673", "2018-06-30": "$9,513", "2018-03-31": "$8,764", "2017-12-31": "$9,418", "2017-09-30": "$9,584", "2017-06-30": "$7,127", "2017-03-31": "$7,166", "2016-12-31": "$5,879", "2016-09-30": "$2,455", "2016-06-30": "$2,657", "2016-03-31": "$2,527", "2015-12-31": "$2,068", "2015-09-30": "$2,028", "2015-06-30": "$2,050", "2015-03-31": "$1,954", "2014-12-31": "$1,877", "2014-09-30": "$1,862", "2014-06-30": "$1,847", "2014-03-31": "$1,602", "2013-12-31": "$599", "2013-09-30": "$88", "2013-06-30": "$588", "2013-03-31": "$399", "2012-12-31": "$411", "2012-09-30": "$420", "2012-06-30": "$401", "2012-03-31": "$344", "2011-12-31": "$271", "2011-09-30": "$226", "2011-06-30": "$135", "2011-03-31": "$103", "2010-12-31": "$72", "2010-09-30": "$57", "2010-06-30": "$46", "2010-03-31": "", "2009-12-31": "", "2009-09-30": "", "2009-06-30": "", "2008-12-31": ""}}, "total-liabilities": {"Tesla Annual Total Liabilities (Millions of US $)": {"2019": "$26,842", "2018": "$23,983", "2017": "$23,421", "2016": "$17,126", "2015": "$6,984", "2014": "$4,919", "2013": "$1,750", "2012": "$989", "2011": "$489", "2010": "$179", "2009": "$384", "2008": "$0"}, "Tesla Quarterly Total Liabilities (Millions of US $)": {"2020-09-30": "$28,799", "2020-06-30": "$27,411", "2020-03-31": "$27,210", "2019-12-31": "$26,842", "2019-09-30": "$25,913", "2019-06-30": "$25,302", "2019-03-31": "$23,445", "2018-12-31": "$23,983", "2018-09-30": "$23,960", "2018-06-30": "$23,182", "2018-03-31": "$21,957", "2017-12-31": "$23,421", "2017-09-30": "$22,332", "2017-06-30": "$19,829", "2017-03-31": "$19,257", "2016-12-31": "$17,126", "2016-09-30": "$9,912", "2016-06-30": "$9,349", "2016-03-31": "$8,221", "2015-12-31": "$6,984", "2015-09-30": "$6,233", "2015-06-30": "$5,752", "2015-03-31": "$5,294", "2014-12-31": "$4,919", "2014-09-30": "$4,479", "2014-06-30": "$4,102", "2014-03-31": "$3,588", "2013-12-31": "$1,750", "2013-09-30": "$1,602", "2013-06-30": "$1,258", "2013-03-31": "$975", "2012-12-31": "$989", "2012-09-30": "$837", "2012-06-30": "$715", "2012-03-31": "$607", "2011-12-31": "$489", "2011-09-30": "$406", "2011-06-30": "$298", "2011-03-31": "$240", "2010-12-31": "$179", "2010-09-30": "$142", "2010-06-30": "$458", "2010-03-31": "$0", "2009-12-31": "", "2009-09-30": "$0", "2009-06-30": "$0", "2008-12-31": "$0"}}, "total-share-holder-equity": {"Tesla Annual Share Holder Equity (Millions of US $)": {"2019": "$7,467", "2018": "$5,757", "2017": "$5,235", "2016": "$5,538", "2015": "$1,084", "2014": "$912", "2013": "$667", "2012": "$125", "2011": "$224", "2010": "$207", "2009": "$-254", "2008": "$0"}, "Tesla Quarterly Share Holder Equity (Millions of US $)": {"2020-09-30": "$16,892", "2020-06-30": "$10,724", "2020-03-31": "$10,040", "2019-12-31": "$7,467", "2019-09-30": "$6,882", "2019-06-30": "$6,570", "2019-03-31": "$5,468", "2018-12-31": "$5,757", "2018-09-30": "$5,302", "2018-06-30": "$4,728", "2018-03-31": "$5,315", "2017-12-31": "$5,235", "2017-09-30": "$5,775", "2017-06-30": "$6,215", "2017-03-31": "$5,797", "2016-12-31": "$5,538", "2016-09-30": "$2,680", "2016-06-30": "$2,520", "2016-03-31": "$970", "2015-12-31": "$1,084", "2015-09-30": "$1,315", "2015-06-30": "$716", "2015-03-31": "$826", "2014-12-31": "$912", "2014-09-30": "$958", "2014-06-30": "$952", "2014-03-31": "$912", "2013-12-31": "$667", "2013-09-30": "$564", "2013-06-30": "$629", "2013-03-31": "$169", "2012-12-31": "$125", "2012-09-30": "$-28", "2012-06-30": "$62", "2012-03-31": "$154", "2011-12-31": "$224", "2011-09-30": "$294", "2011-06-30": "$348", "2011-03-31": "$168", "2010-12-31": "$207", "2010-09-30": "$220", "2010-06-30": "$-310", "2010-03-31": "$0", "2009-12-31": "", "2009-09-30": "$0", "2009-06-30": "$0", "2008-12-31": "$0"}}, "profit-margins": {"current": "2.29%"}, "gross margin": {"2020-12-31": "21.02%", "2020-09-30": "21.14%", "2020-06-30": "19.77%", "2020-03-31": "18.20%", "2019-12-31": "16.56%", "2019-09-30": "16.88%", "2019-06-30": "17.86%", "2019-03-31": "18.38%", "2018-12-31": "18.84%", "2018-09-30": "17.34%", "2018-06-30": "14.35%", "2018-03-31": "16.13%", "2017-12-31": "18.90%", "2017-09-30": "20.63%", "2017-06-30": "23.91%", "2017-03-31": "23.57%", "2016-12-31": "22.84%", "2016-09-30": "23.33%", "2016-06-30": "21.39%", "2016-03-31": "21.51%", "2015-12-31": "22.81%", "2015-09-30": "25.49%", "2015-06-30": "26.65%", "2015-03-31": "28.06%", "2014-12-31": "27.57%", "2014-09-30": "27.20%", "2014-06-30": "25.78%", "2014-03-31": "24.86%", "2013-12-31": "22.65%", "2013-09-30": "18.96%", "2013-06-30": "15.95%", "2013-03-31": "12.28%", "2012-12-31": "7.26%", "2012-09-30": "9.59%", "2012-06-30": "25.97%", "2012-03-31": "29.19%", "2011-12-31": "30.39%", "2011-09-30": "32.34%", "2011-06-30": "32.76%", "2011-03-31": "30.56%", "2010-12-31": "25.86%", "2010-06-30": "18.95%", "2010-03-31": "14.89%"}, "operating margin": {"2020-12-31": "6.32%", "2020-09-30": "6.31%", "2020-06-30": "4.78%", "2020-03-31": "2.83%", "2019-12-31": "-0.28%", "2019-09-30": "-0.06%", "2019-06-30": "0.57%", "2019-03-31": "-1.39%", "2018-12-31": "-1.81%", "2018-09-30": "-7.99%", "2018-06-30": "-17.18%", "2018-03-31": "-15.80%", "2017-12-31": "-13.88%", "2017-09-30": "-12.10%", "2017-06-30": "-6.75%", "2017-03-31": "-7.92%", "2016-12-31": "-9.53%", "2016-09-30": "-11.13%", "2016-06-30": "-20.36%", "2016-03-31": "-20.27%", "2015-12-31": "-17.70%", "2015-09-30": "-14.01%", "2015-06-30": "-10.42%", "2015-03-31": "-6.96%", "2014-12-31": "-5.85%", "2014-09-30": "-4.38%", "2014-06-30": "-4.80%", "2014-03-31": "-4.83%", "2013-12-31": "-3.08%", "2013-09-30": "-8.22%", "2013-06-30": "-16.40%", "2013-03-31": "-32.91%", "2012-12-31": "-95.40%", "2012-09-30": "-263.01%", "2012-06-30": "-220.78%", "2012-03-31": "-158.38%", "2011-12-31": "-123.04%", "2011-09-30": "-110.45%", "2011-06-30": "-112.64%", "2011-03-31": "-116.67%", "2010-12-31": "-126.72%", "2010-06-30": "-64.21%", "2010-03-31": "-40.43%"}, "ebitda margin": {"2020-09-30": "15.09%", "2020-06-30": "14.23%", "2020-03-31": "12.18%", "2019-12-31": "9.25%", "2019-09-30": "9.16%", "2019-06-30": "9.44%", "2019-03-31": "7.96%", "2018-12-31": "7.79%", "2018-09-30": "3.57%", "2018-06-30": "-3.52%", "2018-03-31": "-1.58%", "2017-12-31": "0.81%", "2017-09-30": "2.58%", "2017-06-30": "8.08%", "2017-03-31": "6.97%", "2016-12-31": "5.34%", "2016-09-30": "3.36%", "2016-06-30": "-5.49%", "2016-03-31": "-6.58%", "2015-12-31": "-5.34%", "2015-09-30": "-3.14%", "2015-06-30": "-0.38%", "2015-03-31": "2.81%", "2014-12-31": "3.59%", "2014-09-30": "4.76%", "2014-06-30": "3.65%", "2014-03-31": "2.75%", "2013-12-31": "2.98%", "2013-09-30": "-2.70%", "2013-06-30": "-11.26%", "2013-03-31": "-28.47%", "2012-12-31": "-88.62%", "2012-09-30": "-249.32%", "2012-06-30": "-209.74%", "2012-03-31": "-148.65%", "2011-12-31": "-114.71%", "2011-09-30": "-102.99%", "2011-06-30": "-104.60%", "2011-03-31": "-109.03%", "2010-12-31": "-118.10%", "2010-06-30": "-57.89%", "2010-03-31": "-36.17%"}, "pre tax profit margin": {"2020-12-31": "3.66%", "2020-09-30": "3.37%", "2020-06-30": "2.22%", "2020-03-31": "0.19%", "2019-12-31": "-2.71%", "2019-09-30": "-2.49%", "2019-06-30": "-2.05%", "2019-03-31": "-3.86%", "2018-12-31": "-4.68%", "2018-09-30": "-11.51%", "2018-06-30": "-21.62%", "2018-03-31": "-20.97%", "2017-12-31": "-18.79%", "2017-09-30": "-15.22%", "2017-06-30": "-9.30%", "2017-03-31": "-9.83%", "2016-12-31": "-10.66%", "2016-09-30": "-14.39%", "2016-06-30": "-24.32%", "2016-03-31": "-23.56%", "2015-12-31": "-21.63%", "2015-09-30": "-17.52%", "2015-06-30": "-13.69%", "2015-03-31": "-11.00%", "2014-12-31": "-8.91%", "2014-09-30": "-6.86%", "2014-06-30": "-6.69%", "2014-03-31": "-6.37%", "2013-12-31": "-3.58%", "2013-09-30": "-8.63%", "2013-06-30": "-16.63%", "2013-03-31": "-31.22%", "2012-12-31": "-95.88%", "2012-09-30": "-265.07%", "2012-06-30": "-221.43%", "2012-03-31": "-159.46%", "2011-12-31": "-124.51%", "2011-09-30": "-111.44%", "2011-06-30": "-111.49%", "2011-03-31": "-120.83%", "2010-12-31": "-132.76%", "2010-06-30": "-76.84%", "2010-03-31": "-47.87%"}, "net profit margin": {"2020-12-31": "2.19%", "2020-09-30": "1.89%", "2020-06-30": "1.46%", "2020-03-31": "-0.52%", "2019-12-31": "-3.51%", "2019-09-30": "-3.42%", "2019-06-30": "-2.67%", "2019-03-31": "-4.32%", "2018-12-31": "-4.55%", "2018-09-30": "-10.23%", "2018-06-30": "-19.90%", "2018-03-31": "-18.77%", "2017-12-31": "-16.68%", "2017-09-30": "-13.07%", "2017-06-30": "-7.60%", "2017-03-31": "-8.45%", "2016-12-31": "-9.63%", "2016-09-30": "-14.72%", "2016-06-30": "-24.63%", "2016-03-31": "-23.89%", "2015-12-31": "-21.95%", "2015-09-30": "-17.84%", "2015-06-30": "-14.07%", "2015-03-31": "-11.34%", "2014-12-31": "-9.22%", "2014-09-30": "-7.11%", "2014-06-30": "-6.81%", "2014-03-31": "-6.52%", "2013-12-31": "-3.68%", "2013-09-30": "-8.69%", "2013-06-30": "-16.70%", "2013-03-31": "-31.32%", "2012-12-31": "-96.13%", "2012-09-30": "-265.75%", "2012-06-30": "-222.08%", "2012-03-31": "-159.46%", "2011-12-31": "-124.51%", "2011-09-30": "-111.44%", "2011-06-30": "-111.49%", "2011-03-31": "-120.83%", "2010-12-31": "-133.62%", "2010-06-30": "-77.89%", "2010-03-31": "-48.94%"}, "pe ratio": {"current": "1356.96", "2021-02-11": "2102.75", "2020-12-31": "1828.16", "2020-09-30": "861.47", "2020-06-30": "562.40", "2020-03-31": "0.00", "2019-12-31": "0.00", "2019-09-30": "0.00", "2019-06-30": "0.00", "2019-03-31": "0.00", "2018-12-31": "0.00", "2018-09-30": "0.00", "2018-06-30": "0.00", "2018-03-31": "0.00", "2017-12-31": "0.00", "2017-09-30": "0.00", "2017-06-30": "0.00", "2017-03-31": "0.00", "2016-12-31": "0.00", "2016-09-30": "0.00", "2016-06-30": "0.00", "2016-03-31": "0.00", "2015-12-31": "0.00", "2015-09-30": "0.00", "2015-06-30": "0.00", "2015-03-31": "0.00", "2014-12-31": "0.00", "2014-09-30": "0.00", "2014-06-30": "0.00", "2014-03-31": "0.00", "2013-12-31": "0.00", "2013-09-30": "0.00", "2013-06-30": "0.00", "2013-03-31": "0.00", "2012-12-31": "0.00", "2012-09-30": "0.00", "2012-06-30": "0.00", "2012-03-31": "0.00", "2011-12-31": "0.00", "2011-09-30": "0.00", "2011-06-30": "0.00", "2011-03-31": "0.00"}, "price sales": {"2021-02-11": "27.66", "2020-12-31": "24.05", "2020-09-30": "15.25", "2020-06-30": "7.99", "2020-03-31": "3.69", "2019-12-31": "3.03", "2019-09-30": "1.74", "2019-06-30": "1.57", "2019-03-31": "2.15", "2018-12-31": "2.68", "2018-09-30": "2.60", "2018-06-30": "4.22", "2018-03-31": "3.56", "2017-12-31": "4.37", "2017-09-30": "5.08", "2017-06-30": "5.65", "2017-03-31": "4.95", "2016-12-31": "4.43", "2016-09-30": "4.88", "2016-06-30": "6.16", "2016-03-31": "6.98", "2015-12-31": "7.56", "2015-09-30": "8.30", "2015-06-30": "9.09", "2015-03-31": "6.70", "2014-12-31": "8.65", "2014-09-30": "10.47", "2014-06-30": "12.06", "2014-03-31": "12.16", "2013-12-31": "9.04", "2013-09-30": "13.48", "2013-06-30": "9.52", "2013-03-31": "4.68", "2012-12-31": "8.75", "2012-09-30": "20.79", "2012-06-30": "21.04", "2012-03-31": "20.36", "2011-12-31": "13.89", "2011-09-30": "10.25", "2011-06-30": "13.46", "2011-03-31": "5.25"}, "price book": {"current": "34.90", "2021-02-11": "45.55", "2020-09-30": "24.08", "2020-06-30": "18.73", "2020-03-31": "9.66", "2019-12-31": "10.14", "2019-09-30": "6.30", "2019-06-30": "6.09", "2019-03-31": "8.89", "2018-12-31": "10.00", "2018-09-30": "8.57", "2018-06-30": "12.37", "2018-03-31": "8.50", "2017-12-31": "10.04", "2017-09-30": "9.92", "2017-06-30": "9.71", "2017-03-31": "7.88", "2016-12-31": "6.23", "2016-09-30": "11.40", "2016-06-30": "12.47", "2016-03-31": "31.70", "2015-12-31": "29.11", "2015-09-30": "24.73", "2015-06-30": "47.62", "2015-03-31": "28.88", "2014-12-31": "30.66", "2014-09-30": "31.75", "2014-06-30": "31.41", "2014-03-31": "28.35", "2013-12-31": "27.76", "2013-09-30": "42.01", "2013-06-30": "20.71", "2013-03-31": "25.88", "2012-12-31": "31.02", "2012-09-30": "-111.12", "2012-06-30": "52.99", "2012-03-31": "25.45", "2011-12-31": "13.32", "2011-09-30": "8.64", "2011-06-30": "8.69", "2011-03-31": "15.81", "2010-12-31": "12.21", "2010-09-30": "8.65", "2010-06-30": "-0.59"}, "price fcf": {"2021-02-11": "", "2020-09-30": "$1.98", "2020-06-30": "$1.10", "2020-03-31": "$1.38", "2019-12-31": "$1.22", "2019-09-30": "$1.09", "2019-06-30": "$1.76", "2019-03-31": "$0.18", "2018-12-31": "$-0.00", "2018-09-30": "$-1.39", "2018-06-30": "$-4.14", "2018-03-31": "$-4.67", "2017-12-31": "$-4.19", "2017-09-30": "$-5.22", "2017-06-30": "$-3.23", "2017-03-31": "$-2.01", "2016-12-31": "$-1.95", "2016-09-30": "$-1.26", "2016-06-30": "$-2.47", "2016-03-31": "$-3.19", "2015-12-31": "$-3.37", "2015-09-30": "$-3.40", "2015-06-30": "$-3.00", "2015-03-31": "$-2.40", "2014-12-31": "$-1.65", "2014-09-30": "$-0.84", "2014-06-30": "$-0.30", "2014-03-31": "$-0.14", "2013-12-31": "$0.00", "2013-09-30": "$-0.24", "2013-06-30": "$-0.60", "2013-03-31": "$-0.70", "2012-12-31": "$-0.94", "2012-09-30": "$-0.94", "2012-06-30": "$-0.79", "2012-03-31": "$-0.71", "2011-12-31": "$-0.62", "2011-09-30": "$-0.85", "2011-06-30": "$0.69", "2011-03-31": "$-0.80"}, "net worth": {"value": "$815.36B"}, "current ratio": {"current": "1.88", "2020-12-31": "1.88", "2020-09-30": "1.64", "2020-06-30": "1.25", "2020-03-31": "1.24", "2019-12-31": "1.14", "2019-09-30": "1.08", "2019-06-30": "1.06", "2019-03-31": "0.83", "2018-12-31": "0.83", "2018-09-30": "0.81", "2018-06-30": "0.73", "2018-03-31": "0.74", "2017-12-31": "0.86", "2017-09-30": "1.09", "2017-06-30": "0.97", "2017-03-31": "1.13", "2016-12-31": "1.07", "2016-09-30": "1.27", "2016-06-30": "1.38", "2016-03-31": "1.02", "2015-12-31": "0.99", "2015-09-30": "1.17", "2015-06-30": "1.10", "2015-03-31": "1.33", "2014-12-31": "1.51", "2014-09-30": "1.83", "2014-06-30": "2.18", "2014-03-31": "2.23", "2013-12-31": "1.88", "2013-09-30": "1.04", "2013-06-30": "2.32", "2013-03-31": "0.98", "2012-12-31": "0.97", "2012-09-30": "0.74", "2012-06-30": "1.11", "2012-03-31": "1.52", "2011-12-31": "1.95", "2011-09-30": "2.67", "2011-06-30": "3.01", "2011-03-31": "2.01", "2010-12-31": "2.76", "2010-09-30": "3.48", "2010-06-30": "1.31", "2010-03-31": "0.00", "2009-12-31": "0.00", "2009-09-30": "0.00", "2009-06-30": "0.00", "2008-12-31": "0.00"}, "quick ratio": {"2020-12-31": "1.59", "2020-09-30": "1.32", "2020-06-30": "0.92", "2020-03-31": "0.87", "2019-12-31": "0.80", "2019-09-30": "0.73", "2019-06-30": "0.71", "2019-03-31": "0.42", "2018-12-31": "0.52", "2018-09-30": "0.47", "2018-06-30": "0.37", "2018-03-31": "0.44", "2017-12-31": "0.56", "2017-09-30": "0.71", "2017-06-30": "0.60", "2017-03-31": "0.77", "2016-12-31": "0.72", "2016-09-30": "0.87", "2016-06-30": "0.95", "2016-03-31": "0.61", "2015-12-31": "0.54", "2015-09-30": "0.67", "2015-06-30": "0.59", "2015-03-31": "0.85", "2014-12-31": "1.06", "2014-09-30": "1.42", "2014-06-30": "1.81", "2014-03-31": "1.91", "2013-12-31": "1.37", "2013-09-30": "0.75", "2013-06-30": "1.80", "2013-03-31": "0.54", "2012-12-31": "0.48", "2012-09-30": "0.33", "2012-06-30": "0.87", "2012-03-31": "1.29", "2011-12-31": "1.69", "2011-09-30": "2.35", "2011-06-30": "2.62", "2011-03-31": "1.56", "2010-12-31": "2.23", "2010-09-30": "2.91", "2010-06-30": "0.88", "2010-03-31": "0.00", "2009-12-31": "0.00", "2009-09-30": "0.00", "2009-06-30": "0.00", "2008-12-31": "0.00"}, "debt equity ratio": {"current": "0.42", "2020-12-31": "1.26", "2020-09-30": "1.71", "2020-06-30": "2.56", "2020-03-31": "2.71", "2019-12-31": "3.60", "2019-09-30": "3.77", "2019-06-30": "3.85", "2019-03-31": "4.29", "2018-12-31": "4.17", "2018-09-30": "4.52", "2018-06-30": "4.90", "2018-03-31": "4.13", "2017-12-31": "4.47", "2017-09-30": "3.87", "2017-06-30": "3.19", "2017-03-31": "3.32", "2016-12-31": "3.09", "2016-09-30": "3.70", "2016-06-30": "3.71", "2016-03-31": "8.47", "2015-12-31": "6.45", "2015-09-30": "4.74", "2015-06-30": "8.04", "2015-03-31": "6.41", "2014-12-31": "5.40", "2014-09-30": "4.68", "2014-06-30": "4.31", "2014-03-31": "3.93", "2013-12-31": "2.62", "2013-09-30": "2.84", "2013-06-30": "2.00", "2013-03-31": "5.79", "2012-12-31": "7.94", "2012-09-30": "-30.03", "2012-06-30": "11.49", "2012-03-31": "3.95", "2011-12-31": "2.18", "2011-09-30": "1.38", "2011-06-30": "0.85", "2011-03-31": "1.43", "2010-12-31": "0.87", "2010-09-30": "0.64", "2010-06-30": "-1.48", "2010-03-31": "0.00", "2009-12-31": "0.00", "2009-09-30": "0.00", "2009-06-30": "0.00", "2008-12-31": "0.00"}, "return on equity": {"2020-12-31": "4.54%", "2020-09-30": "4.72%", "2020-06-30": "4.28%", "2020-03-31": "-1.76%", "2019-12-31": "-13.07%", "2019-09-30": "-13.53%", "2019-06-30": "-11.55%", "2019-03-31": "-18.39%", "2018-12-31": "-18.52%", "2018-09-30": "-34.85%", "2018-06-30": "-51.74%", "2018-03-31": "-41.54%", "2017-12-31": "-34.07%", "2017-09-30": "-24.11%", "2017-06-30": "-15.13%", "2017-03-31": "-17.47%", "2016-12-31": "-23.03%", "2016-09-30": "-48.14%", "2016-06-30": "-76.41%", "2016-03-31": "-99.49%", "2015-12-31": "-90.13%", "2015-09-30": "-71.74%", "2015-06-30": "-61.08%", "2015-03-31": "-43.75%", "2014-12-31": "-31.60%", "2014-09-30": "-23.27%", "2014-06-30": "-21.45%", "2014-03-31": "-19.48%", "2013-12-31": "-14.59%", "2013-09-30": "-39.81%", "2013-06-30": "-98.77%", "2013-03-31": "-360.98%", "2012-12-31": "-507.35%", "2012-09-30": "-376.70%", "2012-06-30": "-186.38%", "2012-03-31": "-115.69%", "2011-12-31": "-98.26%", "2011-09-30": "-88.10%", "2011-06-30": "-82.29%", "2011-03-31": "-244.21%", "2010-12-31": "-529.91%", "2010-06-30": "95.48%", "2010-03-31": "inf%"}, "return on assets": {"2020-12-31": "1.59%", "2020-09-30": "1.37%", "2020-06-30": "1.06%", "2020-03-31": "-0.40%", "2019-12-31": "-2.70%", "2019-09-30": "-2.71%", "2019-06-30": "-2.23%", "2019-03-31": "-3.37%", "2018-12-31": "-3.42%", "2018-09-30": "-6.34%", "2018-06-30": "-9.73%", "2018-03-31": "-8.51%", "2017-12-31": "-7.27%", "2017-09-30": "-5.52%", "2017-06-30": "-3.54%", "2017-03-31": "-4.00%", "2016-12-31": "-4.79%", "2016-09-30": "-8.37%", "2016-06-30": "-12.27%", "2016-03-31": "-12.99%", "2015-12-31": "-12.59%", "2015-09-30": "-10.41%", "2015-06-30": "-8.74%", "2015-03-31": "-7.11%", "2014-12-31": "-5.67%", "2014-09-30": "-4.66%", "2014-06-30": "-4.70%", "2014-03-31": "-4.92%", "2013-12-31": "-3.89%", "2013-09-30": "-9.38%", "2013-06-30": "-17.84%", "2013-03-31": "-30.80%", "2012-12-31": "-45.88%", "2012-09-30": "-50.72%", "2012-06-30": "-46.36%", "2012-03-31": "-41.84%", "2011-12-31": "-41.20%", "2011-09-30": "-41.89%", "2011-06-30": "-43.09%", "2011-03-31": "-53.42%", "2010-12-31": "-69.20%", "2010-06-30": "-200.00%", "2010-03-31": "inf%"}, "return on investments": {"2020-12-31": "7.81%", "2020-09-30": "8.03%", "2020-06-30": "6.21%", "2020-03-31": "3.88%", "2019-12-31": "-0.39%", "2019-09-30": "-0.08%", "2019-06-30": "0.89%", "2019-03-31": "-2.10%", "2018-12-31": "-2.66%", "2018-09-30": "-9.66%", "2018-06-30": "-16.12%", "2018-03-31": "-13.73%", "2017-12-31": "-11.59%", "2017-09-30": "-9.80%", "2017-06-30": "-6.35%", "2017-03-31": "-7.81%", "2016-12-31": "-10.58%", "2016-09-30": "-15.57%", "2016-06-30": "-24.53%", "2016-03-31": "-27.03%", "2015-12-31": "-23.79%", "2015-09-30": "-18.19%", "2015-06-30": "-13.84%", "2015-03-31": "-8.76%", "2014-12-31": "-6.85%", "2014-09-30": "-5.32%", "2014-06-30": "-6.47%", "2014-03-31": "-7.08%", "2013-12-31": "-6.70%", "2013-09-30": "-18.83%", "2013-06-30": "-31.98%", "2013-03-31": "-63.47%", "2012-12-31": "-83.39%", "2012-09-30": "-83.07%", "2012-06-30": "-68.83%", "2012-03-31": "-58.72%", "2011-12-31": "-56.76%", "2011-09-30": "-57.18%", "2011-06-30": "-59.85%", "2011-03-31": "-119.36%", "2010-12-31": "-201.37%", "2010-06-30": "92.42%", "2010-03-31": "inf%"}, "return on tangible equity": {"2020-09-30": "4.95%", "2020-06-30": "4.56%", "2020-03-31": "-1.88%", "2019-12-31": "-14.08%", "2019-09-30": "-14.55%", "2019-06-30": "-12.37%", "2019-03-31": "-19.70%", "2018-12-31": "-19.92%", "2018-09-30": "-37.69%", "2018-06-30": "-56.03%", "2018-03-31": "-44.87%", "2017-12-31": "-36.78%", "2017-09-30": "-25.95%", "2017-06-30": "-16.11%", "2017-03-31": "-18.36%", "2016-12-31": "-23.79%", "2016-09-30": "-48.23%", "2016-06-30": "-76.58%", "2016-03-31": "-99.80%", "2015-12-31": "-90.43%", "2015-09-30": "-71.74%", "2015-06-30": "-61.08%", "2015-03-31": "-43.75%", "2014-12-31": "-31.60%", "2014-09-30": "-23.27%", "2014-06-30": "-21.45%", "2014-03-31": "-19.48%", "2013-12-31": "-14.59%", "2013-09-30": "-39.81%", "2013-06-30": "-98.77%", "2013-03-31": "-360.98%", "2012-12-31": "-507.35%", "2012-09-30": "-376.70%", "2012-06-30": "-186.38%", "2012-03-31": "-115.69%", "2011-12-31": "-98.26%", "2011-09-30": "-88.10%", "2011-06-30": "-82.29%", "2011-03-31": "-244.21%", "2010-12-31": "-529.91%", "2010-06-30": "95.48%", "2010-03-31": "inf%"}, "dividend yield history": {"last payout": "$0.00", "last yield": "0.00%"}}