{"ticker": "TT", "price": {"title": "Trane Technologies Historical Annual Stock Price Data", "value": 150.87, "historical": {"2020": {"Average Stock Price": "110.6447", "Year Open": "100.5500", "Year High": "152.4400", "Year Low": "71.2600", "Year Close": "145.1600", "Annual % Change": "0.00%"}}}, "market cap": {"value": "$34.99B"}, "income statement": {"Revenue": {"2020-12-31": "12454.70000", "2019-12-31": "16598.90000", "2018-12-31": "15668.20000", "2017-12-31": "14197.60000", "2016-12-31": "13508.90000", "2015-12-31": "13300.70000", "2014-12-31": "12891.40000", "2013-12-31": "12350.50000", "2012-12-31": "11988.30000", "2011-12-31": "12760.80000", "2010-12-31": "14001.10000", "2009-12-31": "13009.10000", "2008-12-31": "13045.00000", "2007-12-31": "8763.10000", "2006-12-31": "8033.70000", "2005-12-31": "7263.70000"}, "Cost Of Goods Sold": {"2020-12-31": "8651.30000", "2019-12-31": "11451.50000", "2018-12-31": "10847.60000", "2017-12-31": "9811.60000", "2016-12-31": "9307.90000", "2015-12-31": "9277.40000", "2014-12-31": "8982.80000", "2013-12-31": "8722.30000", "2012-12-31": "8533.50000", "2011-12-31": "9280.00000", "2010-12-31": "10059.90000", "2009-12-31": "9437.10000", "2008-12-31": "9547.50000", "2007-12-31": "6272.00000", "2006-12-31": "5768.40000", "2005-12-31": "5203.20000"}, "Gross Profit": {"2020-12-31": "3803.40000", "2019-12-31": "5147.40000", "2018-12-31": "4820.60100", "2017-12-31": "4386.00000", "2016-12-31": "4201.00000", "2015-12-31": "4023.30000", "2014-12-31": "3908.60100", "2013-12-31": "3628.20000", "2012-12-31": "3454.80000", "2011-12-31": "3480.80000", "2010-12-31": "3941.19900", "2009-12-31": "3572.00000", "2008-12-31": "3497.50000", "2007-12-31": "2491.10000", "2006-12-31": "2265.30000", "2005-12-31": "2060.50000"}, "Research And Development Expenses": {"2020-12-31": "", "2019-12-31": "", "2018-12-31": "", "2017-12-31": "", "2016-12-31": "", "2015-12-31": "", "2014-12-31": "", "2013-12-31": "", "2012-12-31": "", "2011-12-31": "", "2010-12-31": "", "2009-12-31": "", "2008-12-31": "", "2007-12-31": "", "2006-12-31": "", "2005-12-31": ""}, "SG&A Expenses": {"2020-12-31": "2270.60000", "2019-12-31": "3129.80000", "2018-12-31": "2903.20000", "2017-12-31": "2720.70000", "2016-12-31": "2597.80000", "2015-12-31": "2531.60000", "2014-12-31": "2503.90000", "2013-12-31": "2523.20000", "2012-12-31": "2382.90000", "2011-12-31": "2395.20000", "2010-12-31": "2679.80000", "2009-12-31": "2686.80000", "2008-12-31": "2308.90000", "2007-12-31": "1433.30000", "2006-12-31": "1266.80000", "2005-12-31": "1172.70000"}, "Other Operating Income Or Expenses": {"2020-12-31": "", "2019-12-31": "", "2018-12-31": "", "2017-12-31": "", "2016-12-31": "", "2015-12-31": "", "2014-12-31": "", "2013-12-31": "", "2012-12-31": "", "2011-12-31": "-646.90000", "2010-12-31": "", "2009-12-31": "0.00000", "2008-12-31": "-3710.00000", "2007-12-31": "", "2006-12-31": "", "2005-12-31": ""}, "Operating Expenses": {"2020-12-31": "10921.90000", "2019-12-31": "14581.30000", "2018-12-31": "13750.80000", "2017-12-31": "12532.30000", "2016-12-31": "11905.70000", "2015-12-31": "11809.00000", "2014-12-31": "11486.70000", "2013-12-31": "11245.50000", "2012-12-31": "10916.40000", "2011-12-31": "12322.10000", "2010-12-31": "12739.70000", "2009-12-31": "12123.90000", "2008-12-31": "15566.40000", "2007-12-31": "7705.30000", "2006-12-31": "7035.20000", "2005-12-31": "6375.90000"}, "Operating Income": {"2020-12-31": "1532.80000", "2019-12-31": "2017.60100", "2018-12-31": "1917.40000", "2017-12-31": "1665.30000", "2016-12-31": "1603.20000", "2015-12-31": "1491.70000", "2014-12-31": "1404.70100", "2013-12-31": "1105.00000", "2012-12-31": "1071.89900", "2011-12-31": "438.69920", "2010-12-31": "1261.39900", "2009-12-31": "885.20020", "2008-12-31": "-2521.40000", "2007-12-31": "1057.80000", "2006-12-31": "998.50000", "2005-12-31": "887.79980"}, "Total Non-Operating Income/Expense": {"2020-12-31": "-244.60000", "2019-12-31": "-276.00000", "2018-12-31": "-257.10000", "2017-12-31": "-247.40000", "2016-12-31": "138.10000", "2015-12-31": "-243.80000", "2014-12-31": "-195.30000", "2013-12-31": "-275.40000", "2012-12-31": "-223.90000", "2011-12-31": "-250.10000", "2010-12-31": "-250.70000", "2009-12-31": "-290.90000", "2008-12-31": "-179.30000", "2007-12-31": "-106.00000", "2006-12-31": "-140.90000", "2005-12-31": "-95.00000"}, "Pre-Tax Income": {"2020-12-31": "1288.20000", "2019-12-31": "1741.60000", "2018-12-31": "1660.30000", "2017-12-31": "1417.90000", "2016-12-31": "1741.30000", "2015-12-31": "1247.90000", "2014-12-31": "1209.40000", "2013-12-31": "829.60000", "2012-12-31": "848.00000", "2011-12-31": "188.60000", "2010-12-31": "1010.70000", "2009-12-31": "594.30000", "2008-12-31": "-2700.70000", "2007-12-31": "951.80000", "2006-12-31": "857.60000", "2005-12-31": "792.80000"}, "Income Taxes": {"2020-12-31": "296.80000", "2019-12-31": "353.70000", "2018-12-31": "281.30000", "2017-12-31": "80.20000", "2016-12-31": "281.50000", "2015-12-31": "540.80000", "2014-12-31": "293.70000", "2013-12-31": "189.00000", "2012-12-31": "56.00000", "2011-12-31": "45.40000", "2010-12-31": "228.10000", "2009-12-31": "81.50000", "2008-12-31": "-192.30000", "2007-12-31": "204.40000", "2006-12-31": "92.60000", "2005-12-31": "61.00000"}, "Income After Taxes": {"2020-12-31": "991.40000", "2019-12-31": "1387.90000", "2018-12-31": "1379.00000", "2017-12-31": "1337.70000", "2016-12-31": "1459.80000", "2015-12-31": "707.10000", "2014-12-31": "915.70000", "2013-12-31": "640.60000", "2012-12-31": "792.00000", "2011-12-31": "143.20000", "2010-12-31": "782.60000", "2009-12-31": "512.80000", "2008-12-31": "-2508.40000", "2007-12-31": "747.40000", "2006-12-31": "765.00000", "2005-12-31": "731.80000"}, "Other Income": {"2020-12-31": "", "2019-12-31": "", "2018-12-31": "", "2017-12-31": "", "2016-12-31": "", "2015-12-31": "", "2014-12-31": "", "2013-12-31": "", "2012-12-31": "", "2011-12-31": "", "2010-12-31": "", "2009-12-31": "", "2008-12-31": "", "2007-12-31": "", "2006-12-31": "", "2005-12-31": ""}, "Income From Continuous Operations": {"2020-12-31": "991.40000", "2019-12-31": "1387.90000", "2018-12-31": "1379.00000", "2017-12-31": "1337.70000", "2016-12-31": "1459.80000", "2015-12-31": "707.10000", "2014-12-31": "915.70000", "2013-12-31": "640.60000", "2012-12-31": "792.00000", "2011-12-31": "143.20000", "2010-12-31": "782.60000", "2009-12-31": "512.80000", "2008-12-31": "-2508.40000", "2007-12-31": "747.40000", "2006-12-31": "765.00000", "2005-12-31": "731.80000"}, "Income From Discontinued Operations": {"2020-12-31": "-121.40000", "2019-12-31": "40.60000", "2018-12-31": "-21.50000", "2017-12-31": "-25.40000", "2016-12-31": "32.90000", "2015-12-31": "-24.30000", "2014-12-31": "34.70000", "2013-12-31": "13.30000", "2012-12-31": "252.00000", "2011-12-31": "226.10000", "2010-12-31": "-117.50000", "2009-12-31": "-36.60000", "2008-12-31": "-96.40000", "2007-12-31": "3242.60000", "2006-12-31": "267.50000", "2005-12-31": "322.40000"}, "Net Income": {"2020-12-31": "854.90000", "2019-12-31": "1410.90000", "2018-12-31": "1337.60000", "2017-12-31": "1302.60000", "2016-12-31": "1476.20000", "2015-12-31": "664.60000", "2014-12-31": "931.70000", "2013-12-31": "618.80000", "2012-12-31": "1018.60000", "2011-12-31": "343.20000", "2010-12-31": "642.20000", "2009-12-31": "451.30000", "2008-12-31": "-2624.80000", "2007-12-31": "3966.70000", "2006-12-31": "1032.50000", "2005-12-31": "1054.20000"}, "EBITDA": {"2020-12-31": "1827.10000", "2019-12-31": "2415.00000", "2018-12-31": "2278.90000", "2017-12-31": "2018.60000", "2016-12-31": "1955.40000", "2015-12-31": "1855.80000", "2014-12-31": "1737.10100", "2013-12-31": "1438.70000", "2012-12-31": "1405.69900", "2011-12-31": "797.19920", "2010-12-31": "1698.19900", "2009-12-31": "1306.70000", "2008-12-31": "-2072.40000", "2007-12-31": "1196.60000", "2006-12-31": "1147.30000", "2005-12-31": "1044.50000"}, "EBIT": {"2020-12-31": "1532.80000", "2019-12-31": "2017.60100", "2018-12-31": "1917.40000", "2017-12-31": "1665.30000", "2016-12-31": "1603.20000", "2015-12-31": "1491.70000", "2014-12-31": "1404.70100", "2013-12-31": "1105.00000", "2012-12-31": "1071.89900", "2011-12-31": "438.69920", "2010-12-31": "1261.39900", "2009-12-31": "885.20020", "2008-12-31": "-2521.40000", "2007-12-31": "1057.80000", "2006-12-31": "998.50000", "2005-12-31": "887.79980"}, "Basic Shares Outstanding": {"2020-12-31": "", "2019-12-31": "241.60000", "2018-12-31": "247.20000", "2017-12-31": "254.90000", "2016-12-31": "259.20000", "2015-12-31": "265.10000", "2014-12-31": "270.50000", "2013-12-31": "294.10000", "2012-12-31": "303.90000", "2011-12-31": "324.80000", "2010-12-31": "324.70000", "2009-12-31": "321.10000", "2008-12-31": "300.60000", "2007-12-31": "290.70000", "2006-12-31": "319.90000", "2005-12-31": "337.60000"}, "Shares Outstanding": {"2020-12-31": "243.10000", "2019-12-31": "244.40000", "2018-12-31": "250.10000", "2017-12-31": "258.10000", "2016-12-31": "261.70000", "2015-12-31": "267.80000", "2014-12-31": "274.30000", "2013-12-31": "298.30000", "2012-12-31": "310.60000", "2011-12-31": "339.30000", "2010-12-31": "339.80000", "2009-12-31": "329.10000", "2008-12-31": "303.70000", "2007-12-31": "295.30000", "2006-12-31": "323.10000", "2005-12-31": "341.30000"}, "Basic EPS": {"2020-12-31": "", "2019-12-31": "5.84000", "2018-12-31": "5.41000", "2017-12-31": "5.11000", "2016-12-31": "5.70000", "2015-12-31": "2.51000", "2014-12-31": "3.44000", "2013-12-31": "2.11000", "2012-12-31": "3.35000", "2011-12-31": "1.06000", "2010-12-31": "1.98000", "2009-12-31": "1.41000", "2008-12-31": "-8.73000", "2007-12-31": "13.64000", "2006-12-31": "3.23000", "2005-12-31": "3.12000"}, "EPS - Earnings Per Share": {"2020-12-31": "3.52000", "2019-12-31": "5.77000", "2018-12-31": "5.35000", "2017-12-31": "5.05000", "2016-12-31": "5.65000", "2015-12-31": "2.48000", "2014-12-31": "3.40000", "2013-12-31": "2.07000", "2012-12-31": "3.28000", "2011-12-31": "1.01000", "2010-12-31": "1.89000", "2009-12-31": "1.37000", "2008-12-31": "-8.73000", "2007-12-31": "13.43000", "2006-12-31": "3.20000", "2005-12-31": "3.09000"}}, "income statement, quarterly": {"Revenue": {"2020-12-31": "3179.10000", "2020-09-30": "3495.50000", "2020-06-30": "3138.80000", "2020-03-31": "2641.30000", "2019-12-31": "6706.70000", "2019-09-30": "3470.90000", "2019-06-30": "3617.60000", "2019-03-31": "2803.70000", "2018-12-31": "3895.10100", "2018-09-30": "4030.90000", "2018-06-30": "4357.70000", "2018-03-31": "3384.50000", "2017-12-31": "3618.10000", "2017-09-30": "3670.50000", "2017-06-30": "3908.40000", "2017-03-31": "3000.60000", "2016-12-31": "3358.80000", "2016-09-30": "3567.80000", "2016-06-30": "3688.20000", "2016-03-31": "2894.10000", "2015-12-31": "3325.80100", "2015-09-30": "3486.90000", "2015-06-30": "3600.20000", "2015-03-31": "2887.80000", "2014-12-31": "3240.60100", "2014-09-30": "3385.00000", "2014-06-30": "3542.90000", "2014-03-31": "2722.90000", "2013-12-31": "3098.90000", "2013-09-30": "3214.20000", "2013-06-30": "3398.40000", "2013-03-31": "2639.00000", "2012-12-31": "1423.50000", "2012-09-30": "3592.80000", "2012-06-30": "3821.30000", "2012-03-31": "3150.70000", "2011-12-31": "1485.49900", "2011-09-30": "3910.10000", "2011-06-30": "4091.40000", "2011-03-31": "3273.80000", "2010-12-31": "4023.10000", "2010-09-30": "3730.30000", "2010-06-30": "3481.80000", "2010-03-31": "2765.90000", "2009-12-31": "3165.59900", "2009-09-30": "3458.90000", "2009-06-30": "3451.70000", "2009-03-31": "2932.90000", "2008-12-31": "3487.70000", "2008-09-30": "4313.20000", "2008-06-30": "3080.80000", "2008-03-31": "2163.30000", "2007-12-31": "2323.30000", "2007-09-30": "2239.00000", "2007-06-30": "2224.60000", "2007-03-31": "1976.20000", "2006-12-31": "1424.50000", "2006-09-30": "2038.00000", "2006-06-30": "2048.00000", "2006-03-31": "2523.20000", "2005-12-31": "-569.89970", "2005-09-30": "2615.30000", "2005-06-30": "2759.50000", "2005-03-31": "2458.80000"}, "Cost Of Goods Sold": {"2020-12-31": "2231.20000", "2020-09-30": "2360.80000", "2020-06-30": "2160.50000", "2020-03-31": "1898.80000", "2019-12-31": "4632.90000", "2019-09-30": "2366.60000", "2019-06-30": "2462.80000", "2019-03-31": "1989.20000", "2018-12-31": "2745.00000", "2018-09-30": "2718.30000", "2018-06-30": "2964.10000", "2018-03-31": "2420.20000", "2017-12-31": "2542.50000", "2017-09-30": "2489.90000", "2017-06-30": "2653.10000", "2017-03-31": "2126.10000", "2016-12-31": "2347.30100", "2016-09-30": "2412.90000", "2016-06-30": "2506.50000", "2016-03-31": "2041.20000", "2015-12-31": "2316.80100", "2015-09-30": "2379.40000", "2015-06-30": "2494.50000", "2015-03-31": "2086.70000", "2014-12-31": "2261.10000", "2014-09-30": "2327.00000", "2014-06-30": "2439.90000", "2014-03-31": "1954.80000", "2013-12-31": "2214.50000", "2013-09-30": "2217.70000", "2013-06-30": "2377.50000", "2013-03-31": "1912.60000", "2012-12-31": "1185.70000", "2012-09-30": "2454.40000", "2012-06-30": "2644.00000", "2012-03-31": "2249.40000", "2011-12-31": "1292.20000", "2011-09-30": "2756.20000", "2011-06-30": "2863.00000", "2011-03-31": "2368.60000", "2010-12-31": "2934.10100", "2010-09-30": "2643.80000", "2010-06-30": "2472.80000", "2010-03-31": "2009.20000", "2009-12-31": "2252.60000", "2009-09-30": "2462.60000", "2009-06-30": "2515.50000", "2009-03-31": "2206.40000", "2008-12-31": "2601.10000", "2008-09-30": "3209.40000", "2008-06-30": "2196.10000", "2008-03-31": "1540.90000", "2007-12-31": "1658.10000", "2007-09-30": "1608.20000", "2007-06-30": "1589.70000", "2007-03-31": "1416.00000", "2006-12-31": "988.70000", "2006-09-30": "1465.40000", "2006-06-30": "1463.10000", "2006-03-31": "1851.20000", "2005-12-31": "-547.29970", "2005-09-30": "1920.70000", "2005-06-30": "2019.10000", "2005-03-31": "1810.70000"}, "Gross Profit": {"2020-12-31": "947.90010", "2020-09-30": "1134.70000", "2020-06-30": "978.30000", "2020-03-31": "742.50000", "2019-12-31": "2073.80000", "2019-09-30": "1104.30000", "2019-06-30": "1154.80000", "2019-03-31": "814.50000", "2018-12-31": "1150.10100", "2018-09-30": "1312.60000", "2018-06-30": "1393.60000", "2018-03-31": "964.30000", "2017-12-31": "1075.60000", "2017-09-30": "1180.60000", "2017-06-30": "1255.30000", "2017-03-31": "874.50000", "2016-12-31": "1011.50000", "2016-09-30": "1154.90000", "2016-06-30": "1181.70000", "2016-03-31": "852.90010", "2015-12-31": "1009.00000", "2015-09-30": "1107.50000", "2015-06-30": "1105.70000", "2015-03-31": "801.10010", "2014-12-31": "979.50070", "2014-09-30": "1058.00000", "2014-06-30": "1103.00000", "2014-03-31": "768.09990", "2013-12-31": "884.40040", "2013-09-30": "996.50000", "2013-06-30": "1020.90000", "2013-03-31": "726.40000", "2012-12-31": "237.80000", "2012-09-30": "1138.40000", "2012-06-30": "1177.30000", "2012-03-31": "901.30000", "2011-12-31": "193.29960", "2011-09-30": "1153.90000", "2011-06-30": "1228.40000", "2011-03-31": "905.20000", "2010-12-31": "1088.99900", "2010-09-30": "1086.50000", "2010-06-30": "1009.00000", "2010-03-31": "756.70000", "2009-12-31": "912.99950", "2009-09-30": "996.29980", "2009-06-30": "936.20000", "2009-03-31": "726.50000", "2008-12-31": "886.59990", "2008-09-30": "1103.80000", "2008-06-30": "884.70000", "2008-03-31": "622.40000", "2007-12-31": "665.19970", "2007-09-30": "630.80000", "2007-06-30": "634.90010", "2007-03-31": "560.20000", "2006-12-31": "435.80030", "2006-09-30": "572.60000", "2006-06-30": "584.90000", "2006-03-31": "672.00000", "2005-12-31": "-22.60000", "2005-09-30": "694.60010", "2005-06-30": "740.40000", "2005-03-31": "648.10010"}, "Research And Development Expenses": {"2020-12-31": "", "2020-09-30": "", "2020-06-30": "", "2020-03-31": "", "2019-12-31": "", "2019-09-30": "", "2019-06-30": "", "2019-03-31": "", "2018-12-31": "", "2018-09-30": "", "2018-06-30": "", "2018-03-31": "", "2017-12-31": "", "2017-09-30": "", "2017-06-30": "", "2017-03-31": "", "2016-12-31": "", "2016-09-30": "", "2016-06-30": "", "2016-03-31": "", "2015-12-31": "", "2015-09-30": "", "2015-06-30": "", "2015-03-31": "", "2014-12-31": "", "2014-09-30": "", "2014-06-30": "", "2014-03-31": "", "2013-12-31": "", "2013-09-30": "", "2013-06-30": "", "2013-03-31": "", "2012-12-31": "", "2012-09-30": "", "2012-06-30": "", "2012-03-31": "", "2011-12-31": "", "2011-09-30": "", "2011-06-30": "", "2011-03-31": "", "2010-12-31": "", "2010-09-30": "", "2010-06-30": "", "2010-03-31": "", "2009-12-31": "", "2009-09-30": "", "2009-06-30": "", "2009-03-31": "", "2008-12-31": "", "2008-09-30": "", "2008-06-30": "", "2008-03-31": "", "2007-12-31": "", "2007-09-30": "", "2007-06-30": "", "2007-03-31": "", "2006-12-31": "", "2006-09-30": "", "2006-06-30": "", "2006-03-31": "", "2005-12-31": "", "2005-09-30": "", "2005-06-30": "", "2005-03-31": ""}, "SG&A Expenses": {"2020-12-31": "559.90000", "2020-09-30": "567.80000", "2020-06-30": "554.80000", "2020-03-31": "588.10000", "2019-12-31": "1396.10000", "2019-09-30": "567.80000", "2019-06-30": "587.90000", "2019-03-31": "578.00000", "2018-12-31": "703.40000", "2018-09-30": "725.60000", "2018-06-30": "753.30000", "2018-03-31": "720.90000", "2017-12-31": "689.00000", "2017-09-30": "674.50000", "2017-06-30": "697.70000", "2017-03-31": "659.50000", "2016-12-31": "658.70010", "2016-09-30": "643.20000", "2016-06-30": "668.40000", "2016-03-31": "627.50000", "2015-12-31": "616.00010", "2015-09-30": "632.10000", "2015-06-30": "653.50000", "2015-03-31": "630.00000", "2014-12-31": "633.10000", "2014-09-30": "618.00000", "2014-06-30": "639.70000", "2014-03-31": "613.10000", "2013-12-31": "666.39990", "2013-09-30": "617.00000", "2013-06-30": "633.40000", "2013-03-31": "606.40000", "2012-12-31": "299.10000", "2012-09-30": "690.60000", "2012-06-30": "703.60000", "2012-03-31": "689.60000", "2011-12-31": "280.30000", "2011-09-30": "708.60000", "2011-06-30": "729.20000", "2011-03-31": "677.10000", "2010-12-31": "741.20000", "2010-09-30": "675.80000", "2010-06-30": "645.60000", "2010-03-31": "617.20000", "2009-12-31": "661.40010", "2009-09-30": "671.70000", "2009-06-30": "677.10000", "2009-03-31": "676.60000", "2008-12-31": "653.99990", "2008-09-30": "756.40000", "2008-06-30": "523.10000", "2008-03-31": "375.40000", "2007-12-31": "366.40010", "2007-09-30": "354.50000", "2007-06-30": "360.80000", "2007-03-31": "351.60000", "2006-12-31": "276.00010", "2006-09-30": "303.70000", "2006-06-30": "332.40000", "2006-03-31": "354.70000", "2005-12-31": "105.60000", "2005-09-30": "354.60000", "2005-06-30": "361.30000", "2005-03-31": "351.20000"}, "Other Operating Income Or Expenses": {"2020-12-31": "", "2020-09-30": "", "2020-06-30": "", "2020-03-31": "", "2019-12-31": "", "2019-09-30": "", "2019-06-30": "", "2019-03-31": "", "2018-12-31": "", "2018-09-30": "", "2018-06-30": "", "2018-03-31": "", "2017-12-31": "", "2017-09-30": "", "2017-06-30": "", "2017-03-31": "", "2016-12-31": "", "2016-09-30": "", "2016-06-30": "", "2016-03-31": "", "2015-12-31": "", "2015-09-30": "", "2015-06-30": "", "2015-03-31": "", "2014-12-31": "", "2014-09-30": "", "2014-06-30": "", "2014-03-31": "", "2013-12-31": "", "2013-09-30": "", "2013-06-30": "", "2013-03-31": "", "2012-12-31": "", "2012-09-30": "0.00000", "2012-06-30": "4.20000", "2012-03-31": "0.30000", "2011-12-31": "4.70000", "2011-09-30": "-264.80000", "2011-06-30": "-200.50000", "2011-03-31": "-186.30000", "2010-12-31": "", "2010-09-30": "0.00000", "2010-06-30": "", "2010-03-31": "", "2009-12-31": "", "2009-09-30": "", "2009-06-30": "", "2009-03-31": "", "2008-12-31": "", "2008-09-30": "", "2008-06-30": "", "2008-03-31": "", "2007-12-31": "", "2007-09-30": "", "2007-06-30": "", "2007-03-31": "", "2006-12-31": "", "2006-09-30": "", "2006-06-30": "", "2006-03-31": "", "2005-12-31": "", "2005-09-30": "", "2005-06-30": "", "2005-03-31": ""}, "Operating Expenses": {"2020-12-31": "2791.10000", "2020-09-30": "2928.60000", "2020-06-30": "2715.30000", "2020-03-31": "2486.90000", "2019-12-31": "6028.99900", "2019-09-30": "2934.40000", "2019-06-30": "3050.70000", "2019-03-31": "2567.20000", "2018-12-31": "3448.40000", "2018-09-30": "3443.90000", "2018-06-30": "3717.40000", "2018-03-31": "3141.10000", "2017-12-31": "3231.50000", "2017-09-30": "3164.40000", "2017-06-30": "3350.80000", "2017-03-31": "2785.60000", "2016-12-31": "3006.00100", "2016-09-30": "3056.10000", "2016-06-30": "3174.90000", "2016-03-31": "2668.70000", "2015-12-31": "2932.80000", "2015-09-30": "3011.50000", "2015-06-30": "3148.00000", "2015-03-31": "2716.70000", "2014-12-31": "2894.20000", "2014-09-30": "2945.00000", "2014-06-30": "3079.60000", "2014-03-31": "2567.90000", "2013-12-31": "2880.90000", "2013-09-30": "2834.70000", "2013-06-30": "3010.90000", "2013-03-31": "2519.00000", "2012-12-31": "1489.30000", "2012-09-30": "3145.00000", "2012-06-30": "3343.40000", "2012-03-31": "2938.70000", "2011-12-31": "1567.80100", "2011-09-30": "3729.60000", "2011-06-30": "3792.70000", "2011-03-31": "3232.00000", "2010-12-31": "3675.30000", "2010-09-30": "3319.60000", "2010-06-30": "3118.40000", "2010-03-31": "2626.40000", "2009-12-31": "2914.00000", "2009-09-30": "3134.30000", "2009-06-30": "3192.60000", "2009-03-31": "2883.00000", "2008-12-31": "6965.10100", "2008-09-30": "3965.80000", "2008-06-30": "2719.20000", "2008-03-31": "1916.30000", "2007-12-31": "2024.50000", "2007-09-30": "1962.70000", "2007-06-30": "1950.50000", "2007-03-31": "1767.60000", "2006-12-31": "1264.70000", "2006-09-30": "1769.10000", "2006-06-30": "1795.50000", "2006-03-31": "2205.90000", "2005-12-31": "-441.69920", "2005-09-30": "2275.30000", "2005-06-30": "2380.40000", "2005-03-31": "2161.90000"}, "Operating Income": {"2020-12-31": "388.00000", "2020-09-30": "566.89990", "2020-06-30": "423.50000", "2020-03-31": "154.40010", "2019-12-31": "677.70120", "2019-09-30": "536.49980", "2019-06-30": "566.89990", "2019-03-31": "236.50000", "2018-12-31": "446.70070", "2018-09-30": "587.00000", "2018-06-30": "640.30000", "2018-03-31": "243.39990", "2017-12-31": "386.59910", "2017-09-30": "506.10010", "2017-06-30": "557.59990", "2017-03-31": "215.00000", "2016-12-31": "352.79960", "2016-09-30": "511.70020", "2016-06-30": "513.30000", "2016-03-31": "225.40010", "2015-12-31": "393.00050", "2015-09-30": "475.39990", "2015-06-30": "452.20000", "2015-03-31": "171.10010", "2014-12-31": "346.40090", "2014-09-30": "440.00000", "2014-06-30": "463.30000", "2014-03-31": "155.00000", "2013-12-31": "218.00000", "2013-09-30": "379.50000", "2013-06-30": "387.50000", "2013-03-31": "120.00000", "2012-12-31": "-65.79980", "2012-09-30": "447.80000", "2012-06-30": "477.89990", "2012-03-31": "212.00000", "2011-12-31": "-82.30130", "2011-09-30": "180.50020", "2011-06-30": "298.70000", "2011-03-31": "41.79980", "2010-12-31": "347.80030", "2010-09-30": "410.70000", "2010-06-30": "363.40010", "2010-03-31": "139.50000", "2009-12-31": "251.59960", "2009-09-30": "324.59990", "2009-06-30": "259.09990", "2009-03-31": "49.89990", "2008-12-31": "-3477.40100", "2008-09-30": "347.40040", "2008-06-30": "361.59990", "2008-03-31": "247.00000", "2007-12-31": "298.79990", "2007-09-30": "276.30000", "2007-06-30": "274.10010", "2007-03-31": "208.60000", "2006-12-31": "159.80000", "2006-09-30": "268.89990", "2006-06-30": "252.50000", "2006-03-31": "317.30000", "2005-12-31": "-128.20040", "2005-09-30": "340.00000", "2005-06-30": "379.10010", "2005-03-31": "296.90010"}, "Total Non-Operating Income/Expense": {"2020-12-31": "-65.40000", "2020-09-30": "-66.90000", "2020-06-30": "-61.70000", "2020-03-31": "-50.60000", "2019-12-31": "-74.90000", "2019-09-30": "-69.70000", "2019-06-30": "-62.40000", "2019-03-31": "-69.00000", "2018-12-31": "-69.40000", "2018-09-30": "-57.00000", "2018-06-30": "-53.80000", "2018-03-31": "-76.90000", "2017-12-31": "-61.60000", "2017-09-30": "-61.50000", "2017-06-30": "-65.60000", "2017-03-31": "-58.70000", "2016-12-31": "-84.70000", "2016-09-30": "-60.80000", "2016-06-30": "338.40000", "2016-03-31": "-54.80000", "2015-12-31": "-84.90000", "2015-09-30": "-43.60000", "2015-06-30": "-33.80000", "2015-03-31": "-81.50000", "2014-12-31": "-58.40000", "2014-09-30": "-42.70000", "2014-06-30": "-44.40000", "2014-03-31": "-49.80000", "2013-12-31": "-54.20000", "2013-09-30": "-96.80000", "2013-06-30": "-64.30000", "2013-03-31": "-60.10000", "2012-12-31": "-53.10000", "2012-09-30": "-43.20000", "2012-06-30": "-58.00000", "2012-03-31": "-69.60000", "2011-12-31": "-69.00000", "2011-09-30": "-48.40000", "2011-06-30": "-69.30000", "2011-03-31": "-63.40000", "2010-12-31": "-61.30000", "2010-09-30": "-61.50000", "2010-06-30": "-62.70000", "2010-03-31": "-65.20000", "2009-12-31": "-80.70000", "2009-09-30": "-76.30000", "2009-06-30": "-79.00000", "2009-03-31": "-54.90000", "2008-12-31": "-100.20000", "2008-09-30": "-81.90000", "2008-06-30": "-12.90000", "2008-03-31": "15.70000", "2007-12-31": "-7.20000", "2007-09-30": "-40.90000", "2007-06-30": "-22.20000", "2007-03-31": "-35.70000", "2006-12-31": "-38.60000", "2006-09-30": "-33.90000", "2006-06-30": "-37.00000", "2006-03-31": "-31.40000", "2005-12-31": "-12.30000", "2005-09-30": "-25.90000", "2005-06-30": "-27.50000", "2005-03-31": "-29.30000"}, "Pre-Tax Income": {"2020-12-31": "322.60000", "2020-09-30": "500.00000", "2020-06-30": "361.80000", "2020-03-31": "103.80000", "2019-12-31": "602.80000", "2019-09-30": "466.80000", "2019-06-30": "504.50000", "2019-03-31": "167.50000", "2018-12-31": "377.30000", "2018-09-30": "530.00000", "2018-06-30": "586.50000", "2018-03-31": "166.50000", "2017-12-31": "325.00010", "2017-09-30": "444.60000", "2017-06-30": "492.00000", "2017-03-31": "156.30000", "2016-12-31": "268.10000", "2016-09-30": "450.90000", "2016-06-30": "851.70000", "2016-03-31": "170.60000", "2015-12-31": "308.10000", "2015-09-30": "431.80000", "2015-06-30": "418.40000", "2015-03-31": "89.60000", "2014-12-31": "288.00010", "2014-09-30": "397.30000", "2014-06-30": "418.90000", "2014-03-31": "105.20000", "2013-12-31": "163.80000", "2013-09-30": "282.70000", "2013-06-30": "323.20000", "2013-03-31": "59.90000", "2012-12-31": "-118.90000", "2012-09-30": "404.60000", "2012-06-30": "419.90000", "2012-03-31": "142.40000", "2011-12-31": "-151.30000", "2011-09-30": "132.10000", "2011-06-30": "229.40000", "2011-03-31": "-21.60000", "2010-12-31": "286.50000", "2010-09-30": "349.20000", "2010-06-30": "300.70000", "2010-03-31": "74.30000", "2009-12-31": "170.90000", "2009-09-30": "248.30000", "2009-06-30": "180.10000", "2009-03-31": "-5.00000", "2008-12-31": "-3577.60000", "2008-09-30": "265.50000", "2008-06-30": "348.70000", "2008-03-31": "262.70000", "2007-12-31": "291.60000", "2007-09-30": "235.40000", "2007-06-30": "251.90000", "2007-03-31": "172.90000", "2006-12-31": "121.20000", "2006-09-30": "235.00000", "2006-06-30": "215.50000", "2006-03-31": "285.90000", "2005-12-31": "-140.50000", "2005-09-30": "314.10000", "2005-06-30": "351.60000", "2005-03-31": "267.60000"}, "Income Taxes": {"2020-12-31": "72.40000", "2020-09-30": "89.90000", "2020-06-30": "83.50000", "2020-03-31": "51.00000", "2019-12-31": "161.10000", "2019-09-30": "80.50000", "2019-06-30": "91.90000", "2019-03-31": "20.20000", "2018-12-31": "121.40000", "2018-09-30": "-1.10000", "2018-06-30": "128.00000", "2018-03-31": "33.00000", "2017-12-31": "-163.00000", "2017-09-30": "76.40000", "2017-06-30": "138.10000", "2017-03-31": "28.70000", "2016-12-31": "63.90000", "2016-09-30": "83.20000", "2016-06-30": "92.50000", "2016-03-31": "41.90000", "2015-12-31": "68.70000", "2015-09-30": "113.80000", "2015-06-30": "331.40000", "2015-03-31": "26.90000", "2014-12-31": "71.40000", "2014-09-30": "94.10000", "2014-06-30": "103.70000", "2014-03-31": "24.50000", "2013-12-31": "80.70000", "2013-09-30": "55.10000", "2013-06-30": "48.70000", "2013-03-31": "4.50000", "2012-12-31": "-102.10000", "2012-09-30": "65.30000", "2012-06-30": "54.80000", "2012-03-31": "38.00000", "2011-12-31": "-123.60000", "2011-09-30": "28.40000", "2011-06-30": "99.80000", "2011-03-31": "40.80000", "2010-12-31": "47.00000", "2010-09-30": "72.10000", "2010-06-30": "54.90000", "2010-03-31": "54.10000", "2009-12-31": "21.80000", "2009-09-30": "14.80000", "2009-06-30": "34.40000", "2009-03-31": "10.50000", "2008-12-31": "-345.50000", "2008-09-30": "26.30000", "2008-06-30": "79.70000", "2008-03-31": "47.20000", "2007-12-31": "106.40000", "2007-09-30": "37.80000", "2007-06-30": "43.90000", "2007-03-31": "16.30000", "2006-12-31": "-1.90000", "2006-09-30": "34.60000", "2006-06-30": "18.40000", "2006-03-31": "41.50000", "2005-12-31": "-92.10000", "2005-09-30": "58.00000", "2005-06-30": "59.80000", "2005-03-31": "35.30000"}, "Income After Taxes": {"2020-12-31": "250.20000", "2020-09-30": "410.10000", "2020-06-30": "278.30000", "2020-03-31": "52.80000", "2019-12-31": "441.69990", "2019-09-30": "386.30000", "2019-06-30": "412.60000", "2019-03-31": "147.30000", "2018-12-31": "255.90000", "2018-09-30": "531.10000", "2018-06-30": "458.50000", "2018-03-31": "133.50000", "2017-12-31": "488.00010", "2017-09-30": "368.20000", "2017-06-30": "353.90000", "2017-03-31": "127.60000", "2016-12-31": "204.20010", "2016-09-30": "367.70000", "2016-06-30": "759.20000", "2016-03-31": "128.70000", "2015-12-31": "239.40000", "2015-09-30": "318.00000", "2015-06-30": "87.00000", "2015-03-31": "62.70000", "2014-12-31": "216.60000", "2014-09-30": "303.20000", "2014-06-30": "315.20000", "2014-03-31": "80.70000", "2013-12-31": "83.10000", "2013-09-30": "227.60000", "2013-06-30": "274.50000", "2013-03-31": "55.40000", "2012-12-31": "-16.80000", "2012-09-30": "339.30000", "2012-06-30": "365.10000", "2012-03-31": "104.40000", "2011-12-31": "-27.70000", "2011-09-30": "103.70000", "2011-06-30": "129.60000", "2011-03-31": "-62.40000", "2010-12-31": "239.49990", "2010-09-30": "277.10000", "2010-06-30": "245.80000", "2010-03-31": "20.20000", "2009-12-31": "149.10000", "2009-09-30": "233.50000", "2009-06-30": "145.70000", "2009-03-31": "-15.50000", "2008-12-31": "-3232.10000", "2008-09-30": "239.20000", "2008-06-30": "269.00000", "2008-03-31": "215.50000", "2007-12-31": "185.20010", "2007-09-30": "197.60000", "2007-06-30": "208.00000", "2007-03-31": "156.60000", "2006-12-31": "123.10000", "2006-09-30": "200.40000", "2006-06-30": "197.10000", "2006-03-31": "244.40000", "2005-12-31": "-48.40000", "2005-09-30": "256.10000", "2005-06-30": "291.80000", "2005-03-31": "232.30000"}, "Other Income": {"2020-12-31": "", "2020-09-30": "", "2020-06-30": "", "2020-03-31": "", "2019-12-31": "", "2019-09-30": "", "2019-06-30": "", "2019-03-31": "", "2018-12-31": "", "2018-09-30": "", "2018-06-30": "", "2018-03-31": "", "2017-12-31": "", "2017-09-30": "", "2017-06-30": "", "2017-03-31": "", "2016-12-31": "", "2016-09-30": "", "2016-06-30": "", "2016-03-31": "", "2015-12-31": "", "2015-09-30": "", "2015-06-30": "", "2015-03-31": "", "2014-12-31": "", "2014-09-30": "", "2014-06-30": "", "2014-03-31": "", "2013-12-31": "", "2013-09-30": "", "2013-06-30": "", "2013-03-31": "", "2012-12-31": "", "2012-09-30": "", "2012-06-30": "", "2012-03-31": "", "2011-12-31": "", "2011-09-30": "", "2011-06-30": "", "2011-03-31": "", "2010-12-31": "", "2010-09-30": "", "2010-06-30": "", "2010-03-31": "", "2009-12-31": "", "2009-09-30": "", "2009-06-30": "", "2009-03-31": "", "2008-12-31": "", "2008-09-30": "", "2008-06-30": "", "2008-03-31": "", "2007-12-31": "", "2007-09-30": "", "2007-06-30": "", "2007-03-31": "", "2006-12-31": "", "2006-09-30": "", "2006-06-30": "", "2006-03-31": "", "2005-12-31": "", "2005-09-30": "", "2005-06-30": "", "2005-03-31": ""}, "Income From Continuous Operations": {"2020-12-31": "250.20000", "2020-09-30": "410.10000", "2020-06-30": "278.30000", "2020-03-31": "52.80000", "2019-12-31": "441.70000", "2019-09-30": "386.30000", "2019-06-30": "412.60000", "2019-03-31": "147.30000", "2018-12-31": "255.90000", "2018-09-30": "531.10000", "2018-06-30": "458.50000", "2018-03-31": "133.50000", "2017-12-31": "488.00000", "2017-09-30": "368.20000", "2017-06-30": "353.90000", "2017-03-31": "127.60000", "2016-12-31": "204.20010", "2016-09-30": "367.70000", "2016-06-30": "759.20000", "2016-03-31": "128.70000", "2015-12-31": "239.40000", "2015-09-30": "318.00000", "2015-06-30": "87.00000", "2015-03-31": "62.70000", "2014-12-31": "216.60000", "2014-09-30": "303.20000", "2014-06-30": "315.20000", "2014-03-31": "80.70000", "2013-12-31": "83.10000", "2013-09-30": "227.60000", "2013-06-30": "274.50000", "2013-03-31": "55.40000", "2012-12-31": "-16.80000", "2012-09-30": "339.30000", "2012-06-30": "365.10000", "2012-03-31": "104.40000", "2011-12-31": "-27.70000", "2011-09-30": "103.70000", "2011-06-30": "129.60000", "2011-03-31": "-62.40000", "2010-12-31": "239.50000", "2010-09-30": "277.10000", "2010-06-30": "245.80000", "2010-03-31": "20.20000", "2009-12-31": "149.10000", "2009-09-30": "233.50000", "2009-06-30": "145.70000", "2009-03-31": "-15.50000", "2008-12-31": "-3232.10000", "2008-09-30": "239.20000", "2008-06-30": "269.00000", "2008-03-31": "215.50000", "2007-12-31": "185.20000", "2007-09-30": "197.60000", "2007-06-30": "208.00000", "2007-03-31": "156.60000", "2006-12-31": "123.10000", "2006-09-30": "200.40000", "2006-06-30": "197.10000", "2006-03-31": "244.40000", "2005-12-31": "-48.40000", "2005-09-30": "256.10000", "2005-06-30": "291.80000", "2005-03-31": "232.30000"}, "Income From Discontinued Operations": {"2020-12-31": "-1.00000", "2020-09-30": "-5.50000", "2020-06-30": "-36.20000", "2020-03-31": "-78.70000", "2019-12-31": "-140.60000", "2019-09-30": "77.10000", "2019-06-30": "47.70000", "2019-03-31": "56.40000", "2018-12-31": "5.50000", "2018-09-30": "-11.70000", "2018-06-30": "-5.90000", "2018-03-31": "-9.40000", "2017-12-31": "-30.90000", "2017-09-30": "3.70000", "2017-06-30": "8.30000", "2017-03-31": "-6.50000", "2016-12-31": "-1.40000", "2016-09-30": "14.20000", "2016-06-30": "-6.80000", "2016-03-31": "26.90000", "2015-12-31": "-0.90000", "2015-09-30": "-12.00000", "2015-06-30": "-4.10000", "2015-03-31": "-7.30000", "2014-12-31": "43.40000", "2014-09-30": "-7.00000", "2014-06-30": "-4.60000", "2014-03-31": "2.90000", "2013-12-31": "-29.40000", "2013-09-30": "-46.70000", "2013-06-30": "50.20000", "2013-03-31": "39.20000", "2012-12-31": "258.70000", "2012-09-30": "-12.30000", "2012-06-30": "7.80000", "2012-03-31": "-2.20000", "2011-12-31": "275.70000", "2011-09-30": "-10.20000", "2011-06-30": "-30.30000", "2011-03-31": "-9.10000", "2010-12-31": "-19.90000", "2010-09-30": "-39.50000", "2010-06-30": "-43.90000", "2010-03-31": "-14.20000", "2009-12-31": "-1.30000", "2009-09-30": "-10.90000", "2009-06-30": "-18.10000", "2009-03-31": "-6.30000", "2008-12-31": "-53.90000", "2008-09-30": "-6.00000", "2008-06-30": "-6.40000", "2008-03-31": "-30.10000", "2007-12-31": "2356.60000", "2007-09-30": "69.00000", "2007-06-30": "756.10000", "2007-03-31": "60.90000", "2006-12-31": "98.90000", "2006-09-30": "43.40000", "2006-06-30": "116.40000", "2006-03-31": "8.80000", "2005-12-31": "339.90000", "2005-09-30": "-1.90000", "2005-06-30": "-6.40000", "2005-03-31": "-9.20000"}, "Net Income": {"2020-12-31": "244.70000", "2020-09-30": "400.60000", "2020-06-30": "238.80000", "2020-03-31": "-29.20000", "2019-12-31": "296.10000", "2019-09-30": "458.80000", "2019-06-30": "456.10000", "2019-03-31": "199.90000", "2018-12-31": "254.00000", "2018-09-30": "515.10000", "2018-06-30": "448.10000", "2018-03-31": "120.40000", "2017-12-31": "459.90000", "2017-09-30": "367.00000", "2017-06-30": "358.60000", "2017-03-31": "117.10000", "2016-12-31": "198.80000", "2016-09-30": "377.40000", "2016-06-30": "747.60000", "2016-03-31": "152.40000", "2015-12-31": "233.50000", "2015-09-30": "300.90000", "2015-06-30": "78.90000", "2015-03-31": "51.30000", "2014-12-31": "255.40000", "2014-09-30": "291.30000", "2014-06-30": "306.00000", "2014-03-31": "79.00000", "2013-12-31": "47.70000", "2013-09-30": "165.90000", "2013-06-30": "317.20000", "2013-03-31": "88.00000", "2012-12-31": "235.60000", "2012-09-30": "321.60000", "2012-06-30": "365.80000", "2012-03-31": "95.60000", "2011-12-31": "242.30000", "2011-09-30": "86.20000", "2011-06-30": "92.30000", "2011-03-31": "-77.60000", "2010-12-31": "212.20000", "2010-09-30": "232.20000", "2010-06-30": "196.40000", "2010-03-31": "1.40000", "2009-12-31": "139.30000", "2009-09-30": "216.60000", "2009-06-30": "122.10000", "2009-03-31": "-26.70000", "2008-12-31": "-3290.20000", "2008-09-30": "227.70000", "2008-06-30": "256.10000", "2008-03-31": "181.60000", "2007-12-31": "2518.50000", "2007-09-30": "266.60000", "2007-06-30": "964.10000", "2007-03-31": "217.50000", "2006-12-31": "222.00000", "2006-09-30": "243.80000", "2006-06-30": "313.50000", "2006-03-31": "253.20000", "2005-12-31": "291.50000", "2005-09-30": "254.20000", "2005-06-30": "285.40000", "2005-03-31": "223.10000"}, "EBITDA": {"2020-12-31": "", "2020-09-30": "641.39990", "2020-06-30": "497.70000", "2020-03-31": "229.40010", "2019-12-31": "859.30110", "2019-09-30": "609.19980", "2019-06-30": "639.09990", "2019-03-31": "307.40000", "2018-12-31": "535.20070", "2018-09-30": "672.20000", "2018-06-30": "734.70010", "2018-03-31": "336.79990", "2017-12-31": "477.99910", "2017-09-30": "593.90010", "2017-06-30": "644.99990", "2017-03-31": "301.70000", "2016-12-31": "440.29960", "2016-09-30": "600.40020", "2016-06-30": "601.30000", "2016-03-31": "313.40010", "2015-12-31": "487.90050", "2015-09-30": "563.89990", "2015-06-30": "544.99990", "2015-03-31": "259.00010", "2014-12-31": "428.30090", "2014-09-30": "522.30000", "2014-06-30": "549.20010", "2014-03-31": "237.30000", "2013-12-31": "301.80000", "2013-09-30": "462.40000", "2013-06-30": "470.80000", "2013-03-31": "203.70000", "2012-12-31": "-17.39980", "2012-09-30": "540.10000", "2012-06-30": "572.99990", "2012-03-31": "310.00000", "2011-12-31": "-25.60130", "2011-09-30": "277.30020", "2011-06-30": "405.40000", "2011-03-31": "140.09980", "2010-12-31": "455.20030", "2010-09-30": "530.29990", "2010-06-30": "468.10020", "2010-03-31": "244.60000", "2009-12-31": "359.59960", "2009-09-30": "434.89980", "2009-06-30": "359.79990", "2009-03-31": "152.39990", "2008-12-31": "-3358.20100", "2008-09-30": "550.00040", "2008-06-30": "450.69990", "2008-03-31": "285.10000", "2007-12-31": "338.59990", "2007-09-30": "304.60000", "2007-06-30": "308.80010", "2007-03-31": "244.60000", "2006-12-31": "194.60010", "2006-09-30": "307.39990", "2006-06-30": "281.80000", "2006-03-31": "363.50010", "2005-12-31": "-115.60040", "2005-09-30": "386.10000", "2005-06-30": "424.80010", "2005-03-31": "349.20010"}, "EBIT": {"2020-12-31": "388.00000", "2020-09-30": "566.89990", "2020-06-30": "423.50000", "2020-03-31": "154.40010", "2019-12-31": "677.70090", "2019-09-30": "536.49980", "2019-06-30": "566.89990", "2019-03-31": "236.50000", "2018-12-31": "446.70040", "2018-09-30": "587.00000", "2018-06-30": "640.30000", "2018-03-31": "243.39990", "2017-12-31": "386.59990", "2017-09-30": "506.10010", "2017-06-30": "557.59990", "2017-03-31": "215.00000", "2016-12-31": "352.79980", "2016-09-30": "511.70020", "2016-06-30": "513.30000", "2016-03-31": "225.40010", "2015-12-31": "393.00020", "2015-09-30": "475.39990", "2015-06-30": "452.20000", "2015-03-31": "171.10010", "2014-12-31": "346.40110", "2014-09-30": "440.00000", "2014-06-30": "463.30000", "2014-03-31": "155.00000", "2013-12-31": "218.00000", "2013-09-30": "379.50000", "2013-06-30": "387.50000", "2013-03-31": "120.00000", "2012-12-31": "-65.80050", "2012-09-30": "447.80000", "2012-06-30": "477.89990", "2012-03-31": "212.00000", "2011-12-31": "-82.30080", "2011-09-30": "180.50020", "2011-06-30": "298.70000", "2011-03-31": "41.79980", "2010-12-31": "347.79930", "2010-09-30": "410.70000", "2010-06-30": "363.40010", "2010-03-31": "139.50000", "2009-12-31": "251.60060", "2009-09-30": "324.59990", "2009-06-30": "259.09990", "2009-03-31": "49.89990", "2008-12-31": "-3477.40100", "2008-09-30": "347.40040", "2008-06-30": "361.59990", "2008-03-31": "247.00000", "2007-12-31": "298.79970", "2007-09-30": "276.30000", "2007-06-30": "274.10010", "2007-03-31": "208.60000", "2006-12-31": "159.80000", "2006-09-30": "268.89990", "2006-06-30": "252.50000", "2006-03-31": "317.30000", "2005-12-31": "-128.20040", "2005-09-30": "340.00000", "2005-06-30": "379.10010", "2005-03-31": "296.90010"}, "Basic Shares Outstanding": {"2020-12-31": "", "2020-09-30": "240.40000", "2020-06-30": "240.00000", "2020-03-31": "239.50000", "2019-12-31": "241.60000", "2019-09-30": "241.70000", "2019-06-30": "242.10000", "2019-03-31": "242.50000", "2018-12-31": "247.20000", "2018-09-30": "246.40000", "2018-06-30": "247.50000", "2018-03-31": "250.40000", "2017-12-31": "254.90000", "2017-09-30": "253.30000", "2017-06-30": "256.40000", "2017-03-31": "259.40000", "2016-12-31": "259.20000", "2016-09-30": "259.20000", "2016-06-30": "259.20000", "2016-03-31": "259.40000", "2015-12-31": "265.10000", "2015-09-30": "265.60000", "2015-06-30": "266.50000", "2015-03-31": "265.40000", "2014-12-31": "270.50000", "2014-09-30": "267.90000", "2014-06-30": "270.40000", "2014-03-31": "278.30000", "2013-12-31": "294.10000", "2013-09-30": "291.60000", "2013-06-30": "297.50000", "2013-03-31": "298.90000", "2012-12-31": "303.90000", "2012-09-30": "307.70000", "2012-06-30": "309.20000", "2012-03-31": "299.20000", "2011-12-31": "324.80000", "2011-09-30": "327.70000", "2011-06-30": "333.80000", "2011-03-31": "331.10000", "2010-12-31": "324.70000", "2010-09-30": "324.70000", "2010-06-30": "323.80000", "2010-03-31": "322.70000", "2009-12-31": "321.10000", "2009-09-30": "321.00000", "2009-06-30": "320.80000", "2009-03-31": "320.50000", "2008-12-31": "300.60000", "2008-09-30": "320.20000", "2008-06-30": "287.40000", "2008-03-31": "273.80000", "2007-12-31": "290.70000", "2007-09-30": "283.40000", "2007-06-30": "299.90000", "2007-03-31": "306.80000", "2006-12-31": "319.90000", "2006-09-30": "317.20000", "2006-06-30": "327.10000", "2006-03-31": "328.80000", "2005-12-31": "337.60000", "2005-09-30": "335.80000", "2005-06-30": "338.70000", "2005-03-31": "344.90000"}, "Shares Outstanding": {"2020-12-31": "244.30000", "2020-09-30": "243.70000", "2020-06-30": "242.30000", "2020-03-31": "242.30000", "2019-12-31": "244.40000", "2019-09-30": "244.60000", "2019-06-30": "244.90000", "2019-03-31": "245.20000", "2018-12-31": "250.10000", "2018-09-30": "249.50000", "2018-06-30": "250.10000", "2018-03-31": "253.00000", "2017-12-31": "258.10000", "2017-09-30": "256.70000", "2017-06-30": "259.70000", "2017-03-31": "262.60000", "2016-12-31": "261.70000", "2016-09-30": "261.80000", "2016-06-30": "261.60000", "2016-03-31": "261.30000", "2015-12-31": "267.80000", "2015-09-30": "268.30000", "2015-06-30": "269.40000", "2015-03-31": "268.50000", "2014-12-31": "274.30000", "2014-09-30": "271.60000", "2014-06-30": "274.20000", "2014-03-31": "282.30000", "2013-12-31": "298.30000", "2013-09-30": "295.50000", "2013-06-30": "301.20000", "2013-03-31": "302.50000", "2012-12-31": "310.60000", "2012-09-30": "312.00000", "2012-06-30": "314.40000", "2012-03-31": "312.40000", "2011-12-31": "339.30000", "2011-09-30": "340.20000", "2011-06-30": "350.90000", "2011-03-31": "331.10000", "2010-12-31": "339.80000", "2010-09-30": "339.00000", "2010-06-30": "339.10000", "2010-03-31": "336.60000", "2009-12-31": "329.10000", "2009-09-30": "331.80000", "2009-06-30": "325.00000", "2009-03-31": "320.50000", "2008-12-31": "303.70000", "2008-09-30": "324.10000", "2008-06-30": "291.10000", "2008-03-31": "276.30000", "2007-12-31": "295.30000", "2007-09-30": "288.80000", "2007-06-30": "304.30000", "2007-03-31": "310.30000", "2006-12-31": "323.10000", "2006-09-30": "319.90000", "2006-06-30": "330.80000", "2006-03-31": "332.40000", "2005-12-31": "341.30000", "2005-09-30": "339.30000", "2005-06-30": "342.20000", "2005-03-31": "349.20000"}, "Basic EPS": {"2020-12-31": "", "2020-09-30": "1.67000", "2020-06-30": "1.00000", "2020-03-31": "-0.12000", "2019-12-31": "1.24000", "2019-09-30": "1.90000", "2019-06-30": "1.88000", "2019-03-31": "0.82000", "2018-12-31": "1.03000", "2018-09-30": "2.09000", "2018-06-30": "1.81000", "2018-03-31": "0.48000", "2017-12-31": "1.81000", "2017-09-30": "1.45000", "2017-06-30": "1.40000", "2017-03-31": "0.45000", "2016-12-31": "0.79000", "2016-09-30": "1.45000", "2016-06-30": "2.88000", "2016-03-31": "0.58000", "2015-12-31": "0.90000", "2015-09-30": "1.13000", "2015-06-30": "0.29000", "2015-03-31": "0.19000", "2014-12-31": "0.94000", "2014-09-30": "1.09000", "2014-06-30": "1.13000", "2014-03-31": "0.28000", "2013-12-31": "0.18000", "2013-09-30": "0.57000", "2013-06-30": "1.07000", "2013-03-31": "0.29000", "2012-12-31": "0.80000", "2012-09-30": "1.05000", "2012-06-30": "1.18000", "2012-03-31": "0.32000", "2011-12-31": "0.75000", "2011-09-30": "0.26000", "2011-06-30": "0.28000", "2011-03-31": "-0.23000", "2010-12-31": "0.65000", "2010-09-30": "0.72000", "2010-06-30": "0.61000", "2010-03-31": "0.00000", "2009-12-31": "0.44000", "2009-09-30": "0.67000", "2009-06-30": "0.38000", "2009-03-31": "-0.08000", "2008-12-31": "-10.99000", "2008-09-30": "0.71000", "2008-06-30": "0.89000", "2008-03-31": "0.66000", "2007-12-31": "8.78000", "2007-09-30": "0.94000", "2007-06-30": "3.21000", "2007-03-31": "0.71000", "2006-12-31": "0.73000", "2006-09-30": "0.77000", "2006-06-30": "0.96000", "2006-03-31": "0.77000", "2005-12-31": "0.87000", "2005-09-30": "0.76000", "2005-06-30": "0.84000", "2005-03-31": "0.65000"}, "EPS - Earnings Per Share": {"2020-12-31": "1.01000", "2020-09-30": "1.64000", "2020-06-30": "0.99000", "2020-03-31": "-0.12000", "2019-12-31": "1.21000", "2019-09-30": "1.88000", "2019-06-30": "1.86000", "2019-03-31": "0.82000", "2018-12-31": "1.02000", "2018-09-30": "2.06000", "2018-06-30": "1.79000", "2018-03-31": "0.48000", "2017-12-31": "1.79000", "2017-09-30": "1.43000", "2017-06-30": "1.38000", "2017-03-31": "0.45000", "2016-12-31": "0.77000", "2016-09-30": "1.44000", "2016-06-30": "2.86000", "2016-03-31": "0.58000", "2015-12-31": "0.88000", "2015-09-30": "1.12000", "2015-06-30": "0.29000", "2015-03-31": "0.19000", "2014-12-31": "0.93000", "2014-09-30": "1.07000", "2014-06-30": "1.12000", "2014-03-31": "0.28000", "2013-12-31": "0.17000", "2013-09-30": "0.56000", "2013-06-30": "1.05000", "2013-03-31": "0.29000", "2012-12-31": "0.78000", "2012-09-30": "1.03000", "2012-06-30": "1.16000", "2012-03-31": "0.31000", "2011-12-31": "0.73000", "2011-09-30": "0.25000", "2011-06-30": "0.26000", "2011-03-31": "-0.23000", "2010-12-31": "0.63000", "2010-09-30": "0.68000", "2010-06-30": "0.58000", "2010-03-31": "0.00000", "2009-12-31": "0.42000", "2009-09-30": "0.65000", "2009-06-30": "0.38000", "2009-03-31": "-0.08000", "2008-12-31": "-10.97000", "2008-09-30": "0.70000", "2008-06-30": "0.88000", "2008-03-31": "0.66000", "2007-12-31": "8.64000", "2007-09-30": "0.92000", "2007-06-30": "3.17000", "2007-03-31": "0.70000", "2006-12-31": "0.73000", "2006-09-30": "0.76000", "2006-06-30": "0.95000", "2006-03-31": "0.76000", "2005-12-31": "0.87000", "2005-09-30": "0.75000", "2005-06-30": "0.83000", "2005-03-31": "0.64000"}}, "balance sheet": {"Cash On Hand": {"2020-12-31": "3289.90000", "2019-12-31": "1303.60000", "2018-12-31": "903.40000", "2017-12-31": "1549.40000", "2016-12-31": "1714.70000", "2015-12-31": "736.80000", "2014-12-31": "1705.20000", "2013-12-31": "1937.20000", "2012-12-31": "708.40000", "2011-12-31": "1160.70000", "2010-12-31": "1014.30000", "2009-12-31": "876.70000", "2008-12-31": "550.20000", "2007-12-31": "4735.30000", "2006-12-31": "356.50000", "2005-12-31": "1037.10000"}, "Receivables": {"2020-12-31": "2202.10000", "2019-12-31": "2798.10000", "2018-12-31": "2679.20000", "2017-12-31": "2477.40000", "2016-12-31": "2223.00000", "2015-12-31": "2150.60000", "2014-12-31": "2119.00000", "2013-12-31": "2071.50000", "2012-12-31": "1870.10000", "2011-12-31": "2135.60000", "2010-12-31": "2224.20000", "2009-12-31": "2094.20000", "2008-12-31": "2512.10000", "2007-12-31": "1660.70000", "2006-12-31": "1481.70000", "2005-12-31": "1679.00000"}, "Inventory": {"2020-12-31": "1189.20000", "2019-12-31": "1712.20000", "2018-12-31": "1677.80000", "2017-12-31": "1555.40000", "2016-12-31": "1385.80000", "2015-12-31": "1410.70000", "2014-12-31": "1358.90000", "2013-12-31": "1166.10000", "2012-12-31": "1144.00000", "2011-12-31": "1278.30000", "2010-12-31": "1288.50000", "2009-12-31": "1176.10000", "2008-12-31": "1615.10000", "2007-12-31": "827.20000", "2006-12-31": "837.70000", "2005-12-31": "1128.80000"}, "Pre-Paid Expenses": {"2020-12-31": "", "2019-12-31": "", "2018-12-31": "", "2017-12-31": "", "2016-12-31": "", "2015-12-31": "", "2014-12-31": "", "2013-12-31": "", "2012-12-31": "", "2011-12-31": "", "2010-12-31": "336.60000", "2009-12-31": "", "2008-12-31": "", "2007-12-31": "", "2006-12-31": "", "2005-12-31": "403.30000"}, "Other Current Assets": {"2020-12-31": "224.40000", "2019-12-31": "403.30000", "2018-12-31": "471.60000", "2017-12-31": "536.90000", "2016-12-31": "255.80000", "2015-12-31": "311.30000", "2014-12-31": "225.00000", "2013-12-31": "182.40000", "2012-12-31": "2001.90000", "2011-12-31": "354.70000", "2010-12-31": "1168.20000", "2009-12-31": "722.50000", "2008-12-31": "722.30000", "2007-12-31": "477.50000", "2006-12-31": "2861.90000", "2005-12-31": ""}, "Total Current Assets": {"2020-12-31": "6905.60000", "2019-12-31": "6217.20000", "2018-12-31": "5732.00000", "2017-12-31": "6119.10000", "2016-12-31": "5579.30000", "2015-12-31": "4609.40000", "2014-12-31": "5707.90000", "2013-12-31": "5716.70000", "2012-12-31": "5993.90000", "2011-12-31": "5279.20000", "2010-12-31": "6287.40000", "2009-12-31": "4869.50000", "2008-12-31": "5399.70000", "2007-12-31": "7700.70000", "2006-12-31": "5537.80000", "2005-12-31": "4248.20000"}, "Property, Plant, And Equipment": {"2020-12-31": "1349.50000", "2019-12-31": "1806.20000", "2018-12-31": "1730.80000", "2017-12-31": "1551.30000", "2016-12-31": "1511.00000", "2015-12-31": "1575.10000", "2014-12-31": "1477.00000", "2013-12-31": "1468.40000", "2012-12-31": "1426.10000", "2011-12-31": "1639.40000", "2010-12-31": "1669.00000", "2009-12-31": "1888.80000", "2008-12-31": "1968.50000", "2007-12-31": "904.90000", "2006-12-31": "868.20000", "2005-12-31": "1157.50000"}, "Long-Term Investments": {"2020-12-31": "", "2019-12-31": "", "2018-12-31": "", "2017-12-31": "", "2016-12-31": "", "2015-12-31": "", "2014-12-31": "", "2013-12-31": "", "2012-12-31": "", "2011-12-31": "", "2010-12-31": "", "2009-12-31": "", "2008-12-31": "", "2007-12-31": "", "2006-12-31": "", "2005-12-31": ""}, "Goodwill And Intangible Assets": {"2020-12-31": "8629.19900", "2019-12-31": "10931.90000", "2018-12-31": "9594.20000", "2017-12-31": "9678.60000", "2016-12-31": "9443.50000", "2015-12-31": "9656.30100", "2014-12-31": "9173.69900", "2013-12-31": "9462.60000", "2012-12-31": "9543.00000", "2011-12-31": "10437.60000", "2010-12-31": "10629.40000", "2009-12-31": "11648.80000", "2008-12-31": "11834.20000", "2007-12-31": "4717.90000", "2006-12-31": "4550.00000", "2005-12-31": "5150.40000"}, "Other Long-Term Assets": {"2020-12-31": "1272.40000", "2019-12-31": "1537.00000", "2018-12-31": "857.90000", "2017-12-31": "824.30000", "2016-12-31": "863.60000", "2015-12-31": "876.80000", "2014-12-31": "939.90000", "2013-12-31": "1010.40000", "2012-12-31": "1519.10000", "2011-12-31": "1487.90000", "2010-12-31": "1405.10000", "2009-12-31": "1583.90000", "2008-12-31": "1722.10000", "2007-12-31": "1052.70000", "2006-12-31": "1189.90000", "2005-12-31": "1200.30000"}, "Total Long-Term Assets": {"2020-12-31": "11251.10000", "2019-12-31": "14275.10000", "2018-12-31": "12182.90000", "2017-12-31": "12054.20000", "2016-12-31": "11818.10000", "2015-12-31": "12108.20000", "2014-12-31": "11590.60000", "2013-12-31": "11941.40000", "2012-12-31": "12488.20000", "2011-12-31": "13564.90000", "2010-12-31": "13703.50000", "2009-12-31": "15121.50000", "2008-12-31": "15524.80000", "2007-12-31": "6675.50000", "2006-12-31": "6608.10000", "2005-12-31": "7508.20000"}, "Total Assets": {"2020-12-31": "18156.70000", "2019-12-31": "20492.30000", "2018-12-31": "17914.90000", "2017-12-31": "18173.30000", "2016-12-31": "17397.40000", "2015-12-31": "16717.60000", "2014-12-31": "17298.50000", "2013-12-31": "17658.10000", "2012-12-31": "18482.10000", "2011-12-31": "18844.10000", "2010-12-31": "19990.90000", "2009-12-31": "19991.00000", "2008-12-31": "20924.50000", "2007-12-31": "14376.20000", "2006-12-31": "12145.90000", "2005-12-31": "11756.40000"}, "Total Current Liabilities": {"2020-12-31": "4338.90000", "2019-12-31": "4861.90000", "2018-12-31": "4315.70000", "2017-12-31": "4828.00000", "2016-12-31": "3590.30000", "2015-12-31": "3648.40000", "2014-12-31": "3666.10000", "2013-12-31": "3408.60000", "2012-12-31": "4325.90000", "2011-12-31": "4125.60000", "2010-12-31": "4285.90000", "2009-12-31": "4297.60000", "2008-12-31": "5511.40000", "2007-12-31": "3235.70000", "2006-12-31": "4112.40000", "2005-12-31": "3199.70000"}, "Long Term Debt": {"2020-12-31": "4496.50000", "2019-12-31": "4922.90000", "2018-12-31": "3740.70000", "2017-12-31": "2957.00000", "2016-12-31": "3709.40000", "2015-12-31": "3713.60000", "2014-12-31": "3741.70000", "2013-12-31": "3153.50000", "2012-12-31": "2266.50000", "2011-12-31": "2879.30000", "2010-12-31": "2922.30000", "2009-12-31": "2904.90000", "2008-12-31": "2773.70000", "2007-12-31": "712.70000", "2006-12-31": "905.20000", "2005-12-31": "1184.30000"}, "Other Non-Current Liabilities": {"2020-12-31": "2894.20000", "2019-12-31": "1491.20000", "2018-12-31": "1062.40000", "2017-12-31": "1138.60000", "2016-12-31": "1138.00000", "2015-12-31": "1170.40000", "2014-12-31": "1233.00000", "2013-12-31": "1341.10000", "2012-12-31": "1398.50000", "2011-12-31": "1494.50000", "2010-12-31": "1609.30000", "2009-12-31": "1728.30000", "2008-12-31": "1827.00000", "2007-12-31": "940.60000", "2006-12-31": "602.80000", "2005-12-31": "609.50000"}, "Total Long Term Liabilities": {"2020-12-31": "7390.70000", "2019-12-31": "8318.00000", "2018-12-31": "6534.40000", "2017-12-31": "6138.40000", "2016-12-31": "7088.80000", "2015-12-31": "7190.00000", "2014-12-31": "7587.00000", "2013-12-31": "7118.20000", "2012-12-31": "6926.90000", "2011-12-31": "7702.80000", "2010-12-31": "7645.89900", "2009-12-31": "8517.69900", "2008-12-31": "8651.00000", "2007-12-31": "3232.60000", "2006-12-31": "2628.70000", "2005-12-31": "2794.70000"}, "Total Liabilities": {"2020-12-31": "11729.60000", "2019-12-31": "13179.90000", "2018-12-31": "10850.10000", "2017-12-31": "10966.40000", "2016-12-31": "10679.10000", "2015-12-31": "10838.40000", "2014-12-31": "11253.10000", "2013-12-31": "10526.80000", "2012-12-31": "11252.80000", "2011-12-31": "11828.40000", "2010-12-31": "11931.80000", "2009-12-31": "12815.30000", "2008-12-31": "14162.40000", "2007-12-31": "6468.30000", "2006-12-31": "6741.10000", "2005-12-31": "5994.40000"}, "Common Stock Net": {"2020-12-31": "", "2019-12-31": "262.80000", "2018-12-31": "266.40000", "2017-12-31": "274.00000", "2016-12-31": "271.70000", "2015-12-31": "269.00000", "2014-12-31": "266.30000", "2013-12-31": "282.70000", "2012-12-31": "295.60000", "2011-12-31": "297.10000", "2010-12-31": "328.20000", "2009-12-31": "320.60000", "2008-12-31": "318.80000", "2007-12-31": "272.60000", "2006-12-31": "306.80000", "2005-12-31": "330.70000"}, "Retained Earnings (Accumulated Deficit)": {"2020-12-31": "", "2019-12-31": "9730.80000", "2018-12-31": "9439.80000", "2017-12-31": "8903.20000", "2016-12-31": "8018.80000", "2015-12-31": "6897.90000", "2014-12-31": "6540.80000", "2013-12-31": "6794.50000", "2012-12-31": "6358.70000", "2011-12-31": "5547.80000", "2010-12-31": "5389.40000", "2009-12-31": "4837.90000", "2008-12-31": "4547.40000", "2007-12-31": "7388.80000", "2006-12-31": "5456.10000", "2005-12-31": "5558.90000"}, "Comprehensive Income": {"2020-12-31": "", "2019-12-31": "-1006.60000", "2018-12-31": "-964.10000", "2017-12-31": "-778.80000", "2016-12-31": "-1290.50000", "2015-12-31": "-1120.90000", "2014-12-31": "-714.30000", "2013-12-31": "-166.70000", "2012-12-31": "-521.00000", "2011-12-31": "-553.60000", "2010-12-31": "-325.00000", "2009-12-31": "-434.30000", "2008-12-31": "-450.80000", "2007-12-31": "246.50000", "2006-12-31": "-358.10000", "2005-12-31": "-127.60000"}, "Other Share Holders Equity": {"2020-12-31": "", "2019-12-31": "", "2018-12-31": "", "2017-12-31": "", "2016-12-31": "", "2015-12-31": "", "2014-12-31": "", "2013-12-31": "", "2012-12-31": "", "2011-12-31": "", "2010-12-31": "", "2009-12-31": "", "2008-12-31": "", "2007-12-31": "", "2006-12-31": "", "2005-12-31": ""}, "Share Holder Equity": {"2020-12-31": "6427.10000", "2019-12-31": "7312.40000", "2018-12-31": "7064.80000", "2017-12-31": "7206.90000", "2016-12-31": "6718.30000", "2015-12-31": "5879.20000", "2014-12-31": "6045.40000", "2013-12-31": "7131.30000", "2012-12-31": "7229.30000", "2011-12-31": "7015.70000", "2010-12-31": "8059.10000", "2009-12-31": "7175.70000", "2008-12-31": "6762.10000", "2007-12-31": "7907.90000", "2006-12-31": "5404.80000", "2005-12-31": "5762.00000"}, "Total Liabilities And Share Holders Equity": {"2020-12-31": "18156.70000", "2019-12-31": "20492.30000", "2018-12-31": "17914.90000", "2017-12-31": "18173.30000", "2016-12-31": "17397.40000", "2015-12-31": "16717.60000", "2014-12-31": "17298.50000", "2013-12-31": "17658.10000", "2012-12-31": "18482.10000", "2011-12-31": "18844.10000", "2010-12-31": "19990.90000", "2009-12-31": "19991.00000", "2008-12-31": "20924.50000", "2007-12-31": "14376.20000", "2006-12-31": "12145.90000", "2005-12-31": "11756.40000"}}, "balance sheet, quarterly": {"Cash On Hand": {"2020-12-31": "3289.90000", "2020-09-30": "3190.10000", "2020-06-30": "2366.80000", "2020-03-31": "2647.70000", "2019-12-31": "1278.60000", "2019-09-30": "830.90000", "2019-06-30": "875.60000", "2019-03-31": "1907.40000", "2018-12-31": "903.40000", "2018-09-30": "1022.50000", "2018-06-30": "969.50000", "2018-03-31": "1175.10000", "2017-12-31": "1549.40000", "2017-09-30": "1259.00000", "2017-06-30": "1310.10000", "2017-03-31": "1322.50000", "2016-12-31": "1714.70000", "2016-09-30": "1504.60000", "2016-06-30": "928.80000", "2016-03-31": "612.90000", "2015-12-31": "736.80000", "2015-09-30": "651.50000", "2015-06-30": "779.60000", "2015-03-31": "733.90000", "2014-12-31": "1705.20000", "2014-09-30": "936.70000", "2014-06-30": "929.80000", "2014-03-31": "897.90000", "2013-12-31": "1937.20000", "2013-09-30": "1083.90000", "2013-06-30": "2200.50000", "2013-03-31": "832.90000", "2012-12-31": "708.40000", "2012-09-30": "929.60000", "2012-06-30": "903.40000", "2012-03-31": "1089.50000", "2011-12-31": "1160.70000", "2011-09-30": "1403.80000", "2011-06-30": "1259.80000", "2011-03-31": "918.10000", "2010-12-31": "1014.30000", "2010-09-30": "810.70000", "2010-06-30": "821.60000", "2010-03-31": "599.10000", "2009-12-31": "876.70000", "2009-09-30": "743.90000", "2009-06-30": "792.90000", "2009-03-31": "493.60000", "2008-12-31": "550.20000", "2008-09-30": "741.50000", "2008-06-30": "787.30000", "2008-03-31": "4068.30000", "2007-12-31": "4735.30000", "2007-09-30": "438.70000", "2007-06-30": "460.90000", "2007-03-31": "305.20000", "2006-12-31": "356.50000", "2006-09-30": "266.30000", "2006-06-30": "259.30000", "2006-03-31": "824.70000", "2005-12-31": "1037.10000", "2005-09-30": "884.80000", "2005-06-30": "915.60000", "2005-03-31": "1024.50000"}, "Receivables": {"2020-12-31": "2202.10000", "2020-09-30": "2312.60000", "2020-06-30": "2316.40000", "2020-03-31": "2091.80000", "2019-12-31": "2184.60000", "2019-09-30": "2968.90000", "2019-06-30": "3108.30000", "2019-03-31": "2710.30000", "2018-12-31": "2679.20000", "2018-09-30": "2752.10000", "2018-06-30": "2946.90000", "2018-03-31": "2516.00000", "2017-12-31": "2477.40000", "2017-09-30": "2468.20000", "2017-06-30": "2596.50000", "2017-03-31": "2199.40000", "2016-12-31": "2223.00000", "2016-09-30": "2360.80000", "2016-06-30": "2498.00000", "2016-03-31": "2155.10000", "2015-12-31": "2150.60000", "2015-09-30": "2342.40000", "2015-06-30": "2463.10000", "2015-03-31": "2190.20000", "2014-12-31": "2119.00000", "2014-09-30": "2302.60000", "2014-06-30": "2449.40000", "2014-03-31": "2086.10000", "2013-12-31": "2071.50000", "2013-09-30": "2443.10000", "2013-06-30": "2571.30000", "2013-03-31": "2218.80000", "2012-12-31": "1870.10000", "2012-09-30": "2320.90000", "2012-06-30": "2427.90000", "2012-03-31": "2230.50000", "2011-12-31": "2135.60000", "2011-09-30": "2366.10000", "2011-06-30": "2605.00000", "2011-03-31": "2332.60000", "2010-12-31": "2224.20000", "2010-09-30": "2466.50000", "2010-06-30": "2821.50000", "2010-03-31": "2172.90000", "2009-12-31": "2094.20000", "2009-09-30": "2130.40000", "2009-06-30": "2274.00000", "2009-03-31": "2291.10000", "2008-12-31": "2512.10000", "2008-09-30": "2791.80000", "2008-06-30": "3072.00000", "2008-03-31": "1716.60000", "2007-12-31": "1660.70000", "2007-09-30": "1705.10000", "2007-06-30": "1644.00000", "2007-03-31": "1860.60000", "2006-12-31": "1481.70000", "2006-09-30": "2017.30000", "2006-06-30": "2071.60000", "2006-03-31": "1900.60000", "2005-12-31": "1679.00000", "2005-09-30": "1764.60000", "2005-06-30": "1786.10000", "2005-03-31": "1713.20000"}, "Inventory": {"2020-12-31": "1189.20000", "2020-09-30": "1229.20000", "2020-06-30": "1353.00000", "2020-03-31": "1463.70000", "2019-12-31": "1278.60000", "2019-09-30": "1890.60000", "2019-06-30": "1950.50000", "2019-03-31": "1983.70000", "2018-12-31": "1677.80000", "2018-09-30": "1821.40000", "2018-06-30": "1733.30000", "2018-03-31": "1778.80000", "2017-12-31": "1555.40000", "2017-09-30": "1661.10000", "2017-06-30": "1604.50000", "2017-03-31": "1599.70000", "2016-12-31": "1385.80000", "2016-09-30": "1556.00000", "2016-06-30": "1601.30000", "2016-03-31": "1612.70000", "2015-12-31": "1410.70000", "2015-09-30": "1577.90000", "2015-06-30": "1634.50000", "2015-03-31": "1613.00000", "2014-12-31": "1358.90000", "2014-09-30": "1419.00000", "2014-06-30": "1388.90000", "2014-03-31": "1348.40000", "2013-12-31": "1166.10000", "2013-09-30": "1447.50000", "2013-06-30": "1435.00000", "2013-03-31": "1466.30000", "2012-12-31": "1144.00000", "2012-09-30": "1462.10000", "2012-06-30": "1475.00000", "2012-03-31": "1432.60000", "2011-12-31": "1278.30000", "2011-09-30": "1512.90000", "2011-06-30": "1590.90000", "2011-03-31": "1578.30000", "2010-12-31": "1288.50000", "2010-09-30": "1539.00000", "2010-06-30": "1429.50000", "2010-03-31": "1364.00000", "2009-12-31": "1176.10000", "2009-09-30": "1303.70000", "2009-06-30": "1359.30000", "2009-03-31": "1559.50000", "2008-12-31": "1615.10000", "2008-09-30": "1795.10000", "2008-06-30": "1800.50000", "2008-03-31": "909.00000", "2007-12-31": "827.20000", "2007-09-30": "923.00000", "2007-06-30": "919.30000", "2007-03-31": "1249.50000", "2006-12-31": "837.70000", "2006-09-30": "1386.70000", "2006-06-30": "1297.70000", "2006-03-31": "1246.90000", "2005-12-31": "1128.80000", "2005-09-30": "1230.30000", "2005-06-30": "1210.80000", "2005-03-31": "1248.30000"}, "Pre-Paid Expenses": {"2020-12-31": "", "2020-09-30": "", "2020-06-30": "", "2020-03-31": "", "2019-12-31": "", "2019-09-30": "", "2019-06-30": "", "2019-03-31": "", "2018-12-31": "", "2018-09-30": "", "2018-06-30": "", "2018-03-31": "", "2017-12-31": "", "2017-09-30": "", "2017-06-30": "", "2017-03-31": "", "2016-12-31": "", "2016-09-30": "", "2016-06-30": "", "2016-03-31": "", "2015-12-31": "", "2015-09-30": "", "2015-06-30": "", "2015-03-31": "", "2014-12-31": "", "2014-09-30": "", "2014-06-30": "", "2014-03-31": "", "2013-12-31": "", "2013-09-30": "", "2013-06-30": "", "2013-03-31": "", "2012-12-31": "", "2012-09-30": "", "2012-06-30": "", "2012-03-31": "", "2011-12-31": "", "2011-09-30": "", "2011-06-30": "", "2011-03-31": "", "2010-12-31": "336.60000", "2010-09-30": "", "2010-06-30": "", "2010-03-31": "", "2009-12-31": "", "2009-09-30": "", "2009-06-30": "", "2009-03-31": "", "2008-12-31": "", "2008-09-30": "", "2008-06-30": "", "2008-03-31": "", "2007-12-31": "", "2007-09-30": "435.60000", "2007-06-30": "509.60000", "2007-03-31": "534.30000", "2006-12-31": "", "2006-09-30": "368.20000", "2006-06-30": "402.70000", "2006-03-31": "435.40000", "2005-12-31": "403.30000", "2005-09-30": "360.50000", "2005-06-30": "360.20000", "2005-03-31": "390.70000"}, "Other Current Assets": {"2020-12-31": "224.40000", "2020-09-30": "241.60000", "2020-06-30": "308.50000", "2020-03-31": "356.60000", "2019-12-31": "4552.00000", "2019-09-30": "412.70000", "2019-06-30": "417.10000", "2019-03-31": "483.30000", "2018-12-31": "471.60000", "2018-09-30": "486.60000", "2018-06-30": "512.00000", "2018-03-31": "601.60000", "2017-12-31": "536.90000", "2017-09-30": "425.60000", "2017-06-30": "343.90000", "2017-03-31": "292.40000", "2016-12-31": "255.80000", "2016-09-30": "293.10000", "2016-06-30": "364.90000", "2016-03-31": "432.20000", "2015-12-31": "311.30000", "2015-09-30": "684.10000", "2015-06-30": "291.10000", "2015-03-31": "271.10000", "2014-12-31": "225.00000", "2014-09-30": "208.80000", "2014-06-30": "228.60000", "2014-03-31": "198.60000", "2013-12-31": "182.40000", "2013-09-30": "655.20000", "2013-06-30": "621.70000", "2013-03-31": "599.40000", "2012-12-31": "2001.90000", "2012-09-30": "517.00000", "2012-06-30": "564.80000", "2012-03-31": "615.20000", "2011-12-31": "354.70000", "2011-09-30": "653.30000", "2011-06-30": "1356.50000", "2011-03-31": "1526.90000", "2010-12-31": "1168.20000", "2010-09-30": "698.70000", "2010-06-30": "709.10000", "2010-03-31": "684.00000", "2009-12-31": "722.50000", "2009-09-30": "594.20000", "2009-06-30": "647.80000", "2009-03-31": "672.10000", "2008-12-31": "722.30000", "2008-09-30": "795.10000", "2008-06-30": "915.20000", "2008-03-31": "463.20000", "2007-12-31": "477.50000", "2007-09-30": "2019.60000", "2007-06-30": "2130.60000", "2007-03-31": "628.80000", "2006-12-31": "2861.90000", "2006-09-30": "", "2006-06-30": "", "2006-03-31": "", "2005-12-31": "", "2005-09-30": "", "2005-06-30": "", "2005-03-31": ""}, "Total Current Assets": {"2020-12-31": "6905.60000", "2020-09-30": "6973.50000", "2020-06-30": "6344.70000", "2020-03-31": "6559.80000", "2019-12-31": "9293.80000", "2019-09-30": "6103.10000", "2019-06-30": "6351.50000", "2019-03-31": "7084.70000", "2018-12-31": "5732.00000", "2018-09-30": "6082.60000", "2018-06-30": "6161.70000", "2018-03-31": "6071.50000", "2017-12-31": "6119.10000", "2017-09-30": "5813.90000", "2017-06-30": "5855.00000", "2017-03-31": "5414.00000", "2016-12-31": "5579.30000", "2016-09-30": "5714.50000", "2016-06-30": "5393.00000", "2016-03-31": "4812.90000", "2015-12-31": "4609.40000", "2015-09-30": "5534.80000", "2015-06-30": "5528.60000", "2015-03-31": "5104.80000", "2014-12-31": "5707.90000", "2014-09-30": "5170.10000", "2014-06-30": "5326.50000", "2014-03-31": "4886.40000", "2013-12-31": "5716.70000", "2013-09-30": "5629.70000", "2013-06-30": "6828.50000", "2013-03-31": "5117.40000", "2012-12-31": "5993.90000", "2012-09-30": "5229.60000", "2012-06-30": "5371.10000", "2012-03-31": "5367.80000", "2011-12-31": "5279.20000", "2011-09-30": "5936.10000", "2011-06-30": "6812.20000", "2011-03-31": "6355.90000", "2010-12-31": "6287.40000", "2010-09-30": "5514.90000", "2010-06-30": "5781.70000", "2010-03-31": "4820.00000", "2009-12-31": "4869.50000", "2009-09-30": "4772.20000", "2009-06-30": "5074.00000", "2009-03-31": "5016.30000", "2008-12-31": "5399.70000", "2008-09-30": "6123.50000", "2008-06-30": "6575.00000", "2008-03-31": "7157.10000", "2007-12-31": "7700.70000", "2007-09-30": "5522.00000", "2007-06-30": "5664.40000", "2007-03-31": "4578.40000", "2006-12-31": "5537.80000", "2006-09-30": "4038.50000", "2006-06-30": "4031.30000", "2006-03-31": "4407.60000", "2005-12-31": "4248.20000", "2005-09-30": "4240.20000", "2005-06-30": "4272.70000", "2005-03-31": "4376.70000"}, "Property, Plant, And Equipment": {"2020-12-31": "1349.50000", "2020-09-30": "1314.10000", "2020-06-30": "1314.70000", "2020-03-31": "1326.20000", "2019-12-31": "1352.00000", "2019-09-30": "1779.10000", "2019-06-30": "1794.10000", "2019-03-31": "1738.40000", "2018-12-31": "1730.80000", "2018-09-30": "1673.40000", "2018-06-30": "1646.80000", "2018-03-31": "1611.30000", "2017-12-31": "1551.30000", "2017-09-30": "1529.00000", "2017-06-30": "1509.60000", "2017-03-31": "1497.70000", "2016-12-31": "1511.00000", "2016-09-30": "1548.90000", "2016-06-30": "1560.80000", "2016-03-31": "1582.20000", "2015-12-31": "1575.10000", "2015-09-30": "1579.60000", "2015-06-30": "1586.00000", "2015-03-31": "1564.10000", "2014-12-31": "1477.00000", "2014-09-30": "1465.70000", "2014-06-30": "1472.70000", "2014-03-31": "1468.30000", "2013-12-31": "1468.40000", "2013-09-30": "1651.70000", "2013-06-30": "1663.00000", "2013-03-31": "1653.00000", "2012-12-31": "1426.10000", "2012-09-30": "1618.60000", "2012-06-30": "1609.10000", "2012-03-31": "1640.10000", "2011-12-31": "1639.40000", "2011-09-30": "1601.20000", "2011-06-30": "1640.30000", "2011-03-31": "1661.90000", "2010-12-31": "1669.00000", "2010-09-30": "1786.00000", "2010-06-30": "1783.90000", "2010-03-31": "1855.80000", "2009-12-31": "1888.80000", "2009-09-30": "1909.90000", "2009-06-30": "1924.60000", "2009-03-31": "1936.40000", "2008-12-31": "1968.50000", "2008-09-30": "2085.30000", "2008-06-30": "2128.30000", "2008-03-31": "935.30000", "2007-12-31": "904.90000", "2007-09-30": "901.30000", "2007-06-30": "873.30000", "2007-03-31": "1149.50000", "2006-12-31": "868.20000", "2006-09-30": "1231.40000", "2006-06-30": "1202.60000", "2006-03-31": "1085.80000", "2005-12-31": "1157.50000", "2005-09-30": "1091.80000", "2005-06-30": "1073.00000", "2005-03-31": "1085.70000"}, "Long-Term Investments": {"2020-12-31": "", "2020-09-30": "", "2020-06-30": "", "2020-03-31": "", "2019-12-31": "", "2019-09-30": "", "2019-06-30": "", "2019-03-31": "", "2018-12-31": "", "2018-09-30": "", "2018-06-30": "", "2018-03-31": "", "2017-12-31": "", "2017-09-30": "", "2017-06-30": "", "2017-03-31": "", "2016-12-31": "", "2016-09-30": "", "2016-06-30": "", "2016-03-31": "", "2015-12-31": "", "2015-09-30": "", "2015-06-30": "", "2015-03-31": "", "2014-12-31": "", "2014-09-30": "", "2014-06-30": "", "2014-03-31": "", "2013-12-31": "", "2013-09-30": "", "2013-06-30": "", "2013-03-31": "", "2012-12-31": "", "2012-09-30": "", "2012-06-30": "", "2012-03-31": "", "2011-12-31": "", "2011-09-30": "", "2011-06-30": "", "2011-03-31": "", "2010-12-31": "", "2010-09-30": "", "2010-06-30": "", "2010-03-31": "", "2009-12-31": "", "2009-09-30": "", "2009-06-30": "", "2009-03-31": "", "2008-12-31": "", "2008-09-30": "", "2008-06-30": "", "2008-03-31": "", "2007-12-31": "", "2007-09-30": "", "2007-06-30": "", "2007-03-31": "", "2006-12-31": "", "2006-09-30": "", "2006-06-30": "", "2006-03-31": "", "2005-12-31": "", "2005-09-30": "", "2005-06-30": "", "2005-03-31": ""}, "Goodwill And Intangible Assets": {"2020-12-31": "8629.19900", "2020-09-30": "8377.30000", "2020-06-30": "8348.00000", "2020-03-31": "8371.30000", "2019-12-31": "8449.30100", "2019-09-30": "10887.20000", "2019-06-30": "11089.90000", "2019-03-31": "9577.10000", "2018-12-31": "9594.20000", "2018-09-30": "9668.70000", "2018-06-30": "9706.00000", "2018-03-31": "9875.20000", "2017-12-31": "9678.60000", "2017-09-30": "9592.10000", "2017-06-30": "9530.00000", "2017-03-31": "9452.10000", "2016-12-31": "9443.50000", "2016-09-30": "9604.30000", "2016-06-30": "9629.90000", "2016-03-31": "9687.50000", "2015-12-31": "9656.30100", "2015-09-30": "9731.80000", "2015-06-30": "9781.10000", "2015-03-31": "9766.20000", "2014-12-31": "9173.69900", "2014-09-30": "9266.40000", "2014-06-30": "9383.90000", "2014-03-31": "9422.00000", "2013-12-31": "9462.60000", "2013-09-30": "10160.90000", "2013-06-30": "10240.30000", "2013-03-31": "10261.90000", "2012-12-31": "9543.00000", "2012-09-30": "10343.40000", "2012-06-30": "10309.80000", "2012-03-31": "10456.50000", "2011-12-31": "10437.60000", "2011-09-30": "10546.10000", "2011-06-30": "10699.50000", "2011-03-31": "10701.30000", "2010-12-31": "10629.40000", "2010-09-30": "11476.60000", "2010-06-30": "11372.30000", "2010-03-31": "11531.30000", "2009-12-31": "11648.80000", "2009-09-30": "11766.90000", "2009-06-30": "11748.50000", "2009-03-31": "11704.20000", "2008-12-31": "11834.20000", "2008-09-30": "15487.60000", "2008-06-30": "15398.30000", "2008-03-31": "4851.20000", "2007-12-31": "4717.90000", "2007-09-30": "4655.50000", "2007-06-30": "4584.50000", "2007-03-31": "5266.00000", "2006-12-31": "4550.00000", "2006-09-30": "5257.70000", "2006-06-30": "5241.30000", "2006-03-31": "5272.30000", "2005-12-31": "5150.40000", "2005-09-30": "5285.10000", "2005-06-30": "5256.80000", "2005-03-31": "5193.30000"}, "Other Long-Term Assets": {"2020-12-31": "1272.40000", "2020-09-30": "1274.50000", "2020-06-30": "1216.20000", "2020-03-31": "1378.30000", "2019-12-31": "1397.20000", "2019-09-30": "1537.50000", "2019-06-30": "1432.10000", "2019-03-31": "1380.80000", "2018-12-31": "857.90000", "2018-09-30": "879.80000", "2018-06-30": "863.40000", "2018-03-31": "807.10000", "2017-12-31": "824.30000", "2017-09-30": "787.80000", "2017-06-30": "878.90000", "2017-03-31": "895.70000", "2016-12-31": "863.60000", "2016-09-30": "852.20000", "2016-06-30": "846.80000", "2016-03-31": "869.90000", "2015-12-31": "876.80000", "2015-09-30": "977.90000", "2015-06-30": "991.10000", "2015-03-31": "973.90000", "2014-12-31": "939.90000", "2014-09-30": "963.40000", "2014-06-30": "976.30000", "2014-03-31": "997.30000", "2013-12-31": "1010.40000", "2013-09-30": "1559.70000", "2013-06-30": "1541.90000", "2013-03-31": "1561.00000", "2012-12-31": "1519.10000", "2012-09-30": "1468.70000", "2012-06-30": "1448.70000", "2012-03-31": "1446.10000", "2011-12-31": "1487.90000", "2011-09-30": "1419.00000", "2011-06-30": "1388.50000", "2011-03-31": "1405.40000", "2010-12-31": "1405.10000", "2010-09-30": "1457.80000", "2010-06-30": "1419.40000", "2010-03-31": "1509.60000", "2009-12-31": "1583.90000", "2009-09-30": "1684.10000", "2009-06-30": "1679.00000", "2009-03-31": "1699.70000", "2008-12-31": "1722.10000", "2008-09-30": "2078.70000", "2008-06-30": "1782.10000", "2008-03-31": "1108.50000", "2007-12-31": "1052.70000", "2007-09-30": "1310.50000", "2007-06-30": "1284.10000", "2007-03-31": "1417.10000", "2006-12-31": "1189.90000", "2006-09-30": "1252.30000", "2006-06-30": "1283.50000", "2006-03-31": "1221.70000", "2005-12-31": "1200.30000", "2005-09-30": "922.90000", "2005-06-30": "950.30000", "2005-03-31": "876.90000"}, "Total Long-Term Assets": {"2020-12-31": "11251.10000", "2020-09-30": "10965.90000", "2020-06-30": "10878.90000", "2020-03-31": "11075.80000", "2019-12-31": "11198.50000", "2019-09-30": "14203.80000", "2019-06-30": "14316.10000", "2019-03-31": "12696.30000", "2018-12-31": "12182.90000", "2018-09-30": "12221.90000", "2018-06-30": "12216.20000", "2018-03-31": "12293.60000", "2017-12-31": "12054.20000", "2017-09-30": "11908.90000", "2017-06-30": "11918.50000", "2017-03-31": "11845.50000", "2016-12-31": "11818.10000", "2016-09-30": "12005.40000", "2016-06-30": "12037.50000", "2016-03-31": "12139.60000", "2015-12-31": "12108.20000", "2015-09-30": "12289.30000", "2015-06-30": "12358.20000", "2015-03-31": "12304.20000", "2014-12-31": "11590.60000", "2014-09-30": "11695.50000", "2014-06-30": "11832.90000", "2014-03-31": "11887.60000", "2013-12-31": "11941.40000", "2013-09-30": "13372.30000", "2013-06-30": "13445.20000", "2013-03-31": "13475.90000", "2012-12-31": "12488.20000", "2012-09-30": "13430.70000", "2012-06-30": "13367.60000", "2012-03-31": "13542.70000", "2011-12-31": "13564.90000", "2011-09-30": "13566.30000", "2011-06-30": "13728.30000", "2011-03-31": "13768.60000", "2010-12-31": "13703.50000", "2010-09-30": "14720.40000", "2010-06-30": "14575.60000", "2010-03-31": "14896.70000", "2009-12-31": "15121.50000", "2009-09-30": "15360.90000", "2009-06-30": "15352.10000", "2009-03-31": "15340.30000", "2008-12-31": "15524.80000", "2008-09-30": "19651.60000", "2008-06-30": "19308.70000", "2008-03-31": "6895.00000", "2007-12-31": "6675.50000", "2007-09-30": "6867.30000", "2007-06-30": "6741.90000", "2007-03-31": "7832.60000", "2006-12-31": "6608.10000", "2006-09-30": "7741.40000", "2006-06-30": "7727.40000", "2006-03-31": "7579.80000", "2005-12-31": "7508.20000", "2005-09-30": "7299.80000", "2005-06-30": "7280.10000", "2005-03-31": "7155.90000"}, "Total Assets": {"2020-12-31": "18156.70000", "2020-09-30": "17939.40000", "2020-06-30": "17223.60000", "2020-03-31": "17635.60000", "2019-12-31": "20492.30000", "2019-09-30": "20306.90000", "2019-06-30": "20667.60000", "2019-03-31": "19781.00000", "2018-12-31": "17914.90000", "2018-09-30": "18304.50000", "2018-06-30": "18377.90000", "2018-03-31": "18365.10000", "2017-12-31": "18173.30000", "2017-09-30": "17722.80000", "2017-06-30": "17773.50000", "2017-03-31": "17259.50000", "2016-12-31": "17397.40000", "2016-09-30": "17719.90000", "2016-06-30": "17430.50000", "2016-03-31": "16952.50000", "2015-12-31": "16717.60000", "2015-09-30": "17824.10000", "2015-06-30": "17886.80000", "2015-03-31": "17409.00000", "2014-12-31": "17298.50000", "2014-09-30": "16865.60000", "2014-06-30": "17159.40000", "2014-03-31": "16774.00000", "2013-12-31": "17658.10000", "2013-09-30": "19002.00000", "2013-06-30": "20273.70000", "2013-03-31": "18593.30000", "2012-12-31": "18482.10000", "2012-09-30": "18660.30000", "2012-06-30": "18738.70000", "2012-03-31": "18910.50000", "2011-12-31": "18844.10000", "2011-09-30": "19502.40000", "2011-06-30": "20540.50000", "2011-03-31": "20124.50000", "2010-12-31": "19990.90000", "2010-09-30": "20235.30000", "2010-06-30": "20357.30000", "2010-03-31": "19716.70000", "2009-12-31": "19991.00000", "2009-09-30": "20133.10000", "2009-06-30": "20426.10000", "2009-03-31": "20356.60000", "2008-12-31": "20924.50000", "2008-09-30": "25775.10000", "2008-06-30": "25883.70000", "2008-03-31": "14052.10000", "2007-12-31": "14376.20000", "2007-09-30": "12389.30000", "2007-06-30": "12406.30000", "2007-03-31": "12411.00000", "2006-12-31": "12145.90000", "2006-09-30": "11779.90000", "2006-06-30": "11758.70000", "2006-03-31": "11987.40000", "2005-12-31": "11756.40000", "2005-09-30": "11540.00000", "2005-06-30": "11552.80000", "2005-03-31": "11532.60000"}, "Total Current Liabilities": {"2020-12-31": "4338.90000", "2020-09-30": "4170.10000", "2020-06-30": "3829.20000", "2020-03-31": "4240.80000", "2019-12-31": "5238.60000", "2019-09-30": "4776.10000", "2019-06-30": "5180.20000", "2019-03-31": "4488.50000", "2018-12-31": "4315.70000", "2018-09-30": "4324.00000", "2018-06-30": "4752.70000", "2018-03-31": "4320.70000", "2017-12-31": "4828.00000", "2017-09-30": "4688.60000", "2017-06-30": "3903.50000", "2017-03-31": "3534.10000", "2016-12-31": "3590.30000", "2016-09-30": "3703.40000", "2016-06-30": "3767.10000", "2016-03-31": "3930.10000", "2015-12-31": "3648.40000", "2015-09-30": "4536.00000", "2015-06-30": "4457.70000", "2015-03-31": "3977.50000", "2014-12-31": "3666.10000", "2014-09-30": "4130.00000", "2014-06-30": "4254.10000", "2014-03-31": "3402.60000", "2013-12-31": "3408.60000", "2013-09-30": "3848.60000", "2013-06-30": "5146.90000", "2013-03-31": "4170.90000", "2012-12-31": "4325.90000", "2012-09-30": "4326.10000", "2012-06-30": "3909.20000", "2012-03-31": "4100.40000", "2011-12-31": "4125.60000", "2011-09-30": "4333.30000", "2011-06-30": "4607.30000", "2011-03-31": "4346.60000", "2010-12-31": "4285.90000", "2010-09-30": "4338.10000", "2010-06-30": "4877.50000", "2010-03-31": "4206.40000", "2009-12-31": "4297.60000", "2009-09-30": "4030.00000", "2009-06-30": "4370.40000", "2009-03-31": "4629.10000", "2008-12-31": "5511.40000", "2008-09-30": "6234.80000", "2008-06-30": "8219.90000", "2008-03-31": "2498.50000", "2007-12-31": "3235.70000", "2007-09-30": "4199.40000", "2007-06-30": "3578.30000", "2007-03-31": "3551.20000", "2006-12-31": "4112.40000", "2006-09-30": "3369.50000", "2006-06-30": "2921.30000", "2006-03-31": "3315.90000", "2005-12-31": "3199.70000", "2005-09-30": "3146.80000", "2005-06-30": "3197.60000", "2005-03-31": "2966.70000"}, "Long Term Debt": {"2020-12-31": "4496.50000", "2020-09-30": "4494.20000", "2020-06-30": "4618.20000", "2020-03-31": "4624.80000", "2019-12-31": "4922.90000", "2019-09-30": "4921.90000", "2019-06-30": "4920.60000", "2019-03-31": "5226.50000", "2018-12-31": "3740.70000", "2018-09-30": "3739.80000", "2018-06-30": "3738.90000", "2018-03-31": "3745.50000", "2017-12-31": "2957.00000", "2017-09-30": "2955.90000", "2017-06-30": "3704.50000", "2017-03-31": "3711.10000", "2016-12-31": "3709.40000", "2016-09-30": "3708.90000", "2016-06-30": "3724.80000", "2016-03-31": "3714.60000", "2015-12-31": "3713.60000", "2015-09-30": "3734.60000", "2015-06-30": "3734.60000", "2015-03-31": "3741.70000", "2014-12-31": "3741.70000", "2014-09-30": "2646.60000", "2014-06-30": "2646.50000", "2014-03-31": "3152.30000", "2013-12-31": "3153.50000", "2013-09-30": "3154.10000", "2013-06-30": "3155.10000", "2013-03-31": "2271.10000", "2012-12-31": "2266.50000", "2012-09-30": "2271.60000", "2012-06-30": "2871.50000", "2012-03-31": "2879.30000", "2011-12-31": "2879.30000", "2011-09-30": "2881.00000", "2011-06-30": "2881.30000", "2011-03-31": "2888.30000", "2010-12-31": "2922.30000", "2010-09-30": "2922.80000", "2010-06-30": "2909.90000", "2010-03-31": "2923.70000", "2009-12-31": "2904.90000", "2009-09-30": "3210.00000", "2009-06-30": "3454.60000", "2009-03-31": "3449.10000", "2008-12-31": "2773.70000", "2008-09-30": "2785.10000", "2008-06-30": "1189.90000", "2008-03-31": "712.70000", "2007-12-31": "712.70000", "2007-09-30": "901.70000", "2007-06-30": "894.50000", "2007-03-31": "903.00000", "2006-12-31": "905.20000", "2006-09-30": "1171.10000", "2006-06-30": "1171.40000", "2006-03-31": "1180.80000", "2005-12-31": "1184.30000", "2005-09-30": "1190.70000", "2005-06-30": "1189.70000", "2005-03-31": "1332.40000"}, "Other Non-Current Liabilities": {"2020-12-31": "2894.20000", "2020-09-30": "1281.40000", "2020-06-30": "1226.80000", "2020-03-31": "1410.80000", "2019-12-31": "1398.20000", "2019-09-30": "1484.70000", "2019-06-30": "1471.90000", "2019-03-31": "1424.60000", "2018-12-31": "1062.40000", "2018-09-30": "1079.90000", "2018-06-30": "1079.50000", "2018-03-31": "1125.30000", "2017-12-31": "1138.60000", "2017-09-30": "1022.70000", "2017-06-30": "1124.20000", "2017-03-31": "1129.40000", "2016-12-31": "1138.00000", "2016-09-30": "1146.30000", "2016-06-30": "1126.50000", "2016-03-31": "1142.80000", "2015-12-31": "1170.40000", "2015-09-30": "1212.60000", "2015-06-30": "1234.20000", "2015-03-31": "1242.80000", "2014-12-31": "1233.00000", "2014-09-30": "1269.80000", "2014-06-30": "1302.60000", "2014-03-31": "1322.90000", "2013-12-31": "1341.10000", "2013-09-30": "1350.60000", "2013-06-30": "1367.30000", "2013-03-31": "1382.70000", "2012-12-31": "1398.50000", "2012-09-30": "1425.40000", "2012-06-30": "1447.00000", "2012-03-31": "1454.90000", "2011-12-31": "1494.50000", "2011-09-30": "1535.40000", "2011-06-30": "1555.80000", "2011-03-31": "1587.00000", "2010-12-31": "1609.30000", "2010-09-30": "1665.90000", "2010-06-30": "1680.70000", "2010-03-31": "1690.30000", "2009-12-31": "1728.30000", "2009-09-30": "1733.40000", "2009-06-30": "1752.90000", "2009-03-31": "1792.60000", "2008-12-31": "1827.00000", "2008-09-30": "1847.60000", "2008-06-30": "1837.70000", "2008-03-31": "1488.40000", "2007-12-31": "940.60000", "2007-09-30": "1184.30000", "2007-06-30": "1116.10000", "2007-03-31": "1177.20000", "2006-12-31": "602.80000", "2006-09-30": "566.50000", "2006-06-30": "603.00000", "2006-03-31": "592.00000", "2005-12-31": "609.50000", "2005-09-30": "558.60000", "2005-06-30": "570.90000", "2005-03-31": "525.70000"}, "Total Long Term Liabilities": {"2020-12-31": "7390.70000", "2020-09-30": "7388.30000", "2020-06-30": "7434.90000", "2020-03-31": "7605.00000", "2019-12-31": "7941.30000", "2019-09-30": "8251.70000", "2019-06-30": "8314.50000", "2019-03-31": "8369.70000", "2018-12-31": "6534.40000", "2018-09-30": "6637.30000", "2018-06-30": "6801.50000", "2018-03-31": "6904.00000", "2017-12-31": "6138.40000", "2017-09-30": "6189.80000", "2017-06-30": "7076.00000", "2017-03-31": "7071.50000", "2016-12-31": "7088.80000", "2016-09-30": "7185.39900", "2016-06-30": "7185.40000", "2016-03-31": "7169.70000", "2015-12-31": "7190.00000", "2015-09-30": "7491.40000", "2015-06-30": "7541.60100", "2015-03-31": "7645.00000", "2014-12-31": "7587.00000", "2014-09-30": "6401.90000", "2014-06-30": "6465.20000", "2014-03-31": "7021.70000", "2013-12-31": "7118.20000", "2013-09-30": "7966.80000", "2013-06-30": "7950.60100", "2013-03-31": "7074.90000", "2012-12-31": "6926.90000", "2012-09-30": "6804.20000", "2012-06-30": "7442.80000", "2012-03-31": "7511.60000", "2011-12-31": "7702.80000", "2011-09-30": "7490.40000", "2011-06-30": "7568.20000", "2011-03-31": "7572.20000", "2010-12-31": "7645.89900", "2010-09-30": "8223.70000", "2010-06-30": "8323.60000", "2010-03-31": "8386.00000", "2009-12-31": "8517.69900", "2009-09-30": "8917.20000", "2009-06-30": "9218.80100", "2009-03-31": "9228.80000", "2008-12-31": "8651.00000", "2008-09-30": "8837.50000", "2008-06-30": "6871.30000", "2008-03-31": "3235.00000", "2007-12-31": "3232.60000", "2007-09-30": "2995.40000", "2007-06-30": "2995.60000", "2007-03-31": "3473.70000", "2006-12-31": "2628.70000", "2006-09-30": "2730.40000", "2006-06-30": "2776.40000", "2006-03-31": "2769.90000", "2005-12-31": "2794.70000", "2005-09-30": "2785.40000", "2005-06-30": "2796.90000", "2005-03-31": "2894.60000"}, "Total Liabilities": {"2020-12-31": "11729.60000", "2020-09-30": "11558.40000", "2020-06-30": "11264.10000", "2020-03-31": "11845.80000", "2019-12-31": "13179.90000", "2019-09-30": "13027.80000", "2019-06-30": "13494.70000", "2019-03-31": "12858.20000", "2018-12-31": "10850.10000", "2018-09-30": "10961.30000", "2018-06-30": "11554.20000", "2018-03-31": "11224.70000", "2017-12-31": "10966.40000", "2017-09-30": "10878.40000", "2017-06-30": "10979.50000", "2017-03-31": "10605.60000", "2016-12-31": "10679.10000", "2016-09-30": "10888.80000", "2016-06-30": "10952.50000", "2016-03-31": "11099.80000", "2015-12-31": "10838.40000", "2015-09-30": "12027.40000", "2015-06-30": "11999.30000", "2015-03-31": "11622.50000", "2014-12-31": "11253.10000", "2014-09-30": "10531.90000", "2014-06-30": "10719.30000", "2014-03-31": "10424.30000", "2013-12-31": "10526.80000", "2013-09-30": "11815.40000", "2013-06-30": "13097.50000", "2013-03-31": "11245.80000", "2012-12-31": "11252.80000", "2012-09-30": "11130.30000", "2012-06-30": "11352.00000", "2012-03-31": "11612.00000", "2011-12-31": "11828.40000", "2011-09-30": "11823.70000", "2011-06-30": "12175.50000", "2011-03-31": "11918.80000", "2010-12-31": "11931.80000", "2010-09-30": "12561.80000", "2010-06-30": "13201.10000", "2010-03-31": "12592.40000", "2009-12-31": "12815.30000", "2009-09-30": "12947.20000", "2009-06-30": "13589.20000", "2009-03-31": "13857.90000", "2008-12-31": "14162.40000", "2008-09-30": "15072.30000", "2008-06-30": "15091.20000", "2008-03-31": "5733.50000", "2007-12-31": "6468.30000", "2007-09-30": "7194.80000", "2007-06-30": "6573.90000", "2007-03-31": "7024.90000", "2006-12-31": "6741.10000", "2006-09-30": "6099.90000", "2006-06-30": "5697.70000", "2006-03-31": "6085.80000", "2005-12-31": "5994.40000", "2005-09-30": "5932.20000", "2005-06-30": "5994.50000", "2005-03-31": "5861.30000"}, "Common Stock Net": {"2020-12-31": "", "2020-09-30": "264.50000", "2020-06-30": "263.80000", "2020-03-31": "263.70000", "2019-12-31": "262.80000", "2019-09-30": "264.10000", "2019-06-30": "265.90000", "2019-03-31": "265.50000", "2018-12-31": "266.40000", "2018-09-30": "270.10000", "2018-06-30": "269.80000", "2018-03-31": "272.50000", "2017-12-31": "274.00000", "2017-09-30": "273.80000", "2017-06-30": "273.60000", "2017-03-31": "273.20000", "2016-12-31": "271.70000", "2016-09-30": "270.90000", "2016-06-30": "270.40000", "2016-03-31": "270.00000", "2015-12-31": "269.00000", "2015-09-30": "268.80000", "2015-06-30": "268.70000", "2015-03-31": "268.00000", "2014-12-31": "266.30000", "2014-09-30": "265.80000", "2014-06-30": "268.10000", "2014-03-31": "271.20000", "2013-12-31": "282.70000", "2013-09-30": "288.70000", "2013-06-30": "291.90000", "2013-03-31": "299.60000", "2012-12-31": "295.60000", "2012-09-30": "302.60000", "2012-06-30": "309.10000", "2012-03-31": "298.60000", "2011-12-31": "297.10000", "2011-09-30": "316.00000", "2011-06-30": "331.80000", "2011-03-31": "330.90000", "2010-12-31": "328.20000", "2010-09-30": "323.20000", "2010-06-30": "322.60000", "2010-03-31": "321.50000", "2009-12-31": "320.60000", "2009-09-30": "319.50000", "2009-06-30": "319.10000", "2009-03-31": "319.10000", "2008-12-31": "318.80000", "2008-09-30": "318.80000", "2008-06-30": "318.50000", "2008-03-31": "272.80000", "2007-12-31": "272.60000", "2007-09-30": "273.30000", "2007-06-30": "293.40000", "2007-03-31": "305.30000", "2006-12-31": "306.80000", "2006-09-30": "308.90000", "2006-06-30": "324.80000", "2006-03-31": "328.40000", "2005-12-31": "330.70000", "2005-09-30": "333.90000", "2005-06-30": "168.60000", "2005-03-31": "171.50000"}, "Retained Earnings (Accumulated Deficit)": {"2020-12-31": "", "2020-09-30": "8489.30000", "2020-06-30": "8222.10000", "2020-03-31": "8127.90000", "2019-12-31": "9730.80000", "2019-09-30": "9762.70000", "2019-06-30": "9497.20000", "2019-03-31": "9298.30000", "2018-12-31": "9439.80000", "2018-09-30": "9624.80000", "2018-06-30": "9109.90000", "2018-03-31": "8904.40000", "2017-12-31": "8903.20000", "2017-09-30": "8556.30000", "2017-06-30": "8303.20000", "2017-03-31": "8047.50000", "2016-12-31": "8018.80000", "2016-09-30": "7926.20000", "2016-06-30": "7631.80000", "2016-03-31": "6967.30000", "2015-12-31": "6897.90000", "2015-09-30": "6741.70000", "2015-06-30": "6517.60000", "2015-03-31": "6515.60000", "2014-12-31": "6540.80000", "2014-09-30": "6351.20000", "2014-06-30": "6266.90000", "2014-03-31": "6216.50000", "2013-12-31": "6794.50000", "2013-09-30": "6806.70000", "2013-06-30": "6701.50000", "2013-03-31": "6445.90000", "2012-12-31": "6358.70000", "2012-09-30": "6232.30000", "2012-06-30": "5959.40000", "2012-03-31": "5643.20000", "2011-12-31": "5547.80000", "2011-09-30": "5388.80000", "2011-06-30": "5341.00000", "2011-03-31": "5288.70000", "2010-12-31": "5389.40000", "2010-09-30": "5200.30000", "2010-06-30": "4990.70000", "2010-03-31": "4816.90000", "2009-12-31": "4837.90000", "2009-09-30": "4721.50000", "2009-06-30": "4527.90000", "2009-03-31": "4401.70000", "2008-12-31": "4547.40000", "2008-09-30": "7898.70000", "2008-06-30": "7728.30000", "2008-03-31": "7521.30000", "2007-12-31": "7388.80000", "2007-09-30": "4919.50000", "2007-06-30": "5692.70000", "2007-03-31": "5397.00000", "2006-12-31": "5456.10000", "2006-09-30": "", "2006-06-30": "", "2006-03-31": "", "2005-12-31": "5558.90000", "2005-09-30": "", "2005-06-30": "", "2005-03-31": ""}, "Comprehensive Income": {"2020-12-31": "", "2020-09-30": "-761.00000", "2020-06-30": "-876.10000", "2020-03-31": "-926.00000", "2019-12-31": "-1006.60000", "2019-09-30": "-1069.80000", "2019-06-30": "-939.20000", "2019-03-31": "-958.60000", "2018-12-31": "-964.10000", "2018-09-30": "-919.80000", "2018-06-30": "-904.60000", "2018-03-31": "-626.70000", "2017-12-31": "-778.80000", "2017-09-30": "-876.90000", "2017-06-30": "-993.70000", "2017-03-31": "-1169.90000", "2016-12-31": "-1290.50000", "2016-09-30": "-1033.40000", "2016-06-30": "-1053.90000", "2016-03-31": "-978.90000", "2015-12-31": "-1120.90000", "2015-09-30": "-1035.40000", "2015-06-30": "-933.10000", "2015-03-31": "-994.60000", "2014-12-31": "-714.30000", "2014-09-30": "-413.70000", "2014-06-30": "-197.40000", "2014-03-31": "-202.50000", "2013-12-31": "-166.70000", "2013-09-30": "-473.00000", "2013-06-30": "-598.60000", "2013-03-31": "-607.20000", "2012-12-31": "-521.00000", "2012-09-30": "-431.70000", "2012-06-30": "-601.90000", "2012-03-31": "-388.60000", "2011-12-31": "-553.60000", "2011-09-30": "-270.20000", "2011-06-30": "-39.50000", "2011-03-31": "-133.90000", "2010-12-31": "-325.00000", "2010-09-30": "-393.70000", "2010-06-30": "-685.70000", "2010-03-31": "-500.80000", "2009-12-31": "-434.30000", "2009-09-30": "-310.50000", "2009-06-30": "-435.60000", "2009-03-31": "-587.80000", "2008-12-31": "-450.80000", "2008-09-30": "241.80000", "2008-06-30": "497.50000", "2008-03-31": "487.90000", "2007-12-31": "246.50000", "2007-09-30": "1.70000", "2007-06-30": "-153.70000", "2007-03-31": "-316.20000", "2006-12-31": "-358.10000", "2006-09-30": "22.00000", "2006-06-30": "0.70000", "2006-03-31": "-79.10000", "2005-12-31": "-127.60000", "2005-09-30": "-166.80000", "2005-06-30": "-150.10000", "2005-03-31": "-22.30000"}, "Other Share Holders Equity": {"2020-12-31": "", "2020-09-30": "", "2020-06-30": "", "2020-03-31": "", "2019-12-31": "", "2019-09-30": "", "2019-06-30": "", "2019-03-31": "", "2018-12-31": "", "2018-09-30": "", "2018-06-30": "", "2018-03-31": "", "2017-12-31": "", "2017-09-30": "", "2017-06-30": "", "2017-03-31": "", "2016-12-31": "", "2016-09-30": "", "2016-06-30": "", "2016-03-31": "", "2015-12-31": "", "2015-09-30": "", "2015-06-30": "", "2015-03-31": "", "2014-12-31": "", "2014-09-30": "", "2014-06-30": "", "2014-03-31": "", "2013-12-31": "", "2013-09-30": "", "2013-06-30": "", "2013-03-31": "", "2012-12-31": "", "2012-09-30": "", "2012-06-30": "", "2012-03-31": "", "2011-12-31": "", "2011-09-30": "", "2011-06-30": "", "2011-03-31": "", "2010-12-31": "", "2010-09-30": "", "2010-06-30": "", "2010-03-31": "", "2009-12-31": "", "2009-09-30": "", "2009-06-30": "", "2009-03-31": "", "2008-12-31": "", "2008-09-30": "", "2008-06-30": "", "2008-03-31": "", "2007-12-31": "", "2007-09-30": "", "2007-06-30": "", "2007-03-31": "", "2006-12-31": "", "2006-09-30": "5349.10000", "2006-06-30": "5735.50000", "2006-03-31": "5652.30000", "2005-12-31": "", "2005-09-30": "5440.70000", "2005-06-30": "5539.80000", "2005-03-31": "5522.10000"}, "Share Holder Equity": {"2020-12-31": "6427.10000", "2020-09-30": "6381.00000", "2020-06-30": "5959.50000", "2020-03-31": "5789.80000", "2019-12-31": "7312.40000", "2019-09-30": "7279.10000", "2019-06-30": "7172.90000", "2019-03-31": "6922.80000", "2018-12-31": "7064.80000", "2018-09-30": "7343.20000", "2018-06-30": "6823.70000", "2018-03-31": "7140.40000", "2017-12-31": "7206.90000", "2017-09-30": "6844.40000", "2017-06-30": "6794.00000", "2017-03-31": "6653.90000", "2016-12-31": "6718.30000", "2016-09-30": "6831.10000", "2016-06-30": "6478.00000", "2016-03-31": "5852.70000", "2015-12-31": "5879.20000", "2015-09-30": "5796.70000", "2015-06-30": "5887.50000", "2015-03-31": "5786.50000", "2014-12-31": "6045.40000", "2014-09-30": "6333.70000", "2014-06-30": "6440.10000", "2014-03-31": "6349.70000", "2013-12-31": "7131.30000", "2013-09-30": "7186.60000", "2013-06-30": "7176.20000", "2013-03-31": "7347.50000", "2012-12-31": "7229.30000", "2012-09-30": "7530.00000", "2012-06-30": "7386.70000", "2012-03-31": "7298.50000", "2011-12-31": "7015.70000", "2011-09-30": "7678.70000", "2011-06-30": "8365.00000", "2011-03-31": "8205.70000", "2010-12-31": "8059.10000", "2010-09-30": "7673.50000", "2010-06-30": "7156.20000", "2010-03-31": "7124.30000", "2009-12-31": "7175.70000", "2009-09-30": "7185.90000", "2009-06-30": "6836.90000", "2009-03-31": "6498.70000", "2008-12-31": "6762.10000", "2008-09-30": "10702.80000", "2008-06-30": "10792.50000", "2008-03-31": "8318.60000", "2007-12-31": "7907.90000", "2007-09-30": "5194.50000", "2007-06-30": "5832.40000", "2007-03-31": "5386.10000", "2006-12-31": "5404.80000", "2006-09-30": "5680.00000", "2006-06-30": "6061.00000", "2006-03-31": "5901.60000", "2005-12-31": "5762.00000", "2005-09-30": "5607.80000", "2005-06-30": "5558.30000", "2005-03-31": "5671.30000"}, "Total Liabilities And Share Holders Equity": {"2020-12-31": "18156.70000", "2020-09-30": "17939.40000", "2020-06-30": "17223.60000", "2020-03-31": "17635.60000", "2019-12-31": "20492.30000", "2019-09-30": "20306.90000", "2019-06-30": "20667.60000", "2019-03-31": "19781.00000", "2018-12-31": "17914.90000", "2018-09-30": "18304.50000", "2018-06-30": "18377.90000", "2018-03-31": "18365.10000", "2017-12-31": "18173.30000", "2017-09-30": "17722.80000", "2017-06-30": "17773.50000", "2017-03-31": "17259.50000", "2016-12-31": "17397.40000", "2016-09-30": "17719.90000", "2016-06-30": "17430.50000", "2016-03-31": "16952.50000", "2015-12-31": "16717.60000", "2015-09-30": "17824.10000", "2015-06-30": "17886.80000", "2015-03-31": "17409.00000", "2014-12-31": "17298.50000", "2014-09-30": "16865.60000", "2014-06-30": "17159.40000", "2014-03-31": "16774.00000", "2013-12-31": "17658.10000", "2013-09-30": "19002.00000", "2013-06-30": "20273.70000", "2013-03-31": "18593.30000", "2012-12-31": "18482.10000", "2012-09-30": "18660.30000", "2012-06-30": "18738.70000", "2012-03-31": "18910.50000", "2011-12-31": "18844.10000", "2011-09-30": "19502.40000", "2011-06-30": "20540.50000", "2011-03-31": "20124.50000", "2010-12-31": "19990.90000", "2010-09-30": "20235.30000", "2010-06-30": "20357.30000", "2010-03-31": "19716.70000", "2009-12-31": "19991.00000", "2009-09-30": "20133.10000", "2009-06-30": "20426.10000", "2009-03-31": "20356.60000", "2008-12-31": "20924.50000", "2008-09-30": "25775.10000", "2008-06-30": "25883.70000", "2008-03-31": "14052.10000", "2007-12-31": "14376.20000", "2007-09-30": "12389.30000", "2007-06-30": "12406.30000", "2007-03-31": "12411.00000", "2006-12-31": "12145.90000", "2006-09-30": "11779.90000", "2006-06-30": "11758.70000", "2006-03-31": "11987.40000", "2005-12-31": "11756.40000", "2005-09-30": "11540.00000", "2005-06-30": "11552.80000", "2005-03-31": "11532.60000"}}, "cash flow statement": {"Net Income/Loss": {"2020-12-31": "991.40000", "2019-12-31": "1428.50000", "2018-12-31": "1357.50000", "2017-12-31": "1312.30000", "2016-12-31": "1492.70000", "2015-12-31": "682.80000", "2014-12-31": "950.40000", "2013-12-31": "653.90000", "2012-12-31": "1044.00000", "2011-12-31": "369.30000", "2010-12-31": "665.10000", "2009-12-31": "476.20000", "2008-12-31": "-2604.80000", "2007-12-31": "3990.00000", "2006-12-31": "1032.50000", "2005-12-31": "1054.20000"}, "Total Depreciation And Amortization - Cash Flow": {"2020-12-31": "294.30000", "2019-12-31": "397.40000", "2018-12-31": "361.50000", "2017-12-31": "353.30000", "2016-12-31": "352.20000", "2015-12-31": "364.10000", "2014-12-31": "332.40000", "2013-12-31": "333.70000", "2012-12-31": "333.80000", "2011-12-31": "358.50000", "2010-12-31": "436.80000", "2009-12-31": "421.50000", "2008-12-31": "449.00000", "2007-12-31": "138.80000", "2006-12-31": "148.80000", "2005-12-31": "156.70000"}, "Other Non-Cash Items": {"2020-12-31": "-331.20000", "2019-12-31": "153.20000", "2018-12-31": "8.60000", "2017-12-31": "49.20000", "2016-12-31": "-306.20000", "2015-12-31": "146.90000", "2014-12-31": "-88.30000", "2013-12-31": "505.50000", "2012-12-31": "201.80000", "2011-12-31": "689.10000", "2010-12-31": "319.20000", "2009-12-31": "212.80000", "2008-12-31": "3491.60000", "2007-12-31": "-3036.10000", "2006-12-31": "-221.70000", "2005-12-31": "-350.70000"}, "Total Non-Cash Items": {"2020-12-31": "-36.90000", "2019-12-31": "550.60000", "2018-12-31": "370.10000", "2017-12-31": "402.50000", "2016-12-31": "46.00000", "2015-12-31": "511.00000", "2014-12-31": "244.10000", "2013-12-31": "839.20000", "2012-12-31": "535.60000", "2011-12-31": "1047.60000", "2010-12-31": "755.99990", "2009-12-31": "634.30000", "2008-12-31": "3940.60000", "2007-12-31": "-2897.30000", "2006-12-31": "-72.90000", "2005-12-31": "-194.00000"}, "Change In Accounts Receivable": {"2020-12-31": "", "2019-12-31": "-53.20000", "2018-12-31": "-236.00000", "2017-12-31": "-156.70000", "2016-12-31": "-101.30000", "2015-12-31": "-79.80000", "2014-12-31": "-119.90000", "2013-12-31": "-214.30000", "2012-12-31": "-34.20000", "2011-12-31": "16.00000", "2010-12-31": "-238.90000", "2009-12-31": "319.70000", "2008-12-31": "241.60000", "2007-12-31": "46.20000", "2006-12-31": "-94.40000", "2005-12-31": "-115.10000"}, "Change In Inventories": {"2020-12-31": "", "2019-12-31": "18.40000", "2018-12-31": "-169.90000", "2017-12-31": "-112.40000", "2016-12-31": "26.80000", "2015-12-31": "-6.30000", "2014-12-31": "-230.00000", "2013-12-31": "-39.40000", "2012-12-31": "-25.30000", "2011-12-31": "-6.40000", "2010-12-31": "-213.00000", "2009-12-31": "392.20000", "2008-12-31": "118.70000", "2007-12-31": "75.40000", "2006-12-31": "-21.40000", "2005-12-31": "20.60000"}, "Change In Accounts Payable": {"2020-12-31": "", "2019-12-31": "80.60000", "2018-12-31": "120.70000", "2017-12-31": "167.20000", "2016-12-31": "103.60000", "2015-12-31": "-41.00000", "2014-12-31": "157.20000", "2013-12-31": "141.00000", "2012-12-31": "-12.50000", "2011-12-31": "-55.10000", "2010-12-31": "246.90000", "2009-12-31": "52.90000", "2008-12-31": "-198.60000", "2007-12-31": "-88.10000", "2006-12-31": "182.10000", "2005-12-31": "5.70000"}, "Change In Assets/Liabilities": {"2020-12-31": "480.50000", "2019-12-31": "-105.40000", "2018-12-31": "-34.60000", "2017-12-31": "-89.40000", "2016-12-31": "-45.90000", "2015-12-31": "-178.30000", "2014-12-31": "-28.60000", "2013-12-31": "-288.90000", "2012-12-31": "-312.20000", "2011-12-31": "-184.60000", "2010-12-31": "-520.70000", "2009-12-31": "-140.70000", "2008-12-31": "-1074.00000", "2007-12-31": "-299.90000", "2006-12-31": "-212.80000", "2005-12-31": "-330.50000"}, "Total Change In Assets/Liabilities": {"2020-12-31": "480.50000", "2019-12-31": "-59.60000", "2018-12-31": "-319.80000", "2017-12-31": "-191.30000", "2016-12-31": "-16.80000", "2015-12-31": "-305.40000", "2014-12-31": "-221.30000", "2013-12-31": "-401.60000", "2012-12-31": "-384.20000", "2011-12-31": "-230.10000", "2010-12-31": "-725.70000", "2009-12-31": "624.10000", "2008-12-31": "-912.30000", "2007-12-31": "-266.40000", "2006-12-31": "-146.50000", "2005-12-31": "-419.30000"}, "Cash Flow From Operating Activities": {"2020-12-31": "1435.00000", "2019-12-31": "1919.50000", "2018-12-31": "1407.80000", "2017-12-31": "1523.50000", "2016-12-31": "1521.90000", "2015-12-31": "888.40000", "2014-12-31": "973.20000", "2013-12-31": "1091.50000", "2012-12-31": "1195.40000", "2011-12-31": "1186.80000", "2010-12-31": "695.40000", "2009-12-31": "1734.60000", "2008-12-31": "423.50000", "2007-12-31": "826.30000", "2006-12-31": "813.10000", "2005-12-31": "440.90000"}, "Net Change In Property, Plant, And Equipment": {"2020-12-31": "-146.20000", "2019-12-31": "-250.30000", "2018-12-31": "-343.50000", "2017-12-31": "-219.80000", "2016-12-31": "-173.20000", "2015-12-31": "-231.10000", "2014-12-31": "-219.10000", "2013-12-31": "-217.90000", "2012-12-31": "-225.20000", "2011-12-31": "-168.60000", "2010-12-31": "-165.00000", "2009-12-31": "-182.50000", "2008-12-31": "-229.20000", "2007-12-31": "-105.50000", "2006-12-31": "-135.20000", "2005-12-31": "-69.80000"}, "Net Change In Intangible Assets": {"2020-12-31": "", "2019-12-31": "", "2018-12-31": "", "2017-12-31": "", "2016-12-31": "", "2015-12-31": "", "2014-12-31": "", "2013-12-31": "", "2012-12-31": "", "2011-12-31": "", "2010-12-31": "", "2009-12-31": "", "2008-12-31": "", "2007-12-31": "", "2006-12-31": "", "2005-12-31": ""}, "Net Acquisitions/Divestitures": {"2020-12-31": "-181.50000", "2019-12-31": "-1539.70000", "2018-12-31": "-285.20000", "2017-12-31": "-157.60000", "2016-12-31": "413.30000", "2015-12-31": "-961.80000", "2014-12-31": "-8.20000", "2013-12-31": "4.70000", "2012-12-31": "52.70000", "2011-12-31": "398.40000", "2010-12-31": "-14.00000", "2009-12-31": "", "2008-12-31": "-7054.40000", "2007-12-31": "6128.60000", "2006-12-31": "-49.70000", "2005-12-31": "-473.30000"}, "Net Change In Short-term Investments": {"2020-12-31": "", "2019-12-31": "", "2018-12-31": "", "2017-12-31": "", "2016-12-31": "", "2015-12-31": "", "2014-12-31": "", "2013-12-31": "", "2012-12-31": "", "2011-12-31": "", "2010-12-31": "", "2009-12-31": "", "2008-12-31": "7.80000", "2007-12-31": "0.70000", "2006-12-31": "155.80000", "2005-12-31": "-152.60000"}, "Net Change In Long-Term Investments": {"2020-12-31": "", "2019-12-31": "", "2018-12-31": "", "2017-12-31": "", "2016-12-31": "", "2015-12-31": "", "2014-12-31": "", "2013-12-31": "", "2012-12-31": "", "2011-12-31": "", "2010-12-31": "", "2009-12-31": "", "2008-12-31": "", "2007-12-31": "", "2006-12-31": "", "2005-12-31": ""}, "Net Change In Investments - Total": {"2020-12-31": "", "2019-12-31": "", "2018-12-31": "", "2017-12-31": "", "2016-12-31": "", "2015-12-31": "", "2014-12-31": "", "2013-12-31": "", "2012-12-31": "", "2011-12-31": "", "2010-12-31": "", "2009-12-31": "", "2008-12-31": "7.80000", "2007-12-31": "0.70000", "2006-12-31": "155.80000", "2005-12-31": "-152.60000"}, "Investing Activities - Other": {"2020-12-31": "-48.50000", "2019-12-31": "10.00000", "2018-12-31": "-0.70000", "2017-12-31": "2.70000", "2016-12-31": "", "2015-12-31": "", "2014-12-31": "30.30000", "2013-12-31": "-2.20000", "2012-12-31": "26.00000", "2011-12-31": "-22.30000", "2010-12-31": "0.40000", "2009-12-31": "-0.20000", "2008-12-31": "-31.20000", "2007-12-31": "28.60000", "2006-12-31": "0.40000", "2005-12-31": "7.10000"}, "Cash Flow From Investing Activities": {"2020-12-31": "-376.20000", "2019-12-31": "-1780.00000", "2018-12-31": "-629.40000", "2017-12-31": "-374.70000", "2016-12-31": "240.10000", "2015-12-31": "-1192.90000", "2014-12-31": "-197.00000", "2013-12-31": "-215.40000", "2012-12-31": "-146.50000", "2011-12-31": "207.50000", "2010-12-31": "-178.60000", "2009-12-31": "-182.70000", "2008-12-31": "-7307.00000", "2007-12-31": "6052.40000", "2006-12-31": "-28.70000", "2005-12-31": "-688.60000"}, "Net Long-Term Debt": {"2020-12-31": "-307.50000", "2019-12-31": "1490.40000", "2018-12-31": "24.00000", "2017-12-31": "-7.70000", "2016-12-31": "", "2015-12-31": "-23.90000", "2014-12-31": "600.60000", "2013-12-31": "282.80000", "2012-12-31": "-418.90000", "2011-12-31": "-88.30000", "2010-12-31": "-461.90000", "2009-12-31": "45.80010", "2008-12-31": "1979.90000", "2007-12-31": "-139.80000", "2006-12-31": "-509.70000", "2005-12-31": "102.90000"}, "Net Current Debt": {"2020-12-31": "", "2019-12-31": "", "2018-12-31": "-6.40000", "2017-12-31": "-4.00000", "2016-12-31": "-150.70000", "2015-12-31": "30.30000", "2014-12-31": "99.60000", "2013-12-31": "8.90000", "2012-12-31": "5.50000", "2011-12-31": "35.50000", "2010-12-31": "33.10000", "2009-12-31": "-1056.30000", "2008-12-31": "1004.50000", "2007-12-31": "-409.90000", "2006-12-31": "369.20000", "2005-12-31": "-40.20000"}, "Debt Issuance/Retirement Net - Total": {"2020-12-31": "-307.50000", "2019-12-31": "1490.40000", "2018-12-31": "17.60000", "2017-12-31": "-11.70000", "2016-12-31": "-150.70000", "2015-12-31": "6.40000", "2014-12-31": "700.20000", "2013-12-31": "291.70000", "2012-12-31": "-413.40000", "2011-12-31": "-52.80000", "2010-12-31": "-428.80000", "2009-12-31": "-1010.50000", "2008-12-31": "2984.40000", "2007-12-31": "-549.70000", "2006-12-31": "-140.50000", "2005-12-31": "62.70000"}, "Net Common Equity Issued/Repurchased": {"2020-12-31": "-250.00000", "2019-12-31": "-633.30000", "2018-12-31": "-831.30000", "2017-12-31": "-940.20000", "2016-12-31": "-187.20000", "2015-12-31": "-188.80000", "2014-12-31": "-1261.80000", "2013-12-31": "-940.70000", "2012-12-31": "-667.30000", "2011-12-31": "-1048.50000", "2010-12-31": "145.30000", "2009-12-31": "27.20000", "2008-12-31": "16.50000", "2007-12-31": "-1839.70000", "2006-12-31": "-1000.60000", "2005-12-31": "-672.70000"}, "Net Total Equity Issued/Repurchased": {"2020-12-31": "-250.00000", "2019-12-31": "-633.30000", "2018-12-31": "-831.30000", "2017-12-31": "-940.20000", "2016-12-31": "-187.20000", "2015-12-31": "-188.80000", "2014-12-31": "-1261.80000", "2013-12-31": "-940.70000", "2012-12-31": "-667.30000", "2011-12-31": "-1048.50000", "2010-12-31": "145.30000", "2009-12-31": "27.20000", "2008-12-31": "16.50000", "2007-12-31": "-1839.70000", "2006-12-31": "-1000.60000", "2005-12-31": "-746.29990"}, "Total Common And Preferred Stock Dividends Paid": {"2020-12-31": "-507.30000", "2019-12-31": "-525.90000", "2018-12-31": "-520.90000", "2017-12-31": "-445.90000", "2016-12-31": "-362.70000", "2015-12-31": "-312.60000", "2014-12-31": "-285.60000", "2013-12-31": "-257.90000", "2012-12-31": "-206.30000", "2011-12-31": "-158.10000", "2010-12-31": "-110.90000", "2009-12-31": "-181.00000", "2008-12-31": "-230.40000", "2007-12-31": "-215.20000", "2006-12-31": "-217.60000", "2005-12-31": "-192.10000"}, "Financial Activities - Other": {"2020-12-31": "1949.10000", "2019-12-31": "-60.70000", "2018-12-31": "-44.20000", "2017-12-31": "-34.70000", "2016-12-31": "-26.30000", "2015-12-31": "-32.60000", "2014-12-31": "-12.30000", "2013-12-31": "1253.50000", "2012-12-31": "-16.90000", "2011-12-31": "13.00000", "2010-12-31": "-9.30000", "2009-12-31": "-43.80000", "2008-12-31": "-9.90000", "2007-12-31": "36.10000", "2006-12-31": "15.50000", "2005-12-31": ""}, "Cash Flow From Financial Activities": {"2020-12-31": "884.30000", "2019-12-31": "270.50000", "2018-12-31": "-1378.80000", "2017-12-31": "-1432.50000", "2016-12-31": "-726.90000", "2015-12-31": "-527.60000", "2014-12-31": "-859.50000", "2013-12-31": "346.60000", "2012-12-31": "-1303.90000", "2011-12-31": "-1246.40000", "2010-12-31": "-403.70000", "2009-12-31": "-1208.10000", "2008-12-31": "2760.60000", "2007-12-31": "-2568.50000", "2006-12-31": "-1343.20000", "2005-12-31": "-875.70000"}, "Net Cash Flow": {"2020-12-31": "2011.30000", "2019-12-31": "400.20000", "2018-12-31": "-646.00000", "2017-12-31": "-165.30000", "2016-12-31": "977.90000", "2015-12-31": "-968.40000", "2014-12-31": "-232.00000", "2013-12-31": "1228.80000", "2012-12-31": "-278.60000", "2011-12-31": "146.40000", "2010-12-31": "137.60000", "2009-12-31": "326.50000", "2008-12-31": "-4185.10000", "2007-12-31": "4379.50000", "2006-12-31": "-520.20000", "2005-12-31": "-820.90000"}, "Stock-Based Compensation": {"2020-12-31": "", "2019-12-31": "66.40000", "2018-12-31": "78.80000", "2017-12-31": "70.80000", "2016-12-31": "", "2015-12-31": "", "2014-12-31": "", "2013-12-31": "", "2012-12-31": "", "2011-12-31": "42.60000", "2010-12-31": "73.50000", "2009-12-31": "68.30000", "2008-12-31": "42.30000", "2007-12-31": "31.00000", "2006-12-31": "20.70000", "2005-12-31": ""}, "Common Stock Dividends Paid": {"2020-12-31": "-507.30000", "2019-12-31": "-525.90000", "2018-12-31": "-520.90000", "2017-12-31": "-445.90000", "2016-12-31": "-362.70000", "2015-12-31": "-312.60000", "2014-12-31": "-285.60000", "2013-12-31": "-257.90000", "2012-12-31": "-206.30000", "2011-12-31": "-158.10000", "2010-12-31": "-110.90000", "2009-12-31": "-181.00000", "2008-12-31": "-230.40000", "2007-12-31": "-215.20000", "2006-12-31": "-217.60000", "2005-12-31": "-192.10000"}}, "cash flow statement, quarterly": {"Net Income/Loss": {"2020-12-31": 370.6, "2020-09-30": 404.6, "2020-06-30": 242.1, "2020-03-31": "-25.90000", "2019-12-31": 301.1, "2019-09-30": 463.4, "2019-06-30": 460.3, "2019-03-31": "203.70000", "2018-12-31": 261.4, "2018-09-30": 519.4, "2018-06-30": 452.6, "2018-03-31": "124.10000", "2017-12-31": 457.1, "2017-09-30": 371.9, "2017-06-30": 362.2, "2017-03-31": "121.10000", "2016-12-31": 202.8, "2016-09-30": 381.9, "2016-06-30": 752.4, "2016-03-31": "155.60000", "2015-12-31": 238.5, "2015-09-30": 306, "2015-06-30": 82.9, "2015-03-31": "55.40000", "2014-12-31": 260.2, "2014-09-30": 296.2, "2014-06-30": 310.4, "2014-03-31": "83.60000", "2013-12-31": 53.8, "2013-09-30": 180.8, "2013-06-30": 324.7, "2013-03-31": "94.60000", "2012-12-31": 241.8, "2012-09-30": 327.1, "2012-06-30": 372.9, "2012-03-31": "102.20000", "2011-12-31": 248.1, "2011-09-30": 93.4, "2011-06-30": 99.3, "2011-03-31": "-71.50000", "2010-12-31": 219.5, "2010-09-30": 237.6, "2010-06-30": 202, "2010-03-31": "6.00000", "2009-12-31": 147.9, "2009-09-30": 222.6, "2009-06-30": 127.5, "2009-03-31": "-21.80000", "2008-12-31": -3286.1, "2008-09-30": 233.2, "2008-06-30": 262.7, "2008-03-31": "185.40000", "2007-12-31": 2541.8, "2007-09-30": 266.6, "2007-06-30": 964.1, "2007-03-31": "217.50000", "2006-12-31": 221.9, "2006-09-30": 243.9, "2006-06-30": 313.5, "2006-03-31": "253.20000", "2005-12-31": 291.5, "2005-09-30": 254.2, "2005-06-30": 285.4, "2005-03-31": "223.10000"}, "Total Depreciation And Amortization - Cash Flow": {"2020-12-31": 70.6, "2020-09-30": 74.5, "2020-06-30": 74.2, "2020-03-31": "75.00000", "2019-12-31": 181.6, "2019-09-30": 72.7, "2019-06-30": 72.2, "2019-03-31": "70.90000", "2018-12-31": 88.5, "2018-09-30": 85.2, "2018-06-30": 94.4, "2018-03-31": "93.40000", "2017-12-31": 91.4, "2017-09-30": 87.8, "2017-06-30": 87.4, "2017-03-31": "86.70000", "2016-12-31": 87.5, "2016-09-30": 88.7, "2016-06-30": 88, "2016-03-31": "88.00000", "2015-12-31": 94.9, "2015-09-30": 88.5, "2015-06-30": 92.8, "2015-03-31": "87.90000", "2014-12-31": 81.9, "2014-09-30": 82.3, "2014-06-30": 85.9, "2014-03-31": "82.30000", "2013-12-31": 83.8, "2013-09-30": 82.9, "2013-06-30": 83.3, "2013-03-31": "83.70000", "2012-12-31": 48.4, "2012-09-30": 92.3, "2012-06-30": 95.1, "2012-03-31": "98.00000", "2011-12-31": 56.7, "2011-09-30": 96.8, "2011-06-30": 106.7, "2011-03-31": "98.30000", "2010-12-31": 107.4, "2010-09-30": 119.6, "2010-06-30": 104.7, "2010-03-31": "105.10000", "2009-12-31": 108, "2009-09-30": 110.3, "2009-06-30": 100.7, "2009-03-31": "102.50000", "2008-12-31": 119.2, "2008-09-30": 202.6, "2008-06-30": 89.1, "2008-03-31": "38.10000", "2007-12-31": 39.8, "2007-09-30": 28.3, "2007-06-30": 34.7, "2007-03-31": "36.00000", "2006-12-31": 34.8, "2006-09-30": 38.5, "2006-06-30": 29.3, "2006-03-31": "46.20000", "2005-12-31": 12.6, "2005-09-30": 46.1, "2005-06-30": 45.7, "2005-03-31": "52.30000"}, "Other Non-Cash Items": {"2020-12-31": -245.4, "2020-09-30": 24.6, "2020-06-30": -29.5, "2020-03-31": "-80.90000", "2019-12-31": 74.4, "2019-09-30": 48.9, "2019-06-30": 90.9, "2019-03-31": "-61.00000", "2018-12-31": -93.5, "2018-09-30": 22.5, "2018-06-30": 32.6, "2018-03-31": "47.00000", "2017-12-31": -97.9, "2017-09-30": 75.7, "2017-06-30": 29.6, "2017-03-31": "41.80000", "2016-12-31": -66.6, "2016-09-30": 101.5, "2016-06-30": -331.3, "2016-03-31": "-9.80000", "2015-12-31": 56.6, "2015-09-30": 5.7, "2015-06-30": 23.4, "2015-03-31": "61.20000", "2014-12-31": -94, "2014-09-30": 21.4, "2014-06-30": 13.4, "2014-03-31": "-29.10000", "2013-12-31": 273.9, "2013-09-30": 165.6, "2013-06-30": 74.5, "2013-03-31": "-8.50000", "2012-12-31": 256.1, "2012-09-30": 10.4, "2012-06-30": -8.8, "2012-03-31": "-55.90000", "2011-12-31": 9, "2011-09-30": 270.6, "2011-06-30": 208.8, "2011-03-31": "200.70000", "2010-12-31": 155, "2010-09-30": 85.6, "2010-06-30": 68, "2010-03-31": "10.60000", "2009-12-31": 111.8, "2009-09-30": 31.6, "2009-06-30": 40.9, "2009-03-31": "28.50000", "2008-12-31": 3414.1, "2008-09-30": 14.6, "2008-06-30": 18.8, "2008-03-31": "44.10000", "2007-12-31": -2175.5, "2007-09-30": -61.4, "2007-06-30": -750.2, "2007-03-31": "-49.00000", "2006-12-31": 13.7, "2006-09-30": -34.8, "2006-06-30": -200, "2006-03-31": "-0.60000", "2005-12-31": -365.3, "2005-09-30": 11, "2005-06-30": -1.1, "2005-03-31": "4.70000"}, "Total Non-Cash Items": {"2020-12-31": -174.8, "2020-09-30": 99.1, "2020-06-30": 44.7, "2020-03-31": "-5.90000", "2019-12-31": 256, "2019-09-30": 121.6, "2019-06-30": 163.1, "2019-03-31": "9.90000", "2018-12-31": -5, "2018-09-30": 107.7, "2018-06-30": 127, "2018-03-31": "140.40000", "2017-12-31": -6.5, "2017-09-30": 163.5, "2017-06-30": 117, "2017-03-31": "128.50000", "2016-12-31": 20.9, "2016-09-30": 190.2, "2016-06-30": -243.3, "2016-03-31": "78.20000", "2015-12-31": 151.5, "2015-09-30": 94.2, "2015-06-30": 116.2, "2015-03-31": "149.10000", "2014-12-31": -12.1, "2014-09-30": 103.7, "2014-06-30": 99.3, "2014-03-31": "53.20000", "2013-12-31": 357.7, "2013-09-30": 248.5, "2013-06-30": 157.8, "2013-03-31": "75.20000", "2012-12-31": 304.5, "2012-09-30": 102.7, "2012-06-30": 86.3, "2012-03-31": "42.10000", "2011-12-31": 65.7, "2011-09-30": 367.4, "2011-06-30": 315.5, "2011-03-31": "299.00000", "2010-12-31": 262.3999, "2010-09-30": 205.2, "2010-06-30": 172.7, "2010-03-31": "115.70000", "2009-12-31": 219.8, "2009-09-30": 141.9, "2009-06-30": 141.6, "2009-03-31": "131.00000", "2008-12-31": 3533.3, "2008-09-30": 217.2, "2008-06-30": 107.9, "2008-03-31": "82.20000", "2007-12-31": -2135.7, "2007-09-30": -33.1, "2007-06-30": -715.5, "2007-03-31": "-13.00000", "2006-12-31": 48.5, "2006-09-30": 3.7, "2006-06-30": -170.7, "2006-03-31": "45.60000", "2005-12-31": -352.7, "2005-09-30": 57.1, "2005-06-30": 44.6, "2005-03-31": "57.00000"}, "Change In Accounts Receivable": {"2020-12-31": 0, "2020-09-30": 0, "2020-06-30": 0, "2020-03-31": "", "2019-12-31": -53.2, "2019-09-30": 0, "2019-06-30": 0, "2019-03-31": "", "2018-12-31": -236, "2018-09-30": 0, "2018-06-30": 0, "2018-03-31": "", "2017-12-31": -156.7, "2017-09-30": 0, "2017-06-30": 0, "2017-03-31": "", "2016-12-31": -101.3, "2016-09-30": 0, "2016-06-30": 0, "2016-03-31": "", "2015-12-31": -79.8, "2015-09-30": 0, "2015-06-30": 0, "2015-03-31": "", "2014-12-31": -119.9, "2014-09-30": 0, "2014-06-30": 0, "2014-03-31": "", "2013-12-31": -214.3, "2013-09-30": 0, "2013-06-30": 0, "2013-03-31": "", "2012-12-31": -34.2, "2012-09-30": 0, "2012-06-30": 0, "2012-03-31": "", "2011-12-31": 16, "2011-09-30": 0, "2011-06-30": 0, "2011-03-31": "", "2010-12-31": -238.9, "2010-09-30": 0, "2010-06-30": 0, "2010-03-31": "", "2009-12-31": 319.7, "2009-09-30": 0, "2009-06-30": 0, "2009-03-31": "", "2008-12-31": 241.6, "2008-09-30": 0, "2008-06-30": 0, "2008-03-31": "", "2007-12-31": 46.2, "2007-09-30": 0, "2007-06-30": 0, "2007-03-31": "", "2006-12-31": -94.4, "2006-09-30": 0, "2006-06-30": 0, "2006-03-31": "", "2005-12-31": -115.1, "2005-09-30": 0, "2005-06-30": 0, "2005-03-31": ""}, "Change In Inventories": {"2020-12-31": 0, "2020-09-30": 0, "2020-06-30": 0, "2020-03-31": "", "2019-12-31": 18.4, "2019-09-30": 0, "2019-06-30": 0, "2019-03-31": "", "2018-12-31": -169.9, "2018-09-30": 0, "2018-06-30": 0, "2018-03-31": "", "2017-12-31": -112.4, "2017-09-30": 0, "2017-06-30": 0, "2017-03-31": "", "2016-12-31": 26.8, "2016-09-30": 0, "2016-06-30": 0, "2016-03-31": "", "2015-12-31": -6.3, "2015-09-30": 0, "2015-06-30": 0, "2015-03-31": "", "2014-12-31": -230, "2014-09-30": 0, "2014-06-30": 0, "2014-03-31": "", "2013-12-31": -39.4, "2013-09-30": 0, "2013-06-30": 0, "2013-03-31": "", "2012-12-31": -25.3, "2012-09-30": 0, "2012-06-30": 0, "2012-03-31": "", "2011-12-31": -6.4, "2011-09-30": 0, "2011-06-30": 0, "2011-03-31": "", "2010-12-31": -213, "2010-09-30": 0, "2010-06-30": 0, "2010-03-31": "", "2009-12-31": 392.2, "2009-09-30": 0, "2009-06-30": 0, "2009-03-31": "", "2008-12-31": 118.7, "2008-09-30": 0, "2008-06-30": 0, "2008-03-31": "", "2007-12-31": 75.4, "2007-09-30": 0, "2007-06-30": 0, "2007-03-31": "", "2006-12-31": -21.4, "2006-09-30": 0, "2006-06-30": 0, "2006-03-31": "", "2005-12-31": 20.6, "2005-09-30": 0, "2005-06-30": 0, "2005-03-31": ""}, "Change In Accounts Payable": {"2020-12-31": 0, "2020-09-30": 0, "2020-06-30": 0, "2020-03-31": "", "2019-12-31": 80.6, "2019-09-30": 0, "2019-06-30": 0, "2019-03-31": "", "2018-12-31": 120.7, "2018-09-30": 0, "2018-06-30": 0, "2018-03-31": "", "2017-12-31": 167.2, "2017-09-30": 0, "2017-06-30": 0, "2017-03-31": "", "2016-12-31": 103.6, "2016-09-30": 0, "2016-06-30": 0, "2016-03-31": "", "2015-12-31": -41, "2015-09-30": 0, "2015-06-30": 0, "2015-03-31": "", "2014-12-31": 157.2, "2014-09-30": 0, "2014-06-30": 0, "2014-03-31": "", "2013-12-31": 141, "2013-09-30": 0, "2013-06-30": 0, "2013-03-31": "", "2012-12-31": -12.5, "2012-09-30": 0, "2012-06-30": 0, "2012-03-31": "", "2011-12-31": -55.1, "2011-09-30": 0, "2011-06-30": 0, "2011-03-31": "", "2010-12-31": 246.9, "2010-09-30": 0, "2010-06-30": 0, "2010-03-31": "", "2009-12-31": 52.9, "2009-09-30": 0, "2009-06-30": 0, "2009-03-31": "", "2008-12-31": -198.6, "2008-09-30": 0, "2008-06-30": 0, "2008-03-31": "", "2007-12-31": -88.1, "2007-09-30": 0, "2007-06-30": 0, "2007-03-31": "", "2006-12-31": 182.1, "2006-09-30": 0, "2006-06-30": 0, "2006-03-31": "", "2005-12-31": 5.7, "2005-09-30": 0, "2005-06-30": 0, "2005-03-31": ""}, "Change In Assets/Liabilities": {"2020-12-31": 431.1, "2020-09-30": 426.8, "2020-06-30": -81.6, "2020-03-31": "-295.80000", "2019-12-31": 263.5, "2019-09-30": 74.4, "2019-06-30": -177.1, "2019-03-31": "-266.20000", "2018-12-31": 539.2, "2018-09-30": -107.4, "2018-06-30": -135.7, "2018-03-31": "-330.70000", "2017-12-31": 301.6, "2017-09-30": -67.7, "2017-06-30": -30.3, "2017-03-31": "-293.00000", "2016-12-31": 152.4, "2016-09-30": 116.5, "2016-06-30": -73.4, "2016-03-31": "-241.40000", "2015-12-31": 372.5, "2015-09-30": -317.2, "2015-06-30": 96.1, "2015-03-31": "-329.70000", "2014-12-31": 420.2, "2014-09-30": -33.5, "2014-06-30": -156.5, "2014-03-31": "-258.80000", "2013-12-31": -142.1, "2013-09-30": 42.6, "2013-06-30": -34.4, "2013-03-31": "-155.00000", "2012-12-31": 11.4, "2012-09-30": -18, "2012-06-30": -86.7, "2012-03-31": "-218.90000", "2011-12-31": 239.7, "2011-09-30": 0.5, "2011-06-30": -77.6, "2011-03-31": "-347.20000", "2010-12-31": -83.6, "2010-09-30": -183.6, "2010-06-30": -25.4, "2010-03-31": "-228.10000", "2009-12-31": -823, "2009-09-30": 191.1, "2009-06-30": 532.3, "2009-03-31": "-41.10000", "2008-12-31": 53.4, "2008-09-30": 56.5, "2008-06-30": -239.9, "2008-03-31": "-944.00000", "2007-12-31": -36.1, "2007-09-30": -13.7, "2007-06-30": -117.5, "2007-03-31": "-132.60000", "2006-12-31": -164.8, "2006-09-30": 76.7, "2006-06-30": 29.6, "2006-03-31": "-154.30000", "2005-12-31": 109.3, "2005-09-30": -14.4, "2005-06-30": -86.1, "2005-03-31": "-339.30000"}, "Total Change In Assets/Liabilities": {"2020-12-31": 431.1, "2020-09-30": 426.8, "2020-06-30": -81.6, "2020-03-31": "-295.80000", "2019-12-31": 309.3, "2019-09-30": 74.4, "2019-06-30": -177.1, "2019-03-31": "-266.20000", "2018-12-31": 254, "2018-09-30": -107.4, "2018-06-30": -135.7, "2018-03-31": "-330.70000", "2017-12-31": 199.7, "2017-09-30": -67.7, "2017-06-30": -30.3, "2017-03-31": "-293.00000", "2016-12-31": 181.5, "2016-09-30": 116.5, "2016-06-30": -73.4, "2016-03-31": "-241.40000", "2015-12-31": 245.4, "2015-09-30": -317.2, "2015-06-30": 96.1, "2015-03-31": "-329.70000", "2014-12-31": 227.5, "2014-09-30": -33.5, "2014-06-30": -156.5, "2014-03-31": "-258.80000", "2013-12-31": -254.8, "2013-09-30": 42.6, "2013-06-30": -34.4, "2013-03-31": "-155.00000", "2012-12-31": -60.6, "2012-09-30": -18, "2012-06-30": -86.7, "2012-03-31": "-218.90000", "2011-12-31": 194.2, "2011-09-30": 0.5, "2011-06-30": -77.6, "2011-03-31": "-347.20000", "2010-12-31": -288.6, "2010-09-30": -183.6, "2010-06-30": -25.4, "2010-03-31": "-228.10000", "2009-12-31": -58.2, "2009-09-30": 191.1, "2009-06-30": 532.3, "2009-03-31": "-41.10000", "2008-12-31": 215.1, "2008-09-30": 56.5, "2008-06-30": -239.9, "2008-03-31": "-944.00000", "2007-12-31": -2.6, "2007-09-30": -13.7, "2007-06-30": -117.5, "2007-03-31": "-132.60000", "2006-12-31": -98.5, "2006-09-30": 76.7, "2006-06-30": 29.6, "2006-03-31": "-154.30000", "2005-12-31": 20.5, "2005-09-30": -14.4, "2005-06-30": -86.1, "2005-03-31": "-339.30000"}, "Cash Flow From Operating Activities": {"2020-12-31": 626.9, "2020-09-30": 930.5, "2020-06-30": 205.2, "2020-03-31": "-327.60000", "2019-12-31": 866.4, "2019-09-30": 659.4, "2019-06-30": 446.3, "2019-03-31": "-52.60000", "2018-12-31": 510.4, "2018-09-30": 519.7, "2018-06-30": 443.9, "2018-03-31": "-66.20000", "2017-12-31": 650.3, "2017-09-30": 467.7, "2017-06-30": 448.9, "2017-03-31": "-43.40000", "2016-12-31": 405.2, "2016-09-30": 688.6, "2016-06-30": 435.7, "2016-03-31": "-7.60000", "2015-12-31": 635.4, "2015-09-30": 83, "2015-06-30": 295.2, "2015-03-31": "-125.20000", "2014-12-31": 475.6, "2014-09-30": 366.4, "2014-06-30": 253.2, "2014-03-31": "-122.00000", "2013-12-31": 209.5, "2013-09-30": 453.2, "2013-06-30": 436.8, "2013-03-31": "-8.00000", "2012-12-31": 459.9, "2012-09-30": 429.9, "2012-06-30": 289.2, "2012-03-31": "16.40000", "2011-12-31": 446, "2011-09-30": 408.3, "2011-06-30": 395, "2011-03-31": "-62.50000", "2010-12-31": 112.9, "2010-09-30": 323.7, "2010-06-30": 321.2, "2010-03-31": "-62.40000", "2009-12-31": 219.2, "2009-09-30": 595.8, "2009-06-30": 867.6, "2009-03-31": "52.00000", "2008-12-31": 410, "2008-09-30": 507.9, "2008-06-30": 174.7, "2008-03-31": "-669.10000", "2007-12-31": 360.9, "2007-09-30": 261.9, "2007-06-30": 124, "2007-03-31": "79.50000", "2006-12-31": 236.9, "2006-09-30": 349.2, "2006-06-30": 188.3, "2006-03-31": "38.70000", "2005-12-31": -6.3, "2005-09-30": 308.3, "2005-06-30": 203.5, "2005-03-31": "-64.60000"}, "Net Change In Property, Plant, And Equipment": {"2020-12-31": -57.1, "2020-09-30": -29.5, "2020-06-30": -24.9, "2020-03-31": "-34.70000", "2019-12-31": -98.7, "2019-09-30": -58.5, "2019-06-30": -44.1, "2019-03-31": "-49.00000", "2018-12-31": -92.3, "2018-09-30": -87.8, "2018-06-30": -110.6, "2018-03-31": "-52.80000", "2017-12-31": -69.9, "2017-09-30": -70.4, "2017-06-30": -44.7, "2017-03-31": "-34.80000", "2016-12-31": -48.3, "2016-09-30": -44.3, "2016-06-30": -40.5, "2016-03-31": "-40.10000", "2015-12-31": -72.6, "2015-09-30": -48.9, "2015-06-30": -57.9, "2015-03-31": "-51.70000", "2014-12-31": -75, "2014-09-30": -54.4, "2014-06-30": -44.5, "2014-03-31": "-45.20000", "2013-12-31": -49.6, "2013-09-30": -41, "2013-06-30": -64.4, "2013-03-31": "-62.90000", "2012-12-31": -67.1, "2012-09-30": -56.3, "2012-06-30": -52.1, "2012-03-31": "-49.70000", "2011-12-31": -88.8, "2011-09-30": -34.3, "2011-06-30": -7, "2011-03-31": "-38.50000", "2010-12-31": -59.9, "2010-09-30": -38, "2010-06-30": -33.3, "2010-03-31": "-33.80000", "2009-12-31": -45.7, "2009-09-30": -38, "2009-06-30": -48.6, "2009-03-31": "-50.20000", "2008-12-31": -92.7, "2008-09-30": -54.8, "2008-06-30": -46.4, "2008-03-31": "-35.30000", "2007-12-31": -27.2, "2007-09-30": -29.4, "2007-06-30": -21.3, "2007-03-31": "-27.60000", "2006-12-31": -33.3, "2006-09-30": -27.2, "2006-06-30": -40.6, "2006-03-31": "-34.10000", "2005-12-31": 25.6, "2005-09-30": -31.7, "2005-06-30": -40.1, "2005-03-31": "-23.60000"}, "Net Change In Intangible Assets": {"2020-12-31": 0, "2020-09-30": 0, "2020-06-30": 0, "2020-03-31": "", "2019-12-31": 0, "2019-09-30": 0, "2019-06-30": 0, "2019-03-31": "", "2018-12-31": 0, "2018-09-30": 0, "2018-06-30": 0, "2018-03-31": "", "2017-12-31": 0, "2017-09-30": 0, "2017-06-30": 0, "2017-03-31": "", "2016-12-31": 0, "2016-09-30": 0, "2016-06-30": 0, "2016-03-31": "", "2015-12-31": 0, "2015-09-30": 0, "2015-06-30": 0, "2015-03-31": "", "2014-12-31": 0, "2014-09-30": 0, "2014-06-30": 0, "2014-03-31": "", "2013-12-31": 0, "2013-09-30": 0, "2013-06-30": 0, "2013-03-31": "", "2012-12-31": 0, "2012-09-30": 0, "2012-06-30": 0, "2012-03-31": "", "2011-12-31": 0, "2011-09-30": 0, "2011-06-30": 0, "2011-03-31": "", "2010-12-31": 0, "2010-09-30": 0, "2010-06-30": 0, "2010-03-31": "", "2009-12-31": 0, "2009-09-30": 0, "2009-06-30": 0, "2009-03-31": "", "2008-12-31": 0, "2008-09-30": 0, "2008-06-30": 0, "2008-03-31": "", "2007-12-31": 0, "2007-09-30": 0, "2007-06-30": 0, "2007-03-31": "", "2006-12-31": 0, "2006-09-30": 0, "2006-06-30": 0, "2006-03-31": "", "2005-12-31": 0, "2005-09-30": 0, "2005-06-30": 0, "2005-03-31": ""}, "Net Acquisitions/Divestitures": {"2020-12-31": -179, "2020-09-30": 0, "2020-06-30": -3.5, "2020-03-31": "1.00000", "2019-12-31": -1459.2, "2019-09-30": -58.1, "2019-06-30": -0.4, "2019-03-31": "-22.00000", "2018-12-31": -3.7, "2018-09-30": 0, "2018-06-30": -79.9, "2018-03-31": "-201.60000", "2017-12-31": -97.3, "2017-09-30": -20.4, "2017-06-30": -30.1, "2017-03-31": "-9.80000", "2016-12-31": 422.5, "2016-09-30": 0, "2016-06-30": -9.2, "2016-03-31": "", "2015-12-31": -9.8, "2015-09-30": -10.3, "2015-06-30": 0, "2015-03-31": "-941.70000", "2014-12-31": -1, "2014-09-30": -2.4, "2014-06-30": 2.2, "2014-03-31": "-7.00000", "2013-12-31": 0, "2013-09-30": 0.3, "2013-06-30": 4.4, "2013-03-31": "", "2012-12-31": 52.7, "2012-09-30": 0, "2012-06-30": 0, "2012-03-31": "", "2011-12-31": 63.5, "2011-09-30": 336.9, "2011-06-30": 0.5, "2011-03-31": "-2.50000", "2010-12-31": -8.5, "2010-09-30": 0, "2010-06-30": -2.2, "2010-03-31": "-3.30000", "2009-12-31": 0, "2009-09-30": 0, "2009-06-30": 0, "2009-03-31": "", "2008-12-31": -22.3, "2008-09-30": 43.7, "2008-06-30": -7054, "2008-03-31": "-21.80000", "2007-12-31": 4863.6, "2007-09-30": -23, "2007-06-30": 1291.6, "2007-03-31": "-3.60000", "2006-12-31": 0, "2006-09-30": -21.2, "2006-06-30": -1.7, "2006-03-31": "-26.80000", "2005-12-31": 35.3, "2005-09-30": -100.3, "2005-06-30": -81, "2005-03-31": "-327.30000"}, "Net Change In Short-term Investments": {"2020-12-31": 0, "2020-09-30": 0, "2020-06-30": 0, "2020-03-31": "", "2019-12-31": 0, "2019-09-30": 0, "2019-06-30": 0, "2019-03-31": "", "2018-12-31": 0, "2018-09-30": 0, "2018-06-30": 0, "2018-03-31": "", "2017-12-31": 0, "2017-09-30": 0, "2017-06-30": 0, "2017-03-31": "", "2016-12-31": 0, "2016-09-30": 0, "2016-06-30": 0, "2016-03-31": "", "2015-12-31": 0, "2015-09-30": 0, "2015-06-30": 0, "2015-03-31": "", "2014-12-31": 0, "2014-09-30": 0, "2014-06-30": 0, "2014-03-31": "", "2013-12-31": 0, "2013-09-30": 0, "2013-06-30": 0, "2013-03-31": "", "2012-12-31": 0, "2012-09-30": 0, "2012-06-30": 0, "2012-03-31": "", "2011-12-31": 0, "2011-09-30": 0, "2011-06-30": 0, "2011-03-31": "", "2010-12-31": 0, "2010-09-30": 0, "2010-06-30": 0, "2010-03-31": "", "2009-12-31": 0, "2009-09-30": 0, "2009-06-30": 0, "2009-03-31": "", "2008-12-31": 7.8, "2008-09-30": 0, "2008-06-30": 0, "2008-03-31": "", "2007-12-31": 0.7, "2007-09-30": 0, "2007-06-30": 0, "2007-03-31": "", "2006-12-31": 0.2, "2006-09-30": -0.3, "2006-06-30": 46, "2006-03-31": "109.90000", "2005-12-31": -3.1, "2005-09-30": -143.1, "2005-06-30": 1.1, "2005-03-31": "-7.50000"}, "Net Change In Long-Term Investments": {"2020-12-31": 0, "2020-09-30": 0, "2020-06-30": 0, "2020-03-31": "", "2019-12-31": 0, "2019-09-30": 0, "2019-06-30": 0, "2019-03-31": "", "2018-12-31": 0, "2018-09-30": 0, "2018-06-30": 0, "2018-03-31": "", "2017-12-31": 0, "2017-09-30": 0, "2017-06-30": 0, "2017-03-31": "", "2016-12-31": -422.5, "2016-09-30": 0, "2016-06-30": 422.5, "2016-03-31": "", "2015-12-31": 0, "2015-09-30": 0, "2015-06-30": 0, "2015-03-31": "", "2014-12-31": 0, "2014-09-30": 0, "2014-06-30": 0, "2014-03-31": "", "2013-12-31": 0, "2013-09-30": 0, "2013-06-30": 0, "2013-03-31": "", "2012-12-31": 0, "2012-09-30": 0, "2012-06-30": 0, "2012-03-31": "", "2011-12-31": 0, "2011-09-30": 0, "2011-06-30": 0, "2011-03-31": "", "2010-12-31": 0, "2010-09-30": 0, "2010-06-30": 0, "2010-03-31": "", "2009-12-31": 0, "2009-09-30": 0, "2009-06-30": 0, "2009-03-31": "", "2008-12-31": 0, "2008-09-30": 0, "2008-06-30": 0, "2008-03-31": "", "2007-12-31": 0, "2007-09-30": 0, "2007-06-30": 0, "2007-03-31": "", "2006-12-31": 0, "2006-09-30": 0, "2006-06-30": 0, "2006-03-31": "", "2005-12-31": 0, "2005-09-30": 0, "2005-06-30": 0, "2005-03-31": ""}, "Net Change In Investments - Total": {"2020-12-31": 0, "2020-09-30": 0, "2020-06-30": 0, "2020-03-31": "", "2019-12-31": 0, "2019-09-30": 0, "2019-06-30": 0, "2019-03-31": "", "2018-12-31": 0, "2018-09-30": 0, "2018-06-30": 0, "2018-03-31": "", "2017-12-31": 0, "2017-09-30": 0, "2017-06-30": 0, "2017-03-31": "", "2016-12-31": -422.5, "2016-09-30": 0, "2016-06-30": 422.5, "2016-03-31": "", "2015-12-31": 0, "2015-09-30": 0, "2015-06-30": 0, "2015-03-31": "", "2014-12-31": 0, "2014-09-30": 0, "2014-06-30": 0, "2014-03-31": "", "2013-12-31": 0, "2013-09-30": 0, "2013-06-30": 0, "2013-03-31": "", "2012-12-31": 0, "2012-09-30": 0, "2012-06-30": 0, "2012-03-31": "", "2011-12-31": 0, "2011-09-30": 0, "2011-06-30": 0, "2011-03-31": "", "2010-12-31": 0, "2010-09-30": 0, "2010-06-30": 0, "2010-03-31": "", "2009-12-31": 0, "2009-09-30": 0, "2009-06-30": 0, "2009-03-31": "", "2008-12-31": 7.8, "2008-09-30": 0, "2008-06-30": 0, "2008-03-31": "", "2007-12-31": 0.7, "2007-09-30": 0, "2007-06-30": 0, "2007-03-31": "", "2006-12-31": 0.2, "2006-09-30": -0.3, "2006-06-30": 46, "2006-03-31": "109.90000", "2005-12-31": -3.1, "2005-09-30": -143.1, "2005-06-30": 1.1, "2005-03-31": "-7.50000"}, "Investing Activities - Other": {"2020-12-31": -1.3, "2020-09-30": -0.5, "2020-06-30": -39.9, "2020-03-31": "-6.80000", "2019-12-31": 1491.9, "2019-09-30": -10.1, "2019-06-30": -1466.4, "2019-03-31": "-5.40000", "2018-12-31": -12.8, "2018-09-30": 12.1, "2018-06-30": 3.3, "2018-03-31": "-3.30000", "2017-12-31": -1.1, "2017-09-30": 3.3, "2017-06-30": 0.5, "2017-03-31": "", "2016-12-31": 0, "2016-09-30": 0, "2016-06-30": 0, "2016-03-31": "", "2015-12-31": 0, "2015-09-30": 0, "2015-06-30": 0, "2015-03-31": "", "2014-12-31": 0, "2014-09-30": 0, "2014-06-30": 30.3, "2014-03-31": "", "2013-12-31": -15.3, "2013-09-30": 20.7, "2013-06-30": -3.3, "2013-03-31": "-4.30000", "2012-12-31": -10, "2012-09-30": 0, "2012-06-30": 36, "2012-03-31": "", "2011-12-31": -66.7, "2011-09-30": 0, "2011-06-30": 44.4, "2011-03-31": "", "2010-12-31": 0.4, "2010-09-30": 0.2, "2010-06-30": -1.4, "2010-03-31": "1.20000", "2009-12-31": 0, "2009-09-30": 0, "2009-06-30": -0.1, "2009-03-31": "-0.10000", "2008-12-31": 11.3, "2008-09-30": -23.4, "2008-06-30": -24.2, "2008-03-31": "5.10000", "2007-12-31": -2.8, "2007-09-30": 27.9, "2007-06-30": 3.5, "2007-03-31": "", "2006-12-31": 2.8, "2006-09-30": -0.5, "2006-06-30": -1.3, "2006-03-31": "-0.60000", "2005-12-31": 0.3, "2005-09-30": 2.3, "2005-06-30": 3.1, "2005-03-31": "1.40000"}, "Cash Flow From Investing Activities": {"2020-12-31": -237.4, "2020-09-30": -30, "2020-06-30": -68.3, "2020-03-31": "-40.50000", "2019-12-31": -66, "2019-09-30": -126.7, "2019-06-30": -1510.9, "2019-03-31": "-76.40000", "2018-12-31": -108.8, "2018-09-30": -75.7, "2018-06-30": -187.2, "2018-03-31": "-257.70000", "2017-12-31": -168.3, "2017-09-30": -87.5, "2017-06-30": -74.3, "2017-03-31": "-44.60000", "2016-12-31": -48.3, "2016-09-30": -44.3, "2016-06-30": 372.8, "2016-03-31": "-40.10000", "2015-12-31": -82.4, "2015-09-30": -59.2, "2015-06-30": -57.9, "2015-03-31": "-993.40000", "2014-12-31": -76, "2014-09-30": -56.8, "2014-06-30": -12, "2014-03-31": "-52.20000", "2013-12-31": -64.9, "2013-09-30": -20, "2013-06-30": -63.3, "2013-03-31": "-67.20000", "2012-12-31": -24.4, "2012-09-30": -56.3, "2012-06-30": -16.1, "2012-03-31": "-49.70000", "2011-12-31": -92, "2011-09-30": 302.6, "2011-06-30": 37.9, "2011-03-31": "-41.00000", "2010-12-31": -68, "2010-09-30": -37.8, "2010-06-30": -36.9, "2010-03-31": "-35.90000", "2009-12-31": -45.7, "2009-09-30": -38, "2009-06-30": -48.7, "2009-03-31": "-50.30000", "2008-12-31": -95.9, "2008-09-30": -34.5, "2008-06-30": -7124.6, "2008-03-31": "-52.00000", "2007-12-31": 4834.3, "2007-09-30": -24.5, "2007-06-30": 1273.8, "2007-03-31": "-31.20000", "2006-12-31": -30.3, "2006-09-30": -49.2, "2006-06-30": 2.4, "2006-03-31": "48.40000", "2005-12-31": 58.1, "2005-09-30": -272.8, "2005-06-30": -116.9, "2005-03-31": "-357.00000"}, "Net Long-Term Debt": {"2020-12-31": 0, "2020-09-30": 0, "2020-06-30": -307.5, "2020-03-31": "", "2019-12-31": 0, "2019-09-30": 0, "2019-06-30": -7.5, "2019-03-31": "1497.90000", "2018-12-31": -0.1, "2018-09-30": 0, "2018-06-30": -7.5, "2018-03-31": "31.60000", "2017-12-31": -0.1, "2017-09-30": 0, "2017-06-30": -7.6, "2017-03-31": "", "2016-12-31": 0, "2016-09-30": 0, "2016-06-30": 0, "2016-03-31": "", "2015-12-31": -0.2, "2015-09-30": 0, "2015-06-30": -7.7, "2015-03-31": "-16.00000", "2014-12-31": 596.3, "2014-09-30": 3.5, "2014-06-30": -3.5, "2014-03-31": "4.30000", "2013-12-31": -0.0999, "2013-09-30": -1255.2001, "2013-06-30": 1538.3, "2013-03-31": "-0.20000", "2012-12-31": -1.3, "2012-09-30": -63.2, "2012-06-30": -352.7, "2012-03-31": "-1.70000", "2011-12-31": -10.3, "2011-09-30": -2.7, "2011-06-30": -73.1, "2011-03-31": "-2.20000", "2010-12-31": 9.6, "2010-09-30": -238.8, "2010-06-30": 10.4, "2010-03-31": "-243.10000", "2009-12-31": 7.9002, "2009-09-30": -4.4002, "2009-06-30": -146.0999, "2009-03-31": "188.40000", "2008-12-31": -403.2, "2008-09-30": 2517.6, "2008-06-30": -133.7, "2008-03-31": "-0.80000", "2007-12-31": -127.4, "2007-09-30": -1.2, "2007-06-30": -9.3, "2007-03-31": "-1.90000", "2006-12-31": -0.1, "2006-09-30": -3.3, "2006-06-30": -501.6, "2006-03-31": "-4.70000", "2005-12-31": -45.3, "2005-09-30": -1, "2005-06-30": 168.3, "2005-03-31": "-19.10000"}, "Net Current Debt": {"2020-12-31": 0, "2020-09-30": 0, "2020-06-30": 0, "2020-03-31": "", "2019-12-31": 0, "2019-09-30": -179, "2019-06-30": 155.1, "2019-03-31": "23.90000", "2018-12-31": 0, "2018-09-30": -249, "2018-06-30": -5.3, "2018-03-31": "247.90000", "2017-12-31": 0, "2017-09-30": -4, "2017-06-30": 0, "2017-03-31": "", "2016-12-31": -0.1, "2016-09-30": 0, "2016-06-30": -404.6, "2016-03-31": "254.00000", "2015-12-31": -332.5, "2015-09-30": 178.1, "2015-06-30": -142.4, "2015-03-31": "327.10000", "2014-12-31": 99.9, "2014-09-30": -38.5, "2014-06-30": 38.1, "2014-03-31": "0.10000", "2013-12-31": -3.7, "2013-09-30": 0.9, "2013-06-30": 9.1, "2013-03-31": "2.60000", "2012-12-31": -60.6, "2012-09-30": 64.6, "2012-06-30": 1.1, "2012-03-31": "0.40000", "2011-12-31": 10, "2011-09-30": 6.6, "2011-06-30": 24.9, "2011-03-31": "-6.00000", "2010-12-31": 9.2, "2010-09-30": 9.8, "2010-06-30": -59.5, "2010-03-31": "73.60000", "2009-12-31": -45.9, "2009-09-30": -593.6, "2009-06-30": -258.1, "2009-03-31": "-158.70000", "2008-12-31": 40.8, "2008-09-30": -2937.3, "2008-06-30": 3893.8, "2008-03-31": "7.20000", "2007-12-31": -817.6, "2007-09-30": 791, "2007-06-30": -487.4, "2007-03-31": "104.10000", "2006-12-31": -95, "2006-09-30": 444.2, "2006-06-30": 29, "2006-03-31": "-9.00000", "2005-12-31": -18.4, "2005-09-30": 0.1, "2005-06-30": -8.5, "2005-03-31": "-13.40000"}, "Debt Issuance/Retirement Net - Total": {"2020-12-31": 0, "2020-09-30": 0, "2020-06-30": -307.5, "2020-03-31": "", "2019-12-31": 0, "2019-09-30": -179, "2019-06-30": 147.6, "2019-03-31": "1521.80000", "2018-12-31": -0.1, "2018-09-30": -249, "2018-06-30": -12.8, "2018-03-31": "279.50000", "2017-12-31": -0.1, "2017-09-30": -4, "2017-06-30": -7.6, "2017-03-31": "", "2016-12-31": -0.1, "2016-09-30": 0, "2016-06-30": -404.6, "2016-03-31": "254.00000", "2015-12-31": -332.7, "2015-09-30": 178.1, "2015-06-30": -150.1, "2015-03-31": "311.10000", "2014-12-31": 696.2, "2014-09-30": -35, "2014-06-30": 34.6, "2014-03-31": "4.40000", "2013-12-31": -3.7999, "2013-09-30": -1254.3001, "2013-06-30": 1547.4, "2013-03-31": "2.40000", "2012-12-31": -61.9, "2012-09-30": 1.4, "2012-06-30": -351.6, "2012-03-31": "-1.30000", "2011-12-31": -0.3, "2011-09-30": 3.9, "2011-06-30": -48.2, "2011-03-31": "-8.20000", "2010-12-31": 18.8, "2010-09-30": -229, "2010-06-30": -49.1, "2010-03-31": "-169.50000", "2009-12-31": -37.9999, "2009-09-30": -598.0002, "2009-06-30": -404.1999, "2009-03-31": "29.70000", "2008-12-31": -362.4, "2008-09-30": -419.7, "2008-06-30": 3760.1, "2008-03-31": "6.40000", "2007-12-31": -945, "2007-09-30": 789.8, "2007-06-30": -496.7, "2007-03-31": "102.20000", "2006-12-31": -95.1, "2006-09-30": 440.9, "2006-06-30": -472.6, "2006-03-31": "-13.70000", "2005-12-31": -63.7, "2005-09-30": -0.9, "2005-06-30": 159.8, "2005-03-31": "-32.50000"}, "Net Common Equity Issued/Repurchased": {"2020-12-31": -283.6, "2020-09-30": 35.5, "2020-06-30": 3.7, "2020-03-31": "-5.60000", "2019-12-31": -169.6, "2019-09-30": -234.9, "2019-06-30": 14.9, "2019-03-31": "-243.70000", "2018-12-31": -317.2, "2018-09-30": -14, "2018-06-30": -250.1, "2018-03-31": "-250.00000", "2017-12-31": -29.1, "2017-09-30": -335.9, "2017-06-30": -325.1, "2017-03-31": "-250.10000", "2016-12-31": 62.9, "2016-09-30": 0, "2016-06-30": 0, "2016-03-31": "-250.10000", "2015-12-31": 44.6, "2015-09-30": -233.4, "2015-06-30": 0, "2015-03-31": "", "2014-12-31": -88.9, "2014-09-30": -160.1, "2014-06-30": -225.1, "2014-03-31": "-787.70000", "2013-12-31": -337.9, "2013-09-30": -243.8, "2013-06-30": -449.7, "2013-03-31": "90.70000", "2012-12-31": -350.1, "2012-09-30": -307.1, "2012-06-30": -23, "2012-03-31": "12.90000", "2011-12-31": -580.3, "2011-09-30": -514.1, "2011-06-30": 9.9, "2011-03-31": "36.00000", "2010-12-31": 97.8, "2010-09-30": 10.4, "2010-06-30": 26.7, "2010-03-31": "10.40000", "2009-12-31": 18.9, "2009-09-30": 7.2, "2009-06-30": 0.5, "2009-03-31": "0.60000", "2008-12-31": 0.3, "2008-09-30": 6.6, "2008-06-30": 5.4, "2008-03-31": "4.20000", "2007-12-31": -1987.2, "2007-09-30": 26.1, "2007-06-30": 210.3, "2007-03-31": "-88.90000", "2006-12-31": -1084.8, "2006-09-30": 386.5, "2006-06-30": -184.5, "2006-03-31": "-117.80000", "2005-12-31": -127.2, "2005-09-30": -136.4, "2005-06-30": -230.1, "2005-03-31": "-179.00000"}, "Net Total Equity Issued/Repurchased": {"2020-12-31": -283.6, "2020-09-30": 35.5, "2020-06-30": 3.7, "2020-03-31": "-5.60000", "2019-12-31": -169.6, "2019-09-30": -234.9, "2019-06-30": 14.9, "2019-03-31": "-243.70000", "2018-12-31": -317.2, "2018-09-30": -14, "2018-06-30": -250.1, "2018-03-31": "-250.00000", "2017-12-31": -29.1, "2017-09-30": -335.9, "2017-06-30": -325.1, "2017-03-31": "-250.10000", "2016-12-31": 62.9, "2016-09-30": 0, "2016-06-30": 0, "2016-03-31": "-250.10000", "2015-12-31": 44.6, "2015-09-30": -233.4, "2015-06-30": 0, "2015-03-31": "", "2014-12-31": -88.9, "2014-09-30": -160.1, "2014-06-30": -225.1, "2014-03-31": "-787.70000", "2013-12-31": -337.9, "2013-09-30": -243.8, "2013-06-30": -449.7, "2013-03-31": "90.70000", "2012-12-31": -350.1, "2012-09-30": -307.1, "2012-06-30": -23, "2012-03-31": "12.90000", "2011-12-31": -580.3, "2011-09-30": -514.1, "2011-06-30": 9.9, "2011-03-31": "36.00000", "2010-12-31": 97.8, "2010-09-30": 10.4, "2010-06-30": 26.7, "2010-03-31": "10.40000", "2009-12-31": 18.9, "2009-09-30": 7.2, "2009-06-30": 0.5, "2009-03-31": "0.60000", "2008-12-31": 0.3, "2008-09-30": 6.6, "2008-06-30": 5.4, "2008-03-31": "4.20000", "2007-12-31": -46.6, "2007-09-30": -1068, "2007-06-30": -636.2, "2007-03-31": "-88.90000", "2006-12-31": -90.8, "2006-09-30": -607.5, "2006-06-30": -184.5, "2006-03-31": "-117.80000", "2005-12-31": -127.1999, "2005-09-30": -146.7, "2005-06-30": -293.4, "2005-03-31": "-179.00000"}, "Total Common And Preferred Stock Dividends Paid": {"2020-12-31": -108.7, "2020-09-30": -139.2, "2020-06-30": -127.4, "2020-03-31": "-132.00000", "2019-12-31": -128.5, "2019-09-30": -128.7, "2019-06-30": -131.7, "2019-03-31": "-137.00000", "2018-12-31": -128.6, "2018-09-30": -135, "2018-06-30": -134.7, "2018-03-31": "-122.60000", "2017-12-31": -112.4, "2017-09-30": -121.7, "2017-06-30": -102.2, "2017-03-31": "-109.60000", "2016-12-31": -103.3, "2016-09-30": -90.2, "2016-06-30": -80.301, "2016-03-31": "-88.89900", "2015-12-31": -76.2, "2015-09-30": -79.9, "2015-06-30": -82.7, "2015-03-31": "-73.80000", "2014-12-31": -70.1, "2014-09-30": -67.8, "2014-06-30": -78.1, "2014-03-31": "-69.60000", "2013-12-31": -64.2, "2013-09-30": -66.8, "2013-06-30": -64.1, "2013-03-31": "-62.80000", "2012-12-31": -45, "2012-09-30": -51.4, "2012-06-30": -58.8, "2012-03-31": "-51.10000", "2011-12-31": -33.7, "2011-09-30": -43, "2011-06-30": -54.6, "2011-03-31": "-26.80000", "2010-12-31": -33.8, "2010-09-30": -23.7, "2010-06-30": -29.3, "2010-03-31": "-24.10000", "2009-12-31": -31.2, "2009-09-30": -34.9, "2009-06-30": -57.5, "2009-03-31": "-57.40000", "2008-12-31": -74.9, "2008-09-30": -57.3, "2008-06-30": -49.1, "2008-03-31": "-49.10000", "2007-12-31": -54.3, "2007-09-30": -51.3, "2007-06-30": -54.3, "2007-03-31": "-55.30000", "2006-12-31": -55.1, "2006-09-30": -57.5, "2006-06-30": -52.7, "2006-03-31": "-52.30000", "2005-12-31": -52.9, "2005-09-30": -53.9, "2005-06-30": -42.2, "2005-03-31": "-43.10000"}, "Financial Activities - Other": {"2020-12-31": 45.7, "2020-09-30": 0, "2020-06-30": -3.6, "2020-03-31": "1907.00000", "2019-12-31": -46, "2019-09-30": -2.1, "2019-06-30": -1.6, "2019-03-31": "-11.00000", "2018-12-31": -64, "2018-09-30": 20.5, "2018-06-30": 2.6, "2018-03-31": "-3.30000", "2017-12-31": -68.4, "2017-09-30": 6, "2017-06-30": 9.5, "2017-03-31": "18.20000", "2016-12-31": -40.5, "2016-09-30": 15.5, "2016-06-30": 11.9, "2016-03-31": "-13.20000", "2015-12-31": -87.2, "2015-09-30": 9.3, "2015-06-30": 25.8, "2015-03-31": "19.50000", "2014-12-31": -108.7, "2014-09-30": 30.1, "2014-06-30": 65, "2014-03-31": "1.30000", "2013-12-31": 1274.8, "2013-09-30": -2.6, "2013-06-30": -15, "2013-03-31": "-3.70000", "2012-12-31": -9.5, "2012-09-30": 0, "2012-06-30": -5, "2012-03-31": "-2.40000", "2011-12-31": 18.2, "2011-09-30": -1.3, "2011-06-30": -3.5, "2011-03-31": "-0.40000", "2010-12-31": 4.2, "2010-09-30": -8, "2010-06-30": -5.5, "2010-03-31": "", "2009-12-31": 0.7, "2009-09-30": 9, "2009-06-30": -49.8, "2009-03-31": "-3.70000", "2008-12-31": 7, "2008-09-30": -13.1, "2008-06-30": -24, "2008-03-31": "20.20000", "2007-12-31": 36.1, "2007-09-30": 0, "2007-06-30": 0, "2007-03-31": "", "2006-12-31": 15.5, "2006-09-30": 0, "2006-06-30": 0, "2006-03-31": "", "2005-12-31": 0, "2005-09-30": 0, "2005-06-30": 0, "2005-03-31": ""}, "Cash Flow From Financial Activities": {"2020-12-31": -346.6, "2020-09-30": -103.7, "2020-06-30": -434.8, "2020-03-31": "1769.40000", "2019-12-31": -344.1, "2019-09-30": -544.7, "2019-06-30": 29.2, "2019-03-31": "1130.10000", "2018-12-31": -509.9, "2018-09-30": -377.5, "2018-06-30": -395, "2018-03-31": "-96.40000", "2017-12-31": -210, "2017-09-30": -455.6, "2017-06-30": -425.4, "2017-03-31": "-341.50000", "2016-12-31": -81, "2016-09-30": -74.7, "2016-06-30": -473, "2016-03-31": "-98.20000", "2015-12-31": -451.5, "2015-09-30": -125.9, "2015-06-30": -207, "2015-03-31": "256.80000", "2014-12-31": 428.5, "2014-09-30": -232.8, "2014-06-30": -203.6, "2014-03-31": "-851.60000", "2013-12-31": 868.9, "2013-09-30": -1567.5, "2013-06-30": 1018.6, "2013-03-31": "26.60000", "2012-12-31": -466.5, "2012-09-30": -357.1, "2012-06-30": -438.4, "2012-03-31": "-41.90000", "2011-12-31": -596.1, "2011-09-30": -554.5, "2011-06-30": -96.4, "2011-03-31": "0.60000", "2010-12-31": 87, "2010-09-30": -250.3, "2010-06-30": -57.2, "2010-03-31": "-183.20000", "2009-12-31": -49.6, "2009-09-30": -616.7, "2009-06-30": -511, "2009-03-31": "-30.80000", "2008-12-31": -430, "2008-09-30": -483.5, "2008-06-30": 3692.4, "2008-03-31": "-18.30000", "2007-12-31": -1009.8, "2007-09-30": -329.5, "2007-06-30": -1187.2, "2007-03-31": "-42.00000", "2006-12-31": -225.5, "2006-09-30": -224.1, "2006-06-30": -709.8, "2006-03-31": "-183.80000", "2005-12-31": -243.8, "2005-09-30": -201.5, "2005-06-30": -175.8, "2005-03-31": "-254.60000"}, "Net Cash Flow": {"2020-12-31": 99.8, "2020-09-30": 823.3, "2020-06-30": -280.9, "2020-03-31": "1369.10000", "2019-12-31": 472.7, "2019-09-30": -44.7, "2019-06-30": -1031.8, "2019-03-31": "1004.00000", "2018-12-31": -119.1, "2018-09-30": 53, "2018-06-30": -205.6, "2018-03-31": "-374.30000", "2017-12-31": 290.4, "2017-09-30": -51.1, "2017-06-30": -12.4, "2017-03-31": "-392.20000", "2016-12-31": 210.1, "2016-09-30": 575.8, "2016-06-30": 315.9, "2016-03-31": "-123.90000", "2015-12-31": 85.3, "2015-09-30": -128.1, "2015-06-30": 45.7, "2015-03-31": "-971.30000", "2014-12-31": 768.5, "2014-09-30": 6.9, "2014-06-30": 31.9, "2014-03-31": "-1039.30000", "2013-12-31": 1027, "2013-09-30": -1116.6, "2013-06-30": 1367.6, "2013-03-31": "-49.20000", "2012-12-31": -47.5, "2012-09-30": 26.2, "2012-06-30": -186.1, "2012-03-31": "-71.20000", "2011-12-31": -243.1, "2011-09-30": 144, "2011-06-30": 341.7, "2011-03-31": "-96.20000", "2010-12-31": 203.6, "2010-09-30": -10.9, "2010-06-30": 222.5, "2010-03-31": "-277.60000", "2009-12-31": 132.8, "2009-09-30": -49, "2009-06-30": 299.3, "2009-03-31": "-56.60000", "2008-12-31": -191.3, "2008-09-30": -45.8, "2008-06-30": -3281, "2008-03-31": "-667.00000", "2007-12-31": 4297.3, "2007-09-30": -112, "2007-06-30": 245.4, "2007-03-31": "-51.20000", "2006-12-31": 97.9, "2006-09-30": 0.7, "2006-06-30": -515.8, "2006-03-31": "-103.00000", "2005-12-31": 150.1, "2005-09-30": -176.5, "2005-06-30": -107.8, "2005-03-31": "-686.70000"}, "Stock-Based Compensation": {"2020-12-31": -57.5, "2020-09-30": 12, "2020-06-30": 16.5, "2020-03-31": "29.00000", "2019-12-31": 12, "2019-09-30": 13.2, "2019-06-30": 11.5, "2019-03-31": "29.70000", "2018-12-31": 78.8, "2018-09-30": 0, "2018-06-30": 0, "2018-03-31": "", "2017-12-31": 70.8, "2017-09-30": 0, "2017-06-30": 0, "2017-03-31": "", "2016-12-31": 0, "2016-09-30": 0, "2016-06-30": 0, "2016-03-31": "", "2015-12-31": 0, "2015-09-30": 0, "2015-06-30": 0, "2015-03-31": "", "2014-12-31": 0, "2014-09-30": 0, "2014-06-30": 0, "2014-03-31": "", "2013-12-31": -53.8, "2013-09-30": 13.7, "2013-06-30": 18.6, "2013-03-31": "21.50000", "2012-12-31": -34.7, "2012-09-30": 15.4, "2012-06-30": 12.4, "2012-03-31": "6.90000", "2011-12-31": 11.6, "2011-09-30": 5, "2011-06-30": 11, "2011-03-31": "15.00000", "2010-12-31": 27, "2010-09-30": 12, "2010-06-30": 15.1, "2010-03-31": "19.40000", "2009-12-31": 12.3, "2009-09-30": 19.4, "2009-06-30": 14.4, "2009-03-31": "22.20000", "2008-12-31": 7.2, "2008-09-30": 8.7, "2008-06-30": 12.4, "2008-03-31": "14.00000", "2007-12-31": 5.6, "2007-09-30": 7.6, "2007-06-30": 5.9, "2007-03-31": "11.90000", "2006-12-31": 0.4, "2006-09-30": 8.8, "2006-06-30": 3.3, "2006-03-31": "8.20000", "2005-12-31": 2.9, "2005-09-30": 9.1, "2005-06-30": -7.5, "2005-03-31": "-4.50000"}, "Common Stock Dividends Paid": {"2020-12-31": -108.7, "2020-09-30": -139.2, "2020-06-30": -127.4, "2020-03-31": "-132.00000", "2019-12-31": -128.5, "2019-09-30": -128.7, "2019-06-30": -131.7, "2019-03-31": "-137.00000", "2018-12-31": -128.6, "2018-09-30": -135, "2018-06-30": -134.7, "2018-03-31": "-122.60000", "2017-12-31": -112.4, "2017-09-30": -121.7, "2017-06-30": -102.2, "2017-03-31": "-109.60000", "2016-12-31": -103.3, "2016-09-30": -90.2, "2016-06-30": -80.301, "2016-03-31": "-88.89900", "2015-12-31": -76.2, "2015-09-30": -79.9, "2015-06-30": -82.7, "2015-03-31": "-73.80000", "2014-12-31": -70.1, "2014-09-30": -67.8, "2014-06-30": -78.1, "2014-03-31": "-69.60000", "2013-12-31": -64.2, "2013-09-30": -66.8, "2013-06-30": -64.1, "2013-03-31": "-62.80000", "2012-12-31": -45, "2012-09-30": -51.4, "2012-06-30": -58.8, "2012-03-31": "-51.10000", "2011-12-31": -33.7, "2011-09-30": -43, "2011-06-30": -54.6, "2011-03-31": "-26.80000", "2010-12-31": -33.8, "2010-09-30": -23.7, "2010-06-30": -29.3, "2010-03-31": "-24.10000", "2009-12-31": -31.2, "2009-09-30": -34.9, "2009-06-30": -57.5, "2009-03-31": "-57.40000", "2008-12-31": -74.9, "2008-09-30": -57.3, "2008-06-30": -49.1, "2008-03-31": "-49.10000", "2007-12-31": -54.3, "2007-09-30": -51.3, "2007-06-30": -54.3, "2007-03-31": "-55.30000", "2006-12-31": -55.1, "2006-09-30": -57.5, "2006-06-30": -52.7, "2006-03-31": "-52.30000", "2005-12-31": -52.9, "2005-09-30": -53.9, "2005-06-30": -42.2, "2005-03-31": "-43.10000"}}, "financial ratios": {"Current Ratio": {"2019-12-31": "1.27880", "2018-12-31": "1.32820", "2017-12-31": "1.26740", "2016-12-31": "1.55400", "2015-12-31": "1.26340", "2014-12-31": "1.55690", "2013-12-31": "1.67710", "2012-12-31": "1.38560", "2011-12-31": "1.27960", "2010-12-31": "1.46700", "2009-12-31": "1.13310", "2008-12-31": "0.97970", "2007-12-31": "2.37990", "2006-12-31": "1.34660", "2005-12-31": "1.32770"}, "Long-term Debt / Capital": {"2019-12-31": "0.40240", "2018-12-31": "0.34620", "2017-12-31": "0.29090", "2016-12-31": "0.35570", "2015-12-31": "0.38710", "2014-12-31": "0.38230", "2013-12-31": "0.30660", "2012-12-31": "0.23870", "2011-12-31": "0.29100", "2010-12-31": "0.26610", "2009-12-31": "0.28820", "2008-12-31": "0.29090", "2007-12-31": "0.08270", "2006-12-31": "0.14350", "2005-12-31": "0.17050"}, "Debt/Equity Ratio": {"2019-12-31": "0.76220", "2018-12-31": "0.57910", "2017-12-31": "0.56390", "2016-12-31": "0.60580", "2015-12-31": "0.71740", "2014-12-31": "0.69880", "2013-12-31": "0.49380", "2012-12-31": "0.44670", "2011-12-31": "0.51920", "2010-12-31": "0.45710", "2009-12-31": "0.57090", "2008-12-31": "0.75780", "2007-12-31": "0.18380", "2006-12-31": "0.36720", "2005-12-31": "0.36740"}, "Gross Margin": {"2019-12-31": "31.01050", "2018-12-31": "30.76680", "2017-12-31": "30.89260", "2016-12-31": "31.09800", "2015-12-31": "30.24880", "2014-12-31": "30.31940", "2013-12-31": "29.37700", "2012-12-31": "28.81810", "2011-12-31": "27.27730", "2010-12-31": "28.14920", "2009-12-31": "27.45770", "2008-12-31": "26.81100", "2007-12-31": "28.42720", "2006-12-31": "28.19750", "2005-12-31": "28.36710"}, "Operating Margin": {"2019-12-31": "12.15500", "2018-12-31": "12.23750", "2017-12-31": "11.72950", "2016-12-31": "11.86770", "2015-12-31": "11.21520", "2014-12-31": "10.89640", "2013-12-31": "8.94700", "2012-12-31": "8.94120", "2011-12-31": "3.43790", "2010-12-31": "9.00930", "2009-12-31": "6.80450", "2008-12-31": "-19.32850", "2007-12-31": "12.07110", "2006-12-31": "12.42890", "2005-12-31": "12.22240"}, "EBIT Margin": {"2019-12-31": "12.15500", "2018-12-31": "12.23750", "2017-12-31": "11.72950", "2016-12-31": "11.86770", "2015-12-31": "11.21520", "2014-12-31": "10.89640", "2013-12-31": "8.94700", "2012-12-31": "8.94120", "2011-12-31": "3.43790", "2010-12-31": "9.00930", "2009-12-31": "6.80450", "2008-12-31": "-19.32850", "2007-12-31": "12.07110", "2006-12-31": "12.42890", "2005-12-31": "12.22240"}, "EBITDA Margin": {"2019-12-31": "14.54920", "2018-12-31": "14.54480", "2017-12-31": "14.21790", "2016-12-31": "14.47490", "2015-12-31": "13.95270", "2014-12-31": "13.47490", "2013-12-31": "11.64890", "2012-12-31": "11.72560", "2011-12-31": "6.24730", "2010-12-31": "12.12900", "2009-12-31": "10.04450", "2008-12-31": "-15.88660", "2007-12-31": "13.65500", "2006-12-31": "14.28110", "2005-12-31": "14.37970"}, "Pre-Tax Profit Margin": {"2019-12-31": "10.49230", "2018-12-31": "10.59660", "2017-12-31": "9.98690", "2016-12-31": "12.89000", "2015-12-31": "9.38220", "2014-12-31": "9.38140", "2013-12-31": "6.71710", "2012-12-31": "7.07360", "2011-12-31": "1.47800", "2010-12-31": "7.21870", "2009-12-31": "4.56830", "2008-12-31": "-20.70300", "2007-12-31": "10.86150", "2006-12-31": "10.67500", "2005-12-31": "10.91460"}, "Net Profit Margin": {"2019-12-31": "8.50000", "2018-12-31": "8.53700", "2017-12-31": "9.17480", "2016-12-31": "10.92760", "2015-12-31": "4.99670", "2014-12-31": "7.22730", "2013-12-31": "5.01030", "2012-12-31": "8.49660", "2011-12-31": "2.68950", "2010-12-31": "4.58680", "2009-12-31": "3.46910", "2008-12-31": "-20.12110", "2007-12-31": "45.26600", "2006-12-31": "12.85210", "2005-12-31": "14.51330"}, "Asset Turnover": {"2019-12-31": "0.81000", "2018-12-31": "0.87460", "2017-12-31": "0.78120", "2016-12-31": "0.77650", "2015-12-31": "0.79560", "2014-12-31": "0.74520", "2013-12-31": "0.69940", "2012-12-31": "0.64860", "2011-12-31": "0.67720", "2010-12-31": "0.70040", "2009-12-31": "0.65070", "2008-12-31": "0.62340", "2007-12-31": "0.60960", "2006-12-31": "0.66140", "2005-12-31": "0.61790"}, "Inventory Turnover Ratio": {"2019-12-31": "6.68820", "2018-12-31": "6.46540", "2017-12-31": "6.30810", "2016-12-31": "6.71660", "2015-12-31": "6.57650", "2014-12-31": "6.61030", "2013-12-31": "7.47990", "2012-12-31": "7.45940", "2011-12-31": "7.25960", "2010-12-31": "7.80750", "2009-12-31": "8.02410", "2008-12-31": "5.91140", "2007-12-31": "7.58220", "2006-12-31": "6.88600", "2005-12-31": "4.60950"}, "Receiveable Turnover": {"2019-12-31": "5.93220", "2018-12-31": "5.84810", "2017-12-31": "5.73080", "2016-12-31": "6.07690", "2015-12-31": "6.18460", "2014-12-31": "6.08370", "2013-12-31": "5.96210", "2012-12-31": "6.41050", "2011-12-31": "5.97530", "2010-12-31": "6.29490", "2009-12-31": "6.21200", "2008-12-31": "5.19290", "2007-12-31": "5.27680", "2006-12-31": "5.42190", "2005-12-31": "4.32620"}, "Days Sales In Receivables": {"2019-12-31": "61.52860", "2018-12-31": "62.41360", "2017-12-31": "63.69040", "2016-12-31": "60.06370", "2015-12-31": "59.01710", "2014-12-31": "59.99620", "2013-12-31": "61.22000", "2012-12-31": "56.93770", "2011-12-31": "61.08500", "2010-12-31": "57.98350", "2009-12-31": "58.75760", "2008-12-31": "70.28870", "2007-12-31": "69.17140", "2006-12-31": "67.31900", "2005-12-31": "84.36950"}, "ROE - Return On Equity": {"2019-12-31": "18.98010", "2018-12-31": "19.51930", "2017-12-31": "18.56140", "2016-12-31": "21.72870", "2015-12-31": "12.02720", "2014-12-31": "15.14710", "2013-12-31": "8.98290", "2012-12-31": "10.95540", "2011-12-31": "2.04110", "2010-12-31": "9.71080", "2009-12-31": "7.14630", "2008-12-31": "-37.09500", "2007-12-31": "9.45130", "2006-12-31": "14.15410", "2005-12-31": "12.70050"}, "Return On Tangible Equity": {"2019-12-31": "-38.34510", "2018-12-31": "-54.51890", "2017-12-31": "-54.12070", "2016-12-31": "-53.56670", "2015-12-31": "-18.72070", "2014-12-31": "-29.27150", "2013-12-31": "-27.47820", "2012-12-31": "-34.23090", "2011-12-31": "-4.18480", "2010-12-31": "-30.44780", "2009-12-31": "-11.46410", "2008-12-31": "49.45490", "2007-12-31": "23.42950", "2006-12-31": "89.49460", "2005-12-31": "119.65330"}, "ROA - Return On Assets": {"2019-12-31": "6.77280", "2018-12-31": "7.69750", "2017-12-31": "7.36080", "2016-12-31": "8.39090", "2015-12-31": "4.22970", "2014-12-31": "5.29350", "2013-12-31": "3.62780", "2012-12-31": "4.28520", "2011-12-31": "0.75990", "2010-12-31": "3.91480", "2009-12-31": "2.56520", "2008-12-31": "-11.98790", "2007-12-31": "5.19890", "2006-12-31": "6.29840", "2005-12-31": "6.22470"}, "ROI - Return On Investment": {"2019-12-31": "11.34340", "2018-12-31": "12.76200", "2017-12-31": "13.16130", "2016-12-31": "13.99930", "2015-12-31": "7.37120", "2014-12-31": "9.35620", "2013-12-31": "6.22860", "2012-12-31": "8.34050", "2011-12-31": "1.44720", "2010-12-31": "7.12660", "2009-12-31": "5.08700", "2008-12-31": "-26.30510", "2007-12-31": "8.66990", "2006-12-31": "12.12360", "2005-12-31": "10.53510"}, "Book Value Per Share": {"2019-12-31": "30.68510", "2018-12-31": "29.20490", "2017-12-31": "28.88780", "2016-12-31": "25.93880", "2015-12-31": "22.50390", "2014-12-31": "22.99510", "2013-12-31": "25.22760", "2012-12-31": "24.45590", "2011-12-31": "23.61070", "2010-12-31": "24.55620", "2009-12-31": "22.38100", "2008-12-31": "21.21160", "2007-12-31": "29.00770", "2006-12-31": "17.62090", "2005-12-31": "17.42320"}, "Operating Cash Flow Per Share": {"2019-12-31": 2.225, "2018-12-31": -0.2739, "2017-12-31": 0.0874, "2016-12-31": 2.498, "2015-12-31": -0.2305, "2014-12-31": -0.1112, "2013-12-31": -0.1896, "2012-12-31": 0.3509, "2011-12-31": 1.4513, "2010-12-31": -3.2242, "2009-12-31": 3.8762, "2008-12-31": -1.4037, "2007-12-31": 0.2816, "2006-12-31": 1.2248, "2005-12-31": 1.2918}, "Free Cash Flow Per Share": {"2019-12-31": 2.5743, "2018-12-31": -0.7956, "2017-12-31": -0.1025, "2016-12-31": 2.6992, "2015-12-31": -0.2948, "2014-12-31": -0.1794, "2013-12-31": -0.195, "2012-12-31": 0.1227, "2011-12-31": 1.44, "2010-12-31": -3.1553, "2009-12-31": 4.0764, "2008-12-31": -1.8011, "2007-12-31": 0.3428, "2006-12-31": 1.0108, "2005-12-31": 1.0873}}, "financial ratios, quarterly": {"Current Ratio": {"2020-09-30": "1.67230", "2020-06-30": "1.65690", "2020-03-31": "1.54680", "2019-12-31": "1.77410", "2019-09-30": "1.27780", "2019-06-30": "1.22610", "2019-03-31": "1.57840", "2018-12-31": "1.32820", "2018-09-30": "1.40670", "2018-06-30": "1.29650", "2018-03-31": "1.40520", "2017-12-31": "1.26740", "2017-09-30": "1.24000", "2017-06-30": "1.49990", "2017-03-31": "1.53190", "2016-12-31": "1.55400", "2016-09-30": "1.54300", "2016-06-30": "1.43160", "2016-03-31": "1.22460", "2015-12-31": "1.26340", "2015-09-30": "1.22020", "2015-06-30": "1.24020", "2015-03-31": "1.28340", "2014-12-31": "1.55690", "2014-09-30": "1.25180", "2014-06-30": "1.25210", "2014-03-31": "1.43610", "2013-12-31": "1.67710", "2013-09-30": "1.46280", "2013-06-30": "1.32670", "2013-03-31": "1.22690", "2012-12-31": "1.38560", "2012-09-30": "1.20880", "2012-06-30": "1.37400", "2012-03-31": "1.30910", "2011-12-31": "1.27960", "2011-09-30": "1.36990", "2011-06-30": "1.47860", "2011-03-31": "1.46230", "2010-12-31": "1.46700", "2010-09-30": "1.27130", "2010-06-30": "1.18540", "2010-03-31": "1.14590", "2009-12-31": "1.13310", "2009-09-30": "1.18420", "2009-06-30": "1.16100", "2009-03-31": "1.08360", "2008-12-31": "0.97970", "2008-09-30": "0.98210", "2008-06-30": "0.79990", "2008-03-31": "2.86460", "2007-12-31": "2.37990", "2007-09-30": "1.31500", "2007-06-30": "1.58300", "2007-03-31": "1.28930", "2006-12-31": "1.34660", "2006-09-30": "1.19850", "2006-06-30": "1.38000", "2006-03-31": "1.32920", "2005-12-31": "1.32770", "2005-09-30": "1.34750", "2005-06-30": "1.33620", "2005-03-31": "1.47530"}, "Long-term Debt / Capital": {"2020-09-30": "0.41330", "2020-06-30": "0.43660", "2020-03-31": "0.44410", "2019-12-31": "0.40240", "2019-09-30": "0.40340", "2019-06-30": "0.40690", "2019-03-31": "0.43020", "2018-12-31": "0.34620", "2018-09-30": "0.33740", "2018-06-30": "0.35400", "2018-03-31": "0.34410", "2017-12-31": "0.29090", "2017-09-30": "0.30160", "2017-06-30": "0.35290", "2017-03-31": "0.35800", "2016-12-31": "0.35570", "2016-09-30": "0.35190", "2016-06-30": "0.36510", "2016-03-31": "0.38830", "2015-12-31": "0.38710", "2015-09-30": "0.39180", "2015-06-30": "0.38810", "2015-03-31": "0.39270", "2014-12-31": "0.38230", "2014-09-30": "0.29470", "2014-06-30": "0.29130", "2014-03-31": "0.33180", "2013-12-31": "0.30660", "2013-09-30": "0.30500", "2013-06-30": "0.30540", "2013-03-31": "0.23610", "2012-12-31": "0.23870", "2012-09-30": "0.23180", "2012-06-30": "0.27990", "2012-03-31": "0.28290", "2011-12-31": "0.29100", "2011-09-30": "0.27280", "2011-06-30": "0.25620", "2011-03-31": "0.26030", "2010-12-31": "0.26610", "2010-09-30": "0.27580", "2010-06-30": "0.28910", "2010-03-31": "0.29100", "2009-12-31": "0.28820", "2009-09-30": "0.30880", "2009-06-30": "0.33570", "2009-03-31": "0.34670", "2008-12-31": "0.29090", "2008-09-30": "0.20650", "2008-06-30": "0.09930", "2008-03-31": "0.07890", "2007-12-31": "0.08270", "2007-09-30": "0.14790", "2007-06-30": "0.13300", "2007-03-31": "0.14360", "2006-12-31": "0.14350", "2006-09-30": "0.17090", "2006-06-30": "0.16200", "2006-03-31": "0.16670", "2005-12-31": "0.17050", "2005-09-30": "0.17510", "2005-06-30": "0.17630", "2005-03-31": "0.19020"}, "Debt/Equity Ratio": {"2020-09-30": "0.82580", "2020-06-30": "0.88400", "2020-03-31": "0.96280", "2019-12-31": "0.76220", "2019-09-30": "0.76550", "2019-06-30": "0.80160", "2019-03-31": "0.80910", "2018-12-31": "0.57910", "2018-09-30": "0.55700", "2018-06-30": "0.63580", "2018-03-31": "0.60930", "2017-12-31": "0.56390", "2017-09-30": "0.59360", "2017-06-30": "0.59840", "2017-03-31": "0.61200", "2016-12-31": "0.60580", "2016-09-30": "0.59580", "2016-06-30": "0.63080", "2016-03-31": "0.76420", "2015-12-31": "0.71740", "2015-09-30": "0.78870", "2015-06-30": "0.74640", "2015-03-31": "0.78530", "2014-12-31": "0.69880", "2014-09-30": "0.55700", "2014-06-30": "0.55310", "2014-03-31": "0.55530", "2013-12-31": "0.49380", "2013-09-30": "0.49080", "2013-06-30": "0.66630", "2013-03-31": "0.44040", "2012-12-31": "0.44670", "2012-09-30": "0.43770", "2012-06-30": "0.44590", "2012-03-31": "0.49940", "2011-12-31": "0.51920", "2011-09-30": "0.47420", "2011-06-30": "0.43450", "2011-03-31": "0.44840", "2010-12-31": "0.45710", "2010-09-30": "0.47710", "2010-06-30": "0.54290", "2010-03-31": "0.55180", "2009-12-31": "0.57090", "2009-09-30": "0.57510", "2009-06-30": "0.69060", "2009-03-31": "0.79270", "2008-12-31": "0.75780", "2008-09-30": "0.51540", "2008-06-30": "0.55210", "2008-03-31": "0.17580", "2007-12-31": "0.18380", "2007-09-30": "0.46120", "2007-06-30": "0.27110", "2007-03-31": "0.38800", "2006-12-31": "0.36720", "2006-09-30": "0.36610", "2006-06-30": "0.27040", "2006-03-31": "0.35750", "2005-12-31": "0.36740", "2005-09-30": "0.38950", "2005-06-30": "0.39110", "2005-03-31": "0.35660"}, "Gross Margin": {"2020-09-30": "32.46170", "2020-06-30": "31.16800", "2020-03-31": "28.11120", "2019-12-31": "30.92130", "2019-09-30": "31.81600", "2019-06-30": "31.92170", "2019-03-31": "29.05090", "2018-12-31": "29.52690", "2018-09-30": "32.56350", "2018-06-30": "31.98020", "2018-03-31": "28.49170", "2017-12-31": "29.72830", "2017-09-30": "32.16460", "2017-06-30": "32.11800", "2017-03-31": "29.14420", "2016-12-31": "30.11490", "2016-09-30": "32.37010", "2016-06-30": "32.04000", "2016-03-31": "29.47030", "2015-12-31": "30.33860", "2015-09-30": "31.76170", "2015-06-30": "30.71220", "2015-03-31": "27.74080", "2014-12-31": "30.22590", "2014-09-30": "31.25550", "2014-06-30": "31.13270", "2014-03-31": "28.20890", "2013-12-31": "28.53920", "2013-09-30": "31.00310", "2013-06-30": "30.04060", "2013-03-31": "27.52560", "2012-12-31": "16.70530", "2012-09-30": "31.68560", "2012-06-30": "30.80890", "2012-03-31": "28.60630", "2011-12-31": "13.01250", "2011-09-30": "29.51080", "2011-06-30": "30.02400", "2011-03-31": "27.64980", "2010-12-31": "27.06870", "2010-09-30": "29.12630", "2010-06-30": "28.97930", "2010-03-31": "27.35820", "2009-12-31": "28.84130", "2009-09-30": "28.80400", "2009-06-30": "27.12290", "2009-03-31": "24.77070", "2008-12-31": "25.42080", "2008-09-30": "25.59120", "2008-06-30": "28.71660", "2008-03-31": "28.77090", "2007-12-31": "28.63170", "2007-09-30": "28.17330", "2007-06-30": "28.54000", "2007-03-31": "28.34730", "2006-12-31": "30.59320", "2006-09-30": "28.09620", "2006-06-30": "28.55960", "2006-03-31": "26.63290", "2005-12-31": "3.96560", "2005-09-30": "26.55910", "2005-06-30": "26.83100", "2005-03-31": "26.35840"}, "Operating Margin": {"2020-09-30": "16.21800", "2020-06-30": "13.49240", "2020-03-31": "5.84560", "2019-12-31": "10.10480", "2019-09-30": "15.45710", "2019-06-30": "15.67060", "2019-03-31": "8.43530", "2018-12-31": "11.46830", "2018-09-30": "14.56250", "2018-06-30": "14.69350", "2018-03-31": "7.19160", "2017-12-31": "10.68510", "2017-09-30": "13.78830", "2017-06-30": "14.26670", "2017-03-31": "7.16520", "2016-12-31": "10.50370", "2016-09-30": "14.34220", "2016-06-30": "13.91740", "2016-03-31": "7.78830", "2015-12-31": "11.81670", "2015-09-30": "13.63390", "2015-06-30": "12.56040", "2015-03-31": "5.92490", "2014-12-31": "10.68940", "2014-09-30": "12.99850", "2014-06-30": "13.07690", "2014-03-31": "5.69250", "2013-12-31": "7.03480", "2013-09-30": "11.80700", "2013-06-30": "11.40240", "2013-03-31": "4.54720", "2012-12-31": "-4.62240", "2012-09-30": "12.46380", "2012-06-30": "12.50620", "2012-03-31": "6.72870", "2011-12-31": "-5.54030", "2011-09-30": "4.61630", "2011-06-30": "7.30070", "2011-03-31": "1.27680", "2010-12-31": "8.64510", "2010-09-30": "11.00980", "2010-06-30": "10.43710", "2010-03-31": "5.04360", "2009-12-31": "7.94790", "2009-09-30": "9.38450", "2009-06-30": "7.50640", "2009-03-31": "1.70140", "2008-12-31": "-99.70470", "2008-09-30": "8.05440", "2008-06-30": "11.73720", "2008-03-31": "11.41770", "2007-12-31": "12.86100", "2007-09-30": "12.34030", "2007-06-30": "12.32130", "2007-03-31": "10.55560", "2006-12-31": "11.21800", "2006-09-30": "13.19430", "2006-06-30": "12.32910", "2006-03-31": "12.57530", "2005-12-31": "22.49530", "2005-09-30": "13.00040", "2005-06-30": "13.73800", "2005-03-31": "12.07500"}, "EBIT Margin": {"2020-09-30": "16.21800", "2020-06-30": "13.49240", "2020-03-31": "5.84560", "2019-12-31": "10.10480", "2019-09-30": "15.45710", "2019-06-30": "15.67060", "2019-03-31": "8.43530", "2018-12-31": "11.46830", "2018-09-30": "14.56250", "2018-06-30": "14.69350", "2018-03-31": "7.19160", "2017-12-31": "10.68520", "2017-09-30": "13.78830", "2017-06-30": "14.26670", "2017-03-31": "7.16520", "2016-12-31": "10.50370", "2016-09-30": "14.34220", "2016-06-30": "13.91740", "2016-03-31": "7.78830", "2015-12-31": "11.81670", "2015-09-30": "13.63390", "2015-06-30": "12.56040", "2015-03-31": "5.92490", "2014-12-31": "10.68940", "2014-09-30": "12.99850", "2014-06-30": "13.07690", "2014-03-31": "5.69250", "2013-12-31": "7.03480", "2013-09-30": "11.80700", "2013-06-30": "11.40240", "2013-03-31": "4.54720", "2012-12-31": "-4.62240", "2012-09-30": "12.46380", "2012-06-30": "12.50620", "2012-03-31": "6.72870", "2011-12-31": "-5.54030", "2011-09-30": "4.61630", "2011-06-30": "7.30070", "2011-03-31": "1.27680", "2010-12-31": "8.64510", "2010-09-30": "11.00980", "2010-06-30": "10.43710", "2010-03-31": "5.04360", "2009-12-31": "7.94800", "2009-09-30": "9.38450", "2009-06-30": "7.50640", "2009-03-31": "1.70140", "2008-12-31": "-99.70470", "2008-09-30": "8.05440", "2008-06-30": "11.73720", "2008-03-31": "11.41770", "2007-12-31": "12.86100", "2007-09-30": "12.34030", "2007-06-30": "12.32130", "2007-03-31": "10.55560", "2006-12-31": "11.21800", "2006-09-30": "13.19430", "2006-06-30": "12.32910", "2006-03-31": "12.57530", "2005-12-31": "22.49530", "2005-09-30": "13.00040", "2005-06-30": "13.73800", "2005-03-31": "12.07500"}, "EBITDA Margin": {"2020-09-30": "", "2020-06-30": "", "2020-03-31": "", "2019-12-31": "", "2019-09-30": "", "2019-06-30": "", "2019-03-31": "", "2018-12-31": "", "2018-09-30": "", "2018-06-30": "", "2018-03-31": "", "2017-12-31": "", "2017-09-30": "", "2017-06-30": "", "2017-03-31": "", "2016-12-31": "", "2016-09-30": "", "2016-06-30": "", "2016-03-31": "", "2015-12-31": "", "2015-09-30": "", "2015-06-30": "", "2015-03-31": "", "2014-12-31": "", "2014-09-30": "", "2014-06-30": "", "2014-03-31": "", "2013-12-31": "", "2013-09-30": "", "2013-06-30": "", "2013-03-31": "", "2012-12-31": "", "2012-09-30": "", "2012-06-30": "", "2012-03-31": "", "2011-12-31": "", "2011-09-30": "", "2011-06-30": "", "2011-03-31": "", "2010-12-31": "", "2010-09-30": "", "2010-06-30": "", "2010-03-31": "", "2009-12-31": "", "2009-09-30": "", "2009-06-30": "", "2009-03-31": "", "2008-12-31": "", "2008-09-30": "", "2008-06-30": "", "2008-03-31": "", "2007-12-31": "", "2007-09-30": "", "2007-06-30": "", "2007-03-31": "", "2006-12-31": "", "2006-09-30": "", "2006-06-30": "", "2006-03-31": "", "2005-12-31": "", "2005-09-30": "", "2005-06-30": "", "2005-03-31": ""}, "Pre-Tax Profit Margin": {"2020-09-30": "14.30410", "2020-06-30": "11.52670", "2020-03-31": "3.92990", "2019-12-31": "8.98800", "2019-09-30": "13.44900", "2019-06-30": "13.94570", "2019-03-31": "5.97420", "2018-12-31": "9.68650", "2018-09-30": "13.14840", "2018-06-30": "13.45890", "2018-03-31": "4.91950", "2017-12-31": "8.98260", "2017-09-30": "12.11280", "2017-06-30": "12.58830", "2017-03-31": "5.20900", "2016-12-31": "7.98200", "2016-09-30": "12.63800", "2016-06-30": "23.09260", "2016-03-31": "5.89480", "2015-12-31": "9.26390", "2015-09-30": "12.38350", "2015-06-30": "11.62160", "2015-03-31": "3.10270", "2014-12-31": "8.88720", "2014-09-30": "11.73710", "2014-06-30": "11.82370", "2014-03-31": "3.86350", "2013-12-31": "5.28570", "2013-09-30": "8.79530", "2013-06-30": "9.51040", "2013-03-31": "2.26980", "2012-12-31": "-8.35270", "2012-09-30": "11.26140", "2012-06-30": "10.98840", "2012-03-31": "4.51960", "2011-12-31": "-10.18510", "2011-09-30": "3.37840", "2011-06-30": "5.60690", "2011-03-31": "-0.65980", "2010-12-31": "7.12140", "2010-09-30": "9.36120", "2010-06-30": "8.63630", "2010-03-31": "2.68630", "2009-12-31": "5.39870", "2009-09-30": "7.17860", "2009-06-30": "5.21770", "2009-03-31": "-0.17050", "2008-12-31": "-102.57760", "2008-09-30": "6.15550", "2008-06-30": "11.31850", "2008-03-31": "12.14350", "2007-12-31": "12.55110", "2007-09-30": "10.51360", "2007-06-30": "11.32340", "2007-03-31": "8.74910", "2006-12-31": "8.50820", "2006-09-30": "11.53090", "2006-06-30": "10.52250", "2006-03-31": "11.33090", "2005-12-31": "24.65350", "2005-09-30": "12.01010", "2005-06-30": "12.74140", "2005-03-31": "10.88340"}, "Net Profit Margin": {"2020-09-30": "11.46050", "2020-06-30": "7.60800", "2020-03-31": "-1.10550", "2019-12-31": "4.41500", "2019-09-30": "13.21850", "2019-06-30": "12.60780", "2019-03-31": "7.12990", "2018-12-31": "6.52100", "2018-09-30": "12.77880", "2018-06-30": "10.28300", "2018-03-31": "3.55740", "2017-12-31": "12.71110", "2017-09-30": "9.99860", "2017-06-30": "9.17510", "2017-03-31": "3.90260", "2016-12-31": "5.91880", "2016-09-30": "10.57800", "2016-06-30": "20.27010", "2016-03-31": "5.26590", "2015-12-31": "7.02090", "2015-09-30": "8.62940", "2015-06-30": "2.19150", "2015-03-31": "1.77640", "2014-12-31": "7.88130", "2014-09-30": "8.60560", "2014-06-30": "8.63700", "2014-03-31": "2.90130", "2013-12-31": "1.53930", "2013-09-30": "5.16150", "2013-06-30": "9.33380", "2013-03-31": "3.33460", "2012-12-31": "16.55080", "2012-09-30": "8.95120", "2012-06-30": "9.57270", "2012-03-31": "3.03420", "2011-12-31": "16.31100", "2011-09-30": "2.20450", "2011-06-30": "2.25600", "2011-03-31": "-2.37030", "2010-12-31": "5.27450", "2010-09-30": "6.22470", "2010-06-30": "5.64080", "2010-03-31": "0.05060", "2009-12-31": "4.40040", "2009-09-30": "6.26210", "2009-06-30": "3.53740", "2009-03-31": "-0.91040", "2008-12-31": "-94.33730", "2008-09-30": "5.27910", "2008-06-30": "8.31280", "2008-03-31": "8.39460", "2007-12-31": "108.40190", "2007-09-30": "11.90710", "2007-06-30": "43.33810", "2007-03-31": "11.00600", "2006-12-31": "15.58440", "2006-09-30": "11.96270", "2006-06-30": "15.30760", "2006-03-31": "10.03490", "2005-12-31": "-51.14940", "2005-09-30": "9.71970", "2005-06-30": "10.34250", "2005-03-31": "9.07350"}, "Asset Turnover": {"2020-09-30": "0.19490", "2020-06-30": "0.18220", "2020-03-31": "0.14980", "2019-12-31": "0.32730", "2019-09-30": "0.17090", "2019-06-30": "0.17500", "2019-03-31": "0.14170", "2018-12-31": "0.21740", "2018-09-30": "0.22020", "2018-06-30": "0.23710", "2018-03-31": "0.18430", "2017-12-31": "0.19910", "2017-09-30": "0.20710", "2017-06-30": "0.21990", "2017-03-31": "0.17390", "2016-12-31": "0.19310", "2016-09-30": "0.20130", "2016-06-30": "0.21160", "2016-03-31": "0.17070", "2015-12-31": "0.19890", "2015-09-30": "0.19560", "2015-06-30": "0.20130", "2015-03-31": "0.16590", "2014-12-31": "0.18730", "2014-09-30": "0.20070", "2014-06-30": "0.20650", "2014-03-31": "0.16230", "2013-12-31": "0.17550", "2013-09-30": "0.16920", "2013-06-30": "0.16760", "2013-03-31": "0.14190", "2012-12-31": "0.07700", "2012-09-30": "0.19250", "2012-06-30": "0.20390", "2012-03-31": "0.16660", "2011-12-31": "0.07880", "2011-09-30": "0.20050", "2011-06-30": "0.19920", "2011-03-31": "0.16270", "2010-12-31": "0.20120", "2010-09-30": "0.18430", "2010-06-30": "0.17100", "2010-03-31": "0.14030", "2009-12-31": "0.15840", "2009-09-30": "0.17180", "2009-06-30": "0.16900", "2009-03-31": "0.14410", "2008-12-31": "0.16670", "2008-09-30": "0.16730", "2008-06-30": "0.11900", "2008-03-31": "0.15390", "2007-12-31": "0.16160", "2007-09-30": "0.18070", "2007-06-30": "0.17930", "2007-03-31": "0.15920", "2006-12-31": "0.11730", "2006-09-30": "0.17300", "2006-06-30": "0.17420", "2006-03-31": "0.21050", "2005-12-31": "-0.04850", "2005-09-30": "0.22660", "2005-06-30": "0.23890", "2005-03-31": "0.21320"}, "Inventory Turnover Ratio": {"2020-09-30": "1.92060", "2020-06-30": "1.59680", "2020-03-31": "1.29730", "2019-12-31": "3.62340", "2019-09-30": "1.25180", "2019-06-30": "1.26270", "2019-03-31": "1.00280", "2018-12-31": "1.63610", "2018-09-30": "1.49240", "2018-06-30": "1.71010", "2018-03-31": "1.36060", "2017-12-31": "1.63460", "2017-09-30": "1.49890", "2017-06-30": "1.65350", "2017-03-31": "1.32910", "2016-12-31": "1.69380", "2016-09-30": "1.55070", "2016-06-30": "1.56530", "2016-03-31": "1.26570", "2015-12-31": "1.64230", "2015-09-30": "1.50800", "2015-06-30": "1.52620", "2015-03-31": "1.29370", "2014-12-31": "1.66390", "2014-09-30": "1.63990", "2014-06-30": "1.75670", "2014-03-31": "1.44970", "2013-12-31": "1.89910", "2013-09-30": "1.53210", "2013-06-30": "1.65680", "2013-03-31": "1.30440", "2012-12-31": "1.03650", "2012-09-30": "1.67870", "2012-06-30": "1.79250", "2012-03-31": "1.57020", "2011-12-31": "1.01090", "2011-09-30": "1.82180", "2011-06-30": "1.79960", "2011-03-31": "1.50070", "2010-12-31": "2.27710", "2010-09-30": "1.71790", "2010-06-30": "1.72980", "2010-03-31": "1.47300", "2009-12-31": "1.91530", "2009-09-30": "1.88890", "2009-06-30": "1.85060", "2009-03-31": "1.41480", "2008-12-31": "1.61050", "2008-09-30": "1.78790", "2008-06-30": "1.21970", "2008-03-31": "1.69520", "2007-12-31": "2.00450", "2007-09-30": "1.74240", "2007-06-30": "1.72930", "2007-03-31": "1.13330", "2006-12-31": "1.18030", "2006-09-30": "1.05680", "2006-06-30": "1.12750", "2006-03-31": "1.48460", "2005-12-31": "-0.48490", "2005-09-30": "1.56120", "2005-06-30": "1.66760", "2005-03-31": "1.45050"}, "Receiveable Turnover": {"2020-09-30": "1.51150", "2020-06-30": "1.35500", "2020-03-31": "1.26270", "2019-12-31": "3.07000", "2019-09-30": "1.16910", "2019-06-30": "1.16390", "2019-03-31": "1.03450", "2018-12-31": "1.45380", "2018-09-30": "1.46470", "2018-06-30": "1.47870", "2018-03-31": "1.34520", "2017-12-31": "1.46040", "2017-09-30": "1.48710", "2017-06-30": "1.50530", "2017-03-31": "1.36430", "2016-12-31": "1.51090", "2016-09-30": "1.51130", "2016-06-30": "1.47650", "2016-03-31": "1.34290", "2015-12-31": "1.54650", "2015-09-30": "1.48860", "2015-06-30": "1.46170", "2015-03-31": "1.31850", "2014-12-31": "1.52930", "2014-09-30": "1.47010", "2014-06-30": "1.44640", "2014-03-31": "1.30530", "2013-12-31": "1.49600", "2013-09-30": "1.31560", "2013-06-30": "1.32170", "2013-03-31": "1.18940", "2012-12-31": "0.76120", "2012-09-30": "1.54800", "2012-06-30": "1.57390", "2012-03-31": "1.41260", "2011-12-31": "0.69560", "2011-09-30": "1.65260", "2011-06-30": "1.57060", "2011-03-31": "1.40350", "2010-12-31": "1.80880", "2010-09-30": "1.51240", "2010-06-30": "1.23400", "2010-03-31": "1.27290", "2009-12-31": "1.51160", "2009-09-30": "1.62360", "2009-06-30": "1.51790", "2009-03-31": "1.28010", "2008-12-31": "1.38840", "2008-09-30": "1.54500", "2008-06-30": "1.00290", "2008-03-31": "1.26020", "2007-12-31": "1.39900", "2007-09-30": "1.31310", "2007-06-30": "1.35320", "2007-03-31": "1.06210", "2006-12-31": "0.96140", "2006-09-30": "1.01030", "2006-06-30": "0.98860", "2006-03-31": "1.32760", "2005-12-31": "-0.33940", "2005-09-30": "1.48210", "2005-06-30": "1.54500", "2005-03-31": "1.43520"}, "Days Sales In Receivables": {"2020-09-30": "59.54340", "2020-06-30": "66.41900", "2020-03-31": "71.27630", "2019-12-31": "29.31610", "2019-09-30": "76.98320", "2019-06-30": "77.32940", "2019-03-31": "87.00180", "2018-12-31": "61.90550", "2018-09-30": "61.44760", "2018-06-30": "60.86260", "2018-03-31": "66.90500", "2017-12-31": "61.62520", "2017-09-30": "60.51980", "2017-06-30": "59.79050", "2017-03-31": "65.96880", "2016-12-31": "59.56590", "2016-09-30": "59.55270", "2016-06-30": "60.95660", "2016-03-31": "67.01880", "2015-12-31": "58.19770", "2015-09-30": "60.45940", "2015-06-30": "61.57410", "2015-03-31": "68.25890", "2014-12-31": "58.85020", "2014-09-30": "61.22130", "2014-06-30": "62.22190", "2014-03-31": "68.95190", "2013-12-31": "60.16170", "2013-09-30": "68.40860", "2013-06-30": "68.09590", "2013-03-31": "75.66960", "2012-12-31": "118.23600", "2012-09-30": "58.13880", "2012-06-30": "57.18240", "2012-03-31": "63.71440", "2011-12-31": "129.38680", "2011-09-30": "54.46130", "2011-06-30": "57.30310", "2011-03-31": "64.12550", "2010-12-31": "49.75720", "2010-09-30": "59.50860", "2010-06-30": "72.93210", "2010-03-31": "70.70430", "2009-12-31": "59.53940", "2009-09-30": "55.43270", "2009-06-30": "59.29250", "2009-03-31": "70.30550", "2008-12-31": "64.82470", "2008-09-30": "58.25420", "2008-06-30": "89.74290", "2008-03-31": "71.41590", "2007-12-31": "64.33220", "2007-09-30": "68.53910", "2007-06-30": "66.51080", "2007-03-31": "84.73540", "2006-12-31": "93.61390", "2006-09-30": "89.08590", "2006-06-30": "91.03710", "2006-03-31": "67.79250", "2005-12-31": "-265.15190", "2005-09-30": "60.72500", "2005-06-30": "58.25290", "2005-03-31": "62.70860"}, "ROE - Return On Equity": {"2020-09-30": "6.42690", "2020-06-30": "4.66990", "2020-03-31": "0.91190", "2019-12-31": "6.04040", "2019-09-30": "5.30700", "2019-06-30": "5.75220", "2019-03-31": "2.12780", "2018-12-31": "3.62220", "2018-09-30": "7.23250", "2018-06-30": "6.71920", "2018-03-31": "1.86960", "2017-12-31": "6.77130", "2017-09-30": "5.37960", "2017-06-30": "5.20900", "2017-03-31": "1.91770", "2016-12-31": "3.03950", "2016-09-30": "5.38270", "2016-06-30": "11.71970", "2016-03-31": "2.19900", "2015-12-31": "4.07200", "2015-09-30": "5.48590", "2015-06-30": "1.47770", "2015-03-31": "1.08360", "2014-12-31": "3.58290", "2014-09-30": "4.78710", "2014-06-30": "4.89430", "2014-03-31": "1.27090", "2013-12-31": "1.16530", "2013-09-30": "3.16700", "2013-06-30": "3.82510", "2013-03-31": "0.75400", "2012-12-31": "-0.23240", "2012-09-30": "4.50600", "2012-06-30": "4.94270", "2012-03-31": "1.43040", "2011-12-31": "-0.39480", "2011-09-30": "1.35050", "2011-06-30": "1.54930", "2011-03-31": "-0.76040", "2010-12-31": "2.97180", "2010-09-30": "3.61110", "2010-06-30": "3.43480", "2010-03-31": "0.28350", "2009-12-31": "2.07780", "2009-09-30": "3.24940", "2009-06-30": "2.13110", "2009-03-31": "-0.23850", "2008-12-31": "-47.79730", "2008-09-30": "2.23490", "2008-06-30": "2.49250", "2008-03-31": "2.59060", "2007-12-31": "2.34200", "2007-09-30": "3.80400", "2007-06-30": "3.56630", "2007-03-31": "2.90750", "2006-12-31": "2.27760", "2006-09-30": "3.52820", "2006-06-30": "3.25190", "2006-03-31": "4.14130", "2005-12-31": "-0.84000", "2005-09-30": "4.56690", "2005-06-30": "5.24980", "2005-03-31": "4.09610"}, "Return On Tangible Equity": {"2020-09-30": "-20.54300", "2020-06-30": "-11.65170", "2020-03-31": "-2.04530", "2019-12-31": "-38.85130", "2019-09-30": "-10.70650", "2019-06-30": "-10.53360", "2019-03-31": "-5.54950", "2018-12-31": "-10.11700", "2018-09-30": "-22.83810", "2018-06-30": "-15.90740", "2018-03-31": "-4.88150", "2017-12-31": "-19.74350", "2017-09-30": "-13.40030", "2017-06-30": "-12.93490", "2017-03-31": "-4.56010", "2016-12-31": "-7.49300", "2016-09-30": "-13.25910", "2016-06-30": "-24.08710", "2016-03-31": "-3.35610", "2015-12-31": "-6.33820", "2015-09-30": "-8.08110", "2015-06-30": "-2.23440", "2015-03-31": "-1.57550", "2014-12-31": "-6.92390", "2014-09-30": "-10.33860", "2014-06-30": "-10.70730", "2014-03-31": "-2.62670", "2013-12-31": "-3.56450", "2013-09-30": "-7.65220", "2013-06-30": "-8.95860", "2013-03-31": "-1.90090", "2012-12-31": "0.72610", "2012-09-30": "-12.06010", "2012-06-30": "-12.49020", "2012-03-31": "-3.30590", "2011-12-31": "0.80950", "2011-09-30": "-3.61650", "2011-06-30": "-5.55150", "2011-03-31": "2.50040", "2010-12-31": "-9.31800", "2010-09-30": "-7.28620", "2010-06-30": "-5.83000", "2010-03-31": "-0.45840", "2009-12-31": "-3.33330", "2009-09-30": "-5.09710", "2009-06-30": "-2.96640", "2009-03-31": "0.29780", "2008-12-31": "63.72310", "2008-09-30": "-4.99920", "2008-06-30": "-5.84050", "2008-03-31": "6.21500", "2007-12-31": "5.80560", "2007-09-30": "36.66050", "2007-06-30": "16.66800", "2007-03-31": "130.39120", "2006-12-31": "14.40100", "2006-09-30": "47.45440", "2006-06-30": "24.04540", "2006-03-31": "38.83680", "2005-12-31": "-7.91370", "2005-09-30": "79.36170", "2005-06-30": "96.78280", "2005-03-31": "48.59840"}, "ROA - Return On Assets": {"2020-09-30": "2.28600", "2020-06-30": "1.61580", "2020-03-31": "0.29940", "2019-12-31": "2.15540", "2019-09-30": "1.90230", "2019-06-30": "1.99640", "2019-03-31": "0.74470", "2018-12-31": "1.42840", "2018-09-30": "2.90150", "2018-06-30": "2.49480", "2018-03-31": "0.72690", "2017-12-31": "2.68530", "2017-09-30": "2.07760", "2017-06-30": "1.99120", "2017-03-31": "0.73930", "2016-12-31": "1.17370", "2016-09-30": "2.07510", "2016-06-30": "4.35560", "2016-03-31": "0.75920", "2015-12-31": "1.43200", "2015-09-30": "1.78410", "2015-06-30": "0.48640", "2015-03-31": "0.36020", "2014-12-31": "1.25210", "2014-09-30": "1.79770", "2014-06-30": "1.83690", "2014-03-31": "0.48110", "2013-12-31": "0.47060", "2013-09-30": "1.19780", "2013-06-30": "1.35400", "2013-03-31": "0.29800", "2012-12-31": "-0.09090", "2012-09-30": "1.81830", "2012-06-30": "1.94840", "2012-03-31": "0.55210", "2011-12-31": "-0.14700", "2011-09-30": "0.53170", "2011-06-30": "0.63090", "2011-03-31": "-0.31010", "2010-12-31": "1.19800", "2010-09-30": "1.36940", "2010-06-30": "1.20740", "2010-03-31": "0.10250", "2009-12-31": "0.74580", "2009-09-30": "1.15980", "2009-06-30": "0.71330", "2009-03-31": "-0.07610", "2008-12-31": "-15.44650", "2008-09-30": "0.92800", "2008-06-30": "1.03930", "2008-03-31": "1.53360", "2007-12-31": "1.28820", "2007-09-30": "1.59490", "2007-06-30": "1.67660", "2007-03-31": "1.26180", "2006-12-31": "1.01350", "2006-09-30": "1.70120", "2006-06-30": "1.67620", "2006-03-31": "2.03880", "2005-12-31": "-0.41170", "2005-09-30": "2.21920", "2005-06-30": "2.52580", "2005-03-31": "2.01430"}, "ROI - Return On Investment": {"2020-09-30": "3.77100", "2020-06-30": "2.63100", "2020-03-31": "0.50700", "2019-12-31": "3.61000", "2019-09-30": "3.16610", "2019-06-30": "3.41180", "2019-03-31": "1.21240", "2018-12-31": "2.36820", "2018-09-30": "4.79200", "2018-06-30": "4.34080", "2018-03-31": "1.22640", "2017-12-31": "4.80130", "2017-09-30": "3.75700", "2017-06-30": "3.37100", "2017-03-31": "1.23110", "2016-12-31": "1.95820", "2016-09-30": "3.48860", "2016-06-30": "7.44110", "2016-03-31": "1.34520", "2015-12-31": "2.49560", "2015-09-30": "3.33640", "2015-06-30": "0.90420", "2015-03-31": "0.65800", "2014-12-31": "2.21310", "2014-09-30": "3.37630", "2014-06-30": "3.46880", "2014-03-31": "0.84930", "2013-12-31": "0.80800", "2013-09-30": "2.20100", "2013-06-30": "2.65700", "2013-03-31": "0.57600", "2012-12-31": "-0.17690", "2012-09-30": "3.46170", "2012-06-30": "3.55910", "2012-03-31": "1.02580", "2011-12-31": "-0.27990", "2011-09-30": "0.98200", "2011-06-30": "1.15240", "2011-03-31": "-0.56250", "2010-12-31": "2.18100", "2010-09-30": "2.61510", "2010-06-30": "2.44190", "2010-03-31": "0.20100", "2009-12-31": "1.47910", "2009-09-30": "2.24610", "2009-06-30": "1.41570", "2009-03-31": "-0.15580", "2008-12-31": "-33.89440", "2008-09-30": "1.77340", "2008-06-30": "2.24500", "2008-03-31": "2.38610", "2007-12-31": "2.14830", "2007-09-30": "3.24140", "2007-06-30": "3.09210", "2007-03-31": "2.49000", "2006-12-31": "1.95090", "2006-09-30": "2.92510", "2006-06-30": "2.72520", "2006-03-31": "3.45080", "2005-12-31": "-0.69680", "2005-09-30": "3.76700", "2005-06-30": "4.32420", "2005-03-31": "3.31680"}, "Book Value Per Share": {"2020-09-30": "26.58750", "2020-06-30": "24.90390", "2020-03-31": "24.20490", "2019-12-31": "30.68570", "2019-09-30": "30.38020", "2019-06-30": "29.71380", "2019-03-31": "28.72530", "2018-12-31": "29.20490", "2018-09-30": "29.89900", "2018-06-30": "27.81780", "2018-03-31": "28.79190", "2017-12-31": "28.88780", "2017-09-30": "27.32300", "2017-06-30": "26.74800", "2017-03-31": "25.85040", "2016-12-31": "25.93880", "2016-09-30": "26.45660", "2016-06-30": "25.13780", "2016-03-31": "22.74660", "2015-12-31": "22.50390", "2015-09-30": "22.18410", "2015-06-30": "22.19190", "2015-03-31": "21.86890", "2014-12-31": "22.99510", "2014-09-30": "23.82880", "2014-06-30": "24.02130", "2014-03-31": "23.52610", "2013-12-31": "25.22760", "2013-09-30": "24.94590", "2013-06-30": "24.65810", "2013-03-31": "24.58250", "2012-12-31": "24.45590", "2012-09-30": "25.01640", "2012-06-30": "23.96320", "2012-03-31": "24.43230", "2011-12-31": "23.61070", "2011-09-30": "24.59730", "2011-06-30": "25.27370", "2011-03-31": "24.77420", "2010-12-31": "24.55620", "2010-09-30": "23.68290", "2010-06-30": "22.16780", "2010-03-31": "22.13180", "2009-12-31": "22.38100", "2009-09-30": "22.45170", "2009-06-30": "21.41890", "2009-03-31": "20.36590", "2008-12-31": "21.21160", "2008-09-30": "33.57360", "2008-06-30": "33.88250", "2008-03-31": "30.48380", "2007-12-31": "29.00770", "2007-09-30": "19.06740", "2007-06-30": "20.34630", "2007-03-31": "17.85680", "2006-12-31": "17.62090", "2006-09-30": "18.52550", "2006-06-30": "18.83800", "2006-03-31": "17.93700", "2005-12-31": "17.42320", "2005-09-30": "16.95050", "2005-06-30": "16.47810", "2005-03-31": "16.82280"}, "Operating Cash Flow Per Share": {"2020-09-30": 3.8212, "2020-06-30": 0.8468, "2020-03-31": "-1.35200", "2019-12-31": 3.5485, "2019-09-30": 2.6978, "2019-06-30": 1.8221, "2019-03-31": "-0.21450", "2018-12-31": 2.0321, "2018-09-30": 2.0866, "2018-06-30": 1.7719, "2018-03-31": "-0.26170", "2017-12-31": 2.5012, "2017-09-30": 1.8402, "2017-06-30": 1.7267, "2017-03-31": "-0.16530", "2016-12-31": 1.5499, "2016-09-30": 2.629, "2016-06-30": 1.6656, "2016-03-31": "-0.02910", "2015-12-31": 2.3744, "2015-09-30": 0.312, "2015-06-30": 1.0973, "2015-03-31": "-0.46630", "2014-12-31": 1.7158, "2014-09-30": 1.3536, "2014-06-30": 0.9107, "2014-03-31": "-0.43220", "2013-12-31": 0.6743, "2013-09-30": 1.5612, "2013-06-30": 1.45, "2013-03-31": "-0.02640", "2012-12-31": 1.4913, "2012-09-30": 1.3854, "2012-06-30": 0.9195, "2012-03-31": "0.05250", "2011-12-31": 1.3203, "2011-09-30": 1.2299, "2011-06-30": 1.1364, "2011-03-31": "-0.18880", "2010-12-31": 0.3282, "2010-09-30": 0.9551, "2010-06-30": 0.9486, "2010-03-31": "-0.18540", "2009-12-31": 0.7035, "2009-09-30": 1.7377, "2009-06-30": 2.6673, "2009-03-31": "0.16220", "2008-12-31": 1.3528, "2008-09-30": 1.7401, "2008-06-30": 0.7232, "2008-03-31": "-2.42160", "2007-12-31": 1.1867, "2007-09-30": 0.9428, "2007-06-30": 0.4125, "2007-03-31": "0.25620", "2006-12-31": 0.7154, "2006-09-30": 1.115, "2006-06-30": 0.5698, "2006-03-31": "0.11640", "2005-12-31": -0.0262, "2005-09-30": 0.9121, "2005-06-30": 0.5909, "2005-03-31": "-0.18500"}, "Free Cash Flow Per Share": {"2020-09-30": 3.7014, "2020-06-30": 0.7442, "2020-03-31": "-1.49530", "2019-12-31": 3.1442, "2019-09-30": 2.4582, "2019-06-30": 1.6418, "2019-03-31": "-0.41440", "2018-12-31": 1.6655, "2018-09-30": 1.7331, "2018-06-30": 1.3273, "2018-03-31": "-0.47040", "2017-12-31": 2.2334, "2017-09-30": 1.5624, "2017-06-30": 1.5531, "2017-03-31": "-0.29780", "2016-12-31": 1.3652, "2016-09-30": 2.46, "2016-06-30": 1.5109, "2016-03-31": "-0.18250", "2015-12-31": 2.1022, "2015-09-30": 0.128, "2015-06-30": 0.883, "2015-03-31": "-0.65880", "2014-12-31": 1.4477, "2014-09-30": 1.1502, "2014-06-30": 0.7436, "2014-03-31": "-0.59230", "2013-12-31": 0.5134, "2013-09-30": 1.4142, "2013-06-30": 1.2354, "2013-03-31": "-0.23440", "2012-12-31": 1.273, "2012-09-30": 1.2024, "2012-06-30": 0.7548, "2012-03-31": "-0.10660", "2011-12-31": 1.0579, "2011-09-30": 1.1251, "2011-06-30": 1.1229, "2011-03-31": "-0.30500", "2010-12-31": 0.1526, "2010-09-30": 0.843, "2010-06-30": 0.8511, "2010-03-31": "-0.28580", "2009-12-31": 0.5613, "2009-09-30": 1.6294, "2009-06-30": 2.5199, "2009-03-31": "0.00560", "2008-12-31": 1.0193, "2008-09-30": 1.5995, "2008-06-30": 0.5704, "2008-03-31": "-2.54940", "2007-12-31": 1.1005, "2007-09-30": 0.8323, "2007-06-30": 0.3408, "2007-03-31": "0.16730", "2006-12-31": 0.6154, "2006-09-30": 1.0223, "2006-06-30": 0.4466, "2006-03-31": "0.01380", "2005-12-31": 0.0505, "2005-09-30": 0.817, "2005-06-30": 0.4724, "2005-03-31": "-0.25260"}}, "revenue": {"Trane Technologies Annual Revenue (Millions of US $)": {"2020": "$12,455", "2019": "$16,599", "2018": "$15,668", "2017": "$14,198", "2016": "$13,509", "2015": "$13,301", "2014": "$12,891", "2013": "$12,351", "2012": "$11,988", "2011": "$12,761", "2010": "$14,001", "2009": "$13,009", "2008": "$13,045", "2007": "$8,763", "2006": "$8,034", "2005": "$7,264"}, "Trane Technologies Quarterly Revenue (Millions of US $)": {"2020-12-31": "$3,179", "2020-09-30": "$3,496", "2020-06-30": "$3,139", "2020-03-31": "$2,641", "2019-12-31": "$6,707", "2019-09-30": "$3,471", "2019-06-30": "$3,618", "2019-03-31": "$2,804", "2018-12-31": "$3,895", "2018-09-30": "$4,031", "2018-06-30": "$4,358", "2018-03-31": "$3,385", "2017-12-31": "$3,618", "2017-09-30": "$3,671", "2017-06-30": "$3,908", "2017-03-31": "$3,001", "2016-12-31": "$3,359", "2016-09-30": "$3,568", "2016-06-30": "$3,688", "2016-03-31": "$2,894", "2015-12-31": "$3,326", "2015-09-30": "$3,487", "2015-06-30": "$3,600", "2015-03-31": "$2,888", "2014-12-31": "$3,241", "2014-09-30": "$3,385", "2014-06-30": "$3,543", "2014-03-31": "$2,723", "2013-12-31": "$3,099", "2013-09-30": "$3,214", "2013-06-30": "$3,398", "2013-03-31": "$2,639", "2012-12-31": "$1,424", "2012-09-30": "$3,593", "2012-06-30": "$3,821", "2012-03-31": "$3,151", "2011-12-31": "$1,485", "2011-09-30": "$3,910", "2011-06-30": "$4,091", "2011-03-31": "$3,274", "2010-12-31": "$4,023", "2010-09-30": "$3,730", "2010-06-30": "$3,482", "2010-03-31": "$2,766", "2009-12-31": "$3,166", "2009-09-30": "$3,459", "2009-06-30": "$3,452", "2009-03-31": "$2,933", "2008-12-31": "$3,488", "2008-09-30": "$4,313", "2008-06-30": "$3,081", "2008-03-31": "$2,163", "2007-12-31": "$2,323", "2007-09-30": "$2,239", "2007-06-30": "$2,225", "2007-03-31": "$1,976", "2006-12-31": "$1,425", "2006-09-30": "$2,038", "2006-06-30": "$2,048", "2006-03-31": "$2,523", "2005-12-31": "$-570", "2005-09-30": "$2,615", "2005-06-30": "$2,760", "2005-03-31": "$2,459"}}, "gross-profit": {"Trane Technologies Annual Gross Profit (Millions of US $)": {"2020": "$3,803", "2019": "$5,147", "2018": "$4,821", "2017": "$4,386", "2016": "$4,201", "2015": "$4,023", "2014": "$3,909", "2013": "$3,628", "2012": "$3,455", "2011": "$3,481", "2010": "$3,941", "2009": "$3,572", "2008": "$3,498", "2007": "$2,491", "2006": "$2,265", "2005": "$2,061"}, "Trane Technologies Quarterly Gross Profit (Millions of US $)": {"2020-12-31": "$948", "2020-09-30": "$1,135", "2020-06-30": "$978", "2020-03-31": "$743", "2019-12-31": "$2,074", "2019-09-30": "$1,104", "2019-06-30": "$1,155", "2019-03-31": "$815", "2018-12-31": "$1,150", "2018-09-30": "$1,313", "2018-06-30": "$1,394", "2018-03-31": "$964", "2017-12-31": "$1,076", "2017-09-30": "$1,181", "2017-06-30": "$1,255", "2017-03-31": "$875", "2016-12-31": "$1,012", "2016-09-30": "$1,155", "2016-06-30": "$1,182", "2016-03-31": "$853", "2015-12-31": "$1,009", "2015-09-30": "$1,108", "2015-06-30": "$1,106", "2015-03-31": "$801", "2014-12-31": "$980", "2014-09-30": "$1,058", "2014-06-30": "$1,103", "2014-03-31": "$768", "2013-12-31": "$884", "2013-09-30": "$997", "2013-06-30": "$1,021", "2013-03-31": "$726", "2012-12-31": "$238", "2012-09-30": "$1,138", "2012-06-30": "$1,177", "2012-03-31": "$901", "2011-12-31": "$193", "2011-09-30": "$1,154", "2011-06-30": "$1,228", "2011-03-31": "$905", "2010-12-31": "$1,089", "2010-09-30": "$1,087", "2010-06-30": "$1,009", "2010-03-31": "$757", "2009-12-31": "$913", "2009-09-30": "$996", "2009-06-30": "$936", "2009-03-31": "$727", "2008-12-31": "$887", "2008-09-30": "$1,104", "2008-06-30": "$885", "2008-03-31": "$622", "2007-12-31": "$665", "2007-09-30": "$631", "2007-06-30": "$635", "2007-03-31": "$560", "2006-12-31": "$436", "2006-09-30": "$573", "2006-06-30": "$585", "2006-03-31": "$672", "2005-12-31": "$-23", "2005-09-30": "$695", "2005-06-30": "$740", "2005-03-31": "$648"}}, "operating-income": {"Trane Technologies Annual Operating Income (Millions of US $)": {"2020": "$1,533", "2019": "$2,018", "2018": "$1,917", "2017": "$1,665", "2016": "$1,603", "2015": "$1,492", "2014": "$1,405", "2013": "$1,105", "2012": "$1,072", "2011": "$439", "2010": "$1,261", "2009": "$885", "2008": "$-2,521", "2007": "$1,058", "2006": "$999", "2005": "$888"}, "Trane Technologies Quarterly Operating Income (Millions of US $)": {"2020-12-31": "$388", "2020-09-30": "$567", "2020-06-30": "$424", "2020-03-31": "$154", "2019-12-31": "$678", "2019-09-30": "$537", "2019-06-30": "$567", "2019-03-31": "$237", "2018-12-31": "$447", "2018-09-30": "$587", "2018-06-30": "$640", "2018-03-31": "$243", "2017-12-31": "$387", "2017-09-30": "$506", "2017-06-30": "$558", "2017-03-31": "$215", "2016-12-31": "$353", "2016-09-30": "$512", "2016-06-30": "$513", "2016-03-31": "$225", "2015-12-31": "$393", "2015-09-30": "$475", "2015-06-30": "$452", "2015-03-31": "$171", "2014-12-31": "$346", "2014-09-30": "$440", "2014-06-30": "$463", "2014-03-31": "$155", "2013-12-31": "$218", "2013-09-30": "$380", "2013-06-30": "$388", "2013-03-31": "$120", "2012-12-31": "$-66", "2012-09-30": "$448", "2012-06-30": "$478", "2012-03-31": "$212", "2011-12-31": "$-82", "2011-09-30": "$181", "2011-06-30": "$299", "2011-03-31": "$42", "2010-12-31": "$348", "2010-09-30": "$411", "2010-06-30": "$363", "2010-03-31": "$140", "2009-12-31": "$252", "2009-09-30": "$325", "2009-06-30": "$259", "2009-03-31": "$50", "2008-12-31": "$-3,477", "2008-09-30": "$347", "2008-06-30": "$362", "2008-03-31": "$247", "2007-12-31": "$299", "2007-09-30": "$276", "2007-06-30": "$274", "2007-03-31": "$209", "2006-12-31": "$160", "2006-09-30": "$269", "2006-06-30": "$253", "2006-03-31": "$317", "2005-12-31": "$-128", "2005-09-30": "$340", "2005-06-30": "$379", "2005-03-31": "$297"}}, "ebitda": {"Trane Technologies Annual EBITDA (Millions of US $)": {"2019": "$2,415", "2018": "$2,279", "2017": "$2,019", "2016": "$1,955", "2015": "$1,856", "2014": "$1,737", "2013": "$1,439", "2012": "$1,406", "2011": "$797", "2010": "$1,698", "2009": "$1,307", "2008": "$-2,072", "2007": "$1,197", "2006": "$1,147", "2005": "$1,045"}, "Trane Technologies Quarterly EBITDA (Millions of US $)": {"2020-09-30": "$641", "2020-06-30": "$498", "2020-03-31": "$229", "2019-12-31": "$859", "2019-09-30": "$609", "2019-06-30": "$639", "2019-03-31": "$307", "2018-12-31": "$535", "2018-09-30": "$672", "2018-06-30": "$735", "2018-03-31": "$337", "2017-12-31": "$478", "2017-09-30": "$594", "2017-06-30": "$645", "2017-03-31": "$302", "2016-12-31": "$440", "2016-09-30": "$600", "2016-06-30": "$601", "2016-03-31": "$313", "2015-12-31": "$488", "2015-09-30": "$564", "2015-06-30": "$545", "2015-03-31": "$259", "2014-12-31": "$428", "2014-09-30": "$522", "2014-06-30": "$549", "2014-03-31": "$237", "2013-12-31": "$302", "2013-09-30": "$462", "2013-06-30": "$471", "2013-03-31": "$204", "2012-12-31": "$-17", "2012-09-30": "$540", "2012-06-30": "$573", "2012-03-31": "$310", "2011-12-31": "$-26", "2011-09-30": "$277", "2011-06-30": "$405", "2011-03-31": "$140", "2010-12-31": "$455", "2010-09-30": "$530", "2010-06-30": "$468", "2010-03-31": "$245", "2009-12-31": "$360", "2009-09-30": "$435", "2009-06-30": "$360", "2009-03-31": "$152", "2008-12-31": "$-3,358", "2008-09-30": "$550", "2008-06-30": "$451", "2008-03-31": "$285", "2007-12-31": "$339", "2007-09-30": "$305", "2007-06-30": "$309", "2007-03-31": "$245", "2006-12-31": "$195", "2006-09-30": "$307", "2006-06-30": "$282", "2006-03-31": "$364", "2005-12-31": "$-116", "2005-09-30": "$386", "2005-06-30": "$425", "2005-03-31": "$349"}}, "net-income": {"Trane Technologies Annual Net Income (Millions of US $)": {"2020": "$855", "2019": "$1,411", "2018": "$1,338", "2017": "$1,303", "2016": "$1,476", "2015": "$665", "2014": "$932", "2013": "$619", "2012": "$1,019", "2011": "$343", "2010": "$642", "2009": "$451", "2008": "$-2,625", "2007": "$3,967", "2006": "$1,033", "2005": "$1,054"}, "Trane Technologies Quarterly Net Income (Millions of US $)": {"2020-12-31": "$245", "2020-09-30": "$401", "2020-06-30": "$239", "2020-03-31": "$-29", "2019-12-31": "$296", "2019-09-30": "$459", "2019-06-30": "$456", "2019-03-31": "$200", "2018-12-31": "$254", "2018-09-30": "$515", "2018-06-30": "$448", "2018-03-31": "$120", "2017-12-31": "$460", "2017-09-30": "$367", "2017-06-30": "$359", "2017-03-31": "$117", "2016-12-31": "$199", "2016-09-30": "$377", "2016-06-30": "$748", "2016-03-31": "$152", "2015-12-31": "$234", "2015-09-30": "$301", "2015-06-30": "$79", "2015-03-31": "$51", "2014-12-31": "$255", "2014-09-30": "$291", "2014-06-30": "$306", "2014-03-31": "$79", "2013-12-31": "$48", "2013-09-30": "$166", "2013-06-30": "$317", "2013-03-31": "$88", "2012-12-31": "$236", "2012-09-30": "$322", "2012-06-30": "$366", "2012-03-31": "$96", "2011-12-31": "$242", "2011-09-30": "$86", "2011-06-30": "$92", "2011-03-31": "$-78", "2010-12-31": "$212", "2010-09-30": "$232", "2010-06-30": "$196", "2010-03-31": "$1", "2009-12-31": "$139", "2009-09-30": "$217", "2009-06-30": "$122", "2009-03-31": "$-27", "2008-12-31": "$-3,290", "2008-09-30": "$228", "2008-06-30": "$256", "2008-03-31": "$182", "2007-12-31": "$2,519", "2007-09-30": "$267", "2007-06-30": "$964", "2007-03-31": "$218", "2006-12-31": "$222", "2006-09-30": "$244", "2006-06-30": "$314", "2006-03-31": "$253", "2005-12-31": "$292", "2005-09-30": "$254", "2005-06-30": "$285", "2005-03-31": "$223"}}, "eps-earnings-per-share-diluted": {"Trane Technologies Annual EPS": {"2020": "$3.52", "2019": "$5.77", "2018": "$5.35", "2017": "$5.05", "2016": "$5.65", "2015": "$2.48", "2014": "$3.40", "2013": "$2.07", "2012": "$3.28", "2011": "$1.01", "2010": "$1.89", "2009": "$1.37", "2008": "$-8.73", "2007": "$13.43", "2006": "$3.20", "2005": "$3.09"}, "Trane Technologies Quarterly EPS": {"2020-12-31": "$1.01", "2020-09-30": "$1.64", "2020-06-30": "$0.99", "2020-03-31": "$-0.12", "2019-12-31": "$1.21", "2019-09-30": "$1.88", "2019-06-30": "$1.86", "2019-03-31": "$0.82", "2018-12-31": "$1.02", "2018-09-30": "$2.06", "2018-06-30": "$1.79", "2018-03-31": "$0.48", "2017-12-31": "$1.79", "2017-09-30": "$1.43", "2017-06-30": "$1.38", "2017-03-31": "$0.45", "2016-12-31": "$0.77", "2016-09-30": "$1.44", "2016-06-30": "$2.86", "2016-03-31": "$0.58", "2015-12-31": "$0.88", "2015-09-30": "$1.12", "2015-06-30": "$0.29", "2015-03-31": "$0.19", "2014-12-31": "$0.93", "2014-09-30": "$1.07", "2014-06-30": "$1.12", "2014-03-31": "$0.28", "2013-12-31": "$0.17", "2013-09-30": "$0.56", "2013-06-30": "$1.05", "2013-03-31": "$0.29", "2012-12-31": "$0.78", "2012-09-30": "$1.03", "2012-06-30": "$1.16", "2012-03-31": "$0.31", "2011-12-31": "$0.73", "2011-09-30": "$0.25", "2011-06-30": "$0.26", "2011-03-31": "$-0.23", "2010-12-31": "$0.63", "2010-09-30": "$0.68", "2010-06-30": "$0.58", "2010-03-31": "$0.00", "2009-12-31": "$0.42", "2009-09-30": "$0.65", "2009-06-30": "$0.38", "2009-03-31": "$-0.08", "2008-12-31": "$-10.97", "2008-09-30": "$0.70", "2008-06-30": "$0.88", "2008-03-31": "$0.66", "2007-12-31": "$8.64", "2007-09-30": "$0.92", "2007-06-30": "$3.17", "2007-03-31": "$0.70", "2006-12-31": "$0.73", "2006-09-30": "$0.76", "2006-06-30": "$0.95", "2006-03-31": "$0.76", "2005-12-31": "$0.87", "2005-09-30": "$0.75", "2005-06-30": "$0.83", "2005-03-31": "$0.64"}}, "shares-outstanding": {"Trane Technologies Annual Shares Outstanding (Millions of Shares)": {"2020": "243", "2019": "244", "2018": "250", "2017": "258", "2016": "262", "2015": "268", "2014": "274", "2013": "298", "2012": "311", "2011": "339", "2010": "340", "2009": "329", "2008": "304", "2007": "295", "2006": "323", "2005": "341"}, "Trane Technologies Quarterly Shares Outstanding (Millions of Shares)": {"2020-12-31": "244", "2020-09-30": "244", "2020-06-30": "242", "2020-03-31": "242", "2019-12-31": "244", "2019-09-30": "245", "2019-06-30": "245", "2019-03-31": "245", "2018-12-31": "250", "2018-09-30": "250", "2018-06-30": "250", "2018-03-31": "253", "2017-12-31": "258", "2017-09-30": "257", "2017-06-30": "260", "2017-03-31": "263", "2016-12-31": "262", "2016-09-30": "262", "2016-06-30": "262", "2016-03-31": "261", "2015-12-31": "268", "2015-09-30": "268", "2015-06-30": "269", "2015-03-31": "269", "2014-12-31": "274", "2014-09-30": "272", "2014-06-30": "274", "2014-03-31": "282", "2013-12-31": "298", "2013-09-30": "296", "2013-06-30": "301", "2013-03-31": "303", "2012-12-31": "311", "2012-09-30": "312", "2012-06-30": "314", "2012-03-31": "312", "2011-12-31": "339", "2011-09-30": "340", "2011-06-30": "351", "2011-03-31": "331", "2010-12-31": "340", "2010-09-30": "339", "2010-06-30": "339", "2010-03-31": "337", "2009-12-31": "329", "2009-09-30": "332", "2009-06-30": "325", "2009-03-31": "321", "2008-12-31": "304", "2008-09-30": "324", "2008-06-30": "291", "2008-03-31": "276", "2007-12-31": "295", "2007-09-30": "289", "2007-06-30": "304", "2007-03-31": "310", "2006-12-31": "323", "2006-09-30": "320", "2006-06-30": "331", "2006-03-31": "332", "2005-12-31": "341", "2005-09-30": "339", "2005-06-30": "342", "2005-03-31": "349"}}, "total-assets": {"Trane Technologies Annual Total Assets (Millions of US $)": {"2019": "$20,492", "2018": "$17,915", "2017": "$18,173", "2016": "$17,397", "2015": "$16,718", "2014": "$17,299", "2013": "$17,658", "2012": "$18,482", "2011": "$18,844", "2010": "$19,991", "2009": "$19,991", "2008": "$20,925", "2007": "$14,376", "2006": "$12,146", "2005": "$11,756"}, "Trane Technologies Quarterly Total Assets (Millions of US $)": {"2020-09-30": "$17,939", "2020-06-30": "$17,224", "2020-03-31": "$17,636", "2019-12-31": "$20,492", "2019-09-30": "$20,307", "2019-06-30": "$20,668", "2019-03-31": "$19,781", "2018-12-31": "$17,915", "2018-09-30": "$18,305", "2018-06-30": "$18,378", "2018-03-31": "$18,365", "2017-12-31": "$18,173", "2017-09-30": "$17,723", "2017-06-30": "$17,774", "2017-03-31": "$17,260", "2016-12-31": "$17,397", "2016-09-30": "$17,720", "2016-06-30": "$17,431", "2016-03-31": "$16,953", "2015-12-31": "$16,718", "2015-09-30": "$17,824", "2015-06-30": "$17,887", "2015-03-31": "$17,409", "2014-12-31": "$17,299", "2014-09-30": "$16,866", "2014-06-30": "$17,159", "2014-03-31": "$16,774", "2013-12-31": "$17,658", "2013-09-30": "$19,002", "2013-06-30": "$20,274", "2013-03-31": "$18,593", "2012-12-31": "$18,482", "2012-09-30": "$18,660", "2012-06-30": "$18,739", "2012-03-31": "$18,911", "2011-12-31": "$18,844", "2011-09-30": "$19,502", "2011-06-30": "$20,541", "2011-03-31": "$20,125", "2010-12-31": "$19,991", "2010-09-30": "$20,235", "2010-06-30": "$20,357", "2010-03-31": "$19,717", "2009-12-31": "$19,991", "2009-09-30": "$20,133", "2009-06-30": "$20,426", "2009-03-31": "$20,357", "2008-12-31": "$20,925", "2008-09-30": "$25,775", "2008-06-30": "$25,884", "2008-03-31": "$14,052", "2007-12-31": "$14,376", "2007-09-30": "$12,389", "2007-06-30": "$12,406", "2007-03-31": "$12,411", "2006-12-31": "$12,146", "2006-09-30": "$11,780", "2006-06-30": "$11,759", "2006-03-31": "$11,987", "2005-12-31": "$11,756", "2005-09-30": "$11,540", "2005-06-30": "$11,553", "2005-03-31": "$11,533"}}, "cash-on-hand": {"Trane Technologies Annual Cash on Hand (Millions of US $)": {"2019": "$1,304", "2018": "$903", "2017": "$1,549", "2016": "$1,715", "2015": "$737", "2014": "$1,705", "2013": "$1,937", "2012": "$708", "2011": "$1,161", "2010": "$1,014", "2009": "$877", "2008": "$550", "2007": "$4,735", "2006": "$357", "2005": "$1,037"}, "Trane Technologies Quarterly Cash on Hand (Millions of US $)": {"2020-09-30": "$3,190", "2020-06-30": "$2,367", "2020-03-31": "$2,648", "2019-12-31": "$1,279", "2019-09-30": "$831", "2019-06-30": "$876", "2019-03-31": "$1,907", "2018-12-31": "$903", "2018-09-30": "$1,023", "2018-06-30": "$970", "2018-03-31": "$1,175", "2017-12-31": "$1,549", "2017-09-30": "$1,259", "2017-06-30": "$1,310", "2017-03-31": "$1,323", "2016-12-31": "$1,715", "2016-09-30": "$1,505", "2016-06-30": "$929", "2016-03-31": "$613", "2015-12-31": "$737", "2015-09-30": "$652", "2015-06-30": "$780", "2015-03-31": "$734", "2014-12-31": "$1,705", "2014-09-30": "$937", "2014-06-30": "$930", "2014-03-31": "$898", "2013-12-31": "$1,937", "2013-09-30": "$1,084", "2013-06-30": "$2,201", "2013-03-31": "$833", "2012-12-31": "$708", "2012-09-30": "$930", "2012-06-30": "$903", "2012-03-31": "$1,090", "2011-12-31": "$1,161", "2011-09-30": "$1,404", "2011-06-30": "$1,260", "2011-03-31": "$918", "2010-12-31": "$1,014", "2010-09-30": "$811", "2010-06-30": "$822", "2010-03-31": "$599", "2009-12-31": "$877", "2009-09-30": "$744", "2009-06-30": "$793", "2009-03-31": "$494", "2008-12-31": "$550", "2008-09-30": "$742", "2008-06-30": "$787", "2008-03-31": "$4,068", "2007-12-31": "$4,735", "2007-09-30": "$439", "2007-06-30": "$461", "2007-03-31": "$305", "2006-12-31": "$357", "2006-09-30": "$266", "2006-06-30": "$259", "2006-03-31": "$825", "2005-12-31": "$1,037", "2005-09-30": "$885", "2005-06-30": "$916", "2005-03-31": "$1,025"}}, "long-term-debt": {"Trane Technologies Annual Long Term Debt (Millions of US $)": {"2019": "$4,923", "2018": "$3,741", "2017": "$2,957", "2016": "$3,709", "2015": "$3,714", "2014": "$3,742", "2013": "$3,154", "2012": "$2,267", "2011": "$2,879", "2010": "$2,922", "2009": "$2,905", "2008": "$2,774", "2007": "$713", "2006": "$905", "2005": "$1,184"}, "Trane Technologies Quarterly Long Term Debt (Millions of US $)": {"2020-09-30": "$4,494", "2020-06-30": "$4,618", "2020-03-31": "$4,625", "2019-12-31": "$4,923", "2019-09-30": "$4,922", "2019-06-30": "$4,921", "2019-03-31": "$5,227", "2018-12-31": "$3,741", "2018-09-30": "$3,740", "2018-06-30": "$3,739", "2018-03-31": "$3,746", "2017-12-31": "$2,957", "2017-09-30": "$2,956", "2017-06-30": "$3,705", "2017-03-31": "$3,711", "2016-12-31": "$3,709", "2016-09-30": "$3,709", "2016-06-30": "$3,725", "2016-03-31": "$3,715", "2015-12-31": "$3,714", "2015-09-30": "$3,735", "2015-06-30": "$3,735", "2015-03-31": "$3,742", "2014-12-31": "$3,742", "2014-09-30": "$2,647", "2014-06-30": "$2,647", "2014-03-31": "$3,152", "2013-12-31": "$3,154", "2013-09-30": "$3,154", "2013-06-30": "$3,155", "2013-03-31": "$2,271", "2012-12-31": "$2,267", "2012-09-30": "$2,272", "2012-06-30": "$2,872", "2012-03-31": "$2,879", "2011-12-31": "$2,879", "2011-09-30": "$2,881", "2011-06-30": "$2,881", "2011-03-31": "$2,888", "2010-12-31": "$2,922", "2010-09-30": "$2,923", "2010-06-30": "$2,910", "2010-03-31": "$2,924", "2009-12-31": "$2,905", "2009-09-30": "$3,210", "2009-06-30": "$3,455", "2009-03-31": "$3,449", "2008-12-31": "$2,774", "2008-09-30": "$2,785", "2008-06-30": "$1,190", "2008-03-31": "$713", "2007-12-31": "$713", "2007-09-30": "$902", "2007-06-30": "$895", "2007-03-31": "$903", "2006-12-31": "$905", "2006-09-30": "$1,171", "2006-06-30": "$1,171", "2006-03-31": "$1,181", "2005-12-31": "$1,184", "2005-09-30": "$1,191", "2005-06-30": "$1,190", "2005-03-31": "$1,332"}}, "total-liabilities": {"Trane Technologies Annual Total Liabilities (Millions of US $)": {"2019": "$13,180", "2018": "$10,850", "2017": "$10,966", "2016": "$10,679", "2015": "$10,838", "2014": "$11,253", "2013": "$10,527", "2012": "$11,253", "2011": "$11,828", "2010": "$11,932", "2009": "$12,815", "2008": "$14,162", "2007": "$6,468", "2006": "$6,741", "2005": "$5,994"}, "Trane Technologies Quarterly Total Liabilities (Millions of US $)": {"2020-09-30": "$11,558", "2020-06-30": "$11,264", "2020-03-31": "$11,846", "2019-12-31": "$13,180", "2019-09-30": "$13,028", "2019-06-30": "$13,495", "2019-03-31": "$12,858", "2018-12-31": "$10,850", "2018-09-30": "$10,961", "2018-06-30": "$11,554", "2018-03-31": "$11,225", "2017-12-31": "$10,966", "2017-09-30": "$10,878", "2017-06-30": "$10,980", "2017-03-31": "$10,606", "2016-12-31": "$10,679", "2016-09-30": "$10,889", "2016-06-30": "$10,953", "2016-03-31": "$11,100", "2015-12-31": "$10,838", "2015-09-30": "$12,027", "2015-06-30": "$11,999", "2015-03-31": "$11,623", "2014-12-31": "$11,253", "2014-09-30": "$10,532", "2014-06-30": "$10,719", "2014-03-31": "$10,424", "2013-12-31": "$10,527", "2013-09-30": "$11,815", "2013-06-30": "$13,098", "2013-03-31": "$11,246", "2012-12-31": "$11,253", "2012-09-30": "$11,130", "2012-06-30": "$11,352", "2012-03-31": "$11,612", "2011-12-31": "$11,828", "2011-09-30": "$11,824", "2011-06-30": "$12,176", "2011-03-31": "$11,919", "2010-12-31": "$11,932", "2010-09-30": "$12,562", "2010-06-30": "$13,201", "2010-03-31": "$12,592", "2009-12-31": "$12,815", "2009-09-30": "$12,947", "2009-06-30": "$13,589", "2009-03-31": "$13,858", "2008-12-31": "$14,162", "2008-09-30": "$15,072", "2008-06-30": "$15,091", "2008-03-31": "$5,734", "2007-12-31": "$6,468", "2007-09-30": "$7,195", "2007-06-30": "$6,574", "2007-03-31": "$7,025", "2006-12-31": "$6,741", "2006-09-30": "$6,100", "2006-06-30": "$5,698", "2006-03-31": "$6,086", "2005-12-31": "$5,994", "2005-09-30": "$5,932", "2005-06-30": "$5,995", "2005-03-31": "$5,861"}}, "total-share-holder-equity": {"Trane Technologies Annual Share Holder Equity (Millions of US $)": {"2019": "$7,312", "2018": "$7,065", "2017": "$7,207", "2016": "$6,718", "2015": "$5,879", "2014": "$6,045", "2013": "$7,131", "2012": "$7,229", "2011": "$7,016", "2010": "$8,059", "2009": "$7,176", "2008": "$6,762", "2007": "$7,908", "2006": "$5,405", "2005": "$5,762"}, "Trane Technologies Quarterly Share Holder Equity (Millions of US $)": {"2020-09-30": "$6,381", "2020-06-30": "$5,960", "2020-03-31": "$5,790", "2019-12-31": "$7,312", "2019-09-30": "$7,279", "2019-06-30": "$7,173", "2019-03-31": "$6,923", "2018-12-31": "$7,065", "2018-09-30": "$7,343", "2018-06-30": "$6,824", "2018-03-31": "$7,140", "2017-12-31": "$7,207", "2017-09-30": "$6,844", "2017-06-30": "$6,794", "2017-03-31": "$6,654", "2016-12-31": "$6,718", "2016-09-30": "$6,831", "2016-06-30": "$6,478", "2016-03-31": "$5,853", "2015-12-31": "$5,879", "2015-09-30": "$5,797", "2015-06-30": "$5,888", "2015-03-31": "$5,787", "2014-12-31": "$6,045", "2014-09-30": "$6,334", "2014-06-30": "$6,440", "2014-03-31": "$6,350", "2013-12-31": "$7,131", "2013-09-30": "$7,187", "2013-06-30": "$7,176", "2013-03-31": "$7,348", "2012-12-31": "$7,229", "2012-09-30": "$7,530", "2012-06-30": "$7,387", "2012-03-31": "$7,299", "2011-12-31": "$7,016", "2011-09-30": "$7,679", "2011-06-30": "$8,365", "2011-03-31": "$8,206", "2010-12-31": "$8,059", "2010-09-30": "$7,674", "2010-06-30": "$7,156", "2010-03-31": "$7,124", "2009-12-31": "$7,176", "2009-09-30": "$7,186", "2009-06-30": "$6,837", "2009-03-31": "$6,499", "2008-12-31": "$6,762", "2008-09-30": "$10,703", "2008-06-30": "$10,793", "2008-03-31": "$8,319", "2007-12-31": "$7,908", "2007-09-30": "$5,195", "2007-06-30": "$5,832", "2007-03-31": "$5,386", "2006-12-31": "$5,405", "2006-09-30": "$5,680", "2006-06-30": "$6,061", "2006-03-31": "$5,902", "2005-12-31": "$5,762", "2005-09-30": "$5,608", "2005-06-30": "$5,558", "2005-03-31": "$5,671"}}, "profit-margins": {"current": "6.86%"}, "gross margin": {"2020-12-31": "30.54%", "2020-09-30": "30.85%", "2020-06-30": "30.70%", "2020-03-31": "30.88%", "2019-12-31": "31.01%", "2019-09-30": "30.64%", "2019-06-30": "30.90%", "2019-03-31": "30.97%", "2018-12-31": "30.77%", "2018-09-30": "30.84%", "2018-06-30": "30.70%", "2018-03-31": "30.70%", "2017-12-31": "30.90%", "2017-09-30": "31.01%", "2017-06-30": "31.06%", "2017-03-31": "31.02%", "2016-12-31": "31.11%", "2016-09-30": "31.16%", "2016-06-30": "31.00%", "2016-03-31": "30.63%", "2015-12-31": "30.25%", "2015-09-30": "30.23%", "2015-06-30": "30.08%", "2015-03-31": "30.19%", "2014-12-31": "30.32%", "2014-09-30": "29.91%", "2014-06-30": "29.83%", "2014-03-31": "29.52%", "2013-12-31": "29.38%", "2013-09-30": "27.93%", "2013-06-30": "28.25%", "2013-03-31": "28.57%", "2012-12-31": "28.81%", "2012-09-30": "28.29%", "2012-06-30": "27.69%", "2012-03-31": "27.51%", "2011-12-31": "27.27%", "2011-09-30": "28.61%", "2011-06-30": "28.50%", "2011-03-31": "28.19%", "2010-12-31": "28.16%", "2010-09-30": "28.65%", "2010-06-30": "28.55%", "2010-03-31": "28.05%", "2009-12-31": "27.46%", "2009-09-30": "26.60%", "2009-06-30": "25.76%", "2009-03-31": "26.08%", "2008-12-31": "26.81%", "2008-09-30": "27.58%", "2008-06-30": "28.58%", "2008-03-31": "28.53%", "2007-12-31": "28.43%", "2007-09-30": "28.76%", "2007-06-30": "28.76%", "2007-03-31": "28.77%", "2006-12-31": "28.21%", "2006-09-30": "29.92%", "2006-06-30": "29.16%", "2006-03-31": "28.44%", "2005-12-31": "28.36%"}, "operating margin": {"2020-12-31": "12.31%", "2020-09-30": "11.41%", "2020-06-30": "11.23%", "2020-03-31": "11.77%", "2019-12-31": "12.16%", "2019-09-30": "12.96%", "2019-06-30": "12.81%", "2019-03-31": "12.67%", "2018-12-31": "12.23%", "2018-09-30": "12.06%", "2018-06-30": "11.81%", "2018-03-31": "11.62%", "2017-12-31": "11.73%", "2017-09-30": "11.71%", "2017-06-30": "11.84%", "2017-03-31": "11.70%", "2016-12-31": "11.87%", "2016-09-30": "12.19%", "2016-06-30": "11.99%", "2016-03-31": "11.61%", "2015-12-31": "11.21%", "2015-09-30": "10.93%", "2015-06-30": "10.74%", "2015-03-31": "10.88%", "2014-12-31": "10.89%", "2014-09-30": "10.01%", "2014-06-30": "9.67%", "2014-03-31": "9.18%", "2013-12-31": "8.96%", "2013-09-30": "7.70%", "2013-06-30": "8.05%", "2013-03-31": "8.54%", "2012-12-31": "8.94%", "2012-09-30": "8.76%", "2012-06-30": "6.38%", "2012-03-31": "4.83%", "2011-12-31": "3.45%", "2011-09-30": "5.69%", "2011-06-30": "7.28%", "2011-03-31": "8.02%", "2010-12-31": "9.01%", "2010-09-30": "8.87%", "2010-06-30": "8.39%", "2010-03-31": "7.60%", "2009-12-31": "6.81%", "2009-09-30": "-21.32%", "2009-06-30": "-19.89%", "2009-03-31": "-19.67%", "2008-12-31": "-19.33%", "2008-09-30": "10.56%", "2008-06-30": "12.07%", "2008-03-31": "12.25%", "2007-12-31": "12.07%", "2007-09-30": "11.68%", "2007-06-30": "11.90%", "2007-03-31": "11.90%", "2006-12-31": "12.43%", "2006-09-30": "11.77%", "2006-06-30": "11.82%", "2006-03-31": "12.39%", "2005-12-31": "12.22%"}, "ebitda margin": {"2020-09-30": "13.93%", "2020-06-30": "13.75%", "2020-03-31": "14.21%", "2019-12-31": "14.54%", "2019-09-30": "15.16%", "2019-06-30": "15.01%", "2019-03-31": "14.91%", "2018-12-31": "14.54%", "2018-09-30": "14.44%", "2018-06-30": "14.26%", "2018-03-31": "14.09%", "2017-12-31": "14.22%", "2017-09-30": "14.21%", "2017-06-30": "14.36%", "2017-03-31": "14.27%", "2016-12-31": "14.46%", "2016-09-30": "14.86%", "2016-06-30": "14.68%", "2016-03-31": "14.35%", "2015-12-31": "13.95%", "2015-09-30": "13.59%", "2015-06-30": "13.38%", "2015-03-31": "13.46%", "2014-12-31": "13.47%", "2014-09-30": "12.63%", "2014-06-30": "12.32%", "2014-03-31": "11.84%", "2013-12-31": "11.65%", "2013-09-30": "10.49%", "2013-06-30": "10.84%", "2013-03-31": "11.33%", "2012-12-31": "11.73%", "2012-09-30": "11.59%", "2012-06-30": "9.17%", "2012-03-31": "7.64%", "2011-12-31": "6.24%", "2011-09-30": "8.35%", "2011-06-30": "10.12%", "2011-03-31": "10.98%", "2010-12-31": "12.13%", "2010-09-30": "12.20%", "2010-06-30": "11.71%", "2010-03-31": "10.90%", "2009-12-31": "10.05%", "2009-09-30": "-18.08%", "2009-06-30": "-16.18%", "2009-03-31": "-15.96%", "2008-12-31": "-15.88%", "2008-09-30": "13.68%", "2008-06-30": "14.07%", "2008-03-31": "13.83%", "2007-12-31": "13.67%", "2007-09-30": "13.40%", "2007-06-30": "13.78%", "2007-03-31": "13.74%", "2006-12-31": "14.29%", "2006-09-30": "13.86%", "2006-06-30": "13.85%", "2006-03-31": "14.45%", "2005-12-31": "14.37%"}, "pre tax profit margin": {"2020-12-31": "10.35%", "2020-09-30": "9.82%", "2020-06-30": "9.63%", "2020-03-31": "10.21%", "2019-12-31": "10.50%", "2019-09-30": "11.00%", "2019-06-30": "11.01%", "2019-03-31": "11.02%", "2018-12-31": "10.60%", "2018-09-30": "10.45%", "2018-06-30": "10.14%", "2018-03-31": "9.80%", "2017-12-31": "9.99%", "2017-09-30": "9.76%", "2017-06-30": "9.88%", "2017-03-31": "12.68%", "2016-12-31": "12.90%", "2016-09-30": "13.22%", "2016-06-30": "13.16%", "2016-03-31": "9.99%", "2015-12-31": "9.38%", "2015-09-30": "9.29%", "2015-06-30": "9.10%", "2015-03-31": "9.14%", "2014-12-31": "9.38%", "2014-09-30": "8.51%", "2014-06-30": "7.72%", "2014-03-31": "7.04%", "2013-12-31": "6.72%", "2013-09-30": "5.12%", "2013-06-30": "6.05%", "2013-03-31": "6.67%", "2012-12-31": "7.07%", "2012-09-30": "6.77%", "2012-06-30": "4.39%", "2012-03-31": "2.79%", "2011-12-31": "1.47%", "2011-09-30": "4.09%", "2011-06-30": "5.58%", "2011-03-31": "6.31%", "2010-12-31": "7.22%", "2010-09-30": "6.81%", "2010-06-30": "6.17%", "2010-03-31": "5.24%", "2009-12-31": "4.57%", "2009-09-30": "-23.66%", "2009-06-30": "-22.11%", "2009-03-31": "-21.48%", "2008-12-31": "-20.70%", "2008-09-30": "9.85%", "2008-06-30": "11.62%", "2008-03-31": "11.64%", "2007-12-31": "10.86%", "2007-09-30": "9.93%", "2007-06-30": "10.19%", "2007-03-31": "9.95%", "2006-12-31": "10.68%", "2006-09-30": "9.87%", "2006-06-30": "10.20%", "2006-03-31": "11.07%", "2005-12-31": "10.92%"}, "net profit margin": {"2020-12-31": "6.87%", "2020-09-30": "5.67%", "2020-06-30": "6.05%", "2020-03-31": "7.19%", "2019-12-31": "8.50%", "2019-09-30": "9.93%", "2019-06-30": "9.93%", "2019-03-31": "9.39%", "2018-12-31": "8.53%", "2018-09-30": "10.02%", "2018-06-30": "9.28%", "2018-03-31": "8.96%", "2017-12-31": "9.18%", "2017-09-30": "7.48%", "2017-06-30": "7.60%", "2017-03-31": "10.58%", "2016-12-31": "10.93%", "2016-09-30": "11.21%", "2016-06-30": "10.71%", "2016-03-31": "5.76%", "2015-12-31": "5.00%", "2015-09-30": "5.19%", "2015-06-30": "5.15%", "2015-03-31": "6.92%", "2014-12-31": "7.22%", "2014-09-30": "5.68%", "2014-06-30": "4.76%", "2014-03-31": "4.91%", "2013-12-31": "5.01%", "2013-09-30": "7.56%", "2013-06-30": "8.71%", "2013-03-31": "8.82%", "2012-12-31": "8.51%", "2012-09-30": "8.51%", "2012-06-30": "6.39%", "2012-03-31": "4.08%", "2011-12-31": "2.68%", "2011-09-30": "2.04%", "2011-06-30": "3.03%", "2011-03-31": "3.87%", "2010-12-31": "4.58%", "2010-09-30": "4.32%", "2010-06-30": "4.30%", "2010-03-31": "3.73%", "2009-12-31": "3.47%", "2009-09-30": "-22.34%", "2009-06-30": "-20.91%", "2009-03-31": "-20.51%", "2008-12-31": "-20.11%", "2008-09-30": "26.81%", "2008-06-30": "32.88%", "2008-03-31": "43.93%", "2007-12-31": "45.28%", "2007-09-30": "21.25%", "2007-06-30": "21.50%", "2007-03-31": "13.33%", "2006-12-31": "12.86%", "2006-09-30": "18.26%", "2006-06-30": "16.82%", "2006-03-31": "14.79%", "2005-12-31": "14.51%"}, "pe ratio": {"current": "32.74", "2021-02-11": "60.11", "2020-12-31": "57.83"}, "price sales": {"2021-02-11": "2.95", "2020-12-31": "2.83"}, "price book": {"current": "5.44", "2021-02-11": "5.67", "2020-09-30": "4.54", "2020-06-30": "3.56", "2020-03-31": "3.40"}, "price fcf": {"2021-02-11": ""}, "net worth": {"value": "$34.99B"}, "current ratio": {"2020-12-31": "1.59", "2020-09-30": "1.67", "2020-06-30": "1.66", "2020-03-31": "1.55", "2019-12-31": "1.77", "2019-09-30": "1.28", "2019-06-30": "1.23", "2019-03-31": "1.58", "2018-12-31": "1.33", "2018-09-30": "1.41", "2018-06-30": "1.30", "2018-03-31": "1.41", "2017-12-31": "1.27", "2017-09-30": "1.24", "2017-06-30": "1.50", "2017-03-31": "1.53", "2016-12-31": "1.55", "2016-09-30": "1.54", "2016-06-30": "1.43", "2016-03-31": "1.23", "2015-12-31": "1.26", "2015-09-30": "1.22", "2015-06-30": "1.24", "2015-03-31": "1.28", "2014-12-31": "1.56", "2014-09-30": "1.25", "2014-06-30": "1.25", "2014-03-31": "1.44", "2013-12-31": "1.68", "2013-09-30": "1.46", "2013-06-30": "1.33", "2013-03-31": "1.23", "2012-12-31": "1.39", "2012-09-30": "1.21", "2012-06-30": "1.37", "2012-03-31": "1.31", "2011-12-31": "1.28", "2011-09-30": "1.37", "2011-06-30": "1.48", "2011-03-31": "1.46", "2010-12-31": "1.47", "2010-09-30": "1.27", "2010-06-30": "1.19", "2010-03-31": "1.15", "2009-12-31": "1.13", "2009-09-30": "1.18", "2009-06-30": "1.16", "2009-03-31": "1.08", "2008-12-31": "0.98", "2008-09-30": "0.98", "2008-06-30": "0.80", "2008-03-31": "2.87", "2007-12-31": "2.38", "2007-09-30": "1.32", "2007-06-30": "1.58", "2007-03-31": "1.29", "2006-12-31": "1.35", "2006-09-30": "1.20", "2006-06-30": "1.38", "2006-03-31": "1.33", "2005-12-31": "1.33", "2005-09-30": "1.35", "2005-06-30": "1.34", "2005-03-31": "1.48"}, "quick ratio": {"2020-12-31": "1.32", "2020-09-30": "1.38", "2020-06-30": "1.30", "2020-03-31": "1.20", "2019-12-31": "1.53", "2019-09-30": "0.88", "2019-06-30": "0.85", "2019-03-31": "1.14", "2018-12-31": "0.94", "2018-09-30": "0.99", "2018-06-30": "0.93", "2018-03-31": "0.99", "2017-12-31": "0.95", "2017-09-30": "0.89", "2017-06-30": "1.09", "2017-03-31": "1.08", "2016-12-31": "1.17", "2016-09-30": "1.12", "2016-06-30": "1.01", "2016-03-31": "0.81", "2015-12-31": "0.88", "2015-09-30": "0.87", "2015-06-30": "0.87", "2015-03-31": "0.88", "2014-12-31": "1.19", "2014-09-30": "0.91", "2014-06-30": "0.93", "2014-03-31": "1.04", "2013-12-31": "1.34", "2013-09-30": "1.09", "2013-06-30": "1.05", "2013-03-31": "0.88", "2012-12-31": "1.12", "2012-09-30": "0.87", "2012-06-30": "1.00", "2012-03-31": "0.96", "2011-12-31": "0.97", "2011-09-30": "1.02", "2011-06-30": "1.13", "2011-03-31": "1.10", "2010-12-31": "1.17", "2010-09-30": "0.92", "2010-06-30": "0.89", "2010-03-31": "0.82", "2009-12-31": "0.86", "2009-09-30": "0.86", "2009-06-30": "0.85", "2009-03-31": "0.75", "2008-12-31": "0.69", "2008-09-30": "0.69", "2008-06-30": "0.58", "2008-03-31": "2.50", "2007-12-31": "2.12", "2007-09-30": "1.10", "2007-06-30": "1.33", "2007-03-31": "0.94", "2006-12-31": "1.14", "2006-09-30": "0.79", "2006-06-30": "0.94", "2006-03-31": "0.95", "2005-12-31": "0.98", "2005-09-30": "0.96", "2005-06-30": "0.96", "2005-03-31": "1.06"}, "debt equity ratio": {"current": "0.70", "2020-12-31": "1.83", "2020-09-30": "1.81", "2020-06-30": "1.89", "2020-03-31": "2.05", "2019-12-31": "1.80", "2019-09-30": "1.79", "2019-06-30": "1.88", "2019-03-31": "1.86", "2018-12-31": "1.54", "2018-09-30": "1.49", "2018-06-30": "1.69", "2018-03-31": "1.57", "2017-12-31": "1.52", "2017-09-30": "1.59", "2017-06-30": "1.62", "2017-03-31": "1.59", "2016-12-31": "1.59", "2016-09-30": "1.59", "2016-06-30": "1.69", "2016-03-31": "1.90", "2015-12-31": "1.84", "2015-09-30": "2.08", "2015-06-30": "2.04", "2015-03-31": "2.01", "2014-12-31": "1.86", "2014-09-30": "1.66", "2014-06-30": "1.66", "2014-03-31": "1.64", "2013-12-31": "1.48", "2013-09-30": "1.64", "2013-06-30": "1.83", "2013-03-31": "1.53", "2012-12-31": "1.56", "2012-09-30": "1.48", "2012-06-30": "1.54", "2012-03-31": "1.59", "2011-12-31": "1.69", "2011-09-30": "1.54", "2011-06-30": "1.46", "2011-03-31": "1.45", "2010-12-31": "1.48", "2010-09-30": "1.64", "2010-06-30": "1.85", "2010-03-31": "1.77", "2009-12-31": "1.79", "2009-09-30": "1.80", "2009-06-30": "1.99", "2009-03-31": "2.13", "2008-12-31": "2.09", "2008-09-30": "1.41", "2008-06-30": "1.40", "2008-03-31": "0.69", "2007-12-31": "0.82", "2007-09-30": "1.39", "2007-06-30": "1.13", "2007-03-31": "1.30", "2006-12-31": "1.25", "2006-09-30": "1.07", "2006-06-30": "0.94", "2006-03-31": "1.03", "2005-12-31": "1.04", "2005-09-30": "1.06", "2005-06-30": "1.08", "2005-03-31": "1.03"}, "return on equity": {"2020-12-31": "13.94%", "2020-09-30": "14.26%", "2020-06-30": "14.65%", "2020-03-31": "17.16%", "2019-12-31": "19.67%", "2019-09-30": "19.25%", "2019-06-30": "20.00%", "2019-03-31": "20.13%", "2018-12-31": "18.85%", "2018-09-30": "21.65%", "2018-06-30": "19.92%", "2018-03-31": "18.67%", "2017-12-31": "18.95%", "2017-09-30": "15.43%", "2017-06-30": "15.59%", "2017-03-31": "21.60%", "2016-12-31": "22.81%", "2016-09-30": "24.14%", "2016-06-30": "23.91%", "2016-03-31": "13.08%", "2015-12-31": "11.39%", "2015-09-30": "11.67%", "2015-06-30": "11.24%", "2015-03-31": "14.68%", "2014-12-31": "14.80%", "2014-09-30": "11.03%", "2014-06-30": "8.84%", "2014-03-31": "8.76%", "2013-12-31": "8.58%", "2013-09-30": "11.15%", "2013-06-30": "13.15%", "2013-03-31": "13.72%", "2012-12-31": "13.86%", "2012-09-30": "14.04%", "2012-06-30": "10.76%", "2012-03-31": "6.80%", "2011-12-31": "4.38%", "2011-09-30": "3.86%", "2011-06-30": "5.67%", "2011-03-31": "7.23%", "2010-12-31": "8.54%", "2010-09-30": "7.80%", "2010-06-30": "7.72%", "2010-03-31": "6.76%", "2009-12-31": "6.51%", "2009-09-30": "-43.66%", "2009-06-30": "-38.53%", "2009-03-31": "-32.60%", "2008-12-31": "-28.70%", "2008-09-30": "33.77%", "2008-06-30": "40.03%", "2008-03-31": "57.71%", "2007-12-31": "65.26%", "2007-09-30": "30.64%", "2007-06-30": "29.56%", "2007-03-31": "17.72%", "2006-12-31": "17.93%", "2006-09-30": "18.85%", "2006-06-30": "19.08%", "2006-03-31": "18.99%", "2005-12-31": "18.66%"}, "return on assets": {"2020-12-31": "4.83%", "2020-09-30": "4.95%", "2020-06-30": "5.10%", "2020-03-31": "5.98%", "2019-12-31": "6.95%", "2019-09-30": "6.96%", "2019-06-30": "7.43%", "2019-03-31": "7.62%", "2018-12-31": "7.33%", "2018-09-30": "8.43%", "2018-06-30": "7.68%", "2018-03-31": "7.25%", "2017-12-31": "7.35%", "2017-09-30": "5.94%", "2017-06-30": "6.00%", "2017-03-31": "8.26%", "2016-12-31": "8.49%", "2016-09-30": "8.78%", "2016-06-30": "8.33%", "2016-03-31": "4.42%", "2015-12-31": "3.81%", "2015-09-30": "3.90%", "2015-06-30": "3.89%", "2015-03-31": "5.26%", "2014-12-31": "5.47%", "2014-09-30": "4.23%", "2014-06-30": "3.39%", "2014-03-31": "3.31%", "2013-12-31": "3.28%", "2013-09-30": "4.23%", "2013-06-30": "5.07%", "2013-03-31": "5.44%", "2012-12-31": "5.46%", "2012-09-30": "5.46%", "2012-06-30": "4.16%", "2012-03-31": "2.65%", "2011-12-31": "1.73%", "2011-09-30": "1.56%", "2011-06-30": "2.26%", "2011-03-31": "2.79%", "2010-12-31": "3.19%", "2010-09-30": "2.83%", "2010-06-30": "2.76%", "2010-03-31": "2.39%", "2009-12-31": "2.23%", "2009-09-30": "-14.56%", "2009-06-30": "-13.57%", "2009-03-31": "-12.19%", "2008-12-31": "-12.12%", "2008-09-30": "15.91%", "2008-06-30": "19.33%", "2008-03-31": "29.55%", "2007-12-31": "30.77%", "2007-09-30": "13.54%", "2007-06-30": "13.52%", "2007-03-31": "8.30%", "2006-12-31": "8.67%", "2006-09-30": "9.33%", "2006-06-30": "9.46%", "2006-03-31": "9.26%", "2005-12-31": "9.09%"}, "return on investments": {"2020-12-31": "14.33%", "2020-09-30": "16.53%", "2020-06-30": "15.78%", "2020-03-31": "16.49%", "2019-12-31": "16.58%", "2019-09-30": "15.13%", "2019-06-30": "15.94%", "2019-03-31": "17.14%", "2018-12-31": "17.69%", "2018-09-30": "17.40%", "2018-06-30": "17.15%", "2018-03-31": "16.39%", "2017-12-31": "16.32%", "2017-09-30": "15.89%", "2017-06-30": "15.66%", "2017-03-31": "15.34%", "2016-12-31": "15.74%", "2016-09-30": "16.47%", "2016-06-30": "16.52%", "2016-03-31": "16.13%", "2015-12-31": "15.58%", "2015-09-30": "15.02%", "2015-06-30": "14.86%", "2015-03-31": "15.19%", "2014-12-31": "15.03%", "2014-09-30": "13.48%", "2014-06-30": "12.40%", "2014-03-31": "11.28%", "2013-12-31": "10.90%", "2013-09-30": "8.26%", "2013-06-30": "9.07%", "2013-03-31": "10.01%", "2012-12-31": "10.79%", "2012-09-30": "10.53%", "2012-06-30": "7.72%", "2012-03-31": "5.83%", "2011-12-31": "4.11%", "2011-09-30": "7.93%", "2011-06-30": "10.02%", "2011-03-31": "10.89%", "2010-12-31": "12.11%", "2010-09-30": "11.43%", "2010-06-30": "10.64%", "2010-03-31": "9.56%", "2009-12-31": "8.70%", "2009-09-30": "-28.31%", "2009-06-30": "-26.08%", "2009-03-31": "-24.18%", "2008-12-31": "-22.90%", "2008-09-30": "11.64%", "2008-06-30": "13.25%", "2008-03-31": "14.39%", "2007-12-31": "15.26%", "2007-09-30": "14.46%", "2007-06-30": "13.94%", "2007-03-31": "13.36%", "2006-12-31": "14.54%", "2006-09-30": "10.12%", "2006-06-30": "11.15%", "2006-03-31": "13.17%", "2005-12-31": "12.92%"}, "return on tangible equity": {"2020-09-30": "-44.77%", "2020-06-30": "-39.73%", "2020-03-31": "-42.05%", "2019-12-31": "-49.88%", "2019-09-30": "-43.09%", "2019-06-30": "-49.89%", "2019-03-31": "-54.55%", "2018-12-31": "-51.07%", "2018-09-30": "-59.26%", "2018-06-30": "-51.49%", "2018-03-31": "-48.86%", "2017-12-31": "-48.47%", "2017-09-30": "-37.87%", "2017-06-30": "-38.14%", "2017-03-31": "-50.35%", "2016-12-31": "-47.29%", "2016-09-30": "-44.65%", "2016-06-30": "-39.05%", "2016-03-31": "-19.84%", "2015-12-31": "-17.07%", "2015-09-30": "-18.37%", "2015-06-30": "-19.40%", "2015-03-31": "-27.82%", "2014-12-31": "-30.84%", "2014-09-30": "-25.67%", "2014-06-30": "-21.16%", "2014-03-31": "-21.33%", "2013-12-31": "-21.94%", "2013-09-30": "-28.65%", "2013-06-30": "-34.69%", "2013-03-31": "-36.92%", "2012-12-31": "-36.40%", "2012-09-30": "-33.32%", "2012-06-30": "-25.55%", "2012-03-31": "-17.52%", "2011-12-31": "-12.30%", "2011-09-30": "-12.15%", "2011-06-30": "-16.35%", "2011-03-31": "-17.18%", "2010-12-31": "-17.10%", "2010-09-30": "-13.44%", "2010-06-30": "-12.51%", "2010-03-31": "-10.43%", "2009-12-31": "-9.41%", "2009-09-30": "60.25%", "2009-06-30": "59.41%", "2009-03-31": "57.61%", "2008-12-31": "95.45%", "2008-09-30": "-465.98%", "2008-06-30": "497.92%", "2008-03-31": "186.26%", "2007-12-31": "311.40%", "2007-09-30": "242.00%", "2007-06-30": "249.22%", "2007-03-31": "180.06%", "2006-12-31": "151.58%", "2006-09-30": "177.69%", "2006-06-30": "186.74%", "2006-03-31": "232.37%", "2005-12-31": "245.83%"}, "dividend yield history": {"last payout": "$2.12", "last yield": "1.45%"}}