{"ticker": "TWLO", "price": {"title": "Twilio Historical Annual Stock Price Data", "value": 400.06, "historical": {"2020": {"Average Stock Price": "208.3006", "Year Open": "103.1500", "Year High": "370.7500", "Year Low": "71.7000", "Year Close": "338.5000", "Annual % Change": "244.42%"}, "2019": {"Average Stock Price": "119.4181", "Year Open": "86.9700", "Year High": "149.9500", "Year Low": "81.2500", "Year Close": "98.2800", "Annual % Change": "10.06%"}, "2018": {"Average Stock Price": "59.0666", "Year Open": "25.1000", "Year High": "96.6700", "Year Low": "23.9100", "Year Close": "89.3000", "Annual % Change": "278.39%"}, "2017": {"Average Stock Price": "28.9012", "Year Open": "26.5000", "Year High": "34.9000", "Year Low": "23.1700", "Year Close": "23.6000", "Annual % Change": "-18.20%"}, "2016": {"Average Stock Price": "43.1745", "Year Open": "28.7900", "Year High": "68.9700", "Year Low": "26.3000", "Year Close": "28.8500", "Annual % Change": "0.00%"}}}, "market cap": {"value": "$60.39B"}, "income statement": {"Revenue": {"2019-12-31": "1134.46800", "2018-12-31": "650.06700", "2017-12-31": "399.02000", "2016-12-31": "277.33500", "2015-12-31": "166.91900", "2014-12-31": "88.84600", "2013-12-31": "49.92000"}, "Cost Of Goods Sold": {"2019-12-31": "525.55100", "2018-12-31": "300.84100", "2017-12-31": "182.89500", "2016-12-31": "120.52000", "2015-12-31": "74.45400", "2014-12-31": "41.42300", "2013-12-31": "25.86800"}, "Gross Profit": {"2019-12-31": "608.91700", "2018-12-31": "349.22600", "2017-12-31": "216.12500", "2016-12-31": "156.81500", "2015-12-31": "92.46500", "2014-12-31": "47.42300", "2013-12-31": "24.05200"}, "Research And Development Expenses": {"2019-12-31": "391.35500", "2018-12-31": "171.35800", "2017-12-31": "120.73900", "2016-12-31": "77.92600", "2015-12-31": "42.55900", "2014-12-31": "21.82400", "2013-12-31": "13.95900"}, "SG&A Expenses": {"2019-12-31": "587.34700", "2018-12-31": "293.10300", "2017-12-31": "161.46000", "2016-12-31": "116.34400", "2015-12-31": "85.29900", "2014-12-31": "52.28200", "2013-12-31": "36.94300"}, "Other Operating Income Or Expenses": {"2019-12-31": "", "2018-12-31": "", "2017-12-31": "", "2016-12-31": "-3.86000", "2015-12-31": "", "2014-12-31": "", "2013-12-31": ""}, "Operating Expenses": {"2019-12-31": "1504.25300", "2018-12-31": "765.30200", "2017-12-31": "465.09400", "2016-12-31": "318.65000", "2015-12-31": "202.31200", "2014-12-31": "115.52900", "2013-12-31": "76.77000"}, "Operating Income": {"2019-12-31": "-369.78490", "2018-12-31": "-115.23500", "2017-12-31": "-66.07400", "2016-12-31": "-41.31500", "2015-12-31": "-35.39300", "2014-12-31": "-26.68300", "2013-12-31": "-26.85000"}, "Total Non-Operating Income/Expense": {"2019-12-31": "7.56900", "2018-12-31": "-5.92300", "2017-12-31": "3.07100", "2016-12-31": "0.31700", "2015-12-31": "0.01100", "2014-12-31": "-0.06200", "2013-12-31": "-0.00400"}, "Pre-Tax Income": {"2019-12-31": "-362.21600", "2018-12-31": "-121.15800", "2017-12-31": "-63.00300", "2016-12-31": "-40.99800", "2015-12-31": "-35.38200", "2014-12-31": "-26.74500", "2013-12-31": "-26.85400"}, "Income Taxes": {"2019-12-31": "-55.15300", "2018-12-31": "0.79100", "2017-12-31": "0.70500", "2016-12-31": "0.32600", "2015-12-31": "0.12200", "2014-12-31": "0.01300", "2013-12-31": "0.00000"}, "Income After Taxes": {"2019-12-31": "-307.06300", "2018-12-31": "-121.94900", "2017-12-31": "-63.70800", "2016-12-31": "-41.32400", "2015-12-31": "-35.50400", "2014-12-31": "-26.75800", "2013-12-31": "-26.85400"}, "Other Income": {"2019-12-31": "", "2018-12-31": "", "2017-12-31": "", "2016-12-31": "", "2015-12-31": "", "2014-12-31": "", "2013-12-31": ""}, "Income From Continuous Operations": {"2019-12-31": "-307.06300", "2018-12-31": "-121.94900", "2017-12-31": "-63.70800", "2016-12-31": "-41.32400", "2015-12-31": "-35.50400", "2014-12-31": "-26.75800", "2013-12-31": "-26.85400"}, "Income From Discontinued Operations": {"2019-12-31": "", "2018-12-31": "", "2017-12-31": "", "2016-12-31": "", "2015-12-31": "", "2014-12-31": "", "2013-12-31": ""}, "Net Income": {"2019-12-31": "-307.06300", "2018-12-31": "-121.94900", "2017-12-31": "-63.70800", "2016-12-31": "-41.32400", "2015-12-31": "-38.89600", "2014-12-31": "-26.75800", "2013-12-31": "-26.85400"}, "EBITDA": {"2019-12-31": "-240.15990", "2018-12-31": "-76.58300", "2017-12-31": "-47.04800", "2016-12-31": "-33.00000", "2015-12-31": "-31.16700", "2014-12-31": "-24.92700", "2013-12-31": "-26.24000"}, "EBIT": {"2019-12-31": "-369.78490", "2018-12-31": "-115.23500", "2017-12-31": "-66.07400", "2016-12-31": "-41.31500", "2015-12-31": "-35.39300", "2014-12-31": "-26.68300", "2013-12-31": "-26.85000"}, "Basic Shares Outstanding": {"2019-12-31": "130.08310", "2018-12-31": "97.13030", "2017-12-31": "91.22460", "2016-12-31": "53.11670", "2015-12-31": "17.74650", "2014-12-31": "16.90010", "2013-12-31": "16.91600"}, "Shares Outstanding": {"2019-12-31": "130.08310", "2018-12-31": "97.13030", "2017-12-31": "91.22460", "2016-12-31": "53.11670", "2015-12-31": "17.74650", "2014-12-31": "16.90010", "2013-12-31": "16.91600"}, "Basic EPS": {"2019-12-31": "-2.36000", "2018-12-31": "-1.26000", "2017-12-31": "-0.70000", "2016-12-31": "-0.78000", "2015-12-31": "-2.19000", "2014-12-31": "-1.58000", "2013-12-31": "-1.59000"}, "EPS - Earnings Per Share": {"2019-12-31": "-2.36000", "2018-12-31": "-1.26000", "2017-12-31": "-0.70000", "2016-12-31": "-0.78000", "2015-12-31": "-2.19000", "2014-12-31": "-1.58000", "2013-12-31": "-1.59000"}}, "income statement, quarterly": {"Revenue": {"2020-09-30": "447.96900", "2020-06-30": "400.84900", "2020-03-31": "364.86800", "2019-12-31": "331.22400", "2019-09-30": "295.06600", "2019-06-30": "275.03900", "2019-03-31": "233.13900", "2018-12-31": "204.30200", "2018-09-30": "168.89500", "2018-06-30": "147.75400", "2018-03-31": "129.11600", "2017-12-31": "115.23600", "2017-09-30": "100.54200", "2017-06-30": "95.87000", "2017-03-31": "87.37200", "2016-12-31": "81.95200", "2016-09-30": "71.53300", "2016-06-30": "64.51000", "2016-03-31": "59.34000", "2015-12-31": "", "2015-09-30": "44.26200", "2015-06-30": "37.95400", "2014-12-31": "", "2013-12-31": ""}, "Cost Of Goods Sold": {"2020-09-30": "217.09500", "2020-06-30": "191.71800", "2020-03-31": "171.33300", "2019-12-31": "156.53410", "2019-09-30": "136.90400", "2019-06-30": "125.02400", "2019-03-31": "107.08900", "2018-12-31": "96.28800", "2018-09-30": "77.03100", "2018-06-30": "67.94000", "2018-03-31": "59.58200", "2017-12-31": "55.02200", "2017-09-30": "48.25400", "2017-06-30": "42.33300", "2017-03-31": "37.28600", "2016-12-31": "34.20500", "2016-09-30": "31.28500", "2016-06-30": "28.20300", "2016-03-31": "26.82700", "2015-12-31": "", "2015-09-30": "19.60200", "2015-06-30": "16.82700", "2014-12-31": "", "2013-12-31": ""}, "Gross Profit": {"2020-09-30": "230.87400", "2020-06-30": "209.13100", "2020-03-31": "193.53500", "2019-12-31": "174.68990", "2019-09-30": "158.16200", "2019-06-30": "150.01500", "2019-03-31": "126.05000", "2018-12-31": "108.01400", "2018-09-30": "91.86400", "2018-06-30": "79.81400", "2018-03-31": "69.53400", "2017-12-31": "60.21400", "2017-09-30": "52.28800", "2017-06-30": "53.53700", "2017-03-31": "50.08600", "2016-12-31": "47.74700", "2016-09-30": "40.24800", "2016-06-30": "36.30700", "2016-03-31": "32.51300", "2015-12-31": "", "2015-09-30": "24.66000", "2015-06-30": "21.12700", "2014-12-31": "", "2013-12-31": ""}, "Research And Development Expenses": {"2020-09-30": "136.65200", "2020-06-30": "120.70100", "2020-03-31": "114.33900", "2019-12-31": "110.23600", "2019-09-30": "104.48100", "2019-06-30": "98.78300", "2019-03-31": "77.85500", "2018-12-31": "51.63100", "2018-09-30": "42.34000", "2018-06-30": "39.81100", "2018-03-31": "37.57600", "2017-12-31": "32.82900", "2017-09-30": "31.67400", "2017-06-30": "29.71400", "2017-03-31": "26.52200", "2016-12-31": "24.58700", "2016-09-30": "21.10600", "2016-06-30": "17.36900", "2016-03-31": "14.86400", "2015-12-31": "", "2015-09-30": "11.60200", "2015-06-30": "9.38800", "2014-12-31": "", "2013-12-31": ""}, "SG&A Expenses": {"2020-09-30": "206.49200", "2020-06-30": "191.07400", "2020-03-31": "171.89200", "2019-12-31": "158.25300", "2019-09-30": "148.34700", "2019-06-30": "144.96400", "2019-03-31": "135.78300", "2018-12-31": "100.37000", "2018-09-30": "74.55700", "2018-06-30": "61.96100", "2018-03-31": "56.21500", "2017-12-31": "47.60300", "2017-09-30": "44.64500", "2017-06-30": "30.89300", "2017-03-31": "38.31900", "2016-12-31": "32.12000", "2016-09-30": "30.41800", "2016-06-30": "29.79100", "2016-03-31": "24.01500", "2015-12-31": "", "2015-09-30": "22.00200", "2015-06-30": "21.19900", "2014-12-31": "", "2013-12-31": ""}, "Other Operating Income Or Expenses": {"2020-09-30": "", "2020-06-30": "", "2020-03-31": "", "2019-12-31": "", "2019-09-30": "", "2019-06-30": "", "2019-03-31": "", "2018-12-31": "", "2018-09-30": "", "2018-06-30": "", "2018-03-31": "", "2017-12-31": "", "2017-09-30": "", "2017-06-30": "", "2017-03-31": "", "2016-12-31": "", "2016-09-30": "", "2016-06-30": "", "2016-03-31": "", "2015-12-31": "", "2015-09-30": "", "2015-06-30": "", "2014-12-31": "", "2013-12-31": ""}, "Operating Expenses": {"2020-09-30": "560.23900", "2020-06-30": "503.49300", "2020-03-31": "457.56400", "2019-12-31": "425.02300", "2019-09-30": "389.73200", "2019-06-30": "368.77100", "2019-03-31": "320.72700", "2018-12-31": "248.28900", "2018-09-30": "193.92800", "2018-06-30": "169.71200", "2018-03-31": "153.37300", "2017-12-31": "135.45400", "2017-09-30": "124.57300", "2017-06-30": "102.94000", "2017-03-31": "102.12700", "2016-12-31": "94.77200", "2016-09-30": "82.80900", "2016-06-30": "75.36300", "2016-03-31": "65.70600", "2015-12-31": "", "2015-09-30": "53.20600", "2015-06-30": "47.41400", "2014-12-31": "", "2013-12-31": ""}, "Operating Income": {"2020-09-30": "-112.27000", "2020-06-30": "-102.64400", "2020-03-31": "-92.69600", "2019-12-31": "-93.79900", "2019-09-30": "-94.66600", "2019-06-30": "-93.73200", "2019-03-31": "-87.58800", "2018-12-31": "-43.98700", "2018-09-30": "-25.03300", "2018-06-30": "-21.95800", "2018-03-31": "-24.25700", "2017-12-31": "-20.21800", "2017-09-30": "-24.03100", "2017-06-30": "-7.07000", "2017-03-31": "-14.75500", "2016-12-31": "-12.82000", "2016-09-30": "-11.27600", "2016-06-30": "-10.85300", "2016-03-31": "-6.36600", "2015-12-31": "", "2015-09-30": "-8.94400", "2015-06-30": "-9.46000", "2014-12-31": "", "2013-12-31": ""}, "Total Non-Operating Income/Expense": {"2020-09-30": "-3.99600", "2020-06-30": "3.01500", "2020-03-31": "-1.11800", "2019-12-31": "4.70800", "2019-09-30": "4.37700", "2019-06-30": "-0.88000", "2019-03-31": "-0.63600", "2018-12-31": "-2.75100", "2018-09-30": "-1.93900", "2018-06-30": "-1.89800", "2018-03-31": "0.66500", "2017-12-31": "1.10200", "2017-09-30": "1.00000", "2017-06-30": "0.47100", "2017-03-31": "0.49800", "2016-12-31": "0.22500", "2016-09-30": "0.13800", "2016-06-30": "-0.02800", "2016-03-31": "-0.01800", "2015-12-31": "", "2015-09-30": "-0.02800", "2015-06-30": "-0.08300", "2014-12-31": "", "2013-12-31": ""}, "Pre-Tax Income": {"2020-09-30": "-116.26600", "2020-06-30": "-99.62900", "2020-03-31": "-93.81400", "2019-12-31": "-89.09100", "2019-09-30": "-90.28900", "2019-06-30": "-94.61200", "2019-03-31": "-88.22400", "2018-12-31": "-46.73800", "2018-09-30": "-26.97200", "2018-06-30": "-23.85600", "2018-03-31": "-23.59200", "2017-12-31": "-19.11600", "2017-09-30": "-23.03100", "2017-06-30": "-6.59900", "2017-03-31": "-14.25700", "2016-12-31": "-12.59500", "2016-09-30": "-11.13800", "2016-06-30": "-10.88100", "2016-03-31": "-6.38400", "2015-12-31": "", "2015-09-30": "-8.97200", "2015-06-30": "-9.54300", "2014-12-31": "", "2013-12-31": ""}, "Income Taxes": {"2020-09-30": "0.64800", "2020-06-30": "0.29400", "2020-03-31": "0.97700", "2019-12-31": "1.15600", "2019-09-30": "-2.55500", "2019-06-30": "-2.03300", "2019-03-31": "-51.72100", "2018-12-31": "0.42000", "2018-09-30": "0.08400", "2018-06-30": "0.15000", "2018-03-31": "0.13700", "2017-12-31": "-0.19700", "2017-09-30": "0.42200", "2017-06-30": "0.51000", "2017-03-31": "-0.03000", "2016-12-31": "0.01300", "2016-09-30": "0.11600", "2016-06-30": "0.11300", "2016-03-31": "0.08400", "2015-12-31": "", "2015-09-30": "0.03600", "2015-06-30": "0.03300", "2014-12-31": "", "2013-12-31": ""}, "Income After Taxes": {"2020-09-30": "-116.91400", "2020-06-30": "-99.92300", "2020-03-31": "-94.79100", "2019-12-31": "-90.24700", "2019-09-30": "-87.73400", "2019-06-30": "-92.57900", "2019-03-31": "-36.50300", "2018-12-31": "-47.15800", "2018-09-30": "-27.05600", "2018-06-30": "-24.00600", "2018-03-31": "-23.72900", "2017-12-31": "-18.91900", "2017-09-30": "-23.45300", "2017-06-30": "-7.10900", "2017-03-31": "-14.22700", "2016-12-31": "-12.60800", "2016-09-30": "-11.25400", "2016-06-30": "-10.99400", "2016-03-31": "-6.46800", "2015-12-31": "", "2015-09-30": "-9.00800", "2015-06-30": "-9.57600", "2014-12-31": "", "2013-12-31": ""}, "Other Income": {"2020-09-30": "", "2020-06-30": "", "2020-03-31": "", "2019-12-31": "", "2019-09-30": "", "2019-06-30": "", "2019-03-31": "", "2018-12-31": "", "2018-09-30": "", "2018-06-30": "", "2018-03-31": "", "2017-12-31": "", "2017-09-30": "", "2017-06-30": "", "2017-03-31": "", "2016-12-31": "", "2016-09-30": "", "2016-06-30": "", "2016-03-31": "", "2015-12-31": "", "2015-09-30": "", "2015-06-30": "", "2014-12-31": "", "2013-12-31": ""}, "Income From Continuous Operations": {"2020-09-30": "-116.91400", "2020-06-30": "-99.92300", "2020-03-31": "-94.79100", "2019-12-31": "-90.24700", "2019-09-30": "-87.73400", "2019-06-30": "-92.57900", "2019-03-31": "-36.50300", "2018-12-31": "-47.15800", "2018-09-30": "-27.05600", "2018-06-30": "-24.00600", "2018-03-31": "-23.72900", "2017-12-31": "-18.91900", "2017-09-30": "-23.45300", "2017-06-30": "-7.10900", "2017-03-31": "-14.22700", "2016-12-31": "-12.60800", "2016-09-30": "-11.25400", "2016-06-30": "-10.99400", "2016-03-31": "-6.46800", "2015-12-31": "", "2015-09-30": "-9.00800", "2015-06-30": "-9.57600", "2014-12-31": "", "2013-12-31": ""}, "Income From Discontinued Operations": {"2020-09-30": "", "2020-06-30": "", "2020-03-31": "", "2019-12-31": "", "2019-09-30": "", "2019-06-30": "", "2019-03-31": "", "2018-12-31": "", "2018-09-30": "", "2018-06-30": "", "2018-03-31": "", "2017-12-31": "", "2017-09-30": "", "2017-06-30": "", "2017-03-31": "", "2016-12-31": "", "2016-09-30": "", "2016-06-30": "", "2016-03-31": "", "2015-12-31": "", "2015-09-30": "", "2015-06-30": "", "2014-12-31": "", "2013-12-31": ""}, "Net Income": {"2020-09-30": "-116.91400", "2020-06-30": "-99.92300", "2020-03-31": "-94.79100", "2019-12-31": "-90.24700", "2019-09-30": "-87.73400", "2019-06-30": "-92.57900", "2019-03-31": "-36.50300", "2018-12-31": "-47.15800", "2018-09-30": "-27.05600", "2018-06-30": "-24.00600", "2018-03-31": "-23.72900", "2017-12-31": "-18.91900", "2017-09-30": "-23.45300", "2017-06-30": "-7.10900", "2017-03-31": "-14.22700", "2016-12-31": "-12.60800", "2016-09-30": "-11.25400", "2016-06-30": "-10.99400", "2016-03-31": "-6.46800", "2015-12-31": "", "2015-09-30": "-12.40000", "2015-06-30": "-9.57600", "2014-12-31": "", "2013-12-31": ""}, "EBITDA": {"2020-09-30": "-61.43100", "2020-06-30": "-63.93300", "2020-03-31": "-54.27900", "2019-12-31": "-59.87000", "2019-09-30": "-60.26200", "2019-06-30": "-59.52900", "2019-03-31": "-60.49900", "2018-12-31": "-31.11000", "2018-09-30": "-13.58600", "2018-06-30": "-13.28900", "2018-03-31": "-18.59800", "2017-12-31": "-14.75100", "2017-09-30": "-19.19900", "2017-06-30": "-2.36100", "2017-03-31": "-10.73700", "2016-12-31": "-9.79700", "2016-09-30": "-9.26900", "2016-06-30": "-9.14800", "2016-03-31": "-4.78600", "2015-12-31": "", "2015-09-30": "-7.76100", "2015-06-30": "-9.46000", "2014-12-31": "", "2013-12-31": ""}, "EBIT": {"2020-09-30": "-112.27000", "2020-06-30": "-102.64400", "2020-03-31": "-92.69600", "2019-12-31": "-93.79900", "2019-09-30": "-94.66600", "2019-06-30": "-93.73200", "2019-03-31": "-87.58800", "2018-12-31": "-43.98700", "2018-09-30": "-25.03300", "2018-06-30": "-21.95800", "2018-03-31": "-24.25700", "2017-12-31": "-20.21800", "2017-09-30": "-24.03100", "2017-06-30": "-7.07000", "2017-03-31": "-14.75500", "2016-12-31": "-12.82000", "2016-09-30": "-11.27600", "2016-06-30": "-10.85300", "2016-03-31": "-6.36600", "2015-12-31": "", "2015-09-30": "-8.94400", "2015-06-30": "-9.46000", "2014-12-31": "", "2013-12-31": ""}, "Basic Shares Outstanding": {"2020-09-30": "147.50110", "2020-06-30": "141.61850", "2020-03-31": "139.23160", "2019-12-31": "130.08310", "2019-09-30": "136.40070", "2019-06-30": "129.31060", "2019-03-31": "116.59050", "2018-12-31": "97.13030", "2018-09-30": "98.01960", "2018-06-30": "96.34800", "2018-03-31": "94.67360", "2017-12-31": "91.22460", "2017-09-30": "92.15680", "2017-06-30": "90.87330", "2017-03-31": "88.61280", "2016-12-31": "53.11670", "2016-09-30": "83.88800", "2016-06-30": "24.26190", "2016-03-31": "17.48300", "2015-12-31": "", "2015-09-30": "17.80550", "2015-06-30": "18.38900", "2014-12-31": "", "2013-12-31": ""}, "Shares Outstanding": {"2020-09-30": "147.50110", "2020-06-30": "141.61850", "2020-03-31": "139.23160", "2019-12-31": "130.08310", "2019-09-30": "136.40070", "2019-06-30": "129.31060", "2019-03-31": "116.59050", "2018-12-31": "97.13030", "2018-09-30": "98.01960", "2018-06-30": "96.34800", "2018-03-31": "94.67360", "2017-12-31": "91.22460", "2017-09-30": "92.15680", "2017-06-30": "90.87330", "2017-03-31": "88.61280", "2016-12-31": "53.11670", "2016-09-30": "83.88800", "2016-06-30": "24.26190", "2016-03-31": "17.48300", "2015-12-31": "", "2015-09-30": "17.80550", "2015-06-30": "18.38900", "2014-12-31": "", "2013-12-31": ""}, "Basic EPS": {"2020-09-30": "-0.79000", "2020-06-30": "-0.71000", "2020-03-31": "-0.68000", "2019-12-31": "-0.69000", "2019-09-30": "-0.64000", "2019-06-30": "-0.72000", "2019-03-31": "-0.31000", "2018-12-31": "-0.48000", "2018-09-30": "-0.28000", "2018-06-30": "-0.25000", "2018-03-31": "-0.25000", "2017-12-31": "-0.21000", "2017-09-30": "-0.25000", "2017-06-30": "-0.08000", "2017-03-31": "-0.16000", "2016-12-31": "0.17000", "2016-09-30": "-0.13000", "2016-06-30": "-0.45000", "2016-03-31": "-0.37000", "2015-12-31": "", "2015-09-30": "-0.70000", "2015-06-30": "-0.52000", "2014-12-31": "", "2013-12-31": ""}, "EPS - Earnings Per Share": {"2020-09-30": "-0.79000", "2020-06-30": "-0.71000", "2020-03-31": "-0.68000", "2019-12-31": "-0.69000", "2019-09-30": "-0.64000", "2019-06-30": "-0.72000", "2019-03-31": "-0.31000", "2018-12-31": "-0.48000", "2018-09-30": "-0.28000", "2018-06-30": "-0.25000", "2018-03-31": "-0.25000", "2017-12-31": "-0.21000", "2017-09-30": "-0.25000", "2017-06-30": "-0.08000", "2017-03-31": "-0.16000", "2016-12-31": "0.17000", "2016-09-30": "-0.13000", "2016-06-30": "-0.45000", "2016-03-31": "-0.37000", "2015-12-31": "0.00000", "2015-09-30": "-0.70000", "2015-06-30": "-0.52000", "2014-12-31": "0.00000", "2013-12-31": "0.00000"}}, "balance sheet": {"Cash On Hand": {"2019-12-31": "1852.69300", "2018-12-31": "748.34300", "2017-12-31": "290.87300", "2016-12-31": "305.66500", "2015-12-31": "108.83500", "2014-12-31": "32.62700", "2013-12-31": ""}, "Receivables": {"2019-12-31": "154.06700", "2018-12-31": "97.71200", "2017-12-31": "43.11300", "2016-12-31": "26.20300", "2015-12-31": "19.09400", "2014-12-31": "9.26400", "2013-12-31": ""}, "Inventory": {"2019-12-31": "", "2018-12-31": "", "2017-12-31": "", "2016-12-31": "", "2015-12-31": "", "2014-12-31": "", "2013-12-31": ""}, "Pre-Paid Expenses": {"2019-12-31": "54.57100", "2018-12-31": "26.89300", "2017-12-31": "19.27900", "2016-12-31": "21.51200", "2015-12-31": "8.54600", "2014-12-31": "4.45800", "2013-12-31": ""}, "Other Current Assets": {"2019-12-31": "", "2018-12-31": "", "2017-12-31": "", "2016-12-31": "", "2015-12-31": "", "2014-12-31": "", "2013-12-31": ""}, "Total Current Assets": {"2019-12-31": "2061.33100", "2018-12-31": "872.94800", "2017-12-31": "353.26500", "2016-12-31": "353.38000", "2015-12-31": "136.47500", "2014-12-31": "46.34900", "2013-12-31": ""}, "Property, Plant, And Equipment": {"2019-12-31": "141.25600", "2018-12-31": "63.53400", "2017-12-31": "50.54100", "2016-12-31": "37.55200", "2015-12-31": "14.05800", "2014-12-31": "6.75100", "2013-12-31": ""}, "Long-Term Investments": {"2019-12-31": "", "2018-12-31": "", "2017-12-31": "", "2016-12-31": "", "2015-12-31": "", "2014-12-31": "", "2013-12-31": ""}, "Goodwill And Intangible Assets": {"2019-12-31": "2757.63300", "2018-12-31": "65.72300", "2017-12-31": "37.91500", "2016-12-31": "13.83300", "2015-12-31": "5.45700", "2014-12-31": "0.51000", "2013-12-31": "0.00000"}, "Other Long-Term Assets": {"2019-12-31": "33.55500", "2018-12-31": "26.50500", "2017-12-31": "8.06100", "2016-12-31": "7.92900", "2015-12-31": "1.52600", "2014-12-31": "1.36400", "2013-12-31": ""}, "Total Long-Term Assets": {"2019-12-31": "3089.18500", "2018-12-31": "155.76200", "2017-12-31": "96.51700", "2016-12-31": "59.31400", "2015-12-31": "21.04100", "2014-12-31": "8.62500", "2013-12-31": ""}, "Total Assets": {"2019-12-31": "5150.51600", "2018-12-31": "1028.71000", "2017-12-31": "449.78200", "2016-12-31": "412.69400", "2015-12-31": "157.51600", "2014-12-31": "54.97400", "2013-12-31": "0.00000"}, "Total Current Liabilities": {"2019-12-31": "247.22200", "2018-12-31": "137.81000", "2017-12-31": "78.52700", "2016-12-31": "73.70400", "2015-12-31": "40.44300", "2014-12-31": "23.19800", "2013-12-31": ""}, "Long Term Debt": {"2019-12-31": "466.93600", "2018-12-31": "434.49600", "2017-12-31": "", "2016-12-31": "", "2015-12-31": "", "2014-12-31": "", "2013-12-31": ""}, "Other Non-Current Liabilities": {"2019-12-31": "17.74700", "2018-12-31": "18.16900", "2017-12-31": "11.40900", "2016-12-31": "9.54300", "2015-12-31": "0.44800", "2014-12-31": "0.58200", "2013-12-31": ""}, "Total Long Term Liabilities": {"2019-12-31": "623.88300", "2018-12-31": "452.66500", "2017-12-31": "11.40900", "2016-12-31": "9.54300", "2015-12-31": "0.44800", "2014-12-31": "0.58200", "2013-12-31": ""}, "Total Liabilities": {"2019-12-31": "871.10500", "2018-12-31": "590.47500", "2017-12-31": "89.93600", "2016-12-31": "83.24700", "2015-12-31": "40.89100", "2014-12-31": "23.78000", "2013-12-31": "0.00000"}, "Common Stock Net": {"2019-12-31": "0.13800", "2018-12-31": "0.10000", "2017-12-31": "0.09400", "2016-12-31": "0.08700", "2015-12-31": "0.01700", "2014-12-31": "0.01700", "2013-12-31": "0.00000"}, "Retained Earnings (Accumulated Deficit)": {"2019-12-31": "-678.81200", "2018-12-31": "-371.67400", "2017-12-31": "-250.43800", "2016-12-31": "-186.73000", "2015-12-31": "-145.40600", "2014-12-31": "-89.43400", "2013-12-31": ""}, "Comprehensive Income": {"2019-12-31": "5.08600", "2018-12-31": "1.28200", "2017-12-31": "2.02500", "2016-12-31": "", "2015-12-31": "", "2014-12-31": "", "2013-12-31": ""}, "Other Share Holders Equity": {"2019-12-31": "", "2018-12-31": "", "2017-12-31": "", "2016-12-31": "", "2015-12-31": "", "2014-12-31": "", "2013-12-31": "0.00000"}, "Share Holder Equity": {"2019-12-31": "4279.41100", "2018-12-31": "438.23500", "2017-12-31": "359.84600", "2016-12-31": "329.44700", "2015-12-31": "116.62500", "2014-12-31": "31.19400", "2013-12-31": "0.00000"}, "Total Liabilities And Share Holders Equity": {"2019-12-31": "5150.51600", "2018-12-31": "1028.71000", "2017-12-31": "449.78200", "2016-12-31": "412.69400", "2015-12-31": "157.51600", "2014-12-31": "54.97400", "2013-12-31": "0.00000"}}, "balance sheet, quarterly": {"Cash On Hand": {"2020-09-30": "3298.70400", "2020-06-30": "1903.31900", "2020-03-31": "1843.38700", "2019-12-31": "1852.69300", "2019-09-30": "1881.77600", "2019-06-30": "1882.28200", "2019-03-31": "918.89700", "2018-12-31": "748.34300", "2018-09-30": "745.35300", "2018-06-30": "794.64600", "2018-03-31": "308.00800", "2017-12-31": "290.87300", "2017-09-30": "283.93700", "2017-06-30": "289.21500", "2017-03-31": "288.52600", "2016-12-31": "305.66500", "2016-09-30": "252.22500", "2016-06-30": "261.38600", "2016-03-31": "", "2015-12-31": "", "2015-09-30": "", "2015-06-30": "", "2014-12-31": "32.62000", "2013-12-31": ""}, "Receivables": {"2020-09-30": "203.83500", "2020-06-30": "194.56300", "2020-03-31": "172.86500", "2019-12-31": "154.06700", "2019-09-30": "131.19300", "2019-06-30": "126.78000", "2019-03-31": "105.14900", "2018-12-31": "97.71200", "2018-09-30": "80.15900", "2018-06-30": "67.57200", "2018-03-31": "57.31000", "2017-12-31": "43.11300", "2017-09-30": "37.25800", "2017-06-30": "37.32100", "2017-03-31": "29.95900", "2016-12-31": "26.20300", "2016-09-30": "29.35200", "2016-06-30": "22.98100", "2016-03-31": "", "2015-12-31": "", "2015-09-30": "", "2015-06-30": "", "2014-12-31": "9.26000", "2013-12-31": ""}, "Inventory": {"2020-09-30": "", "2020-06-30": "", "2020-03-31": "", "2019-12-31": "", "2019-09-30": "", "2019-06-30": "", "2019-03-31": "", "2018-12-31": "", "2018-09-30": "", "2018-06-30": "", "2018-03-31": "", "2017-12-31": "", "2017-09-30": "", "2017-06-30": "", "2017-03-31": "", "2016-12-31": "", "2016-09-30": "", "2016-06-30": "", "2016-03-31": "", "2015-12-31": "", "2015-09-30": "", "2015-06-30": "", "2014-12-31": "", "2013-12-31": ""}, "Pre-Paid Expenses": {"2020-09-30": "66.48100", "2020-06-30": "62.80000", "2020-03-31": "61.40500", "2019-12-31": "54.57100", "2019-09-30": "55.45500", "2019-06-30": "50.45100", "2019-03-31": "39.08100", "2018-12-31": "26.89300", "2018-09-30": "25.23700", "2018-06-30": "21.81200", "2018-03-31": "16.79100", "2017-12-31": "19.27900", "2017-09-30": "26.42000", "2017-06-30": "19.10800", "2017-03-31": "23.22900", "2016-12-31": "21.51200", "2016-09-30": "18.26600", "2016-06-30": "16.79900", "2016-03-31": "", "2015-12-31": "", "2015-09-30": "", "2015-06-30": "", "2014-12-31": "", "2013-12-31": ""}, "Other Current Assets": {"2020-09-30": "", "2020-06-30": "", "2020-03-31": "", "2019-12-31": "", "2019-09-30": "", "2019-06-30": "", "2019-03-31": "", "2018-12-31": "", "2018-09-30": "", "2018-06-30": "", "2018-03-31": "", "2017-12-31": "", "2017-09-30": "", "2017-06-30": "", "2017-03-31": "", "2016-12-31": "", "2016-09-30": "", "2016-06-30": "", "2016-03-31": "", "2015-12-31": "", "2015-09-30": "", "2015-06-30": "", "2014-12-31": "", "2013-12-31": ""}, "Total Current Assets": {"2020-09-30": "3569.02000", "2020-06-30": "2160.68200", "2020-03-31": "2077.65700", "2019-12-31": "2061.33100", "2019-09-30": "2068.42400", "2019-06-30": "2059.51300", "2019-03-31": "1063.12700", "2018-12-31": "872.94800", "2018-09-30": "850.74900", "2018-06-30": "884.03000", "2018-03-31": "382.10900", "2017-12-31": "353.26500", "2017-09-30": "347.61500", "2017-06-30": "345.64400", "2017-03-31": "341.71400", "2016-12-31": "353.38000", "2016-09-30": "299.84300", "2016-06-30": "301.16600", "2016-03-31": "", "2015-12-31": "", "2015-09-30": "", "2015-06-30": "", "2014-12-31": "46.34000", "2013-12-31": ""}, "Property, Plant, And Equipment": {"2020-09-30": "173.27900", "2020-06-30": "161.41300", "2020-03-31": "150.94400", "2019-12-31": "141.25600", "2019-09-30": "118.48100", "2019-06-30": "106.48000", "2019-03-31": "105.15800", "2018-12-31": "63.53400", "2018-09-30": "59.20500", "2018-06-30": "56.72100", "2018-03-31": "53.69400", "2017-12-31": "50.54100", "2017-09-30": "47.71800", "2017-06-30": "44.08300", "2017-03-31": "40.93100", "2016-12-31": "37.55200", "2016-09-30": "25.97500", "2016-06-30": "20.54400", "2016-03-31": "", "2015-12-31": "", "2015-09-30": "", "2015-06-30": "", "2014-12-31": "9.37000", "2013-12-31": ""}, "Long-Term Investments": {"2020-09-30": "", "2020-06-30": "", "2020-03-31": "", "2019-12-31": "", "2019-09-30": "", "2019-06-30": "", "2019-03-31": "", "2018-12-31": "", "2018-09-30": "", "2018-06-30": "", "2018-03-31": "", "2017-12-31": "", "2017-09-30": "", "2017-06-30": "", "2017-03-31": "", "2016-12-31": "", "2016-09-30": "", "2016-06-30": "", "2016-03-31": "", "2015-12-31": "", "2015-09-30": "", "2015-06-30": "", "2014-12-31": "", "2013-12-31": ""}, "Goodwill And Intangible Assets": {"2020-09-30": "2696.03800", "2020-06-30": "2716.35500", "2020-03-31": "2736.79000", "2019-12-31": "2757.63300", "2019-09-30": "2748.64200", "2019-06-30": "2768.98800", "2019-03-31": "2781.16700", "2018-12-31": "65.72300", "2018-09-30": "66.89000", "2018-06-30": "34.61400", "2018-03-31": "37.25000", "2017-12-31": "37.91500", "2017-09-30": "38.68100", "2017-06-30": "39.27400", "2017-03-31": "38.93900", "2016-12-31": "13.83300", "2016-09-30": "5.72500", "2016-06-30": "5.76900", "2016-03-31": "0.00000", "2015-12-31": "", "2015-09-30": "0.00000", "2015-06-30": "0.00000", "2014-12-31": "0.00000", "2013-12-31": "0.00000"}, "Other Long-Term Assets": {"2020-09-30": "92.63700", "2020-06-30": "55.47200", "2020-03-31": "41.43500", "2019-12-31": "33.55500", "2019-09-30": "26.55200", "2019-06-30": "22.17800", "2019-03-31": "14.11000", "2018-12-31": "26.50500", "2018-09-30": "26.95300", "2018-06-30": "10.48300", "2018-03-31": "9.74200", "2017-12-31": "8.06100", "2017-09-30": "9.53400", "2017-06-30": "8.94600", "2017-03-31": "8.18200", "2016-12-31": "7.92900", "2016-09-30": "9.02300", "2016-06-30": "9.07200", "2016-03-31": "", "2015-12-31": "", "2015-09-30": "", "2015-06-30": "", "2014-12-31": "", "2013-12-31": ""}, "Total Long-Term Assets": {"2020-09-30": "3154.68200", "2020-06-30": "3129.88700", "2020-03-31": "3088.60800", "2019-12-31": "3089.18500", "2019-09-30": "3041.74400", "2019-06-30": "3049.59200", "2019-03-31": "3056.94600", "2018-12-31": "155.76200", "2018-09-30": "153.04800", "2018-06-30": "101.81800", "2018-03-31": "100.68600", "2017-12-31": "96.51700", "2017-09-30": "95.93300", "2017-06-30": "92.30300", "2017-03-31": "88.05200", "2016-12-31": "59.31400", "2016-09-30": "40.72300", "2016-06-30": "35.38500", "2016-03-31": "", "2015-12-31": "", "2015-09-30": "", "2015-06-30": "", "2014-12-31": "9.37000", "2013-12-31": ""}, "Total Assets": {"2020-09-30": "6723.70200", "2020-06-30": "5290.56900", "2020-03-31": "5166.26500", "2019-12-31": "5150.51600", "2019-09-30": "5110.16800", "2019-06-30": "5109.10500", "2019-03-31": "4120.07300", "2018-12-31": "1028.71000", "2018-09-30": "1003.79700", "2018-06-30": "985.84800", "2018-03-31": "482.79500", "2017-12-31": "449.78200", "2017-09-30": "443.54800", "2017-06-30": "437.94700", "2017-03-31": "429.76600", "2016-12-31": "412.69400", "2016-09-30": "340.56600", "2016-06-30": "336.55100", "2016-03-31": "0.00000", "2015-12-31": "0.00000", "2015-09-30": "0.00000", "2015-06-30": "0.00000", "2014-12-31": "54.97000", "2013-12-31": "0.00000"}, "Total Current Liabilities": {"2020-09-30": "326.34700", "2020-06-30": "296.36600", "2020-03-31": "277.03700", "2019-12-31": "247.22200", "2019-09-30": "216.22800", "2019-06-30": "201.78100", "2019-03-31": "182.33900", "2018-12-31": "137.81000", "2018-09-30": "125.42700", "2018-06-30": "122.83500", "2018-03-31": "109.30400", "2017-12-31": "78.52700", "2017-09-30": "75.99900", "2017-06-30": "67.40100", "2017-03-31": "79.60000", "2016-12-31": "73.70400", "2016-09-30": "66.25000", "2016-06-30": "59.56700", "2016-03-31": "", "2015-12-31": "", "2015-09-30": "", "2015-06-30": "", "2014-12-31": "23.19000", "2013-12-31": ""}, "Long Term Debt": {"2020-09-30": "448.73100", "2020-06-30": "480.66100", "2020-03-31": "471.61700", "2019-12-31": "466.93600", "2019-09-30": "460.35800", "2019-06-30": "456.16600", "2019-03-31": "452.23400", "2018-12-31": "434.49600", "2018-09-30": "428.77800", "2018-06-30": "423.09900", "2018-03-31": "", "2017-12-31": "", "2017-09-30": "", "2017-06-30": "", "2017-03-31": "", "2016-12-31": "", "2016-09-30": "", "2016-06-30": "", "2016-03-31": "", "2015-12-31": "", "2015-09-30": "", "2015-06-30": "", "2014-12-31": "", "2013-12-31": ""}, "Other Non-Current Liabilities": {"2020-09-30": "19.95700", "2020-06-30": "19.54400", "2020-03-31": "20.96600", "2019-12-31": "17.74700", "2019-09-30": "14.34100", "2019-06-30": "15.47900", "2019-03-31": "14.03700", "2018-12-31": "18.16900", "2018-09-30": "15.23900", "2018-06-30": "10.24300", "2018-03-31": "10.95100", "2017-12-31": "11.40900", "2017-09-30": "12.54900", "2017-06-30": "12.43800", "2017-03-31": "12.30600", "2016-12-31": "9.54300", "2016-09-30": "10.04200", "2016-06-30": "9.75100", "2016-03-31": "", "2015-12-31": "", "2015-09-30": "", "2015-06-30": "", "2014-12-31": "", "2013-12-31": ""}, "Total Long Term Liabilities": {"2020-09-30": "635.08700", "2020-06-30": "672.61300", "2020-03-31": "632.70300", "2019-12-31": "623.88300", "2019-09-30": "609.45400", "2019-06-30": "610.46400", "2019-03-31": "610.22100", "2018-12-31": "452.66500", "2018-09-30": "444.01700", "2018-06-30": "433.34200", "2018-03-31": "10.95100", "2017-12-31": "11.40900", "2017-09-30": "12.54900", "2017-06-30": "12.43800", "2017-03-31": "12.30600", "2016-12-31": "9.54300", "2016-09-30": "10.04200", "2016-06-30": "9.75100", "2016-03-31": "", "2015-12-31": "", "2015-09-30": "", "2015-06-30": "", "2014-12-31": "", "2013-12-31": ""}, "Total Liabilities": {"2020-09-30": "961.43400", "2020-06-30": "968.97900", "2020-03-31": "909.74000", "2019-12-31": "871.10500", "2019-09-30": "825.68200", "2019-06-30": "812.24500", "2019-03-31": "792.56000", "2018-12-31": "590.47500", "2018-09-30": "569.44400", "2018-06-30": "556.17700", "2018-03-31": "120.25500", "2017-12-31": "89.93600", "2017-09-30": "88.54800", "2017-06-30": "79.83900", "2017-03-31": "91.90600", "2016-12-31": "83.24700", "2016-09-30": "76.29200", "2016-06-30": "69.31800", "2016-03-31": "0.00000", "2015-12-31": "", "2015-09-30": "0.00000", "2015-06-30": "0.00000", "2014-12-31": "23.78000", "2013-12-31": "0.00000"}, "Common Stock Net": {"2020-09-30": "0.15000", "2020-06-30": "0.14200", "2020-03-31": "0.13900", "2019-12-31": "0.13800", "2019-09-30": "0.13700", "2019-06-30": "0.13600", "2019-03-31": "0.12600", "2018-12-31": "0.10000", "2018-09-30": "0.09700", "2018-06-30": "0.09600", "2018-03-31": "0.09500", "2017-12-31": "0.09400", "2017-09-30": "0.09300", "2017-06-30": "0.09200", "2017-03-31": "0.09000", "2016-12-31": "0.08700", "2016-09-30": "0.08500", "2016-06-30": "0.08500", "2016-03-31": "0.00000", "2015-12-31": "", "2015-09-30": "0.00000", "2015-06-30": "0.00000", "2014-12-31": "0.00000", "2013-12-31": "0.00000"}, "Retained Earnings (Accumulated Deficit)": {"2020-09-30": "-990.44000", "2020-06-30": "-873.52600", "2020-03-31": "-773.60300", "2019-12-31": "-678.81200", "2019-09-30": "-588.49000", "2019-06-30": "-500.75600", "2019-03-31": "-408.17700", "2018-12-31": "-371.67400", "2018-09-30": "-324.51600", "2018-06-30": "-297.46000", "2018-03-31": "-273.45400", "2017-12-31": "-250.43800", "2017-09-30": "-231.51900", "2017-06-30": "-208.06600", "2017-03-31": "-200.95700", "2016-12-31": "-186.73000", "2016-09-30": "-174.12200", "2016-06-30": "-162.86800", "2016-03-31": "", "2015-12-31": "", "2015-09-30": "", "2015-06-30": "", "2014-12-31": "-89.43000", "2013-12-31": ""}, "Comprehensive Income": {"2020-09-30": "10.58500", "2020-06-30": "13.60600", "2020-03-31": "-4.28900", "2019-12-31": "5.08600", "2019-09-30": "4.57800", "2019-06-30": "3.30300", "2019-03-31": "2.32300", "2018-12-31": "1.28200", "2018-09-30": "1.38000", "2018-06-30": "1.96200", "2018-03-31": "2.43900", "2017-12-31": "2.02500", "2017-09-30": "2.03600", "2017-06-30": "1.28700", "2017-03-31": "-0.19000", "2016-12-31": "", "2016-09-30": "", "2016-06-30": "", "2016-03-31": "", "2015-12-31": "", "2015-09-30": "", "2015-06-30": "", "2014-12-31": "", "2013-12-31": ""}, "Other Share Holders Equity": {"2020-09-30": "", "2020-06-30": "", "2020-03-31": "", "2019-12-31": "", "2019-09-30": "", "2019-06-30": "", "2019-03-31": "", "2018-12-31": "", "2018-09-30": "", "2018-06-30": "", "2018-03-31": "", "2017-12-31": "", "2017-09-30": "", "2017-06-30": "", "2017-03-31": "", "2016-12-31": "", "2016-09-30": "", "2016-06-30": "", "2016-03-31": "0.00000", "2015-12-31": "", "2015-09-30": "0.00000", "2015-06-30": "0.00000", "2014-12-31": "0.00000", "2013-12-31": "0.00000"}, "Share Holder Equity": {"2020-09-30": "5762.26800", "2020-06-30": "4321.59000", "2020-03-31": "4256.52500", "2019-12-31": "4279.41100", "2019-09-30": "4284.48600", "2019-06-30": "4296.86000", "2019-03-31": "3327.51300", "2018-12-31": "438.23500", "2018-09-30": "434.35300", "2018-06-30": "429.67100", "2018-03-31": "362.54000", "2017-12-31": "359.84600", "2017-09-30": "355.00000", "2017-06-30": "358.10800", "2017-03-31": "337.86000", "2016-12-31": "329.44700", "2016-09-30": "264.27400", "2016-06-30": "267.23300", "2016-03-31": "0.00000", "2015-12-31": "", "2015-09-30": "0.00000", "2015-06-30": "0.00000", "2014-12-31": "31.19000", "2013-12-31": "0.00000"}, "Total Liabilities And Share Holders Equity": {"2020-09-30": "6723.70200", "2020-06-30": "5290.56900", "2020-03-31": "5166.26500", "2019-12-31": "5150.51600", "2019-09-30": "5110.16800", "2019-06-30": "5109.10500", "2019-03-31": "4120.07300", "2018-12-31": "1028.71000", "2018-09-30": "1003.79700", "2018-06-30": "985.84800", "2018-03-31": "482.79500", "2017-12-31": "449.78200", "2017-09-30": "443.54800", "2017-06-30": "437.94700", "2017-03-31": "429.76600", "2016-12-31": "412.69400", "2016-09-30": "340.56600", "2016-06-30": "336.55100", "2016-03-31": "0.00000", "2015-12-31": "", "2015-09-30": "0.00000", "2015-06-30": "0.00000", "2014-12-31": "0.00000", "2013-12-31": "0.00000"}}, "cash flow statement": {"Net Income/Loss": {"2019-12-31": "-307.06300", "2018-12-31": "-121.94900", "2017-12-31": "-63.70800", "2016-12-31": "-41.32400", "2015-12-31": "-35.50400", "2014-12-31": "-26.75800", "2013-12-31": "-26.85400"}, "Total Depreciation And Amortization - Cash Flow": {"2019-12-31": "129.62500", "2018-12-31": "38.65200", "2017-12-31": "19.02600", "2016-12-31": "8.31500", "2015-12-31": "4.22600", "2014-12-31": "1.75600", "2013-12-31": "0.61000"}, "Other Non-Cash Items": {"2019-12-31": "239.44200", "2018-12-31": "106.09700", "2017-12-31": "51.63700", "2016-12-31": "26.17500", "2015-12-31": "9.58700", "2014-12-31": "4.23900", "2013-12-31": "2.37000"}, "Total Non-Cash Items": {"2019-12-31": "369.06700", "2018-12-31": "144.74900", "2017-12-31": "70.66300", "2016-12-31": "34.49000", "2015-12-31": "13.81300", "2014-12-31": "5.99500", "2013-12-31": "2.98000"}, "Change In Accounts Receivable": {"2019-12-31": "-51.35700", "2018-12-31": "-58.23400", "2017-12-31": "-15.28000", "2016-12-31": "-8.25400", "2015-12-31": "-10.50600", "2014-12-31": "-4.30000", "2013-12-31": "-3.23900"}, "Change In Inventories": {"2019-12-31": "", "2018-12-31": "", "2017-12-31": "", "2016-12-31": "", "2015-12-31": "", "2014-12-31": "", "2013-12-31": ""}, "Change In Accounts Payable": {"2019-12-31": "17.25500", "2018-12-31": "6.98000", "2017-12-31": "5.43300", "2016-12-31": "1.71400", "2015-12-31": "0.65800", "2014-12-31": "1.22700", "2013-12-31": "-1.40100"}, "Change In Assets/Liabilities": {"2019-12-31": "-13.85400", "2018-12-31": "36.43700", "2017-12-31": "-0.36300", "2016-12-31": "23.47100", "2015-12-31": "12.77700", "2014-12-31": "6.47600", "2013-12-31": "5.89200"}, "Total Change In Assets/Liabilities": {"2019-12-31": "-47.95600", "2018-12-31": "-14.81700", "2017-12-31": "-10.21000", "2016-12-31": "16.93100", "2015-12-31": "2.92900", "2014-12-31": "3.40300", "2013-12-31": "1.25200"}, "Cash Flow From Operating Activities": {"2019-12-31": "14.04800", "2018-12-31": "7.98300", "2017-12-31": "-3.25500", "2016-12-31": "10.09700", "2015-12-31": "-18.76200", "2014-12-31": "-17.36000", "2013-12-31": "-22.62200"}, "Net Change In Property, Plant, And Equipment": {"2019-12-31": "-67.29000", "2018-12-31": "-24.65500", "2017-12-31": "-26.81800", "2016-12-31": "-25.70100", "2015-12-31": "-10.12400", "2014-12-31": "-4.64300", "2013-12-31": "-3.45200"}, "Net Change In Intangible Assets": {"2019-12-31": "", "2018-12-31": "", "2017-12-31": "", "2016-12-31": "-0.78500", "2015-12-31": "-0.49400", "2014-12-31": "-0.52700", "2013-12-31": ""}, "Net Acquisitions/Divestitures": {"2019-12-31": "122.74900", "2018-12-31": "-30.57400", "2017-12-31": "-22.62100", "2016-12-31": "-8.50000", "2015-12-31": "-1.76100", "2014-12-31": "", "2013-12-31": ""}, "Net Change In Short-term Investments": {"2019-12-31": "-1341.25100", "2018-12-31": "-84.19000", "2017-12-31": "-177.30900", "2016-12-31": "", "2015-12-31": "", "2014-12-31": "", "2013-12-31": ""}, "Net Change In Long-Term Investments": {"2019-12-31": "", "2018-12-31": "", "2017-12-31": "", "2016-12-31": "", "2015-12-31": "", "2014-12-31": "", "2013-12-31": "3.00000"}, "Net Change In Investments - Total": {"2019-12-31": "-1341.25100", "2018-12-31": "-84.19000", "2017-12-31": "-177.30900", "2016-12-31": "", "2015-12-31": "", "2014-12-31": "", "2013-12-31": "3.00000"}, "Investing Activities - Other": {"2019-12-31": "", "2018-12-31": "", "2017-12-31": "", "2016-12-31": "", "2015-12-31": "", "2014-12-31": "-0.17000", "2013-12-31": ""}, "Cash Flow From Investing Activities": {"2019-12-31": "-1285.79200", "2018-12-31": "-139.41900", "2017-12-31": "-226.74800", "2016-12-31": "-34.98600", "2015-12-31": "-12.37900", "2014-12-31": "-5.34000", "2013-12-31": "-0.45200"}, "Net Long-Term Debt": {"2019-12-31": "-11.04600", "2018-12-31": "550.00000", "2017-12-31": "", "2016-12-31": "", "2015-12-31": "", "2014-12-31": "", "2013-12-31": ""}, "Net Current Debt": {"2019-12-31": "", "2018-12-31": "", "2017-12-31": "", "2016-12-31": "", "2015-12-31": "", "2014-12-31": "", "2013-12-31": ""}, "Debt Issuance/Retirement Net - Total": {"2019-12-31": "-11.04600", "2018-12-31": "550.00000", "2017-12-31": "", "2016-12-31": "", "2015-12-31": "", "2014-12-31": "", "2013-12-31": ""}, "Net Common Equity Issued/Repurchased": {"2019-12-31": "57.48000", "2018-12-31": "-18.58600", "2017-12-31": "37.54500", "2016-12-31": "234.80700", "2015-12-31": "-17.40500", "2014-12-31": "0.61200", "2013-12-31": "-4.31800"}, "Net Total Equity Issued/Repurchased": {"2019-12-31": "57.48000", "2018-12-31": "-18.58600", "2017-12-31": "37.54500", "2016-12-31": "234.80700", "2015-12-31": "108.04300", "2014-12-31": "0.61200", "2013-12-31": "65.61200"}, "Total Common And Preferred Stock Dividends Paid": {"2019-12-31": "", "2018-12-31": "", "2017-12-31": "", "2016-12-31": "", "2015-12-31": "", "2014-12-31": "", "2013-12-31": ""}, "Financial Activities - Other": {"2019-12-31": "973.71100", "2018-12-31": "-15.59500", "2017-12-31": "-1.10800", "2016-12-31": "-5.64300", "2015-12-31": "-0.69400", "2014-12-31": "", "2013-12-31": ""}, "Cash Flow From Financial Activities": {"2019-12-31": "1020.14500", "2018-12-31": "515.81900", "2017-12-31": "36.43700", "2016-12-31": "229.16400", "2015-12-31": "107.34900", "2014-12-31": "0.61200", "2013-12-31": "65.61200"}, "Net Cash Flow": {"2019-12-31": "-251.59900", "2018-12-31": "384.54600", "2017-12-31": "-193.49200", "2016-12-31": "204.27500", "2015-12-31": "76.20800", "2014-12-31": "-22.08800", "2013-12-31": "42.53800"}, "Stock-Based Compensation": {"2019-12-31": "264.31800", "2018-12-31": "93.27300", "2017-12-31": "49.61900", "2016-12-31": "24.22500", "2015-12-31": "8.87700", "2014-12-31": "3.97800", "2013-12-31": "2.15700"}, "Common Stock Dividends Paid": {"2019-12-31": "", "2018-12-31": "", "2017-12-31": "", "2016-12-31": "", "2015-12-31": "", "2014-12-31": "", "2013-12-31": ""}}, "cash flow statement, quarterly": {"Net Income/Loss": {"2020-09-30": -116.914, "2020-06-30": -99.923, "2020-03-31": "-94.79100", "2019-12-31": -90.247, "2019-09-30": -87.734, "2019-06-30": -92.579, "2019-03-31": "-36.50300", "2018-12-31": -47.158, "2018-09-30": -27.056, "2018-06-30": -24.006, "2018-03-31": "-23.72900", "2017-12-31": -18.919, "2017-09-30": -23.453, "2017-06-30": -7.109, "2017-03-31": "-14.22700", "2016-12-31": -12.608, "2016-09-30": -11.254, "2016-06-30": -10.994, "2016-03-31": "-6.46800", "2015-12-31": -8.256, "2015-09-30": -9.008, "2015-06-30": -18.236, "2014-12-31": 0, "2013-12-31": 0}, "Total Depreciation And Amortization - Cash Flow": {"2020-09-30": 50.839, "2020-06-30": 38.711, "2020-03-31": "38.41700", "2019-12-31": 33.929, "2019-09-30": 34.404, "2019-06-30": 34.203, "2019-03-31": "27.08900", "2018-12-31": 12.877, "2018-09-30": 11.447, "2018-06-30": 8.669, "2018-03-31": "5.65900", "2017-12-31": 5.467, "2017-09-30": 4.832, "2017-06-30": 4.709, "2017-03-31": "4.01800", "2016-12-31": 3.023, "2016-09-30": 2.007, "2016-06-30": 1.705, "2016-03-31": "1.58000", "2015-12-31": 1.404, "2015-09-30": 1.183, "2015-06-30": 1.633, "2014-12-31": 0, "2013-12-31": 0}, "Other Non-Cash Items": {"2020-09-30": 101.702, "2020-06-30": 98.395, "2020-03-31": "88.10900", "2019-12-31": 80.271, "2019-09-30": 73.491, "2019-06-30": 74.579, "2019-03-31": "11.10100", "2018-12-31": 39.612, "2018-09-30": 25.909, "2018-06-30": 22.479, "2018-03-31": "18.09700", "2017-12-31": 15.456, "2017-09-30": 14.313, "2017-06-30": 12.68, "2017-03-31": "9.18800", "2016-12-31": 9.321, "2016-09-30": 7.848, "2016-06-30": 5.593, "2016-03-31": "3.41300", "2015-12-31": -6.109, "2015-09-30": 2.195, "2015-06-30": 3.914, "2014-12-31": 0, "2013-12-31": 0}, "Total Non-Cash Items": {"2020-09-30": 152.541, "2020-06-30": 137.106, "2020-03-31": "126.52600", "2019-12-31": 114.2, "2019-09-30": 107.895, "2019-06-30": 108.782, "2019-03-31": "38.19000", "2018-12-31": 52.489, "2018-09-30": 37.356, "2018-06-30": 31.148, "2018-03-31": "23.75600", "2017-12-31": 20.923, "2017-09-30": 19.145, "2017-06-30": 17.389, "2017-03-31": "13.20600", "2016-12-31": 12.344, "2016-09-30": 9.855, "2016-06-30": 7.298, "2016-03-31": "4.99300", "2015-12-31": -4.705, "2015-09-30": 3.378, "2015-06-30": 5.547, "2014-12-31": 0, "2013-12-31": 0}, "Change In Accounts Receivable": {"2020-09-30": -10.574, "2020-06-30": -24.643, "2020-03-31": "-23.12300", "2019-12-31": -23.738, "2019-09-30": -5.096, "2019-06-30": -22.317, "2019-03-31": "-0.20600", "2018-12-31": -18.591, "2018-09-30": -13.595, "2018-06-30": -11.436, "2018-03-31": "-14.61200", "2017-12-31": -6.107, "2017-09-30": 0.192, "2017-06-30": -7.415, "2017-03-31": "-1.95000", "2016-12-31": 3.021, "2016-09-30": -6.542, "2016-06-30": -2.327, "2016-03-31": "-2.40600", "2015-12-31": 8.321, "2015-09-30": -3.352, "2015-06-30": -4.969, "2014-12-31": 0, "2013-12-31": 0}, "Change In Inventories": {"2020-09-30": 0, "2020-06-30": 0, "2020-03-31": "", "2019-12-31": 0, "2019-09-30": 0, "2019-06-30": 0, "2019-03-31": "", "2018-12-31": 0, "2018-09-30": 0, "2018-06-30": 0, "2018-03-31": "", "2017-12-31": 0, "2017-09-30": 0, "2017-06-30": 0, "2017-03-31": "", "2016-12-31": 0, "2016-09-30": 0, "2016-06-30": 0, "2016-03-31": "", "2015-12-31": 0, "2015-09-30": 0, "2015-06-30": 0, "2014-12-31": 0, "2013-12-31": 0}, "Change In Accounts Payable": {"2020-09-30": 11.609, "2020-06-30": 9.28, "2020-03-31": "-20.80300", "2019-12-31": 12.922, "2019-09-30": -3.973, "2019-06-30": 7.145, "2019-03-31": "1.16100", "2018-12-31": 5.339, "2018-09-30": -10.925, "2018-06-30": 5.863, "2018-03-31": "6.70300", "2017-12-31": 4.022, "2017-09-30": 2.693, "2017-06-30": -1.431, "2017-03-31": "0.14900", "2016-12-31": -0.603, "2016-09-30": -2.331, "2016-06-30": -2.701, "2016-03-31": "7.34900", "2015-12-31": -1.104, "2015-09-30": 1.182, "2015-06-30": -0.078, "2014-12-31": 0, "2013-12-31": 0}, "Change In Assets/Liabilities": {"2020-09-30": -32.82, "2020-06-30": -23.444, "2020-03-31": "27.72600", "2019-12-31": -1.113, "2019-09-30": 4.751, "2019-06-30": -5.737, "2019-03-31": "-11.75500", "2018-12-31": 3.071, "2018-09-30": 7.828, "2018-06-30": 0.72, "2018-03-31": "24.81800", "2017-12-31": 3.88, "2017-09-30": -1.582, "2017-06-30": -7.923, "2017-03-31": "5.26200", "2016-12-31": 3.524, "2016-09-30": 9.578, "2016-06-30": 7.815, "2016-03-31": "2.55400", "2015-12-31": -11.176, "2015-09-30": 5.496, "2015-06-30": 5.68, "2014-12-31": 0, "2013-12-31": 0}, "Total Change In Assets/Liabilities": {"2020-09-30": -31.785, "2020-06-30": -38.807, "2020-03-31": "-16.20000", "2019-12-31": -11.929, "2019-09-30": -4.318, "2019-06-30": -20.909, "2019-03-31": "-10.80000", "2018-12-31": -10.181, "2018-09-30": -16.692, "2018-06-30": -4.853, "2018-03-31": "16.90900", "2017-12-31": 1.795, "2017-09-30": 1.303, "2017-06-30": -16.769, "2017-03-31": "3.46100", "2016-12-31": 5.942, "2016-09-30": 0.705, "2016-06-30": 2.787, "2016-03-31": "7.49700", "2015-12-31": -1.039, "2015-09-30": 3.326, "2015-06-30": 0.633, "2014-12-31": 0, "2013-12-31": 0}, "Cash Flow From Operating Activities": {"2020-09-30": 3.842, "2020-06-30": -1.624, "2020-03-31": "15.53500", "2019-12-31": 12.024, "2019-09-30": 15.843, "2019-06-30": -4.706, "2019-03-31": "-9.11300", "2018-12-31": -4.85, "2018-09-30": -6.392, "2018-06-30": 2.289, "2018-03-31": "16.93600", "2017-12-31": 3.799, "2017-09-30": -3.005, "2017-06-30": -6.489, "2017-03-31": "2.44000", "2016-12-31": 5.678, "2016-09-30": -0.694, "2016-06-30": -0.909, "2016-03-31": "6.02200", "2015-12-31": -4.4, "2015-09-30": -2.304, "2015-06-30": -12.056, "2014-12-31": 0, "2013-12-31": 0}, "Net Change In Property, Plant, And Equipment": {"2020-09-30": 4.334, "2020-06-30": -15.503, "2020-03-31": "-14.94500", "2019-12-31": -50.481, "2019-09-30": 1.593, "2019-06-30": -10.398, "2019-03-31": "-8.00400", "2018-12-31": -5.951, "2018-09-30": -6.431, "2018-06-30": -6.538, "2018-03-31": "-5.73500", "2017-12-31": -5.924, "2017-09-30": -6.122, "2017-06-30": -6.152, "2017-03-31": "-8.62000", "2016-12-31": -11.972, "2016-09-30": -6.394, "2016-06-30": -4.06, "2016-03-31": "-3.27500", "2015-12-31": -2.797, "2015-09-30": -2.862, "2015-06-30": -4.461, "2014-12-31": 0, "2013-12-31": 0}, "Net Change In Intangible Assets": {"2020-09-30": -19.252, "2020-06-30": 0, "2020-03-31": "", "2019-12-31": 18.994, "2019-09-30": -18.994, "2019-06-30": 0, "2019-03-31": "", "2018-12-31": 0, "2018-09-30": 0, "2018-06-30": 0.112, "2018-03-31": "-0.11200", "2017-12-31": 0.206, "2017-09-30": -0.052, "2017-06-30": -0.146, "2017-03-31": "-0.00800", "2016-12-31": -0.139, "2016-09-30": -0.336, "2016-06-30": -0.166, "2016-03-31": "-0.14400", "2015-12-31": 0.353, "2015-09-30": -0.24, "2015-06-30": -0.113, "2014-12-31": 0, "2013-12-31": 0}, "Net Acquisitions/Divestitures": {"2020-09-30": -0.061, "2020-06-30": -0.348, "2020-03-31": "-2.37700", "2019-12-31": -24.208, "2019-09-30": 0, "2019-06-30": -9.826, "2019-03-31": "156.78300", "2018-12-31": -0.912, "2018-09-30": -29.662, "2018-06-30": 0, "2018-03-31": "", "2017-12-31": 0, "2017-09-30": 0, "2017-06-30": 0, "2017-03-31": "-22.62100", "2016-12-31": -8.5, "2016-09-30": 0, "2016-06-30": 0, "2016-03-31": "", "2015-12-31": 0.001, "2015-09-30": 0, "2015-06-30": -1.761, "2014-12-31": 0, "2013-12-31": 0}, "Net Change In Short-term Investments": {"2020-09-30": -750.731, "2020-06-30": 88.971, "2020-03-31": "88.96700", "2019-12-31": -47.386, "2019-09-30": -203.446, "2019-06-30": -811.439, "2019-03-31": "-278.98000", "2018-12-31": 15.846, "2018-09-30": 25.808, "2018-06-30": -110.751, "2018-03-31": "-15.09300", "2017-12-31": 15.935, "2017-09-30": 4.67, "2017-06-30": -27.145, "2017-03-31": "-170.76900", "2016-12-31": 0, "2016-09-30": 0, "2016-06-30": 0, "2016-03-31": "", "2015-12-31": 0, "2015-09-30": 0, "2015-06-30": 0, "2014-12-31": 0, "2013-12-31": 0}, "Net Change In Long-Term Investments": {"2020-09-30": 0, "2020-06-30": 0, "2020-03-31": "", "2019-12-31": 0, "2019-09-30": 0, "2019-06-30": 0, "2019-03-31": "", "2018-12-31": 0, "2018-09-30": 0, "2018-06-30": 0, "2018-03-31": "", "2017-12-31": 0, "2017-09-30": 0, "2017-06-30": 0, "2017-03-31": "", "2016-12-31": 0, "2016-09-30": 0, "2016-06-30": 0, "2016-03-31": "", "2015-12-31": 0, "2015-09-30": 0, "2015-06-30": 0, "2014-12-31": 0, "2013-12-31": 0}, "Net Change In Investments - Total": {"2020-09-30": -750.731, "2020-06-30": 88.971, "2020-03-31": "88.96700", "2019-12-31": -47.386, "2019-09-30": -203.446, "2019-06-30": -811.439, "2019-03-31": "-278.98000", "2018-12-31": 15.846, "2018-09-30": 25.808, "2018-06-30": -110.751, "2018-03-31": "-15.09300", "2017-12-31": 15.935, "2017-09-30": 4.67, "2017-06-30": -27.145, "2017-03-31": "-170.76900", "2016-12-31": 0, "2016-09-30": 0, "2016-06-30": 0, "2016-03-31": "", "2015-12-31": 0, "2015-09-30": 0, "2015-06-30": 0, "2014-12-31": 0, "2013-12-31": 0}, "Investing Activities - Other": {"2020-09-30": 0, "2020-06-30": 0, "2020-03-31": "", "2019-12-31": 0, "2019-09-30": 0, "2019-06-30": 0, "2019-03-31": "", "2018-12-31": 0, "2018-09-30": 0, "2018-06-30": 0, "2018-03-31": "", "2017-12-31": 0, "2017-09-30": 0, "2017-06-30": 0, "2017-03-31": "", "2016-12-31": 7.439, "2016-09-30": 0, "2016-06-30": 0, "2016-03-31": "-7.43900", "2015-12-31": -0.49, "2015-09-30": 0, "2015-06-30": 0, "2014-12-31": 0, "2013-12-31": 0}, "Cash Flow From Investing Activities": {"2020-09-30": -765.71, "2020-06-30": 73.12, "2020-03-31": "71.64500", "2019-12-31": -103.081, "2019-09-30": -220.847, "2019-06-30": -831.663, "2019-03-31": "-130.20100", "2018-12-31": 8.983, "2018-09-30": -10.285, "2018-06-30": -117.177, "2018-03-31": "-20.94000", "2017-12-31": 10.217, "2017-09-30": -1.504, "2017-06-30": -33.443, "2017-03-31": "-202.01800", "2016-12-31": -13.172, "2016-09-30": -6.73, "2016-06-30": -4.226, "2016-03-31": "-10.85800", "2015-12-31": -2.933, "2015-09-30": -3.102, "2015-06-30": -6.335, "2014-12-31": 0, "2013-12-31": 0}, "Net Long-Term Debt": {"2020-09-30": -2.859, "2020-06-30": -1.875, "2020-03-31": "-1.95400", "2019-12-31": -1.719, "2019-09-30": -5.867, "2019-06-30": -2.005, "2019-03-31": "-1.45500", "2018-12-31": 0, "2018-09-30": 0, "2018-06-30": 550, "2018-03-31": "", "2017-12-31": 0, "2017-09-30": 0, "2017-06-30": 0, "2017-03-31": "", "2016-12-31": 0, "2016-09-30": 0, "2016-06-30": 0, "2016-03-31": "", "2015-12-31": 0, "2015-09-30": 0, "2015-06-30": 0, "2014-12-31": 0, "2013-12-31": 0}, "Net Current Debt": {"2020-09-30": 0, "2020-06-30": 0, "2020-03-31": "", "2019-12-31": 0, "2019-09-30": 0, "2019-06-30": 0, "2019-03-31": "", "2018-12-31": 0, "2018-09-30": 0, "2018-06-30": 0, "2018-03-31": "", "2017-12-31": 0, "2017-09-30": 0, "2017-06-30": 0, "2017-03-31": "", "2016-12-31": 0, "2016-09-30": 0, "2016-06-30": 0, "2016-03-31": "", "2015-12-31": 0, "2015-09-30": 0, "2015-06-30": 0, "2014-12-31": 0, "2013-12-31": 0}, "Debt Issuance/Retirement Net - Total": {"2020-09-30": -2.859, "2020-06-30": -1.875, "2020-03-31": "-1.95400", "2019-12-31": -1.719, "2019-09-30": -5.867, "2019-06-30": -2.005, "2019-03-31": "-1.45500", "2018-12-31": 0, "2018-09-30": 0, "2018-06-30": 550, "2018-03-31": "", "2017-12-31": 0, "2017-09-30": 0, "2017-06-30": 0, "2017-03-31": "", "2016-12-31": 0, "2016-09-30": 0, "2016-06-30": 0, "2016-03-31": "", "2015-12-31": 0, "2015-09-30": 0, "2015-06-30": 0, "2014-12-31": 0, "2013-12-31": 0}, "Net Common Equity Issued/Repurchased": {"2020-09-30": 1417.538, "2020-06-30": 61.705, "2020-03-31": "8.23100", "2019-12-31": -962.024, "2019-09-30": 985.995, "2019-06-30": 18.181, "2019-03-31": "15.32800", "2018-12-31": 12.827, "2018-09-30": 8.863, "2018-06-30": -46.954, "2018-03-31": "6.67800", "2017-12-31": 7.637, "2017-09-30": 4.35, "2017-06-30": 12.823, "2017-03-31": "12.73500", "2016-12-31": 69.63, "2016-09-30": 0.477, "2016-06-30": 163.945, "2016-03-31": "0.75500", "2015-12-31": 18.699, "2015-09-30": -20.415, "2015-06-30": 1.716, "2014-12-31": 0, "2013-12-31": 0}, "Net Total Equity Issued/Repurchased": {"2020-09-30": 1417.538, "2020-06-30": 61.705, "2020-03-31": "8.23100", "2019-12-31": -962.024, "2019-09-30": 985.995, "2019-06-30": 18.181, "2019-03-31": "15.32800", "2018-12-31": 12.827, "2018-09-30": 8.863, "2018-06-30": -46.954, "2018-03-31": "6.67800", "2017-12-31": 7.637, "2017-09-30": 4.35, "2017-06-30": 12.823, "2017-03-31": "12.73500", "2016-12-31": 69.63, "2016-09-30": 0.477, "2016-06-30": 163.945, "2016-03-31": "0.75500", "2015-12-31": 0.876, "2015-09-30": -0.421, "2015-06-30": 107.585, "2014-12-31": 0, "2013-12-31": 0}, "Total Common And Preferred Stock Dividends Paid": {"2020-09-30": 0, "2020-06-30": 0, "2020-03-31": "", "2019-12-31": 0, "2019-09-30": 0, "2019-06-30": 0, "2019-03-31": "", "2018-12-31": 0, "2018-09-30": 0, "2018-06-30": 0, "2018-03-31": "", "2017-12-31": 0, "2017-09-30": 0, "2017-06-30": 0, "2017-03-31": "", "2016-12-31": 0, "2016-09-30": 0, "2016-06-30": 0, "2016-03-31": "", "2015-12-31": 0, "2015-09-30": 0, "2015-06-30": 0, "2014-12-31": 0, "2013-12-31": 0}, "Financial Activities - Other": {"2020-09-30": -1.409, "2020-06-30": -1.144, "2020-03-31": "-1.67400", "2019-12-31": 977.859, "2019-09-30": -981.221, "2019-06-30": 978.135, "2019-03-31": "-1.06200", "2018-12-31": -0.998, "2018-09-30": -1.174, "2018-06-30": -13.052, "2018-03-31": "-0.37100", "2017-12-31": -0.202, "2017-09-30": -0.165, "2017-06-30": -0.348, "2017-03-31": "-0.39300", "2016-12-31": -1.251, "2016-09-30": -2.214, "2016-06-30": -0.744, "2016-03-31": "-1.43400", "2015-12-31": -0.69, "2015-09-30": 0, "2015-06-30": 0, "2014-12-31": 0, "2013-12-31": 0}, "Cash Flow From Financial Activities": {"2020-09-30": 1413.27, "2020-06-30": 58.686, "2020-03-31": "4.60300", "2019-12-31": 14.116, "2019-09-30": -1.093, "2019-06-30": 994.311, "2019-03-31": "12.81100", "2018-12-31": 11.829, "2018-09-30": 7.689, "2018-06-30": 489.994, "2018-03-31": "6.30700", "2017-12-31": 7.435, "2017-09-30": 4.185, "2017-06-30": 12.475, "2017-03-31": "12.34200", "2016-12-31": 68.379, "2016-09-30": -1.737, "2016-06-30": 163.201, "2016-03-31": "-0.67900", "2015-12-31": 0.176, "2015-09-30": -0.421, "2015-06-30": 107.585, "2014-12-31": 0, "2013-12-31": 0}, "Net Cash Flow": {"2020-09-30": 651.402, "2020-06-30": 130.182, "2020-03-31": "91.78300", "2019-12-31": -76.941, "2019-09-30": -206.097, "2019-06-30": 157.942, "2019-03-31": "-126.50300", "2018-12-31": 16.02, "2018-09-30": -9.701, "2018-06-30": 375.776, "2018-03-31": "2.45100", "2017-12-31": 21.437, "2017-09-30": -0.278, "2017-06-30": -27.426, "2017-03-31": "-187.22500", "2016-12-31": 60.885, "2016-09-30": -9.161, "2016-06-30": 158.066, "2016-03-31": "-5.51500", "2015-12-31": -7.167, "2015-09-30": -5.827, "2015-06-30": 89.194, "2014-12-31": 0, "2013-12-31": 0}, "Stock-Based Compensation": {"2020-09-30": 89.41, "2020-06-30": 79.387, "2020-03-31": "69.02500", "2019-12-31": 66.986, "2019-09-30": 68.268, "2019-06-30": 70.74, "2019-03-31": "58.32400", "2018-12-31": 31.986, "2018-09-30": 22.741, "2018-06-30": 21.006, "2018-03-31": "17.54000", "2017-12-31": 13.646, "2017-09-30": 14.188, "2017-06-30": 12.4, "2017-03-31": "9.38500", "2016-12-31": 8.576, "2016-09-30": 7.648, "2016-06-30": 4.976, "2016-03-31": "3.02500", "2015-12-31": -5.808, "2015-09-30": 2.241, "2015-06-30": 3.567, "2014-12-31": 0, "2013-12-31": 0}, "Common Stock Dividends Paid": {"2020-09-30": 0, "2020-06-30": 0, "2020-03-31": "", "2019-12-31": 0, "2019-09-30": 0, "2019-06-30": 0, "2019-03-31": "", "2018-12-31": 0, "2018-09-30": 0, "2018-06-30": 0, "2018-03-31": "", "2017-12-31": 0, "2017-09-30": 0, "2017-06-30": 0, "2017-03-31": "", "2016-12-31": 0, "2016-09-30": 0, "2016-06-30": 0, "2016-03-31": "", "2015-12-31": 0, "2015-09-30": 0, "2015-06-30": 0, "2014-12-31": 0, "2013-12-31": 0}}, "financial ratios": {"Current Ratio": {"2019-12-31": "8.33800", "2018-12-31": "6.33440", "2017-12-31": "4.49860", "2016-12-31": "4.79460", "2015-12-31": "3.37450", "2014-12-31": "1.99800", "2013-12-31": ""}, "Long-term Debt / Capital": {"2019-12-31": "0.09840", "2018-12-31": "0.49790", "2017-12-31": "", "2016-12-31": "", "2015-12-31": "", "2014-12-31": "", "2013-12-31": ""}, "Debt/Equity Ratio": {"2019-12-31": "0.11070", "2018-12-31": "0.99150", "2017-12-31": "", "2016-12-31": "", "2015-12-31": "", "2014-12-31": "", "2013-12-31": ""}, "Gross Margin": {"2019-12-31": "53.67420", "2018-12-31": "53.72150", "2017-12-31": "54.16400", "2016-12-31": "56.54350", "2015-12-31": "55.39510", "2014-12-31": "53.37660", "2013-12-31": "48.18110"}, "Operating Margin": {"2019-12-31": "-32.59550", "2018-12-31": "-17.72660", "2017-12-31": "-16.55910", "2016-12-31": "-14.89720", "2015-12-31": "-21.20370", "2014-12-31": "-30.03290", "2013-12-31": "-53.78610"}, "EBIT Margin": {"2019-12-31": "-32.59550", "2018-12-31": "-17.72660", "2017-12-31": "-16.55910", "2016-12-31": "-14.89720", "2015-12-31": "-21.20370", "2014-12-31": "-30.03290", "2013-12-31": "-53.78610"}, "EBITDA Margin": {"2019-12-31": "-21.16940", "2018-12-31": "-11.78080", "2017-12-31": "-11.79090", "2016-12-31": "-11.89900", "2015-12-31": "-18.67190", "2014-12-31": "-28.05640", "2013-12-31": "-52.56410"}, "Pre-Tax Profit Margin": {"2019-12-31": "-31.92830", "2018-12-31": "-18.63780", "2017-12-31": "-15.78940", "2016-12-31": "-14.78280", "2015-12-31": "-21.19710", "2014-12-31": "-30.10270", "2013-12-31": "-53.79410"}, "Net Profit Margin": {"2019-12-31": "-27.06670", "2018-12-31": "-18.75950", "2017-12-31": "-15.96610", "2016-12-31": "-14.90040", "2015-12-31": "-23.30230", "2014-12-31": "-30.11730", "2013-12-31": "-53.79410"}, "Asset Turnover": {"2019-12-31": "0.22030", "2018-12-31": "0.63190", "2017-12-31": "0.88710", "2016-12-31": "0.67200", "2015-12-31": "1.05970", "2014-12-31": "1.61610", "2013-12-31": ""}, "Inventory Turnover Ratio": {"2019-12-31": "", "2018-12-31": "", "2017-12-31": "", "2016-12-31": "", "2015-12-31": "", "2014-12-31": "", "2013-12-31": ""}, "Receiveable Turnover": {"2019-12-31": "7.36350", "2018-12-31": "6.65290", "2017-12-31": "9.25520", "2016-12-31": "10.58410", "2015-12-31": "8.74200", "2014-12-31": "9.59050", "2013-12-31": ""}, "Days Sales In Receivables": {"2019-12-31": "49.56900", "2018-12-31": "54.86340", "2017-12-31": "39.43720", "2016-12-31": "34.48570", "2015-12-31": "41.75260", "2014-12-31": "38.05870", "2013-12-31": ""}, "ROE - Return On Equity": {"2019-12-31": "-7.17540", "2018-12-31": "-27.82730", "2017-12-31": "-17.70420", "2016-12-31": "-12.54340", "2015-12-31": "28.79810", "2014-12-31": "33.24100", "2013-12-31": ""}, "Return On Tangible Equity": {"2019-12-31": "-20.17790", "2018-12-31": "-32.73690", "2017-12-31": "-19.78930", "2016-12-31": "-13.09320", "2015-12-31": "-31.93730", "2014-12-31": "-87.20510", "2013-12-31": ""}, "ROA - Return On Assets": {"2019-12-31": "-5.96180", "2018-12-31": "-11.85460", "2017-12-31": "-14.16420", "2016-12-31": "-10.01320", "2015-12-31": "-22.53990", "2014-12-31": "-48.67390", "2013-12-31": ""}, "ROI - Return On Investment": {"2019-12-31": "-6.46950", "2018-12-31": "-13.97330", "2017-12-31": "-17.70420", "2016-12-31": "-12.54340", "2015-12-31": "-30.44290", "2014-12-31": "-85.77930", "2013-12-31": ""}, "Book Value Per Share": {"2019-12-31": "30.91770", "2018-12-31": "4.37880", "2017-12-31": "3.82940", "2016-12-31": "3.77590", "2015-12-31": "6.73200", "2014-12-31": "1.78800", "2013-12-31": ""}, "Operating Cash Flow Per Share": {"2019-12-31": 0.0258, "2018-12-31": 0.1179, "2017-12-31": -0.2258, "2016-12-31": 1.2473, "2015-12-31": -0.03, "2014-12-31": 0.3101, "2013-12-31": -1.3373}, "Free Cash Flow Per Share": {"2019-12-31": -0.2377, "2018-12-31": 0.1581, "2017-12-31": -0.0359, "2016-12-31": 1.3339, "2015-12-31": -0.3258, "2014-12-31": 0.2395, "2013-12-31": -1.5414}}, "financial ratios, quarterly": {"Current Ratio": {"2020-09-30": "10.93630", "2020-06-30": "7.29060", "2020-03-31": "7.49960", "2019-12-31": "8.33800", "2019-09-30": "9.56590", "2019-06-30": "10.20670", "2019-03-31": "5.83050", "2018-12-31": "6.33440", "2018-09-30": "6.78280", "2018-06-30": "7.19690", "2018-03-31": "3.49580", "2017-12-31": "4.49860", "2017-09-30": "4.57390", "2017-06-30": "5.12820", "2017-03-31": "4.29290", "2016-12-31": "4.79460", "2016-09-30": "4.52590", "2016-06-30": "5.05590", "2016-03-31": "", "2015-12-31": "", "2015-09-30": "", "2015-06-30": "", "2014-12-31": "", "2013-12-31": ""}, "Long-term Debt / Capital": {"2020-09-30": "0.07220", "2020-06-30": "0.10010", "2020-03-31": "0.09970", "2019-12-31": "0.09840", "2019-09-30": "0.09700", "2019-06-30": "0.09600", "2019-03-31": "0.11960", "2018-12-31": "0.49790", "2018-09-30": "0.49680", "2018-06-30": "0.49610", "2018-03-31": "", "2017-12-31": "", "2017-09-30": "", "2017-06-30": "", "2017-03-31": "", "2016-12-31": "", "2016-09-30": "", "2016-06-30": "", "2016-03-31": "", "2015-12-31": "", "2015-09-30": "", "2015-06-30": "", "2014-12-31": "", "2013-12-31": ""}, "Debt/Equity Ratio": {"2020-09-30": "0.07940", "2020-06-30": "0.11290", "2020-03-31": "0.11230", "2019-12-31": "0.11070", "2019-09-30": "0.10900", "2019-06-30": "0.10800", "2019-03-31": "0.13840", "2018-12-31": "0.99150", "2018-09-30": "0.98720", "2018-06-30": "0.98470", "2018-03-31": "", "2017-12-31": "", "2017-09-30": "", "2017-06-30": "", "2017-03-31": "", "2016-12-31": "", "2016-09-30": "", "2016-06-30": "", "2016-03-31": "", "2015-12-31": "", "2015-09-30": "", "2015-06-30": "", "2014-12-31": "", "2013-12-31": ""}, "Gross Margin": {"2020-09-30": "51.53790", "2020-06-30": "52.17200", "2020-03-31": "53.04250", "2019-12-31": "52.74080", "2019-09-30": "53.60220", "2019-06-30": "54.54320", "2019-03-31": "54.06650", "2018-12-31": "52.86980", "2018-09-30": "54.39120", "2018-06-30": "54.01820", "2018-03-31": "53.85390", "2017-12-31": "52.25280", "2017-09-30": "52.00610", "2017-06-30": "55.84330", "2017-03-31": "57.32500", "2016-12-31": "58.26220", "2016-09-30": "56.26490", "2016-06-30": "56.28120", "2016-03-31": "54.79100", "2015-12-31": "", "2015-09-30": "55.71370", "2015-06-30": "55.66480", "2014-12-31": "", "2013-12-31": ""}, "Operating Margin": {"2020-09-30": "-25.06200", "2020-06-30": "-25.60670", "2020-03-31": "-25.40540", "2019-12-31": "-28.31890", "2019-09-30": "-32.08300", "2019-06-30": "-34.07950", "2019-03-31": "-37.56900", "2018-12-31": "-21.53040", "2018-09-30": "-14.82160", "2018-06-30": "-14.86120", "2018-03-31": "-18.78700", "2017-12-31": "-17.54490", "2017-09-30": "-23.90150", "2017-06-30": "-7.37460", "2017-03-31": "-16.88760", "2016-12-31": "-15.64330", "2016-09-30": "-15.76340", "2016-06-30": "-16.82370", "2016-03-31": "-10.72800", "2015-12-31": "", "2015-09-30": "-20.20700", "2015-06-30": "-24.92490", "2014-12-31": "", "2013-12-31": ""}, "EBIT Margin": {"2020-09-30": "-25.06200", "2020-06-30": "-25.60670", "2020-03-31": "-25.40540", "2019-12-31": "-28.31890", "2019-09-30": "-32.08300", "2019-06-30": "-34.07950", "2019-03-31": "-37.56900", "2018-12-31": "-21.53040", "2018-09-30": "-14.82160", "2018-06-30": "-14.86120", "2018-03-31": "-18.78700", "2017-12-31": "-17.54490", "2017-09-30": "-23.90150", "2017-06-30": "-7.37460", "2017-03-31": "-16.88760", "2016-12-31": "-15.64330", "2016-09-30": "-15.76340", "2016-06-30": "-16.82370", "2016-03-31": "-10.72800", "2015-12-31": "", "2015-09-30": "-20.20700", "2015-06-30": "-24.92490", "2014-12-31": "", "2013-12-31": ""}, "EBITDA Margin": {"2020-09-30": "", "2020-06-30": "", "2020-03-31": "", "2019-12-31": "", "2019-09-30": "", "2019-06-30": "", "2019-03-31": "", "2018-12-31": "", "2018-09-30": "", "2018-06-30": "", "2018-03-31": "", "2017-12-31": "", "2017-09-30": "", "2017-06-30": "", "2017-03-31": "", "2016-12-31": "", "2016-09-30": "", "2016-06-30": "", "2016-03-31": "", "2015-12-31": "", "2015-09-30": "", "2015-06-30": "", "2014-12-31": "", "2013-12-31": ""}, "Pre-Tax Profit Margin": {"2020-09-30": "-25.95400", "2020-06-30": "-24.85450", "2020-03-31": "-25.71180", "2019-12-31": "-26.89750", "2019-09-30": "-30.59960", "2019-06-30": "-34.39950", "2019-03-31": "-37.84180", "2018-12-31": "-22.87690", "2018-09-30": "-15.96970", "2018-06-30": "-16.14580", "2018-03-31": "-18.27190", "2017-12-31": "-16.58860", "2017-09-30": "-22.90690", "2017-06-30": "-6.88330", "2017-03-31": "-16.31760", "2016-12-31": "-15.36880", "2016-09-30": "-15.57040", "2016-06-30": "-16.86720", "2016-03-31": "-10.75830", "2015-12-31": "", "2015-09-30": "-20.27020", "2015-06-30": "-25.14360", "2014-12-31": "", "2013-12-31": ""}, "Net Profit Margin": {"2020-09-30": "-26.09870", "2020-06-30": "-24.92780", "2020-03-31": "-25.97950", "2019-12-31": "-27.24650", "2019-09-30": "-29.73370", "2019-06-30": "-33.66030", "2019-03-31": "-15.65720", "2018-12-31": "-23.08250", "2018-09-30": "-16.01940", "2018-06-30": "-16.24730", "2018-03-31": "-18.37810", "2017-12-31": "-16.41760", "2017-09-30": "-23.32660", "2017-06-30": "-7.41530", "2017-03-31": "-16.28330", "2016-12-31": "-15.38460", "2016-09-30": "-15.73260", "2016-06-30": "-17.04230", "2016-03-31": "-10.89990", "2015-12-31": "", "2015-09-30": "-28.01500", "2015-06-30": "-25.23060", "2014-12-31": "", "2013-12-31": ""}, "Asset Turnover": {"2020-09-30": "0.06660", "2020-06-30": "0.07580", "2020-03-31": "0.07060", "2019-12-31": "0.06430", "2019-09-30": "0.05770", "2019-06-30": "0.05380", "2019-03-31": "0.05660", "2018-12-31": "0.19860", "2018-09-30": "0.16830", "2018-06-30": "0.14990", "2018-03-31": "0.26740", "2017-12-31": "0.25620", "2017-09-30": "0.22670", "2017-06-30": "0.21890", "2017-03-31": "0.20330", "2016-12-31": "0.19860", "2016-09-30": "0.21000", "2016-06-30": "0.19170", "2016-03-31": "", "2015-12-31": "", "2015-09-30": "", "2015-06-30": "", "2014-12-31": "", "2013-12-31": ""}, "Inventory Turnover Ratio": {"2020-09-30": "", "2020-06-30": "", "2020-03-31": "", "2019-12-31": "", "2019-09-30": "", "2019-06-30": "", "2019-03-31": "", "2018-12-31": "", "2018-09-30": "", "2018-06-30": "", "2018-03-31": "", "2017-12-31": "", "2017-09-30": "", "2017-06-30": "", "2017-03-31": "", "2016-12-31": "", "2016-09-30": "", "2016-06-30": "", "2016-03-31": "", "2015-12-31": "", "2015-09-30": "", "2015-06-30": "", "2014-12-31": "", "2013-12-31": ""}, "Receiveable Turnover": {"2020-09-30": "2.19770", "2020-06-30": "2.06030", "2020-03-31": "2.11070", "2019-12-31": "2.14990", "2019-09-30": "2.24910", "2019-06-30": "2.16940", "2019-03-31": "2.21720", "2018-12-31": "2.09090", "2018-09-30": "2.10700", "2018-06-30": "2.18660", "2018-03-31": "2.25290", "2017-12-31": "2.67290", "2017-09-30": "2.69850", "2017-06-30": "2.56880", "2017-03-31": "2.91640", "2016-12-31": "3.12760", "2016-09-30": "2.43710", "2016-06-30": "2.80710", "2016-03-31": "", "2015-12-31": "", "2015-09-30": "", "2015-06-30": "", "2014-12-31": "", "2013-12-31": ""}, "Days Sales In Receivables": {"2020-09-30": "40.95180", "2020-06-30": "43.68400", "2020-03-31": "42.63970", "2019-12-31": "41.86300", "2019-09-30": "40.01600", "2019-06-30": "41.48580", "2019-03-31": "40.59130", "2018-12-31": "43.04450", "2018-09-30": "42.71480", "2018-06-30": "41.15950", "2018-03-31": "39.94780", "2017-12-31": "33.67150", "2017-09-30": "33.35140", "2017-06-30": "35.03590", "2017-03-31": "30.86010", "2016-12-31": "28.77620", "2016-09-30": "36.92950", "2016-06-30": "32.06150", "2016-03-31": "", "2015-12-31": "", "2015-09-30": "", "2015-06-30": "", "2014-12-31": "", "2013-12-31": ""}, "ROE - Return On Equity": {"2020-09-30": "-2.02900", "2020-06-30": "-2.31220", "2020-03-31": "-2.22700", "2019-12-31": "-2.10890", "2019-09-30": "-2.04770", "2019-06-30": "-2.15460", "2019-03-31": "-1.09700", "2018-12-31": "-10.76090", "2018-09-30": "-6.22900", "2018-06-30": "-5.58710", "2018-03-31": "-6.54520", "2017-12-31": "-5.25750", "2017-09-30": "-6.60650", "2017-06-30": "-1.98520", "2017-03-31": "-4.21090", "2016-12-31": "-3.82700", "2016-09-30": "-4.25850", "2016-06-30": "-4.11400", "2016-03-31": "", "2015-12-31": "", "2015-09-30": "", "2015-06-30": "", "2014-12-31": "", "2013-12-31": ""}, "Return On Tangible Equity": {"2020-09-30": "-3.81300", "2020-06-30": "-6.22480", "2020-03-31": "-6.23730", "2019-12-31": "-5.93040", "2019-09-30": "-5.71240", "2019-06-30": "-6.05930", "2019-03-31": "-6.68130", "2018-12-31": "-12.65950", "2018-09-30": "-7.36290", "2018-06-30": "-6.07660", "2018-03-31": "-7.29470", "2017-12-31": "-5.87670", "2017-09-30": "-7.41440", "2017-06-30": "-2.22970", "2017-03-31": "-4.75950", "2016-12-31": "-3.99480", "2016-09-30": "-4.35280", "2016-06-30": "-4.20480", "2016-03-31": "", "2015-12-31": "", "2015-09-30": "", "2015-06-30": "", "2014-12-31": "", "2013-12-31": ""}, "ROA - Return On Assets": {"2020-09-30": "-1.73880", "2020-06-30": "-1.88870", "2020-03-31": "-1.83480", "2019-12-31": "-1.75220", "2019-09-30": "-1.71690", "2019-06-30": "-1.81200", "2019-03-31": "-0.88600", "2018-12-31": "-4.58420", "2018-09-30": "-2.69540", "2018-06-30": "-2.43510", "2018-03-31": "-4.91490", "2017-12-31": "-4.20630", "2017-09-30": "-5.28760", "2017-06-30": "-1.62330", "2017-03-31": "-3.31040", "2016-12-31": "-3.05500", "2016-09-30": "-3.30450", "2016-06-30": "-3.26670", "2016-03-31": "", "2015-12-31": "", "2015-09-30": "", "2015-06-30": "", "2014-12-31": "", "2013-12-31": ""}, "ROI - Return On Investment": {"2020-09-30": "-1.88240", "2020-06-30": "-2.08080", "2020-03-31": "-2.00480", "2019-12-31": "-1.90140", "2019-09-30": "-1.84900", "2019-06-30": "-1.94780", "2019-03-31": "-0.96580", "2018-12-31": "-5.40350", "2018-09-30": "-3.13460", "2018-06-30": "-2.81510", "2018-03-31": "-6.54520", "2017-12-31": "-5.25750", "2017-09-30": "-6.60650", "2017-06-30": "-1.98520", "2017-03-31": "-4.21090", "2016-12-31": "-3.82700", "2016-09-30": "-4.25850", "2016-06-30": "-4.11400", "2016-03-31": "", "2015-12-31": "", "2015-09-30": "", "2015-06-30": "", "2014-12-31": "", "2013-12-31": ""}, "Book Value Per Share": {"2020-09-30": "38.18530", "2020-06-30": "30.21440", "2020-03-31": "30.41180", "2019-12-31": "30.91770", "2019-09-30": "31.25700", "2019-06-30": "31.64970", "2019-03-31": "26.39230", "2018-12-31": "4.37880", "2018-09-30": "4.39950", "2018-06-30": "4.40930", "2018-03-31": "3.78870", "2017-12-31": "3.82940", "2017-09-30": "3.82050", "2017-06-30": "3.89950", "2017-03-31": "3.74530", "2016-12-31": "3.77590", "2016-09-30": "3.12680", "2016-06-30": "3.15990", "2016-03-31": "", "2015-12-31": "", "2015-09-30": "", "2015-06-30": "", "2014-12-31": "", "2013-12-31": ""}, "Operating Cash Flow Per Share": {"2020-09-30": 0.0222, "2020-06-30": -0.0134, "2020-03-31": "0.11160", "2019-12-31": 0.0932, "2019-09-30": 0.1217, "2019-06-30": -0.0287, "2019-03-31": "-0.07820", "2018-12-31": -0.0487, "2018-09-30": -0.0686, "2018-06-30": 0.0206, "2018-03-31": "0.17890", "2017-12-31": 0.0408, "2017-09-30": -0.0319, "2017-06-30": -0.0721, "2017-03-31": "0.02750", "2016-12-31": 0.1374, "2016-09-30": -0.158, "2016-06-30": -0.1337, "2016-03-31": "0.34440", "2015-12-31": 0.8065, "2015-09-30": -0.1509, "2015-06-30": -0.6556, "2014-12-31": 0, "2013-12-31": 0}, "Free Cash Flow Per Share": {"2020-09-30": 0.0601, "2020-06-30": -0.121, "2020-03-31": "0.00420", "2019-12-31": -0.3009, "2019-09-30": 0.1408, "2019-06-30": -0.1024, "2019-03-31": "-0.14680", "2018-12-31": -0.1117, "2018-09-30": -0.1321, "2018-06-30": -0.0461, "2018-03-31": "0.11830", "2017-12-31": -0.0264, "2017-09-30": -0.0962, "2017-06-30": -0.1374, "2017-03-31": "-0.06970", "2016-12-31": -0.1828, "2016-09-30": -0.0194, "2016-06-30": -0.2487, "2016-03-31": "0.15710", "2015-12-31": 1.2178, "2015-09-30": -0.3196, "2015-06-30": -0.8982, "2014-12-31": 0, "2013-12-31": 0}}, "revenue": {"Twilio Annual Revenue (Millions of US $)": {"2019": "$1,134", "2018": "$650", "2017": "$399", "2016": "$277", "2015": "$167", "2014": "$89", "2013": "$50"}, "Twilio Quarterly Revenue (Millions of US $)": {"2020-09-30": "$448", "2020-06-30": "$401", "2020-03-31": "$365", "2019-12-31": "$331", "2019-09-30": "$295", "2019-06-30": "$275", "2019-03-31": "$233", "2018-12-31": "$204", "2018-09-30": "$169", "2018-06-30": "$148", "2018-03-31": "$129", "2017-12-31": "$115", "2017-09-30": "$101", "2017-06-30": "$96", "2017-03-31": "$87", "2016-12-31": "$82", "2016-09-30": "$72", "2016-06-30": "$65", "2016-03-31": "$59", "2015-12-31": "", "2015-09-30": "$44", "2015-06-30": "$38", "2014-12-31": "", "2013-12-31": ""}}, "gross-profit": {"Twilio Annual Gross Profit (Millions of US $)": {"2019": "$609", "2018": "$349", "2017": "$216", "2016": "$157", "2015": "$92", "2014": "$47", "2013": "$24"}, "Twilio Quarterly Gross Profit (Millions of US $)": {"2020-09-30": "$231", "2020-06-30": "$209", "2020-03-31": "$194", "2019-12-31": "$175", "2019-09-30": "$158", "2019-06-30": "$150", "2019-03-31": "$126", "2018-12-31": "$108", "2018-09-30": "$92", "2018-06-30": "$80", "2018-03-31": "$70", "2017-12-31": "$60", "2017-09-30": "$52", "2017-06-30": "$54", "2017-03-31": "$50", "2016-12-31": "$48", "2016-09-30": "$40", "2016-06-30": "$36", "2016-03-31": "$33", "2015-12-31": "", "2015-09-30": "$25", "2015-06-30": "$21", "2014-12-31": "", "2013-12-31": ""}}, "operating-income": {"Twilio Annual Operating Income (Millions of US $)": {"2019": "$-370", "2018": "$-115", "2017": "$-66", "2016": "$-41", "2015": "$-35", "2014": "$-27", "2013": "$-27"}, "Twilio Quarterly Operating Income (Millions of US $)": {"2020-09-30": "$-112", "2020-06-30": "$-103", "2020-03-31": "$-93", "2019-12-31": "$-94", "2019-09-30": "$-95", "2019-06-30": "$-94", "2019-03-31": "$-88", "2018-12-31": "$-44", "2018-09-30": "$-25", "2018-06-30": "$-22", "2018-03-31": "$-24", "2017-12-31": "$-20", "2017-09-30": "$-24", "2017-06-30": "$-7", "2017-03-31": "$-15", "2016-12-31": "$-13", "2016-09-30": "$-11", "2016-06-30": "$-11", "2016-03-31": "$-6", "2015-12-31": "", "2015-09-30": "$-9", "2015-06-30": "$-9", "2014-12-31": "", "2013-12-31": ""}}, "ebitda": {"Twilio Annual EBITDA (Millions of US $)": {"2019": "$-240", "2018": "$-77", "2017": "$-47", "2016": "$-33", "2015": "$-31", "2014": "$-25", "2013": "$-26"}, "Twilio Quarterly EBITDA (Millions of US $)": {"2020-09-30": "$-61", "2020-06-30": "$-64", "2020-03-31": "$-54", "2019-12-31": "$-60", "2019-09-30": "$-60", "2019-06-30": "$-60", "2019-03-31": "$-60", "2018-12-31": "$-31", "2018-09-30": "$-14", "2018-06-30": "$-13", "2018-03-31": "$-19", "2017-12-31": "$-15", "2017-09-30": "$-19", "2017-06-30": "$-2", "2017-03-31": "$-11", "2016-12-31": "$-10", "2016-09-30": "$-9", "2016-06-30": "$-9", "2016-03-31": "$-5", "2015-12-31": "", "2015-09-30": "$-8", "2015-06-30": "$-9", "2014-12-31": "", "2013-12-31": ""}}, "net-income": {"Twilio Annual Net Income (Millions of US $)": {"2019": "$-307", "2018": "$-122", "2017": "$-64", "2016": "$-41", "2015": "$-39", "2014": "$-27", "2013": "$-27"}, "Twilio Quarterly Net Income (Millions of US $)": {"2020-09-30": "$-117", "2020-06-30": "$-100", "2020-03-31": "$-95", "2019-12-31": "$-90", "2019-09-30": "$-88", "2019-06-30": "$-93", "2019-03-31": "$-37", "2018-12-31": "$-47", "2018-09-30": "$-27", "2018-06-30": "$-24", "2018-03-31": "$-24", "2017-12-31": "$-19", "2017-09-30": "$-23", "2017-06-30": "$-7", "2017-03-31": "$-14", "2016-12-31": "$-13", "2016-09-30": "$-11", "2016-06-30": "$-11", "2016-03-31": "$-6", "2015-12-31": "", "2015-09-30": "$-12", "2015-06-30": "$-10", "2014-12-31": "", "2013-12-31": ""}}, "eps-earnings-per-share-diluted": {"Twilio Annual EPS": {"2019": "$-2.36", "2018": "$-1.26", "2017": "$-0.70", "2016": "$-0.78", "2015": "$-2.19", "2014": "$-1.58", "2013": "$-1.59"}, "Twilio Quarterly EPS": {"2020-09-30": "$-0.79", "2020-06-30": "$-0.71", "2020-03-31": "$-0.68", "2019-12-31": "$-0.69", "2019-09-30": "$-0.64", "2019-06-30": "$-0.72", "2019-03-31": "$-0.31", "2018-12-31": "$-0.48", "2018-09-30": "$-0.28", "2018-06-30": "$-0.25", "2018-03-31": "$-0.25", "2017-12-31": "$-0.21", "2017-09-30": "$-0.25", "2017-06-30": "$-0.08", "2017-03-31": "$-0.16", "2016-12-31": "$0.17", "2016-09-30": "$-0.13", "2016-06-30": "$-0.45", "2016-03-31": "$-0.37", "2015-12-31": "$0.00", "2015-09-30": "$-0.70", "2015-06-30": "$-0.52", "2014-12-31": "$0.00", "2013-12-31": "$0.00"}}, "shares-outstanding": {"Twilio Annual Shares Outstanding (Millions of Shares)": {"2019": "130", "2018": "97", "2017": "91", "2016": "53", "2015": "18", "2014": "17", "2013": "17"}, "Twilio Quarterly Shares Outstanding (Millions of Shares)": {"2020-09-30": "148", "2020-06-30": "142", "2020-03-31": "139", "2019-12-31": "130", "2019-09-30": "136", "2019-06-30": "129", "2019-03-31": "117", "2018-12-31": "97", "2018-09-30": "98", "2018-06-30": "96", "2018-03-31": "95", "2017-12-31": "91", "2017-09-30": "92", "2017-06-30": "91", "2017-03-31": "89", "2016-12-31": "53", "2016-09-30": "84", "2016-06-30": "24", "2016-03-31": "17", "2015-12-31": "", "2015-09-30": "18", "2015-06-30": "18", "2014-12-31": "", "2013-12-31": ""}}, "total-assets": {"Twilio Annual Total Assets (Millions of US $)": {"2019": "$5,151", "2018": "$1,029", "2017": "$450", "2016": "$413", "2015": "$158", "2014": "$55", "2013": "$0"}, "Twilio Quarterly Total Assets (Millions of US $)": {"2020-09-30": "$6,724", "2020-06-30": "$5,291", "2020-03-31": "$5,166", "2019-12-31": "$5,151", "2019-09-30": "$5,110", "2019-06-30": "$5,109", "2019-03-31": "$4,120", "2018-12-31": "$1,029", "2018-09-30": "$1,004", "2018-06-30": "$986", "2018-03-31": "$483", "2017-12-31": "$450", "2017-09-30": "$444", "2017-06-30": "$438", "2017-03-31": "$430", "2016-12-31": "$413", "2016-09-30": "$341", "2016-06-30": "$337", "2016-03-31": "$0", "2015-12-31": "$0", "2015-09-30": "$0", "2015-06-30": "$0", "2014-12-31": "$55", "2013-12-31": "$0"}}, "cash-on-hand": {"Twilio Annual Cash on Hand (Millions of US $)": {"2019": "$1,853", "2018": "$748", "2017": "$291", "2016": "$306", "2015": "$109", "2014": "$33", "2013": "$"}, "Twilio Quarterly Cash on Hand (Millions of US $)": {"2020-09-30": "$3,299", "2020-06-30": "$1,903", "2020-03-31": "$1,843", "2019-12-31": "$1,853", "2019-09-30": "$1,882", "2019-06-30": "$1,882", "2019-03-31": "$919", "2018-12-31": "$748", "2018-09-30": "$745", "2018-06-30": "$795", "2018-03-31": "$308", "2017-12-31": "$291", "2017-09-30": "$284", "2017-06-30": "$289", "2017-03-31": "$289", "2016-12-31": "$306", "2016-09-30": "$252", "2016-06-30": "$261", "2016-03-31": "", "2015-12-31": "", "2015-09-30": "", "2015-06-30": "", "2014-12-31": "$33", "2013-12-31": ""}}, "long-term-debt": {"Twilio Annual Long Term Debt (Millions of US $)": {"2019": "$467", "2018": "$434", "2017": "$", "2016": "$", "2015": "$", "2014": "$", "2013": "$"}, "Twilio Quarterly Long Term Debt (Millions of US $)": {"2020-09-30": "$449", "2020-06-30": "$481", "2020-03-31": "$472", "2019-12-31": "$467", "2019-09-30": "$460", "2019-06-30": "$456", "2019-03-31": "$452", "2018-12-31": "$434", "2018-09-30": "$429", "2018-06-30": "$423", "2018-03-31": "", "2017-12-31": "", "2017-09-30": "", "2017-06-30": "", "2017-03-31": "", "2016-12-31": "", "2016-09-30": "", "2016-06-30": "", "2016-03-31": "", "2015-12-31": "", "2015-09-30": "", "2015-06-30": "", "2014-12-31": "", "2013-12-31": ""}}, "total-liabilities": {"Twilio Annual Total Liabilities (Millions of US $)": {"2019": "$871", "2018": "$590", "2017": "$90", "2016": "$83", "2015": "$41", "2014": "$24", "2013": "$0"}, "Twilio Quarterly Total Liabilities (Millions of US $)": {"2020-09-30": "$961", "2020-06-30": "$969", "2020-03-31": "$910", "2019-12-31": "$871", "2019-09-30": "$826", "2019-06-30": "$812", "2019-03-31": "$793", "2018-12-31": "$590", "2018-09-30": "$569", "2018-06-30": "$556", "2018-03-31": "$120", "2017-12-31": "$90", "2017-09-30": "$89", "2017-06-30": "$80", "2017-03-31": "$92", "2016-12-31": "$83", "2016-09-30": "$76", "2016-06-30": "$69", "2016-03-31": "$0", "2015-12-31": "", "2015-09-30": "$0", "2015-06-30": "$0", "2014-12-31": "$24", "2013-12-31": "$0"}}, "total-share-holder-equity": {"Twilio Annual Share Holder Equity (Millions of US $)": {"2019": "$4,279", "2018": "$438", "2017": "$360", "2016": "$329", "2015": "$117", "2014": "$31", "2013": "$0"}, "Twilio Quarterly Share Holder Equity (Millions of US $)": {"2020-09-30": "$5,762", "2020-06-30": "$4,322", "2020-03-31": "$4,257", "2019-12-31": "$4,279", "2019-09-30": "$4,284", "2019-06-30": "$4,297", "2019-03-31": "$3,328", "2018-12-31": "$438", "2018-09-30": "$434", "2018-06-30": "$430", "2018-03-31": "$363", "2017-12-31": "$360", "2017-09-30": "$355", "2017-06-30": "$358", "2017-03-31": "$338", "2016-12-31": "$329", "2016-09-30": "$264", "2016-06-30": "$267", "2016-03-31": "$0", "2015-12-31": "", "2015-09-30": "$0", "2015-06-30": "$0", "2014-12-31": "$31", "2013-12-31": "$0"}}, "profit-margins": {"current": "-26.01%"}, "gross margin": {"2020-09-30": "52.36%", "2020-06-30": "52.87%", "2020-03-31": "53.48%", "2019-12-31": "53.70%", "2019-09-30": "53.82%", "2019-06-30": "54.03%", "2019-03-31": "53.85%", "2018-12-31": "53.85%", "2018-09-30": "53.83%", "2018-06-30": "53.14%", "2018-03-31": "53.51%", "2017-12-31": "54.14%", "2017-09-30": "55.74%", "2017-06-30": "56.97%", "2017-03-31": "56.86%", "2016-12-31": "56.47%", "2016-06-30": "55.95%", "2016-03-31": "56.03%"}, "operating margin": {"2020-09-30": "-26.02%", "2020-06-30": "-27.66%", "2020-03-31": "-29.70%", "2019-12-31": "-32.72%", "2019-09-30": "-31.88%", "2019-06-30": "-28.49%", "2019-03-31": "-23.74%", "2018-12-31": "-17.69%", "2018-09-30": "-16.22%", "2018-06-30": "-18.26%", "2018-03-31": "-17.01%", "2017-12-31": "-16.54%", "2017-09-30": "-16.12%", "2017-06-30": "-13.65%", "2017-03-31": "-16.34%", "2016-12-31": "-14.75%", "2016-06-30": "-15.48%", "2016-03-31": "-17.02%"}, "ebitda margin": {"2020-09-30": "-15.47%", "2020-06-30": "-17.10%", "2020-03-31": "-18.48%", "2019-12-31": "-21.16%", "2019-09-30": "-20.95%", "2019-06-30": "-18.73%", "2019-03-31": "-15.65%", "2018-12-31": "-11.85%", "2018-09-30": "-10.87%", "2018-06-30": "-13.39%", "2018-03-31": "-12.47%", "2017-12-31": "-11.78%", "2017-09-30": "-11.48%", "2017-06-30": "-9.50%", "2017-03-31": "-12.75%", "2016-12-31": "-11.87%", "2016-06-30": "-13.10%", "2016-03-31": "-15.60%"}, "pre tax profit margin": {"2020-09-30": "-25.83%", "2020-06-30": "-26.80%", "2020-03-31": "-29.07%", "2019-12-31": "-31.92%", "2019-09-30": "-31.78%", "2019-06-30": "-29.17%", "2019-03-31": "-24.67%", "2018-12-31": "-18.77%", "2018-09-30": "-16.76%", "2018-06-30": "-18.26%", "2018-03-31": "-16.55%", "2017-12-31": "-15.79%", "2017-09-30": "-15.57%", "2017-06-30": "-13.35%", "2017-03-31": "-16.01%", "2016-12-31": "-14.75%", "2016-06-30": "-15.48%", "2016-03-31": "-17.73%"}, "net profit margin": {"2020-09-30": "-26.02%", "2020-06-30": "-26.80%", "2020-03-31": "-28.91%", "2019-12-31": "-27.16%", "2019-09-30": "-26.32%", "2019-06-30": "-23.16%", "2019-03-31": "-17.90%", "2018-12-31": "-18.77%", "2018-09-30": "-16.76%", "2018-06-30": "-18.26%", "2018-03-31": "-16.55%", "2017-12-31": "-15.79%", "2017-09-30": "-15.57%", "2017-06-30": "-13.35%", "2017-03-31": "-16.01%", "2016-12-31": "-14.75%", "2016-06-30": "-17.26%", "2016-03-31": "-19.86%"}, "pe ratio": {"current": "0.00", "2021-02-05": "0.00", "2020-09-30": "0.00", "2020-06-30": "0.00", "2020-03-31": "0.00", "2019-12-31": "0.00", "2019-09-30": "0.00", "2019-06-30": "0.00", "2019-03-31": "0.00", "2018-12-31": "0.00", "2018-09-30": "0.00", "2018-06-30": "0.00", "2018-03-31": "0.00", "2017-12-31": "0.00", "2017-09-30": "0.00", "2017-06-30": "0.00", "2017-03-31": "0.00"}, "price sales": {"2021-02-05": "36.26", "2020-09-30": "22.39", "2020-06-30": "21.60", "2020-03-31": "9.46", "2019-12-31": "11.12", "2019-09-30": "13.10", "2019-06-30": "17.14", "2019-03-31": "17.55", "2018-12-31": "13.28", "2018-09-30": "14.66", "2018-06-30": "10.67", "2018-03-31": "8.00", "2017-12-31": "5.37", "2017-09-30": "6.39", "2017-06-30": "6.56", "2017-03-31": "4.78"}, "price book": {"current": "10.48", "2021-02-05": "10.48", "2020-09-30": "6.47", "2020-06-30": "7.26", "2020-03-31": "2.94", "2019-12-31": "3.18", "2019-09-30": "3.52", "2019-06-30": "4.31", "2019-03-31": "4.89", "2018-12-31": "20.39", "2018-09-30": "19.61", "2018-06-30": "12.70", "2018-03-31": "10.08", "2017-12-31": "6.16", "2017-09-30": "7.81", "2017-06-30": "7.47", "2017-03-31": "7.71", "2016-12-31": "7.64", "2016-09-30": "20.58", "2016-06-30": "11.55"}, "price fcf": {"2021-02-05": "", "2020-09-30": "$-0.36", "2020-06-30": "$-0.28", "2020-03-31": "$-0.26", "2019-12-31": "$-0.41", "2019-09-30": "$-0.22", "2019-06-30": "$-0.49", "2019-03-31": "$-0.44", "2018-12-31": "$-0.17", "2018-09-30": "$-0.09", "2018-06-30": "$-0.05", "2018-03-31": "$-0.14", "2017-12-31": "$-0.33", "2017-09-30": "$-0.49", "2017-06-30": "$-0.41", "2017-03-31": "$-0.36"}, "net worth": {"value": "$60.39B"}, "current ratio": {"current": "10.94", "2020-09-30": "10.94", "2020-06-30": "7.29", "2020-03-31": "7.50", "2019-12-31": "8.34", "2019-09-30": "9.57", "2019-06-30": "10.21", "2019-03-31": "5.83", "2018-12-31": "6.33", "2018-09-30": "6.78", "2018-06-30": "7.20", "2018-03-31": "3.50", "2017-12-31": "4.50", "2017-09-30": "4.57", "2017-06-30": "5.13", "2017-03-31": "4.29", "2016-12-31": "4.80", "2016-09-30": "4.53", "2016-06-30": "5.06", "2016-03-31": "0.00", "2015-12-31": "0.00", "2015-09-30": "0.00", "2015-06-30": "0.00", "2014-12-31": "2.00", "2013-12-31": "0.00"}, "quick ratio": {"2020-09-30": "0.00", "2020-06-30": "0.00", "2020-03-31": "0.00", "2019-12-31": "0.00", "2019-09-30": "0.00", "2019-06-30": "0.00", "2019-03-31": "0.00", "2018-12-31": "0.00", "2018-09-30": "0.00", "2018-06-30": "0.00", "2018-03-31": "0.00", "2017-12-31": "0.00", "2017-09-30": "0.00", "2017-06-30": "0.00", "2017-03-31": "0.00", "2016-12-31": "0.00", "2016-09-30": "0.00", "2016-06-30": "0.00", "2016-03-31": "0.00", "2015-12-31": "0.00", "2015-09-30": "0.00", "2015-06-30": "0.00", "2014-12-31": "0.00", "2013-12-31": "0.00"}, "debt equity ratio": {"current": "0.08", "2020-09-30": "0.17", "2020-06-30": "0.22", "2020-03-31": "0.21", "2019-12-31": "0.20", "2019-09-30": "0.19", "2019-06-30": "0.19", "2019-03-31": "0.24", "2018-12-31": "1.35", "2018-09-30": "1.31", "2018-06-30": "1.29", "2018-03-31": "0.33", "2017-12-31": "0.25", "2017-09-30": "0.25", "2017-06-30": "0.22", "2017-03-31": "0.27", "2016-12-31": "0.25", "2016-09-30": "0.29", "2016-06-30": "0.26", "2016-03-31": "0.00", "2015-12-31": "0.00", "2015-09-30": "0.00", "2015-06-30": "0.00", "2014-12-31": "0.76", "2013-12-31": "0.00"}, "return on equity": {"2020-09-30": "-8.64%", "2020-06-30": "-8.70%", "2020-03-31": "-8.55%", "2019-12-31": "-7.61%", "2019-09-30": "-8.59%", "2019-06-30": "-9.60%", "2019-03-31": "-11.66%", "2018-12-31": "-29.31%", "2018-09-30": "-23.69%", "2018-06-30": "-23.87%", "2018-03-31": "-20.33%", "2017-12-31": "-17.86%", "2017-09-30": "-16.52%", "2017-06-30": "-13.96%", "2017-03-31": "-16.36%", "2016-12-31": "-19.07%", "2016-06-30": "-43.45%", "2016-03-31": "inf%"}, "return on assets": {"2020-09-30": "-7.20%", "2020-06-30": "-7.20%", "2020-03-31": "-7.13%", "2019-12-31": "-6.32%", "2019-09-30": "-6.90%", "2019-06-30": "-7.25%", "2019-03-31": "-7.56%", "2018-12-31": "-13.93%", "2018-09-30": "-12.86%", "2018-06-30": "-15.23%", "2018-03-31": "-16.09%", "2017-12-31": "-14.30%", "2017-09-30": "-13.22%", "2017-06-30": "-11.10%", "2017-03-31": "-12.89%", "2016-12-31": "-15.03%", "2016-06-30": "-34.42%", "2016-03-31": "inf%"}, "return on investments": {"2020-09-30": "-7.85%", "2020-06-30": "-8.10%", "2020-03-31": "-7.93%", "2019-12-31": "-8.23%", "2019-09-30": "-9.07%", "2019-06-30": "-9.78%", "2019-03-31": "-11.24%", "2018-12-31": "-17.77%", "2018-09-30": "-21.21%", "2018-06-30": "-42.20%", "2018-03-31": "inf%", "2017-12-31": "inf%", "2017-09-30": "inf%", "2017-06-30": "inf%", "2017-03-31": "inf%", "2016-12-31": "inf%", "2016-06-30": "inf%", "2016-03-31": "inf%"}, "return on tangible equity": {"2020-09-30": "-20.85%", "2020-06-30": "-24.13%", "2020-03-31": "-23.98%", "2019-12-31": "-24.01%", "2019-09-30": "-26.61%", "2019-06-30": "-29.00%", "2019-03-31": "-32.12%", "2018-12-31": "-33.42%", "2018-09-30": "-26.69%", "2018-06-30": "-26.51%", "2018-03-31": "-22.78%", "2017-12-31": "-20.06%", "2017-09-30": "-18.24%", "2017-06-30": "-15.09%", "2017-03-31": "-17.27%", "2016-12-31": "-19.62%", "2016-06-30": "-44.44%", "2016-03-31": "inf%"}, "dividend yield history": {"last payout": "$0.00", "last yield": "0.00%"}}