{"ticker": "TWTR", "price": {"title": "Twitter Historical Annual Stock Price Data", "value": 56.78, "historical": {"2020": {"Average Stock Price": "37.2158", "Year Open": "32.3000", "Year High": "55.8700", "Year Low": "22.0000", "Year Close": "54.1500", "Annual % Change": "68.95%"}, "2019": {"Average Stock Price": "35.5754", "Year Open": "28.8100", "Year High": "45.4200", "Year Low": "27.9900", "Year Close": "32.0500", "Annual % Change": "11.52%"}, "2018": {"Average Stock Price": "32.8285", "Year Open": "24.5100", "Year High": "46.7600", "Year Low": "22.1600", "Year Close": "28.7400", "Annual % Change": "19.70%"}, "2017": {"Average Stock Price": "17.8236", "Year Open": "16.4400", "Year High": "25.2000", "Year Low": "14.2900", "Year Close": "24.0100", "Annual % Change": "47.30%"}, "2016": {"Average Stock Price": "17.5711", "Year Open": "22.5600", "Year High": "24.8700", "Year Low": "14.0100", "Year Close": "16.3000", "Annual % Change": "-29.56%"}, "2015": {"Average Stock Price": "35.3443", "Year Open": "36.5600", "Year High": "52.8700", "Year Low": "22.1400", "Year Close": "23.1400", "Annual % Change": "-35.49%"}, "2014": {"Average Stock Price": "45.4515", "Year Open": "67.5000", "Year High": "69.0000", "Year Low": "30.5000", "Year Close": "35.8700", "Annual % Change": "-43.64%"}, "2013": {"Average Stock Price": "49.6576", "Year Open": "44.9000", "Year High": "73.3100", "Year Low": "39.0600", "Year Close": "63.6500", "Annual % Change": "0.00%"}}}, "market cap": {"value": "$45.16B"}, "income statement": {"Revenue": {"2019-12-31": "3459.32900", "2018-12-31": "3042.35900", "2017-12-31": "2443.29900", "2016-12-31": "2529.61900", "2015-12-31": "2218.03200", "2014-12-31": "1403.00200", "2013-12-31": "664.89000", "2012-12-31": "316.93300", "2011-12-31": "106.31300", "2010-12-31": "28.27800"}, "Cost Of Goods Sold": {"2019-12-31": "1137.04100", "2018-12-31": "964.99700", "2017-12-31": "861.24200", "2016-12-31": "932.24000", "2015-12-31": "729.25600", "2014-12-31": "446.30900", "2013-12-31": "266.71800", "2012-12-31": "128.76800", "2011-12-31": "61.80300", "2010-12-31": "43.16800"}, "Gross Profit": {"2019-12-31": "2322.28800", "2018-12-31": "2077.36200", "2017-12-31": "1582.05700", "2016-12-31": "1597.37900", "2015-12-31": "1488.77600", "2014-12-31": "956.69300", "2013-12-31": "398.17200", "2012-12-31": "188.16500", "2011-12-31": "44.51000", "2010-12-31": "-14.89000"}, "Research And Development Expenses": {"2019-12-31": "682.28100", "2018-12-31": "553.85800", "2017-12-31": "542.01000", "2016-12-31": "713.48200", "2015-12-31": "806.64800", "2014-12-31": "691.54300", "2013-12-31": "593.99200", "2012-12-31": "119.00400", "2011-12-31": "80.17600", "2010-12-31": "29.34800"}, "SG&A Expenses": {"2019-12-31": "1273.63400", "2018-12-31": "1070.17900", "2017-12-31": "1001.30700", "2016-12-31": "1251.10500", "2015-12-31": "1132.16400", "2014-12-31": "804.01600", "2013-12-31": "440.01100", "2012-12-31": "146.24400", "2011-12-31": "91.74500", "2010-12-31": "23.24100"}, "Other Operating Income Or Expenses": {"2019-12-31": "", "2018-12-31": "", "2017-12-31": "", "2016-12-31": "", "2015-12-31": "", "2014-12-31": "", "2013-12-31": "", "2012-12-31": "", "2011-12-31": "", "2010-12-31": ""}, "Operating Expenses": {"2019-12-31": "3092.95600", "2018-12-31": "2589.03400", "2017-12-31": "2404.55900", "2016-12-31": "2896.82700", "2015-12-31": "2668.06800", "2014-12-31": "1941.86800", "2013-12-31": "1300.72100", "2012-12-31": "394.01600", "2011-12-31": "233.72400", "2010-12-31": "95.75700"}, "Operating Income": {"2019-12-31": "366.37300", "2018-12-31": "453.32470", "2017-12-31": "38.74000", "2016-12-31": "-367.20800", "2015-12-31": "-450.03610", "2014-12-31": "-538.86610", "2013-12-31": "-635.83090", "2012-12-31": "-77.08300", "2011-12-31": "-127.41100", "2010-12-31": "-67.47900"}, "Total Non-Operating Income/Expense": {"2019-12-31": "23.76600", "2018-12-31": "-29.78100", "2017-12-31": "-134.15800", "2016-12-31": "-73.62600", "2015-12-31": "-83.26900", "2014-12-31": "-39.48500", "2013-12-31": "-11.31500", "2012-12-31": "-2.08700", "2011-12-31": "-2.33500", "2010-12-31": "-0.06200"}, "Pre-Tax Income": {"2019-12-31": "390.13900", "2018-12-31": "423.54400", "2017-12-31": "-95.41800", "2016-12-31": "-440.83400", "2015-12-31": "-533.30500", "2014-12-31": "-578.35100", "2013-12-31": "-647.14600", "2012-12-31": "-79.17000", "2011-12-31": "-129.74600", "2010-12-31": "-67.54100"}, "Income Taxes": {"2019-12-31": "-1075.52000", "2018-12-31": "-782.05200", "2017-12-31": "12.64500", "2016-12-31": "16.03900", "2015-12-31": "-12.27400", "2014-12-31": "-0.53100", "2013-12-31": "-1.82300", "2012-12-31": "0.22900", "2011-12-31": "-1.44400", "2010-12-31": "-0.21700"}, "Income After Taxes": {"2019-12-31": "1465.65900", "2018-12-31": "1205.59600", "2017-12-31": "-108.06300", "2016-12-31": "-456.87300", "2015-12-31": "-521.03100", "2014-12-31": "-577.82000", "2013-12-31": "-645.32300", "2012-12-31": "-79.39900", "2011-12-31": "-128.30200", "2010-12-31": "-67.32400"}, "Other Income": {"2019-12-31": "", "2018-12-31": "", "2017-12-31": "", "2016-12-31": "", "2015-12-31": "", "2014-12-31": "", "2013-12-31": "", "2012-12-31": "", "2011-12-31": "", "2010-12-31": ""}, "Income From Continuous Operations": {"2019-12-31": "1465.65900", "2018-12-31": "1205.59600", "2017-12-31": "-108.06300", "2016-12-31": "-456.87300", "2015-12-31": "-521.03100", "2014-12-31": "-577.82000", "2013-12-31": "-645.32300", "2012-12-31": "-79.39900", "2011-12-31": "-128.30200", "2010-12-31": "-67.32400"}, "Income From Discontinued Operations": {"2019-12-31": "", "2018-12-31": "", "2017-12-31": "", "2016-12-31": "", "2015-12-31": "", "2014-12-31": "", "2013-12-31": "", "2012-12-31": "", "2011-12-31": "", "2010-12-31": ""}, "Net Income": {"2019-12-31": "1465.65900", "2018-12-31": "1205.59600", "2017-12-31": "-108.06300", "2016-12-31": "-456.87300", "2015-12-31": "-521.03100", "2014-12-31": "-577.82000", "2013-12-31": "-645.32300", "2012-12-31": "-79.39900", "2011-12-31": "-164.11800", "2010-12-31": "-67.32400"}, "EBITDA": {"2019-12-31": "945.22000", "2018-12-31": "984.74870", "2017-12-31": "514.66800", "2016-12-31": "109.62400", "2015-12-31": "-68.02810", "2014-12-31": "-311.87810", "2013-12-31": "-524.93700", "2012-12-31": "-0.47500", "2011-12-31": "-100.48000", "2010-12-31": "-55.44200"}, "EBIT": {"2019-12-31": "366.37300", "2018-12-31": "453.32470", "2017-12-31": "38.74000", "2016-12-31": "-367.20800", "2015-12-31": "-450.03610", "2014-12-31": "-538.86610", "2013-12-31": "-635.83090", "2012-12-31": "-77.08300", "2011-12-31": "-127.41100", "2010-12-31": "-67.47900"}, "Basic Shares Outstanding": {"2019-12-31": "770.72900", "2018-12-31": "754.32600", "2017-12-31": "732.70200", "2016-12-31": "702.13500", "2015-12-31": "662.42400", "2014-12-31": "604.99000", "2013-12-31": "189.51000", "2012-12-31": "117.40100", "2011-12-31": "102.54400", "2010-12-31": "75.99200"}, "Shares Outstanding": {"2019-12-31": "785.53100", "2018-12-31": "772.68600", "2017-12-31": "732.70200", "2016-12-31": "702.13500", "2015-12-31": "662.42400", "2014-12-31": "604.99000", "2013-12-31": "189.51000", "2012-12-31": "117.40100", "2011-12-31": "102.54400", "2010-12-31": "75.99200"}, "Basic EPS": {"2019-12-31": "1.90000", "2018-12-31": "1.60000", "2017-12-31": "-0.15000", "2016-12-31": "-0.65000", "2015-12-31": "-0.79000", "2014-12-31": "-0.96000", "2013-12-31": "-3.41000", "2012-12-31": "-0.68000", "2011-12-31": "-1.60000", "2010-12-31": "-0.89000"}, "EPS - Earnings Per Share": {"2019-12-31": "1.87000", "2018-12-31": "1.56000", "2017-12-31": "-0.15000", "2016-12-31": "-0.65000", "2015-12-31": "-0.79000", "2014-12-31": "-0.96000", "2013-12-31": "-3.41000", "2012-12-31": "-0.68000", "2011-12-31": "-1.60000", "2010-12-31": "-0.89000"}}, "income statement, quarterly": {"Revenue": {"2020-09-30": "936.23300", "2020-06-30": "683.43800", "2020-03-31": "807.63700", "2019-12-31": "1007.34100", "2019-09-30": "823.71700", "2019-06-30": "841.38100", "2019-03-31": "786.89000", "2018-12-31": "908.83580", "2018-09-30": "758.11100", "2018-06-30": "710.54100", "2018-03-31": "664.87100", "2017-12-31": "731.56010", "2017-09-30": "589.63300", "2017-06-30": "573.85500", "2017-03-31": "548.25100", "2016-12-31": "717.20580", "2016-09-30": "615.93400", "2016-06-30": "601.95800", "2016-03-31": "594.52100", "2015-12-31": "710.47290", "2015-09-30": "569.23700", "2015-06-30": "502.38300", "2015-03-31": "435.93900", "2014-12-31": "479.07790", "2014-09-30": "361.26600", "2014-06-30": "312.16600", "2014-03-31": "250.49200", "2013-12-31": "242.67500", "2013-09-30": "168.58000", "2013-06-30": "139.29200", "2013-03-31": "114.34300", "2012-12-31": "", "2012-09-30": "82.32700", "2012-06-30": "68.04600", "2011-12-31": "", "2010-12-31": ""}, "Cost Of Goods Sold": {"2020-09-30": "361.38800", "2020-06-30": "288.03900", "2020-03-31": "284.03700", "2019-12-31": "314.00810", "2019-09-30": "281.05700", "2019-06-30": "277.96500", "2019-03-31": "264.01100", "2018-12-31": "268.34500", "2018-09-30": "243.64400", "2018-06-30": "230.18500", "2018-03-31": "222.82300", "2017-12-31": "217.97900", "2017-09-30": "210.01600", "2017-06-30": "212.90800", "2017-03-31": "220.33900", "2016-12-31": "305.71000", "2016-09-30": "225.15900", "2016-06-30": "202.96600", "2016-03-31": "198.40500", "2015-12-31": "217.96300", "2015-09-30": "200.19500", "2015-06-30": "167.62300", "2015-03-31": "143.47500", "2014-12-31": "136.61300", "2014-09-30": "124.16600", "2014-06-30": "100.02700", "2014-03-31": "85.50300", "2013-12-31": "112.65100", "2013-09-30": "62.23900", "2013-06-30": "50.57300", "2013-03-31": "41.25500", "2012-12-31": "", "2012-09-30": "33.69300", "2012-06-30": "30.52800", "2011-12-31": "", "2010-12-31": ""}, "Gross Profit": {"2020-09-30": "574.84500", "2020-06-30": "395.39900", "2020-03-31": "523.60000", "2019-12-31": "693.33300", "2019-09-30": "542.66000", "2019-06-30": "563.41600", "2019-03-31": "522.87900", "2018-12-31": "640.49080", "2018-09-30": "514.46700", "2018-06-30": "480.35600", "2018-03-31": "442.04800", "2017-12-31": "513.58110", "2017-09-30": "379.61700", "2017-06-30": "360.94700", "2017-03-31": "327.91200", "2016-12-31": "411.49580", "2016-09-30": "390.77500", "2016-06-30": "398.99200", "2016-03-31": "396.11600", "2015-12-31": "492.50990", "2015-09-30": "369.04200", "2015-06-30": "334.76000", "2015-03-31": "292.46400", "2014-12-31": "342.46490", "2014-09-30": "237.10000", "2014-06-30": "212.13900", "2014-03-31": "164.98900", "2013-12-31": "130.02400", "2013-09-30": "106.34100", "2013-06-30": "88.71900", "2013-03-31": "73.08800", "2012-12-31": "", "2012-09-30": "48.63400", "2012-06-30": "37.51800", "2011-12-31": "", "2010-12-31": ""}, "Research And Development Expenses": {"2020-09-30": "208.87700", "2020-06-30": "215.80600", "2020-03-31": "200.38800", "2019-12-31": "198.24000", "2019-09-30": "178.55300", "2019-06-30": "159.24200", "2019-03-31": "146.24600", "2018-12-31": "141.17400", "2018-09-30": "150.76400", "2018-06-30": "138.57400", "2018-03-31": "123.34600", "2017-12-31": "133.99600", "2017-09-30": "136.11500", "2017-06-30": "143.17100", "2017-03-31": "128.72800", "2016-12-31": "202.12800", "2016-09-30": "177.04900", "2016-06-30": "178.51100", "2016-03-31": "155.79400", "2015-12-31": "210.05800", "2015-09-30": "207.93700", "2015-06-30": "198.90700", "2015-03-31": "189.74600", "2014-12-31": "181.71500", "2014-09-30": "183.34200", "2014-06-30": "177.09500", "2014-03-31": "149.39100", "2013-12-31": "394.84800", "2013-09-30": "87.30700", "2013-06-30": "64.26300", "2013-03-31": "47.57400", "2012-12-31": "", "2012-09-30": "32.31900", "2012-06-30": "27.36900", "2011-12-31": "", "2010-12-31": ""}, "SG&A Expenses": {"2020-09-30": "309.86100", "2020-06-30": "453.52300", "2020-03-31": "330.65500", "2019-12-31": "342.20900", "2019-09-30": "319.96200", "2019-06-30": "328.48800", "2019-03-31": "282.97500", "2018-12-31": "292.40910", "2018-09-30": "271.83500", "2018-06-30": "262.15800", "2018-03-31": "243.77700", "2017-12-31": "269.48700", "2017-09-30": "236.22300", "2017-06-30": "256.13500", "2017-03-31": "239.46200", "2016-12-31": "352.99500", "2016-09-30": "291.81500", "2016-06-30": "306.85700", "2016-03-31": "299.43800", "2015-12-31": "349.63100", "2015-09-30": "266.34200", "2015-06-30": "266.85700", "2015-03-31": "249.33400", "2014-12-31": "258.90300", "2014-09-30": "215.18900", "2014-06-30": "184.95500", "2014-03-31": "144.96900", "2013-12-31": "244.85200", "2013-09-30": "82.36600", "2013-06-30": "63.37200", "2013-03-31": "49.42100", "2012-12-31": "", "2012-09-30": "37.61600", "2012-06-30": "37.02400", "2011-12-31": "", "2010-12-31": ""}, "Other Operating Income Or Expenses": {"2020-09-30": "", "2020-06-30": "", "2020-03-31": "", "2019-12-31": "", "2019-09-30": "", "2019-06-30": "", "2019-03-31": "", "2018-12-31": "", "2018-09-30": "", "2018-06-30": "", "2018-03-31": "", "2017-12-31": "", "2017-09-30": "", "2017-06-30": "", "2017-03-31": "", "2016-12-31": "", "2016-09-30": "", "2016-06-30": "", "2016-03-31": "", "2015-12-31": "", "2015-09-30": "", "2015-06-30": "", "2015-03-31": "", "2014-12-31": "", "2014-09-30": "", "2014-06-30": "", "2014-03-31": "", "2013-12-31": "", "2013-09-30": "", "2013-06-30": "", "2013-03-31": "", "2012-12-31": "", "2012-09-30": "", "2012-06-30": "", "2011-12-31": "", "2010-12-31": ""}, "Operating Expenses": {"2020-09-30": "880.12600", "2020-06-30": "957.36800", "2020-03-31": "815.08000", "2019-12-31": "854.45700", "2019-09-30": "779.57200", "2019-06-30": "765.69500", "2019-03-31": "693.23200", "2018-12-31": "701.92810", "2018-09-30": "666.24300", "2018-06-30": "630.91700", "2018-03-31": "589.94600", "2017-12-31": "621.46210", "2017-09-30": "582.35400", "2017-06-30": "612.21400", "2017-03-31": "588.52900", "2016-12-31": "860.83290", "2016-09-30": "694.02300", "2016-06-30": "688.33400", "2016-03-31": "653.63700", "2015-12-31": "777.65220", "2015-09-30": "674.47400", "2015-06-30": "633.38700", "2015-03-31": "582.55500", "2014-12-31": "577.23100", "2014-09-30": "522.69700", "2014-06-30": "462.07700", "2014-03-31": "379.86300", "2013-12-31": "752.35100", "2013-09-30": "231.91200", "2013-06-30": "178.20800", "2013-03-31": "138.25000", "2012-12-31": "", "2012-09-30": "103.62800", "2012-06-30": "94.92100", "2011-12-31": "", "2010-12-31": ""}, "Operating Income": {"2020-09-30": "56.10700", "2020-06-30": "-273.93010", "2020-03-31": "-7.44290", "2019-12-31": "152.88410", "2019-09-30": "44.14500", "2019-06-30": "75.68600", "2019-03-31": "93.65800", "2018-12-31": "206.90770", "2018-09-30": "91.86800", "2018-06-30": "79.62400", "2018-03-31": "74.92490", "2017-12-31": "110.09800", "2017-09-30": "7.27900", "2017-06-30": "-38.35900", "2017-03-31": "-40.27800", "2016-12-31": "-143.62710", "2016-09-30": "-78.08900", "2016-06-30": "-86.37600", "2016-03-31": "-59.11600", "2015-12-31": "-67.17930", "2015-09-30": "-105.23700", "2015-06-30": "-131.00400", "2015-03-31": "-146.61600", "2014-12-31": "-98.15300", "2014-09-30": "-161.43100", "2014-06-30": "-149.91100", "2014-03-31": "-129.37100", "2013-12-31": "-509.67600", "2013-09-30": "-63.33200", "2013-06-30": "-38.91600", "2013-03-31": "-23.90700", "2012-12-31": "", "2012-09-30": "-21.30100", "2012-06-30": "-26.87500", "2011-12-31": "", "2010-12-31": ""}, "Total Non-Operating Income/Expense": {"2020-09-30": "-26.42400", "2020-06-30": "-15.17600", "2020-03-31": "-8.09200", "2019-12-31": "5.21000", "2019-09-30": "3.61800", "2019-06-30": "12.09300", "2019-03-31": "2.84500", "2018-12-31": "-0.37100", "2018-09-30": "-4.61000", "2018-06-30": "-13.75700", "2018-03-31": "-11.04300", "2017-12-31": "-16.54500", "2017-09-30": "-24.81000", "2017-06-30": "-74.71600", "2017-03-31": "-18.08700", "2016-12-31": "-18.61900", "2016-09-30": "-18.22000", "2016-06-30": "-18.20000", "2016-03-31": "-18.58700", "2015-12-31": "-19.65200", "2015-09-30": "-23.29100", "2015-06-30": "-25.13200", "2015-03-31": "-15.19400", "2014-12-31": "-23.51200", "2014-09-30": "-13.87400", "2014-06-30": "-0.33000", "2014-03-31": "-1.76900", "2013-12-31": "-5.11200", "2013-09-30": "-0.90900", "2013-06-30": "-2.53200", "2013-03-31": "-2.76200", "2012-12-31": "", "2012-09-30": "0.17200", "2012-06-30": "-0.26600", "2011-12-31": "", "2010-12-31": ""}, "Pre-Tax Income": {"2020-09-30": "29.68300", "2020-06-30": "-289.10600", "2020-03-31": "-15.53500", "2019-12-31": "158.09400", "2019-09-30": "47.76300", "2019-06-30": "87.77900", "2019-03-31": "96.50300", "2018-12-31": "206.53700", "2018-09-30": "87.25800", "2018-06-30": "65.86700", "2018-03-31": "63.88200", "2017-12-31": "93.55300", "2017-09-30": "-17.53100", "2017-06-30": "-113.07500", "2017-03-31": "-58.36500", "2016-12-31": "-162.24600", "2016-09-30": "-96.30900", "2016-06-30": "-104.57600", "2016-03-31": "-77.70300", "2015-12-31": "-86.83100", "2015-09-30": "-128.52800", "2015-06-30": "-156.13600", "2015-03-31": "-161.81000", "2014-12-31": "-121.66500", "2014-09-30": "-175.30500", "2014-06-30": "-150.24100", "2014-03-31": "-131.14000", "2013-12-31": "-514.78800", "2013-09-30": "-64.24100", "2013-06-30": "-41.44800", "2013-03-31": "-26.66900", "2012-12-31": "", "2012-09-30": "-21.12900", "2012-06-30": "-27.14100", "2011-12-31": "", "2010-12-31": ""}, "Income Taxes": {"2020-09-30": "1.02400", "2020-06-30": "1088.89900", "2020-03-31": "-7.13900", "2019-12-31": "39.32100", "2019-09-30": "11.24100", "2019-06-30": "-1031.78100", "2019-03-31": "-94.30100", "2018-12-31": "-48.76600", "2018-09-30": "-701.92100", "2018-06-30": "-34.25000", "2018-03-31": "2.88500", "2017-12-31": "2.47400", "2017-09-30": "3.56400", "2017-06-30": "3.41300", "2017-03-31": "3.19400", "2016-12-31": "4.80800", "2016-09-30": "6.56200", "2016-06-30": "2.64100", "2016-03-31": "2.02800", "2015-12-31": "3.40500", "2015-09-30": "3.16200", "2015-06-30": "-19.47300", "2015-03-31": "0.63200", "2014-12-31": "3.68700", "2014-09-30": "0.15900", "2014-06-30": "-5.59900", "2014-03-31": "1.22200", "2013-12-31": "-3.31700", "2013-09-30": "0.36000", "2013-06-30": "0.77700", "2013-03-31": "0.35700", "2012-12-31": "", "2012-09-30": "0.46100", "2012-06-30": "0.44200", "2011-12-31": "", "2010-12-31": ""}, "Income After Taxes": {"2020-09-30": "28.65900", "2020-06-30": "-1378.00500", "2020-03-31": "-8.39600", "2019-12-31": "118.77300", "2019-09-30": "36.52200", "2019-06-30": "1119.56000", "2019-03-31": "190.80400", "2018-12-31": "255.30290", "2018-09-30": "789.17900", "2018-06-30": "100.11700", "2018-03-31": "60.99700", "2017-12-31": "91.07900", "2017-09-30": "-21.09500", "2017-06-30": "-116.48800", "2017-03-31": "-61.55900", "2016-12-31": "-167.05400", "2016-09-30": "-102.87100", "2016-06-30": "-107.21700", "2016-03-31": "-79.73100", "2015-12-31": "-90.23600", "2015-09-30": "-131.69000", "2015-06-30": "-136.66300", "2015-03-31": "-162.44200", "2014-12-31": "-125.35200", "2014-09-30": "-175.46400", "2014-06-30": "-144.64200", "2014-03-31": "-132.36200", "2013-12-31": "-511.47100", "2013-09-30": "-64.60100", "2013-06-30": "-42.22500", "2013-03-31": "-27.02600", "2012-12-31": "", "2012-09-30": "-21.59000", "2012-06-30": "-27.58300", "2011-12-31": "", "2010-12-31": ""}, "Other Income": {"2020-09-30": "", "2020-06-30": "", "2020-03-31": "", "2019-12-31": "", "2019-09-30": "", "2019-06-30": "", "2019-03-31": "", "2018-12-31": "", "2018-09-30": "", "2018-06-30": "", "2018-03-31": "", "2017-12-31": "", "2017-09-30": "", "2017-06-30": "", "2017-03-31": "", "2016-12-31": "", "2016-09-30": "", "2016-06-30": "", "2016-03-31": "", "2015-12-31": "", "2015-09-30": "", "2015-06-30": "", "2015-03-31": "", "2014-12-31": "", "2014-09-30": "", "2014-06-30": "", "2014-03-31": "", "2013-12-31": "", "2013-09-30": "", "2013-06-30": "", "2013-03-31": "", "2012-12-31": "", "2012-09-30": "", "2012-06-30": "", "2011-12-31": "", "2010-12-31": ""}, "Income From Continuous Operations": {"2020-09-30": "28.65900", "2020-06-30": "-1378.00500", "2020-03-31": "-8.39600", "2019-12-31": "118.77300", "2019-09-30": "36.52200", "2019-06-30": "1119.56000", "2019-03-31": "190.80400", "2018-12-31": "255.30290", "2018-09-30": "789.17900", "2018-06-30": "100.11700", "2018-03-31": "60.99700", "2017-12-31": "91.07900", "2017-09-30": "-21.09500", "2017-06-30": "-116.48800", "2017-03-31": "-61.55900", "2016-12-31": "-167.05400", "2016-09-30": "-102.87100", "2016-06-30": "-107.21700", "2016-03-31": "-79.73100", "2015-12-31": "-90.23600", "2015-09-30": "-131.69000", "2015-06-30": "-136.66300", "2015-03-31": "-162.44200", "2014-12-31": "-125.35200", "2014-09-30": "-175.46400", "2014-06-30": "-144.64200", "2014-03-31": "-132.36200", "2013-12-31": "-511.47100", "2013-09-30": "-64.60100", "2013-06-30": "-42.22500", "2013-03-31": "-27.02600", "2012-12-31": "", "2012-09-30": "-21.59000", "2012-06-30": "-27.58300", "2011-12-31": "", "2010-12-31": ""}, "Income From Discontinued Operations": {"2020-09-30": "", "2020-06-30": "", "2020-03-31": "", "2019-12-31": "", "2019-09-30": "", "2019-06-30": "", "2019-03-31": "", "2018-12-31": "", "2018-09-30": "", "2018-06-30": "", "2018-03-31": "", "2017-12-31": "", "2017-09-30": "", "2017-06-30": "", "2017-03-31": "", "2016-12-31": "", "2016-09-30": "", "2016-06-30": "", "2016-03-31": "", "2015-12-31": "", "2015-09-30": "", "2015-06-30": "", "2015-03-31": "", "2014-12-31": "", "2014-09-30": "", "2014-06-30": "", "2014-03-31": "", "2013-12-31": "", "2013-09-30": "", "2013-06-30": "", "2013-03-31": "", "2012-12-31": "", "2012-09-30": "", "2012-06-30": "", "2011-12-31": "", "2010-12-31": ""}, "Net Income": {"2020-09-30": "28.65900", "2020-06-30": "-1378.00500", "2020-03-31": "-8.39600", "2019-12-31": "118.77300", "2019-09-30": "36.52200", "2019-06-30": "1119.56000", "2019-03-31": "190.80400", "2018-12-31": "255.30290", "2018-09-30": "789.17900", "2018-06-30": "100.11700", "2018-03-31": "60.99700", "2017-12-31": "91.07900", "2017-09-30": "-21.09500", "2017-06-30": "-116.48800", "2017-03-31": "-61.55900", "2016-12-31": "-167.05400", "2016-09-30": "-102.87100", "2016-06-30": "-107.21700", "2016-03-31": "-79.73100", "2015-12-31": "-90.23600", "2015-09-30": "-131.69000", "2015-06-30": "-136.66300", "2015-03-31": "-162.44200", "2014-12-31": "-125.35200", "2014-09-30": "-175.46400", "2014-06-30": "-144.64200", "2014-03-31": "-132.36200", "2013-12-31": "-511.47100", "2013-09-30": "-64.60100", "2013-06-30": "-42.22500", "2013-03-31": "-27.02600", "2012-12-31": "", "2012-09-30": "-21.59000", "2012-06-30": "-27.58300", "2011-12-31": "", "2010-12-31": ""}, "EBITDA": {"2020-09-30": "204.76300", "2020-06-30": "-123.53710", "2020-03-31": "134.71010", "2019-12-31": "289.40410", "2019-09-30": "194.59500", "2019-06-30": "223.21200", "2019-03-31": "238.00900", "2018-12-31": "348.64770", "2018-09-30": "234.69300", "2018-06-30": "208.91500", "2018-03-31": "192.49290", "2017-12-31": "223.03500", "2017-09-30": "125.12600", "2017-06-30": "84.74500", "2017-03-31": "81.76200", "2016-12-31": "-5.16710", "2016-09-30": "41.43900", "2016-06-30": "25.47700", "2016-03-31": "47.87500", "2015-12-31": "38.31270", "2015-09-30": "-6.27800", "2015-06-30": "-37.94900", "2015-03-31": "-62.11400", "2014-12-31": "-19.31300", "2014-09-30": "-98.86500", "2014-06-30": "-104.28000", "2014-03-31": "-89.42000", "2013-12-31": "-478.57600", "2013-09-30": "-35.23000", "2013-06-30": "-11.60300", "2013-03-31": "0.47200", "2012-12-31": "", "2012-09-30": "-1.36900", "2012-06-30": "-26.87500", "2011-12-31": "", "2010-12-31": ""}, "EBIT": {"2020-09-30": "56.10700", "2020-06-30": "-273.93010", "2020-03-31": "-7.44290", "2019-12-31": "152.88410", "2019-09-30": "44.14500", "2019-06-30": "75.68600", "2019-03-31": "93.65800", "2018-12-31": "206.90780", "2018-09-30": "91.86800", "2018-06-30": "79.62400", "2018-03-31": "74.92490", "2017-12-31": "110.09800", "2017-09-30": "7.27900", "2017-06-30": "-38.35900", "2017-03-31": "-40.27800", "2016-12-31": "-143.62700", "2016-09-30": "-78.08900", "2016-06-30": "-86.37600", "2016-03-31": "-59.11600", "2015-12-31": "-67.17920", "2015-09-30": "-105.23700", "2015-06-30": "-131.00400", "2015-03-31": "-146.61600", "2014-12-31": "-98.15300", "2014-09-30": "-161.43100", "2014-06-30": "-149.91100", "2014-03-31": "-129.37100", "2013-12-31": "-509.67600", "2013-09-30": "-63.33200", "2013-06-30": "-38.91600", "2013-03-31": "-23.90700", "2012-12-31": "", "2012-09-30": "-21.30100", "2012-06-30": "-26.87500", "2011-12-31": "", "2010-12-31": ""}, "Basic Shares Outstanding": {"2020-09-30": "790.82700", "2020-06-30": "785.90900", "2020-03-31": "780.68800", "2019-12-31": "770.72900", "2019-09-30": "772.78900", "2019-06-30": "768.75500", "2019-03-31": "764.55000", "2018-12-31": "754.32600", "2018-09-30": "756.53700", "2018-06-30": "752.35100", "2018-03-31": "747.69700", "2017-12-31": "732.70200", "2017-09-30": "736.51500", "2017-06-30": "730.06900", "2017-03-31": "722.04800", "2016-12-31": "702.13500", "2016-09-30": "704.35900", "2016-06-30": "698.32600", "2016-03-31": "691.56400", "2015-12-31": "662.42400", "2015-09-30": "670.60400", "2015-06-30": "655.72100", "2015-03-31": "640.46400", "2014-12-31": "604.99000", "2014-09-30": "614.39500", "2014-06-30": "595.60700", "2014-03-31": "570.20500", "2013-12-31": "189.51000", "2013-09-30": "133.69900", "2013-06-30": "132.22400", "2013-03-31": "127.45600", "2012-12-31": "", "2012-09-30": "", "2012-06-30": "", "2011-12-31": "", "2010-12-31": ""}, "Shares Outstanding": {"2020-09-30": "806.38300", "2020-06-30": "785.90900", "2020-03-31": "780.68800", "2019-12-31": "785.53100", "2019-09-30": "790.52300", "2019-06-30": "785.05600", "2019-03-31": "777.68900", "2018-12-31": "772.68600", "2018-09-30": "776.00200", "2018-06-30": "772.55600", "2018-03-31": "765.86100", "2017-12-31": "732.70200", "2017-09-30": "736.51500", "2017-06-30": "730.06900", "2017-03-31": "722.04800", "2016-12-31": "702.13500", "2016-09-30": "704.35900", "2016-06-30": "698.32600", "2016-03-31": "691.56400", "2015-12-31": "662.42400", "2015-09-30": "670.60400", "2015-06-30": "655.72100", "2015-03-31": "640.46400", "2014-12-31": "604.99000", "2014-09-30": "614.39500", "2014-06-30": "595.60700", "2014-03-31": "570.20500", "2013-12-31": "189.51000", "2013-09-30": "133.69900", "2013-06-30": "132.22400", "2013-03-31": "127.45600", "2012-12-31": "", "2012-09-30": "", "2012-06-30": "", "2011-12-31": "", "2010-12-31": ""}, "Basic EPS": {"2020-09-30": "0.04000", "2020-06-30": "-1.75000", "2020-03-31": "-0.01000", "2019-12-31": "0.14000", "2019-09-30": "0.05000", "2019-06-30": "1.46000", "2019-03-31": "0.25000", "2018-12-31": "0.35000", "2018-09-30": "1.04000", "2018-06-30": "0.13000", "2018-03-31": "0.08000", "2017-12-31": "0.13000", "2017-09-30": "-0.03000", "2017-06-30": "-0.16000", "2017-03-31": "-0.09000", "2016-12-31": "-0.23000", "2016-09-30": "-0.15000", "2016-06-30": "-0.15000", "2016-03-31": "-0.12000", "2015-12-31": "-0.13000", "2015-09-30": "-0.20000", "2015-06-30": "-0.21000", "2015-03-31": "-0.25000", "2014-12-31": "-0.20000", "2014-09-30": "-0.29000", "2014-06-30": "-0.24000", "2014-03-31": "-0.23000", "2013-12-31": "-2.40000", "2013-09-30": "-0.48000", "2013-06-30": "-0.32000", "2013-03-31": "-0.21000", "2012-12-31": "", "2012-09-30": "", "2012-06-30": "", "2011-12-31": "", "2010-12-31": ""}, "EPS - Earnings Per Share": {"2020-09-30": "0.04000", "2020-06-30": "-1.75000", "2020-03-31": "-0.01000", "2019-12-31": "0.14000", "2019-09-30": "0.05000", "2019-06-30": "1.43000", "2019-03-31": "0.25000", "2018-12-31": "0.33000", "2018-09-30": "1.02000", "2018-06-30": "0.13000", "2018-03-31": "0.08000", "2017-12-31": "0.13000", "2017-09-30": "-0.03000", "2017-06-30": "-0.16000", "2017-03-31": "-0.09000", "2016-12-31": "-0.23000", "2016-09-30": "-0.15000", "2016-06-30": "-0.15000", "2016-03-31": "-0.12000", "2015-12-31": "-0.13000", "2015-09-30": "-0.20000", "2015-06-30": "-0.21000", "2015-03-31": "-0.25000", "2014-12-31": "-0.20000", "2014-09-30": "-0.29000", "2014-06-30": "-0.24000", "2014-03-31": "-0.23000", "2013-12-31": "-2.40000", "2013-09-30": "-0.48000", "2013-06-30": "-0.32000", "2013-03-31": "-0.21000", "2012-12-31": "0.00000", "2012-09-30": "0.00000", "2012-06-30": "0.00000", "2011-12-31": "0.00000", "2010-12-31": "0.00000"}}, "balance sheet": {"Cash On Hand": {"2019-12-31": "6639.05200", "2018-12-31": "6209.40100", "2017-12-31": "4403.10200", "2016-12-31": "3774.57900", "2015-12-31": "3495.34800", "2014-12-31": "3621.87800", "2013-12-31": "2234.05400", "2012-12-31": "424.85600", "2011-12-31": "549.53900", "2010-12-31": ""}, "Receivables": {"2019-12-31": "850.18400", "2018-12-31": "788.70000", "2017-12-31": "664.26800", "2016-12-31": "650.65000", "2015-12-31": "638.69400", "2014-12-31": "418.45400", "2013-12-31": "247.32800", "2012-12-31": "112.15500", "2011-12-31": "39.83400", "2010-12-31": ""}, "Inventory": {"2019-12-31": "", "2018-12-31": "", "2017-12-31": "", "2016-12-31": "", "2015-12-31": "", "2014-12-31": "", "2013-12-31": "", "2012-12-31": "", "2011-12-31": "", "2010-12-31": ""}, "Pre-Paid Expenses": {"2019-12-31": "130.83900", "2018-12-31": "112.93500", "2017-12-31": "254.51400", "2016-12-31": "226.96700", "2015-12-31": "247.75000", "2014-12-31": "215.52100", "2013-12-31": "93.29700", "2012-12-31": "17.45500", "2011-12-31": "6.69500", "2010-12-31": ""}, "Other Current Assets": {"2019-12-31": "", "2018-12-31": "", "2017-12-31": "", "2016-12-31": "", "2015-12-31": "", "2014-12-31": "", "2013-12-31": "", "2012-12-31": "", "2011-12-31": "", "2010-12-31": ""}, "Total Current Assets": {"2019-12-31": "7620.07500", "2018-12-31": "7111.03600", "2017-12-31": "5321.88400", "2016-12-31": "4652.19600", "2015-12-31": "4381.79200", "2014-12-31": "4255.85300", "2013-12-31": "2574.67900", "2012-12-31": "554.46600", "2011-12-31": "596.06800", "2010-12-31": ""}, "Property, Plant, And Equipment": {"2019-12-31": "1031.78100", "2018-12-31": "885.07800", "2017-12-31": "773.71500", "2016-12-31": "783.90100", "2015-12-31": "735.29900", "2014-12-31": "557.01900", "2013-12-31": "332.66200", "2012-12-31": "185.57400", "2011-12-31": "61.98300", "2010-12-31": ""}, "Long-Term Investments": {"2019-12-31": "", "2018-12-31": "", "2017-12-31": "", "2016-12-31": "", "2015-12-31": "", "2014-12-31": "", "2013-12-31": "", "2012-12-31": "", "2011-12-31": "", "2010-12-31": ""}, "Goodwill And Intangible Assets": {"2019-12-31": "1311.80500", "2018-12-31": "1272.29400", "2017-12-31": "1238.58900", "2016-12-31": "1280.64900", "2015-12-31": "1263.74300", "2014-12-31": "727.58100", "2013-12-31": "441.10400", "2012-12-31": "72.56600", "2011-12-31": "43.17900", "2010-12-31": ""}, "Other Long-Term Assets": {"2019-12-31": "134.54700", "2018-12-31": "85.70500", "2017-12-31": "67.83400", "2016-12-31": "153.61900", "2015-12-31": "61.60500", "2014-12-31": "42.62900", "2013-12-31": "17.79500", "2012-12-31": "18.96200", "2011-12-31": "19.44500", "2010-12-31": ""}, "Total Long-Term Assets": {"2019-12-31": "5083.31300", "2018-12-31": "3051.53600", "2017-12-31": "2090.59300", "2016-12-31": "2218.16900", "2015-12-31": "2060.64700", "2014-12-31": "1327.22900", "2013-12-31": "791.56100", "2012-12-31": "277.10200", "2011-12-31": "124.60700", "2010-12-31": ""}, "Total Assets": {"2019-12-31": "12703.39000", "2018-12-31": "10162.57000", "2017-12-31": "7412.47700", "2016-12-31": "6870.36500", "2015-12-31": "6442.43900", "2014-12-31": "5583.08200", "2013-12-31": "3366.24000", "2012-12-31": "831.56800", "2011-12-31": "720.67500", "2010-12-31": "0.00000"}, "Total Current Liabilities": {"2019-12-31": "832.47600", "2018-12-31": "1516.31100", "2017-12-31": "583.27800", "2016-12-31": "584.02100", "2015-12-31": "506.03900", "2014-12-31": "393.79400", "2013-12-31": "225.43000", "2012-12-31": "109.87900", "2011-12-31": "47.74400", "2010-12-31": ""}, "Long Term Debt": {"2019-12-31": "2509.00500", "2018-12-31": "1755.31600", "2017-12-31": "1708.76800", "2016-12-31": "1605.80400", "2015-12-31": "1514.79000", "2014-12-31": "1494.97000", "2013-12-31": "110.52000", "2012-12-31": "65.73200", "2011-12-31": "21.10400", "2010-12-31": ""}, "Other Non-Current Liabilities": {"2019-12-31": "24.10700", "2018-12-31": "67.50200", "2017-12-31": "59.97300", "2016-12-31": "68.04900", "2015-12-31": "50.58500", "2014-12-31": "43.20900", "2013-12-31": "20.78400", "2012-12-31": "19.43700", "2011-12-31": "4.92600", "2010-12-31": ""}, "Total Long Term Liabilities": {"2019-12-31": "3166.52700", "2018-12-31": "1840.66700", "2017-12-31": "1781.98100", "2016-12-31": "1681.40900", "2015-12-31": "1568.35300", "2014-12-31": "1562.88500", "2013-12-31": "190.80400", "2012-12-31": "97.32500", "2011-12-31": "39.64700", "2010-12-31": ""}, "Total Liabilities": {"2019-12-31": "3999.00300", "2018-12-31": "3356.97800", "2017-12-31": "2365.25900", "2016-12-31": "2265.43000", "2015-12-31": "2074.39200", "2014-12-31": "1956.67900", "2013-12-31": "416.23400", "2012-12-31": "207.20400", "2011-12-31": "87.39100", "2010-12-31": "0.00000"}, "Common Stock Net": {"2019-12-31": "0.00400", "2018-12-31": "0.00400", "2017-12-31": "0.00400", "2016-12-31": "0.00400", "2015-12-31": "0.00300", "2014-12-31": "0.00300", "2013-12-31": "0.00300", "2012-12-31": "0.00100", "2011-12-31": "0.00100", "2010-12-31": ""}, "Retained Earnings (Accumulated Deficit)": {"2019-12-31": "11.58600", "2018-12-31": "-1454.07300", "2017-12-31": "-2671.72900", "2016-12-31": "-2550.35000", "2015-12-31": "-2093.47700", "2014-12-31": "-1572.44600", "2013-12-31": "-994.62600", "2012-12-31": "-349.30300", "2011-12-31": "-269.90400", "2010-12-31": ""}, "Comprehensive Income": {"2019-12-31": "-70.53400", "2018-12-31": "-65.31100", "2017-12-31": "-31.57900", "2016-12-31": "-69.25300", "2015-12-31": "-45.56600", "2014-12-31": "-10.02400", "2013-12-31": "-0.32300", "2012-12-31": "-0.65700", "2011-12-31": "-0.03200", "2010-12-31": ""}, "Other Share Holders Equity": {"2019-12-31": "", "2018-12-31": "", "2017-12-31": "", "2016-12-31": "", "2015-12-31": "", "2014-12-31": "", "2013-12-31": "", "2012-12-31": "", "2011-12-31": "", "2010-12-31": ""}, "Share Holder Equity": {"2019-12-31": "8704.38600", "2018-12-31": "6805.59400", "2017-12-31": "5047.21800", "2016-12-31": "4604.93500", "2015-12-31": "4368.04700", "2014-12-31": "3626.40300", "2013-12-31": "2950.00600", "2012-12-31": "624.36400", "2011-12-31": "633.28400", "2010-12-31": "0.00000"}, "Total Liabilities And Share Holders Equity": {"2019-12-31": "12703.39000", "2018-12-31": "10162.57000", "2017-12-31": "7412.47700", "2016-12-31": "6870.36500", "2015-12-31": "6442.43900", "2014-12-31": "5583.08200", "2013-12-31": "3366.24000", "2012-12-31": "831.56800", "2011-12-31": "720.67500", "2010-12-31": "224.47000"}}, "balance sheet, quarterly": {"Cash On Hand": {"2020-09-30": "7681.04700", "2020-06-30": "7766.01400", "2020-03-31": "7670.66400", "2019-12-31": "6639.05200", "2019-09-30": "5816.38400", "2019-06-30": "6686.53800", "2019-03-31": "6459.89200", "2018-12-31": "6209.40100", "2018-09-30": "5956.54300", "2018-06-30": "5661.11500", "2018-03-31": "4528.83100", "2017-12-31": "4403.10200", "2017-09-30": "4258.09600", "2017-06-30": "4079.91200", "2017-03-31": "3943.67700", "2016-12-31": "3774.57900", "2016-09-30": "3664.18300", "2016-06-30": "3588.15800", "2016-03-31": "3576.41000", "2015-12-31": "3495.34800", "2015-09-30": "3489.19400", "2015-06-30": "3560.57000", "2015-03-31": "3557.20800", "2014-12-31": "3621.87800", "2014-09-30": "3647.68200", "2014-06-30": "2097.03100", "2014-03-31": "2176.59500", "2013-12-31": "2234.05400", "2013-09-30": "321.07500", "2013-06-30": "375.05800", "2013-03-31": "", "2012-12-31": "", "2012-09-30": "", "2012-06-30": "", "2011-12-31": "549.53000", "2010-12-31": ""}, "Receivables": {"2020-09-30": "747.54800", "2020-06-30": "600.77700", "2020-03-31": "656.37700", "2019-12-31": "850.18400", "2019-09-30": "684.18600", "2019-06-30": "719.90400", "2019-03-31": "684.22000", "2018-12-31": "788.70000", "2018-09-30": "621.94300", "2018-06-30": "614.94400", "2018-03-31": "611.84000", "2017-12-31": "664.26800", "2017-09-30": "509.85400", "2017-06-30": "524.06400", "2017-03-31": "501.15300", "2016-12-31": "650.65000", "2016-09-30": "590.10800", "2016-06-30": "556.78100", "2016-03-31": "576.80000", "2015-12-31": "638.69400", "2015-09-30": "536.78800", "2015-06-30": "475.20400", "2015-03-31": "415.47900", "2014-12-31": "418.45400", "2014-09-30": "324.73100", "2014-06-30": "287.08200", "2014-03-31": "237.86000", "2013-12-31": "247.32800", "2013-09-30": "147.54200", "2013-06-30": "123.70900", "2013-03-31": "", "2012-12-31": "", "2012-09-30": "", "2012-06-30": "", "2011-12-31": "39.83000", "2010-12-31": ""}, "Inventory": {"2020-09-30": "", "2020-06-30": "", "2020-03-31": "", "2019-12-31": "", "2019-09-30": "", "2019-06-30": "", "2019-03-31": "", "2018-12-31": "", "2018-09-30": "", "2018-06-30": "", "2018-03-31": "", "2017-12-31": "", "2017-09-30": "", "2017-06-30": "", "2017-03-31": "", "2016-12-31": "", "2016-09-30": "", "2016-06-30": "", "2016-03-31": "", "2015-12-31": "", "2015-09-30": "", "2015-06-30": "", "2015-03-31": "", "2014-12-31": "", "2014-09-30": "", "2014-06-30": "", "2014-03-31": "", "2013-12-31": "", "2013-09-30": "", "2013-06-30": "", "2013-03-31": "", "2012-12-31": "", "2012-09-30": "", "2012-06-30": "", "2011-12-31": "", "2010-12-31": ""}, "Pre-Paid Expenses": {"2020-09-30": "160.98400", "2020-06-30": "128.49600", "2020-03-31": "140.53800", "2019-12-31": "130.83900", "2019-09-30": "123.88100", "2019-06-30": "106.34100", "2019-03-31": "111.67300", "2018-12-31": "112.93500", "2018-09-30": "141.27400", "2018-06-30": "264.44500", "2018-03-31": "268.56400", "2017-12-31": "254.51400", "2017-09-30": "234.47200", "2017-06-30": "236.12600", "2017-03-31": "250.50200", "2016-12-31": "226.96700", "2016-09-30": "224.12200", "2016-06-30": "237.10000", "2016-03-31": "235.69900", "2015-12-31": "247.75000", "2015-09-30": "237.57700", "2015-06-30": "234.65300", "2015-03-31": "221.40400", "2014-12-31": "215.52100", "2014-09-30": "201.47200", "2014-06-30": "79.77300", "2014-03-31": "90.92500", "2013-12-31": "93.29700", "2013-09-30": "29.54800", "2013-06-30": "23.95300", "2013-03-31": "", "2012-12-31": "", "2012-09-30": "", "2012-06-30": "", "2011-12-31": "", "2010-12-31": ""}, "Other Current Assets": {"2020-09-30": "", "2020-06-30": "", "2020-03-31": "", "2019-12-31": "", "2019-09-30": "", "2019-06-30": "", "2019-03-31": "", "2018-12-31": "", "2018-09-30": "", "2018-06-30": "", "2018-03-31": "", "2017-12-31": "", "2017-09-30": "", "2017-06-30": "", "2017-03-31": "", "2016-12-31": "", "2016-09-30": "", "2016-06-30": "", "2016-03-31": "", "2015-12-31": "", "2015-09-30": "", "2015-06-30": "", "2015-03-31": "", "2014-12-31": "", "2014-09-30": "", "2014-06-30": "", "2014-03-31": "", "2013-12-31": "", "2013-09-30": "", "2013-06-30": "", "2013-03-31": "", "2012-12-31": "", "2012-09-30": "", "2012-06-30": "", "2011-12-31": "6.69000", "2010-12-31": ""}, "Total Current Assets": {"2020-09-30": "8589.57900", "2020-06-30": "8495.28700", "2020-03-31": "8467.57900", "2019-12-31": "7620.07500", "2019-09-30": "6624.45100", "2019-06-30": "7512.78300", "2019-03-31": "7255.78500", "2018-12-31": "7111.03600", "2018-09-30": "6719.76000", "2018-06-30": "6540.50400", "2018-03-31": "5409.23500", "2017-12-31": "5321.88400", "2017-09-30": "5002.42200", "2017-06-30": "4840.10200", "2017-03-31": "4695.33200", "2016-12-31": "4652.19600", "2016-09-30": "4478.41300", "2016-06-30": "4382.03900", "2016-03-31": "4388.90900", "2015-12-31": "4381.79200", "2015-09-30": "4263.55900", "2015-06-30": "4270.42700", "2015-03-31": "4194.09100", "2014-12-31": "4255.85300", "2014-09-30": "4173.88500", "2014-06-30": "2463.88600", "2014-03-31": "2505.38000", "2013-12-31": "2574.67900", "2013-09-30": "498.16500", "2013-06-30": "522.72000", "2013-03-31": "", "2012-12-31": "", "2012-09-30": "", "2012-06-30": "", "2011-12-31": "596.06000", "2010-12-31": ""}, "Property, Plant, And Equipment": {"2020-09-30": "1392.72000", "2020-06-30": "1142.60100", "2020-03-31": "1081.37100", "2019-12-31": "1031.78100", "2019-09-30": "994.26600", "2019-06-30": "982.51300", "2019-03-31": "913.09600", "2018-12-31": "885.07800", "2018-09-30": "904.02700", "2018-06-30": "914.79500", "2018-03-31": "801.91200", "2017-12-31": "773.71500", "2017-09-30": "753.31700", "2017-06-30": "781.27200", "2017-03-31": "782.42100", "2016-12-31": "783.90100", "2016-09-30": "803.30500", "2016-06-30": "758.83700", "2016-03-31": "746.71300", "2015-12-31": "735.29900", "2015-09-30": "699.50200", "2015-06-30": "651.01700", "2015-03-31": "599.75100", "2014-12-31": "557.01900", "2014-09-30": "503.95800", "2014-06-30": "467.63400", "2014-03-31": "383.27200", "2013-12-31": "332.66200", "2013-09-30": "284.02400", "2013-06-30": "242.55300", "2013-03-31": "", "2012-12-31": "", "2012-09-30": "", "2012-06-30": "", "2011-12-31": "84.53000", "2010-12-31": ""}, "Long-Term Investments": {"2020-09-30": "", "2020-06-30": "", "2020-03-31": "", "2019-12-31": "", "2019-09-30": "", "2019-06-30": "", "2019-03-31": "", "2018-12-31": "", "2018-09-30": "", "2018-06-30": "", "2018-03-31": "", "2017-12-31": "", "2017-09-30": "", "2017-06-30": "", "2017-03-31": "", "2016-12-31": "", "2016-09-30": "", "2016-06-30": "", "2016-03-31": "", "2015-12-31": "", "2015-09-30": "", "2015-06-30": "", "2015-03-31": "", "2014-12-31": "", "2014-09-30": "", "2014-06-30": "", "2014-03-31": "", "2013-12-31": "", "2013-09-30": "", "2013-06-30": "", "2013-03-31": "", "2012-12-31": "", "2012-09-30": "", "2012-06-30": "", "2011-12-31": "", "2010-12-31": ""}, "Goodwill And Intangible Assets": {"2020-09-30": "1348.07000", "2020-06-30": "1348.67200", "2020-03-31": "1334.19800", "2019-12-31": "1311.80500", "2019-09-30": "1290.38700", "2019-06-30": "1297.60500", "2019-03-31": "1268.88300", "2018-12-31": "1272.29400", "2018-09-30": "1272.74900", "2018-06-30": "1278.18300", "2018-03-31": "1235.72600", "2017-12-31": "1238.58900", "2017-09-30": "1242.44000", "2017-06-30": "1251.48000", "2017-03-31": "1263.07800", "2016-12-31": "1280.64900", "2016-09-30": "1296.38400", "2016-06-30": "1314.07300", "2016-03-31": "1250.80700", "2015-12-31": "1263.74300", "2015-09-30": "1270.40700", "2015-06-30": "1258.54500", "2015-03-31": "802.01600", "2014-12-31": "727.58100", "2014-09-30": "737.98400", "2014-06-30": "620.09800", "2014-03-31": "434.92800", "2013-12-31": "441.10400", "2013-09-30": "183.12700", "2013-06-30": "178.15400", "2013-03-31": "0.00000", "2012-12-31": "", "2012-09-30": "0.00000", "2012-06-30": "0.00000", "2011-12-31": "43.17000", "2010-12-31": ""}, "Other Long-Term Assets": {"2020-09-30": "137.84800", "2020-06-30": "134.53500", "2020-03-31": "134.75700", "2019-12-31": "134.54700", "2019-09-30": "132.05800", "2019-06-30": "79.04300", "2019-03-31": "81.33800", "2018-12-31": "85.70500", "2018-09-30": "83.94800", "2018-06-30": "127.74800", "2018-03-31": "92.56800", "2017-12-31": "67.83400", "2017-09-30": "77.61000", "2017-06-30": "90.24400", "2017-03-31": "151.91100", "2016-12-31": "153.61900", "2016-09-30": "164.84400", "2016-06-30": "161.86500", "2016-03-31": "89.73900", "2015-12-31": "61.60500", "2015-09-30": "55.59600", "2015-06-30": "50.34500", "2015-03-31": "47.55900", "2014-12-31": "42.62900", "2014-09-30": "32.82700", "2014-06-30": "33.19900", "2014-03-31": "32.62900", "2013-12-31": "17.79500", "2013-09-30": "27.48700", "2013-06-30": "20.63200", "2013-03-31": "", "2012-12-31": "", "2012-09-30": "", "2012-06-30": "", "2011-12-31": "19.44000", "2010-12-31": ""}, "Total Long-Term Assets": {"2020-09-30": "4499.21300", "2020-06-30": "4052.30000", "2020-03-31": "5073.14600", "2019-12-31": "5083.31300", "2019-09-30": "4976.47400", "2019-06-30": "5008.82400", "2019-03-31": "3889.44600", "2018-12-31": "3051.53600", "2018-09-30": "3026.43200", "2018-06-30": "2320.72600", "2018-03-31": "2130.20600", "2017-12-31": "2090.59300", "2017-09-30": "2073.36700", "2017-06-30": "2122.99600", "2017-03-31": "2197.41000", "2016-12-31": "2218.16900", "2016-09-30": "2264.53300", "2016-06-30": "2234.77500", "2016-03-31": "2087.25900", "2015-12-31": "2060.64700", "2015-09-30": "2025.50500", "2015-06-30": "1959.90700", "2015-03-31": "1449.32600", "2014-12-31": "1327.22900", "2014-09-30": "1274.76900", "2014-06-30": "1120.93100", "2014-03-31": "850.82900", "2013-12-31": "791.56100", "2013-09-30": "494.63800", "2013-06-30": "441.33900", "2013-03-31": "", "2012-12-31": "", "2012-09-30": "", "2012-06-30": "", "2011-12-31": "147.14000", "2010-12-31": ""}, "Total Assets": {"2020-09-30": "13088.79000", "2020-06-30": "12547.59000", "2020-03-31": "13540.72000", "2019-12-31": "12703.39000", "2019-09-30": "11600.92000", "2019-06-30": "12521.61000", "2019-03-31": "11145.23000", "2018-12-31": "10162.57000", "2018-09-30": "9746.19200", "2018-06-30": "8861.23000", "2018-03-31": "7539.44100", "2017-12-31": "7412.47700", "2017-09-30": "7075.78900", "2017-06-30": "6963.09800", "2017-03-31": "6892.74200", "2016-12-31": "6870.36500", "2016-09-30": "6742.94600", "2016-06-30": "6616.81400", "2016-03-31": "6476.16800", "2015-12-31": "6442.43900", "2015-09-30": "6289.06400", "2015-06-30": "6230.33400", "2015-03-31": "5643.41700", "2014-12-31": "5583.08200", "2014-09-30": "5448.65400", "2014-06-30": "3584.81700", "2014-03-31": "3356.20900", "2013-12-31": "3366.24000", "2013-09-30": "992.80300", "2013-06-30": "964.05900", "2013-03-31": "0.00000", "2012-12-31": "0.00000", "2012-09-30": "0.00000", "2012-06-30": "0.00000", "2011-12-31": "720.67000", "2010-12-31": "0.00000"}, "Total Current Liabilities": {"2020-09-30": "1935.10300", "2020-06-30": "841.10700", "2020-03-31": "710.02000", "2019-12-31": "832.47600", "2019-09-30": "762.62700", "2019-06-30": "1733.73800", "2019-03-31": "1621.67900", "2018-12-31": "1516.31100", "2018-09-30": "1457.64600", "2018-06-30": "594.41900", "2018-03-31": "528.65400", "2017-12-31": "583.27800", "2017-09-30": "481.20200", "2017-06-30": "494.57800", "2017-03-31": "488.99200", "2016-12-31": "584.02100", "2016-09-30": "470.59800", "2016-06-30": "449.63800", "2016-03-31": "422.76500", "2015-12-31": "506.03900", "2015-09-30": "427.77800", "2015-06-30": "424.84100", "2015-03-31": "394.29500", "2014-12-31": "393.79400", "2014-09-30": "442.47600", "2014-06-30": "370.37500", "2014-03-31": "261.25100", "2013-12-31": "225.43000", "2013-09-30": "166.16800", "2013-06-30": "139.90000", "2013-03-31": "", "2012-12-31": "", "2012-09-30": "", "2012-06-30": "", "2011-12-31": "47.74000", "2010-12-31": ""}, "Long Term Debt": {"2020-09-30": "2551.42700", "2020-06-30": "3427.35600", "2020-03-31": "3398.27800", "2019-12-31": "2508.80000", "2019-09-30": "1797.97100", "2019-06-30": "1780.66800", "2019-03-31": "1765.93800", "2018-12-31": "1755.31600", "2018-09-30": "1747.43600", "2018-06-30": "2614.12700", "2018-03-31": "1722.03400", "2017-12-31": "1708.76800", "2017-09-30": "1690.55400", "2017-06-30": "1665.87800", "2017-03-31": "1638.11000", "2016-12-31": "1605.80400", "2016-09-30": "1572.06200", "2016-06-30": "1539.69300", "2016-03-31": "1520.99100", "2015-12-31": "1514.79000", "2015-09-30": "1508.49300", "2015-06-30": "1498.27700", "2015-03-31": "1494.80600", "2014-12-31": "1494.97000", "2014-09-30": "1415.22500", "2014-06-30": "101.92900", "2014-03-31": "102.53400", "2013-12-31": "110.52000", "2013-09-30": "89.70000", "2013-06-30": "80.13100", "2013-03-31": "", "2012-12-31": "", "2012-09-30": "", "2012-06-30": "", "2011-12-31": "21.10000", "2010-12-31": ""}, "Other Non-Current Liabilities": {"2020-09-30": "34.31800", "2020-06-30": "34.02900", "2020-03-31": "28.56200", "2019-12-31": "24.31200", "2019-09-30": "23.38000", "2019-06-30": "24.78100", "2019-03-31": "19.63600", "2018-12-31": "67.50200", "2018-09-30": "67.80600", "2018-06-30": "64.70300", "2018-03-31": "62.78200", "2017-12-31": "59.97300", "2017-09-30": "62.76900", "2017-06-30": "64.49900", "2017-03-31": "66.91100", "2016-12-31": "68.04900", "2016-09-30": "62.76300", "2016-06-30": "62.86100", "2016-03-31": "51.07900", "2015-12-31": "50.58500", "2015-09-30": "45.67200", "2015-06-30": "44.26400", "2015-03-31": "41.14200", "2014-12-31": "43.20900", "2014-09-30": "36.49500", "2014-06-30": "33.99100", "2014-03-31": "26.00400", "2013-12-31": "20.78400", "2013-09-30": "30.90400", "2013-06-30": "23.71100", "2013-03-31": "", "2012-12-31": "", "2012-09-30": "", "2012-06-30": "", "2011-12-31": "18.54000", "2010-12-31": ""}, "Total Long Term Liabilities": {"2020-09-30": "3341.60100", "2020-06-30": "4048.42500", "2020-03-31": "4035.07800", "2019-12-31": "3166.52700", "2019-09-30": "2422.65600", "2019-06-30": "2443.05500", "2019-03-31": "2434.73300", "2018-12-31": "1840.66700", "2018-09-30": "1835.97400", "2018-06-30": "2695.90700", "2018-03-31": "1800.35100", "2017-12-31": "1781.98100", "2017-09-30": "1765.18100", "2017-06-30": "1739.62400", "2017-03-31": "1713.37400", "2016-12-31": "1681.40900", "2016-09-30": "1643.01600", "2016-06-30": "1610.32300", "2016-03-31": "1575.91700", "2015-12-31": "1568.35300", "2015-09-30": "1587.12300", "2015-06-30": "1574.30900", "2015-03-31": "1562.02500", "2014-12-31": "1562.88500", "2014-09-30": "1481.14000", "2014-06-30": "167.84900", "2014-03-31": "158.11200", "2013-12-31": "190.80400", "2013-09-30": "132.76000", "2013-06-30": "115.99800", "2013-03-31": "", "2012-12-31": "", "2012-09-30": "", "2012-06-30": "", "2011-12-31": "39.64000", "2010-12-31": ""}, "Total Liabilities": {"2020-09-30": "5276.70400", "2020-06-30": "4889.53200", "2020-03-31": "4745.09800", "2019-12-31": "3999.00300", "2019-09-30": "3185.28300", "2019-06-30": "4176.79300", "2019-03-31": "4056.41200", "2018-12-31": "3356.97800", "2018-09-30": "3293.62000", "2018-06-30": "3290.32600", "2018-03-31": "2329.00500", "2017-12-31": "2365.25900", "2017-09-30": "2246.38300", "2017-06-30": "2234.20200", "2017-03-31": "2202.36600", "2016-12-31": "2265.43000", "2016-09-30": "2113.61400", "2016-06-30": "2059.96100", "2016-03-31": "1998.68200", "2015-12-31": "2074.39200", "2015-09-30": "2014.90100", "2015-06-30": "1999.15000", "2015-03-31": "1956.32000", "2014-12-31": "1956.67900", "2014-09-30": "1923.61600", "2014-06-30": "538.22400", "2014-03-31": "419.36300", "2013-12-31": "416.23400", "2013-09-30": "298.92800", "2013-06-30": "255.89800", "2013-03-31": "0.00000", "2012-12-31": "", "2012-09-30": "0.00000", "2012-06-30": "0.00000", "2011-12-31": "87.39000", "2010-12-31": "0.00000"}, "Common Stock Net": {"2020-09-30": "0.00400", "2020-06-30": "0.00400", "2020-03-31": "0.00400", "2019-12-31": "0.00400", "2019-09-30": "0.00400", "2019-06-30": "0.00400", "2019-03-31": "0.00400", "2018-12-31": "0.00400", "2018-09-30": "0.00400", "2018-06-30": "0.00400", "2018-03-31": "0.00400", "2017-12-31": "0.00400", "2017-09-30": "0.00400", "2017-06-30": "0.00400", "2017-03-31": "0.00400", "2016-12-31": "0.00400", "2016-09-30": "0.00400", "2016-06-30": "0.00300", "2016-03-31": "0.00300", "2015-12-31": "0.00300", "2015-09-30": "0.00300", "2015-06-30": "0.00300", "2015-03-31": "0.00300", "2014-12-31": "0.00300", "2014-09-30": "0.00300", "2014-06-30": "0.00300", "2014-03-31": "0.00300", "2013-12-31": "0.00300", "2013-09-30": "0.00100", "2013-06-30": "0.00100", "2013-03-31": "0.00000", "2012-12-31": "", "2012-09-30": "0.00000", "2012-06-30": "0.00000", "2011-12-31": "0.00100", "2010-12-31": ""}, "Retained Earnings (Accumulated Deficit)": {"2020-09-30": "-1347.78500", "2020-06-30": "-1376.44400", "2020-03-31": "1.56100", "2019-12-31": "11.58600", "2019-09-30": "-107.18700", "2019-06-30": "-143.70900", "2019-03-31": "-1263.26900", "2018-12-31": "-1454.07300", "2018-09-30": "-1709.37600", "2018-06-30": "-2498.55500", "2018-03-31": "-2598.67200", "2017-12-31": "-2671.72900", "2017-09-30": "-2762.80800", "2017-06-30": "-2741.71300", "2017-03-31": "-2625.22500", "2016-12-31": "-2550.35000", "2016-09-30": "-2383.29600", "2016-06-30": "-2280.42500", "2016-03-31": "-2173.20800", "2015-12-31": "-2093.47700", "2015-09-30": "-2003.24100", "2015-06-30": "-1871.55100", "2015-03-31": "-1734.88800", "2014-12-31": "-1572.44600", "2014-09-30": "-1447.09400", "2014-06-30": "-1271.63000", "2014-03-31": "-1126.98800", "2013-12-31": "-994.62600", "2013-09-30": "-483.15500", "2013-06-30": "-418.55400", "2013-03-31": "", "2012-12-31": "", "2012-09-30": "", "2012-06-30": "", "2011-12-31": "-269.90000", "2010-12-31": ""}, "Comprehensive Income": {"2020-09-30": "-90.08700", "2020-06-30": "-93.00000", "2020-03-31": "-157.99700", "2019-12-31": "-70.53400", "2019-09-30": "-115.90900", "2019-06-30": "-46.94400", "2019-03-31": "-56.66500", "2018-12-31": "-65.31100", "2018-09-30": "-63.09300", "2018-06-30": "-56.43400", "2018-03-31": "-22.32500", "2017-12-31": "-31.57900", "2017-09-30": "-36.75600", "2017-06-30": "-46.82800", "2017-03-31": "-61.35900", "2016-12-31": "-69.25300", "2016-09-30": "-46.30900", "2016-06-30": "-44.50300", "2016-03-31": "-30.49000", "2015-12-31": "-45.56600", "2015-09-30": "-34.29600", "2015-06-30": "-32.83400", "2015-03-31": "-42.95600", "2014-12-31": "-10.02400", "2014-09-30": "-1.22000", "2014-06-30": "0.19900", "2014-03-31": "-0.29600", "2013-12-31": "-0.32300", "2013-09-30": "-0.34300", "2013-06-30": "-0.65300", "2013-03-31": "", "2012-12-31": "", "2012-09-30": "", "2012-06-30": "", "2011-12-31": "", "2010-12-31": ""}, "Other Share Holders Equity": {"2020-09-30": "", "2020-06-30": "", "2020-03-31": "", "2019-12-31": "", "2019-09-30": "", "2019-06-30": "", "2019-03-31": "", "2018-12-31": "", "2018-09-30": "", "2018-06-30": "", "2018-03-31": "", "2017-12-31": "", "2017-09-30": "", "2017-06-30": "", "2017-03-31": "", "2016-12-31": "", "2016-09-30": "", "2016-06-30": "", "2016-03-31": "", "2015-12-31": "", "2015-09-30": "", "2015-06-30": "", "2015-03-31": "", "2014-12-31": "", "2014-09-30": "", "2014-06-30": "", "2014-03-31": "", "2013-12-31": "", "2013-09-30": "", "2013-06-30": "", "2013-03-31": "0.00000", "2012-12-31": "", "2012-09-30": "0.00000", "2012-06-30": "0.00000", "2011-12-31": "-0.03000", "2010-12-31": ""}, "Share Holder Equity": {"2020-09-30": "7812.08800", "2020-06-30": "7658.05500", "2020-03-31": "8795.62700", "2019-12-31": "8704.38600", "2019-09-30": "8415.64200", "2019-06-30": "8344.81400", "2019-03-31": "7088.81900", "2018-12-31": "6805.59400", "2018-09-30": "6452.57200", "2018-06-30": "5570.90400", "2018-03-31": "5210.43600", "2017-12-31": "5047.21800", "2017-09-30": "4829.40600", "2017-06-30": "4728.89600", "2017-03-31": "4690.37600", "2016-12-31": "4604.93500", "2016-09-30": "4629.33200", "2016-06-30": "4556.85300", "2016-03-31": "4477.48600", "2015-12-31": "4368.04700", "2015-09-30": "4274.16300", "2015-06-30": "4231.18400", "2015-03-31": "3687.09700", "2014-12-31": "3626.40300", "2014-09-30": "3525.03800", "2014-06-30": "3046.59300", "2014-03-31": "2936.84600", "2013-12-31": "2950.00600", "2013-09-30": "693.87500", "2013-06-30": "708.16100", "2013-03-31": "0.00000", "2012-12-31": "", "2012-09-30": "0.00000", "2012-06-30": "0.00000", "2011-12-31": "633.28000", "2010-12-31": "0.00000"}, "Total Liabilities And Share Holders Equity": {"2020-09-30": "13088.79000", "2020-06-30": "12547.59000", "2020-03-31": "13540.72000", "2019-12-31": "12703.39000", "2019-09-30": "11600.92000", "2019-06-30": "12521.61000", "2019-03-31": "11145.23000", "2018-12-31": "10162.57000", "2018-09-30": "9746.19200", "2018-06-30": "8861.23000", "2018-03-31": "7539.44100", "2017-12-31": "7412.47700", "2017-09-30": "7075.78900", "2017-06-30": "6963.09800", "2017-03-31": "6892.74200", "2016-12-31": "6870.36500", "2016-09-30": "6742.94600", "2016-06-30": "6616.81400", "2016-03-31": "6476.16800", "2015-12-31": "6442.43900", "2015-09-30": "6289.06400", "2015-06-30": "6230.33400", "2015-03-31": "5643.41700", "2014-12-31": "5583.08200", "2014-09-30": "5448.65400", "2014-06-30": "3584.81700", "2014-03-31": "3356.20900", "2013-12-31": "3366.24000", "2013-09-30": "992.80300", "2013-06-30": "964.05900", "2013-03-31": "0.00000", "2012-12-31": "", "2012-09-30": "0.00000", "2012-06-30": "0.00000", "2011-12-31": "720.67000", "2010-12-31": "224.47000"}}, "cash flow statement": {"Net Income/Loss": {"2019-12-31": "1465.65900", "2018-12-31": "1205.59600", "2017-12-31": "-108.06300", "2016-12-31": "-456.87300", "2015-12-31": "-521.03100", "2014-12-31": "-577.82000", "2013-12-31": "-645.32300", "2012-12-31": "-79.39900", "2011-12-31": "-128.30200", "2010-12-31": "-67.32400"}, "Total Depreciation And Amortization - Cash Flow": {"2019-12-31": "578.84700", "2018-12-31": "531.42400", "2017-12-31": "475.92800", "2016-12-31": "476.83200", "2015-12-31": "382.00800", "2014-12-31": "226.98800", "2013-12-31": "110.89400", "2012-12-31": "76.60800", "2011-12-31": "26.93100", "2010-12-31": "12.03700"}, "Other Non-Cash Items": {"2019-12-31": "-759.84200", "2018-12-31": "-486.63100", "2017-12-31": "495.58300", "2016-12-31": "660.49990", "2015-12-31": "658.00200", "2014-12-31": "634.60300", "2013-12-31": "597.18300", "2012-12-31": "28.20200", "2011-12-31": "59.96000", "2010-12-31": "5.71100"}, "Total Non-Cash Items": {"2019-12-31": "-180.99500", "2018-12-31": "44.79300", "2017-12-31": "971.51100", "2016-12-31": "1137.33200", "2015-12-31": "1040.01000", "2014-12-31": "861.59090", "2013-12-31": "708.07700", "2012-12-31": "104.81000", "2011-12-31": "86.89100", "2010-12-31": "17.74800"}, "Change In Accounts Receivable": {"2019-12-31": "-67.00000", "2018-12-31": "-130.87100", "2017-12-31": "2.66800", "2016-12-31": "-22.96900", "2015-12-31": "-216.58500", "2014-12-31": "-177.58300", "2013-12-31": "-112.06000", "2012-12-31": "-73.89800", "2011-12-31": "-33.02300", "2010-12-31": "-4.83800"}, "Change In Inventories": {"2019-12-31": "", "2018-12-31": "", "2017-12-31": "", "2016-12-31": "", "2015-12-31": "", "2014-12-31": "", "2013-12-31": "", "2012-12-31": "", "2011-12-31": "", "2010-12-31": ""}, "Change In Accounts Payable": {"2019-12-31": "2.94600", "2018-12-31": "-1.53300", "2017-12-31": "8.37100", "2016-12-31": "-7.11200", "2015-12-31": "76.35500", "2014-12-31": "18.05900", "2013-12-31": "7.95700", "2012-12-31": "2.93100", "2011-12-31": "-0.91800", "2010-12-31": "1.49700"}, "Change In Assets/Liabilities": {"2019-12-31": "-9.92700", "2018-12-31": "126.47000", "2017-12-31": "-13.97400", "2016-12-31": "7.10100", "2015-12-31": "-50.17000", "2014-12-31": "-165.39500", "2013-12-31": "-12.04500", "2012-12-31": "-6.69100", "2011-12-31": "-2.59700", "2010-12-31": "-1.99400"}, "Total Change In Assets/Liabilities": {"2019-12-31": "18.70000", "2018-12-31": "89.32200", "2017-12-31": "-32.23900", "2016-12-31": "82.59600", "2015-12-31": "-135.91300", "2014-12-31": "-201.97500", "2013-12-31": "-61.35600", "2012-12-31": "-53.34600", "2011-12-31": "-29.18600", "2010-12-31": "0.83900"}, "Cash Flow From Operating Activities": {"2019-12-31": "1303.36400", "2018-12-31": "1339.71100", "2017-12-31": "831.20900", "2016-12-31": "763.05500", "2015-12-31": "383.06600", "2014-12-31": "81.79600", "2013-12-31": "1.39800", "2012-12-31": "-27.93500", "2011-12-31": "-70.59700", "2010-12-31": "-48.73700"}, "Net Change In Property, Plant, And Equipment": {"2019-12-31": "-522.74900", "2018-12-31": "-470.86400", "2017-12-31": "-122.95900", "2016-12-31": "-218.65700", "2015-12-31": "-347.28000", "2014-12-31": "-201.63000", "2013-12-31": "-75.74400", "2012-12-31": "-50.59900", "2011-12-31": "-11.54600", "2010-12-31": "-5.69200"}, "Net Change In Intangible Assets": {"2019-12-31": "", "2018-12-31": "", "2017-12-31": "", "2016-12-31": "", "2015-12-31": "", "2014-12-31": "", "2013-12-31": "", "2012-12-31": "", "2011-12-31": "", "2010-12-31": ""}, "Net Acquisitions/Divestitures": {"2019-12-31": "-29.66400", "2018-12-31": "-33.57200", "2017-12-31": "", "2016-12-31": "-85.08200", "2015-12-31": "-51.64400", "2014-12-31": "-163.47700", "2013-12-31": "-8.07200", "2012-12-31": "-1.52600", "2011-12-31": "-18.90600", "2010-12-31": "-1.53100"}, "Net Change In Short-term Investments": {"2019-12-31": "-502.89790", "2018-12-31": "-1542.70200", "2017-12-31": "17.35910", "2016-12-31": "-206.82590", "2015-12-31": "-478.33000", "2014-12-31": "-719.42310", "2013-12-31": "-1175.40300", "2012-12-31": "104.71100", "2011-12-31": "-289.77800", "2010-12-31": "56.19700"}, "Net Change In Long-Term Investments": {"2019-12-31": "-51.16300", "2018-12-31": "-3.37500", "2017-12-31": "-0.82500", "2016-12-31": "-81.50200", "2015-12-31": "-10.50000", "2014-12-31": "", "2013-12-31": "", "2012-12-31": "", "2011-12-31": "", "2010-12-31": ""}, "Net Change In Investments - Total": {"2019-12-31": "-554.06090", "2018-12-31": "-1546.07700", "2017-12-31": "16.53410", "2016-12-31": "-288.32790", "2015-12-31": "-488.83000", "2014-12-31": "-719.42310", "2013-12-31": "-1175.40300", "2012-12-31": "104.71100", "2011-12-31": "-289.77800", "2010-12-31": "56.19700"}, "Investing Activities - Other": {"2019-12-31": "-9.50000", "2018-12-31": "-5.00000", "2017-12-31": "-10.10100", "2016-12-31": "-1.18100", "2015-12-31": "-14.66700", "2014-12-31": "-12.74200", "2013-12-31": "-46.84700", "2012-12-31": "-3.14300", "2011-12-31": "-4.64500", "2010-12-31": ""}, "Cash Flow From Investing Activities": {"2019-12-31": "-1115.97400", "2018-12-31": "-2055.51300", "2017-12-31": "-116.52600", "2016-12-31": "-593.24800", "2015-12-31": "-902.42100", "2014-12-31": "-1097.27200", "2013-12-31": "-1306.06600", "2012-12-31": "49.44300", "2011-12-31": "-324.87500", "2010-12-31": "48.97400"}, "Net Long-Term Debt": {"2019-12-31": "-301.67700", "2018-12-31": "791.69900", "2017-12-31": "-102.77500", "2016-12-31": "-100.55800", "2015-12-31": "-117.53500", "2014-12-31": "1349.88600", "2013-12-31": "-70.44500", "2012-12-31": "-39.43600", "2011-12-31": "-15.10300", "2010-12-31": "-1.61500"}, "Net Current Debt": {"2019-12-31": "", "2018-12-31": "", "2017-12-31": "", "2016-12-31": "", "2015-12-31": "", "2014-12-31": "", "2013-12-31": "", "2012-12-31": "", "2011-12-31": "", "2010-12-31": ""}, "Debt Issuance/Retirement Net - Total": {"2019-12-31": "-301.67700", "2018-12-31": "791.69900", "2017-12-31": "-102.77500", "2016-12-31": "-100.55800", "2015-12-31": "-117.53500", "2014-12-31": "1349.88600", "2013-12-31": "-70.44500", "2012-12-31": "-39.43600", "2011-12-31": "-15.10300", "2010-12-31": "-1.61500"}, "Net Common Equity Issued/Repurchased": {"2019-12-31": "43.16600", "2018-12-31": "32.70300", "2017-12-31": "33.36400", "2016-12-31": "32.18100", "2015-12-31": "56.65600", "2014-12-31": "360.33200", "2013-12-31": "2027.25800", "2012-12-31": "2.31200", "2011-12-31": "10.30700", "2010-12-31": "2.58000"}, "Net Total Equity Issued/Repurchased": {"2019-12-31": "43.16600", "2018-12-31": "32.70300", "2017-12-31": "33.36400", "2016-12-31": "32.18100", "2015-12-31": "56.65600", "2014-12-31": "360.33200", "2013-12-31": "2027.25800", "2012-12-31": "2.31200", "2011-12-31": "495.31300", "2010-12-31": "115.93000"}, "Total Common And Preferred Stock Dividends Paid": {"2019-12-31": "", "2018-12-31": "", "2017-12-31": "", "2016-12-31": "", "2015-12-31": "", "2014-12-31": "", "2013-12-31": "", "2012-12-31": "", "2011-12-31": "", "2010-12-31": ""}, "Financial Activities - Other": {"2019-12-31": "-27.66400", "2018-12-31": "153.71400", "2017-12-31": "-8.96200", "2016-12-31": "-15.59800", "2015-12-31": "-2.11900", "2014-12-31": "-18.49600", "2013-12-31": "-14.63700", "2012-12-31": "", "2011-12-31": "", "2010-12-31": ""}, "Cash Flow From Financial Activities": {"2019-12-31": "-286.17500", "2018-12-31": "978.11600", "2017-12-31": "-78.37300", "2016-12-31": "-83.97500", "2015-12-31": "-62.99800", "2014-12-31": "1691.72200", "2013-12-31": "1942.17600", "2012-12-31": "-37.12400", "2011-12-31": "480.21000", "2010-12-31": "114.31500"}, "Net Cash Flow": {"2019-12-31": "-94.20900", "2018-12-31": "248.01800", "2017-12-31": "646.22400", "2016-12-31": "82.07800", "2015-12-31": "-599.25300", "2014-12-31": "669.71400", "2013-12-31": "637.68200", "2012-12-31": "-15.66800", "2011-12-31": "84.74300", "2010-12-31": "114.55900"}, "Stock-Based Compensation": {"2019-12-31": "378.02500", "2018-12-31": "326.22800", "2017-12-31": "433.80600", "2016-12-31": "615.23300", "2015-12-31": "682.11800", "2014-12-31": "631.59700", "2013-12-31": "600.36700", "2012-12-31": "25.74100", "2011-12-31": "60.38400", "2010-12-31": "5.93100"}, "Common Stock Dividends Paid": {"2019-12-31": "", "2018-12-31": "", "2017-12-31": "", "2016-12-31": "", "2015-12-31": "", "2014-12-31": "", "2013-12-31": "", "2012-12-31": "", "2011-12-31": "", "2010-12-31": ""}}, "cash flow statement, quarterly": {"Net Income/Loss": {"2020-09-30": 28.659, "2020-06-30": -1378.005, "2020-03-31": "-8.39600", "2019-12-31": 118.773, "2019-09-30": 36.522, "2019-06-30": 1119.56, "2019-03-31": "190.80400", "2018-12-31": 255.303, "2018-09-30": 789.179, "2018-06-30": 100.117, "2018-03-31": "60.99700", "2017-12-31": 91.079, "2017-09-30": -21.095, "2017-06-30": -116.488, "2017-03-31": "-61.55900", "2016-12-31": -167.054, "2016-09-30": -102.871, "2016-06-30": -107.217, "2016-03-31": "-79.73100", "2015-12-31": -90.236, "2015-09-30": -131.69, "2015-06-30": -136.663, "2015-03-31": "-162.44200", "2014-12-31": -125.352, "2014-09-30": -175.464, "2014-06-30": -144.642, "2014-03-31": "-132.36200", "2013-12-31": -511.471, "2013-09-30": -64.601, "2013-06-30": -42.225, "2013-03-31": "-27.02600", "2012-12-31": -8.696, "2012-09-30": -21.59, "2012-06-30": 79.196, "2011-12-31": -60.98, "2010-12-31": -67.32}, "Total Depreciation And Amortization - Cash Flow": {"2020-09-30": 148.656, "2020-06-30": 150.393, "2020-03-31": "142.15300", "2019-12-31": 136.52, "2019-09-30": 150.45, "2019-06-30": 147.526, "2019-03-31": "144.35100", "2018-12-31": 141.74, "2018-09-30": 142.825, "2018-06-30": 129.291, "2018-03-31": "117.56800", "2017-12-31": 112.937, "2017-09-30": 117.847, "2017-06-30": 123.104, "2017-03-31": "122.04000", "2016-12-31": 138.46, "2016-09-30": 119.528, "2016-06-30": 111.853, "2016-03-31": "106.99100", "2015-12-31": 105.492, "2015-09-30": 98.959, "2015-06-30": 93.055, "2015-03-31": "84.50200", "2014-12-31": 78.84, "2014-09-30": 62.566, "2014-06-30": 45.631, "2014-03-31": "39.95100", "2013-12-31": 31.1, "2013-09-30": 28.102, "2013-06-30": 27.313, "2013-03-31": "24.37900", "2012-12-31": 22.693, "2012-09-30": 19.932, "2012-06-30": 7.045, "2011-12-31": 14.9, "2010-12-31": 12.03}, "Other Non-Cash Items": {"2020-09-30": 106.758, "2020-06-30": 1222.405, "2020-03-31": "104.52400", "2019-12-31": 114.013, "2019-09-30": 108.7831, "2019-06-30": -960.1461, "2019-03-31": "-22.49200", "2018-12-31": 20.232, "2018-09-30": -617.254, "2018-06-30": 37.443, "2018-03-31": "72.94800", "2017-12-31": 104.387, "2017-09-30": 110.07, "2017-06-30": 172.584, "2017-03-31": "108.54200", "2016-12-31": 171.6769, "2016-09-30": 162.326, "2016-06-30": 169.048, "2016-03-31": "157.44900", "2015-12-31": 152.666, "2015-09-30": 173.546, "2015-06-30": 154.546, "2015-03-31": "177.24400", "2014-12-31": 177.274, "2014-09-30": 178.184, "2014-06-30": 149.733, "2014-03-31": "129.41200", "2013-12-31": 517.181, "2013-09-30": 44.131, "2013-06-30": 22.593, "2013-03-31": "13.27800", "2012-12-31": -22.358, "2012-09-30": 4.904, "2012-06-30": 17.454, "2011-12-31": 0, "2010-12-31": 0}, "Total Non-Cash Items": {"2020-09-30": 255.414, "2020-06-30": 1372.798, "2020-03-31": "246.67700", "2019-12-31": 250.533, "2019-09-30": 259.2331, "2019-06-30": -812.6201, "2019-03-31": "121.85900", "2018-12-31": 161.972, "2018-09-30": -474.429, "2018-06-30": 166.734, "2018-03-31": "190.51600", "2017-12-31": 217.324, "2017-09-30": 227.917, "2017-06-30": 295.688, "2017-03-31": "230.58200", "2016-12-31": 310.137, "2016-09-30": 281.854, "2016-06-30": 280.901, "2016-03-31": "264.44000", "2015-12-31": 258.1579, "2015-09-30": 272.5051, "2015-06-30": 247.601, "2015-03-31": "261.74600", "2014-12-31": 256.1139, "2014-09-30": 240.75, "2014-06-30": 195.364, "2014-03-31": "169.36300", "2013-12-31": 548.281, "2013-09-30": 72.233, "2013-06-30": 49.906, "2013-03-31": "37.65700", "2012-12-31": 0.335, "2012-09-30": 24.836, "2012-06-30": 24.499, "2011-12-31": 14.9, "2010-12-31": 12.03}, "Change In Accounts Receivable": {"2020-09-30": -136.469, "2020-06-30": 65.349, "2020-03-31": "168.93200", "2019-12-31": -160.932, "2019-09-30": 26.695, "2019-06-30": -36.396, "2019-03-31": "103.63300", "2018-12-31": -166.26, "2018-09-30": -11.579, "2018-06-30": -14.198, "2018-03-31": "61.16600", "2017-12-31": -152.93, "2017-09-30": 22.572, "2017-06-30": -20.322, "2017-03-31": "153.34800", "2016-12-31": -74.16, "2016-09-30": -35.022, "2016-06-30": 20.457, "2016-03-31": "65.75600", "2015-12-31": -111.099, "2015-09-30": -61.542, "2015-06-30": -39.785, "2015-03-31": "-4.15900", "2014-12-31": -99.75, "2014-09-30": -40.62, "2014-06-30": -46.074, "2014-03-31": "8.86100", "2013-12-31": -77.798, "2013-09-30": -22.913, "2013-06-30": -10.377, "2013-03-31": "-0.97200", "2012-12-31": 49.298, "2012-09-30": -13.732, "2012-06-30": -35.566, "2011-12-31": 0, "2010-12-31": 0}, "Change In Inventories": {"2020-09-30": 0, "2020-06-30": 0, "2020-03-31": "", "2019-12-31": 0, "2019-09-30": 0, "2019-06-30": 0, "2019-03-31": "", "2018-12-31": 0, "2018-09-30": 0, "2018-06-30": 0, "2018-03-31": "", "2017-12-31": 0, "2017-09-30": 0, "2017-06-30": 0, "2017-03-31": "", "2016-12-31": 0, "2016-09-30": 0, "2016-06-30": 0, "2016-03-31": "", "2015-12-31": 0, "2015-09-30": 0, "2015-06-30": 0, "2015-03-31": "", "2014-12-31": 0, "2014-09-30": 0, "2014-06-30": 0, "2014-03-31": "", "2013-12-31": 0, "2013-09-30": 0, "2013-06-30": 0, "2013-03-31": "", "2012-12-31": 0, "2012-09-30": 0, "2012-06-30": 0, "2011-12-31": 0, "2010-12-31": 0}, "Change In Accounts Payable": {"2020-09-30": 20.512, "2020-06-30": -11.754, "2020-03-31": "-14.48000", "2019-12-31": 15.545, "2019-09-30": -7.859, "2019-06-30": 8.139, "2019-03-31": "-12.87900", "2018-12-31": 21.057, "2018-09-30": -5.762, "2018-06-30": 10.12, "2018-03-31": "-26.94800", "2017-12-31": 22.829, "2017-09-30": -0.842, "2017-06-30": 23.334, "2017-03-31": "-36.95000", "2016-12-31": 19.179, "2016-09-30": 10.794, "2016-06-30": -0.052, "2016-03-31": "-37.03300", "2015-12-31": 85.866, "2015-09-30": 1.926, "2015-06-30": -9.723, "2015-03-31": "-1.71400", "2014-12-31": 12.761, "2014-09-30": 3.891, "2014-06-30": 1.71, "2014-03-31": "-0.30300", "2013-12-31": 16.249, "2013-09-30": -6.369, "2013-06-30": 2.497, "2013-03-31": "-4.42000", "2012-12-31": 0.814, "2012-09-30": -2.215, "2012-06-30": 1.401, "2011-12-31": 0, "2010-12-31": 0}, "Change In Assets/Liabilities": {"2020-09-30": -25.251, "2020-06-30": 8.885, "2020-03-31": "-6.79800", "2019-12-31": 0.957, "2019-09-30": -18.169, "2019-06-30": 11.012, "2019-03-31": "-3.72700", "2018-12-31": 23.236, "2018-09-30": 123.536, "2018-06-30": 2.59, "2018-03-31": "-22.89200", "2017-12-31": -18.327, "2017-09-30": 6.009, "2017-06-30": 22.344, "2017-03-31": "-24.00000", "2016-12-31": 4.77, "2016-09-30": 19.316, "2016-06-30": -4.166, "2016-03-31": "-12.81900", "2015-12-31": -37.486, "2015-09-30": -4.823, "2015-06-30": -5.221, "2015-03-31": "-2.64000", "2014-12-31": -24.685, "2014-09-30": -123.481, "2014-06-30": 13.186, "2014-03-31": "-30.41500", "2013-12-31": -9.635, "2013-09-30": 2.891, "2013-06-30": -1.577, "2013-03-31": "-3.72400", "2012-12-31": 10.183, "2012-09-30": -4.287, "2012-06-30": -5.896, "2011-12-31": 0, "2010-12-31": 0}, "Total Change In Assets/Liabilities": {"2020-09-30": -69.286, "2020-06-30": 206.223, "2020-03-31": "8.48600", "2019-12-31": -92.127, "2019-09-30": 39.764, "2019-06-30": 32.033, "2019-03-31": "39.03000", "2018-12-31": -85.276, "2018-09-30": 129.149, "2018-06-30": 54.289, "2018-03-31": "-8.84000", "2017-12-31": -110.296, "2017-09-30": 33.125, "2017-06-30": 10.507, "2017-03-31": "34.42500", "2016-12-31": 53.46, "2016-09-30": 10.209, "2016-06-30": 40.872, "2016-03-31": "-21.94500", "2015-12-31": -68.684, "2015-09-30": -39.147, "2015-06-30": -20.959, "2015-03-31": "-7.12300", "2014-12-31": -87.444, "2014-09-30": -151.188, "2014-06-30": 30.975, "2014-03-31": "5.68200", "2013-12-31": -39.678, "2013-09-30": -13.025, "2013-06-30": -0.637, "2013-03-31": "-8.01600", "2012-12-31": -14.472, "2012-09-30": -13.549, "2012-06-30": 3.861, "2011-12-31": -30.01, "2010-12-31": 0.83}, "Cash Flow From Operating Activities": {"2020-09-30": 214.787, "2020-06-30": 201.016, "2020-03-31": "246.76700", "2019-12-31": 277.179, "2019-09-30": 335.519, "2019-06-30": 338.973, "2019-03-31": "351.69300", "2018-12-31": 331.999, "2018-09-30": 443.899, "2018-06-30": 321.14, "2018-03-31": "242.67300", "2017-12-31": 198.107, "2017-09-30": 239.947, "2017-06-30": 189.707, "2017-03-31": "203.44800", "2016-12-31": 196.543, "2016-09-30": 189.192, "2016-06-30": 214.556, "2016-03-31": "162.76400", "2015-12-31": 99.238, "2015-09-30": 101.668, "2015-06-30": 89.979, "2015-03-31": "92.18100", "2014-12-31": 43.318, "2014-09-30": -85.902, "2014-06-30": 81.697, "2014-03-31": "42.68300", "2013-12-31": -2.868, "2013-09-30": -5.393, "2013-06-30": 7.044, "2013-03-31": "2.61500", "2012-12-31": 5.367, "2012-09-30": -10.303, "2012-06-30": 47.596, "2011-12-31": -21.86, "2010-12-31": -48.73}, "Net Change In Property, Plant, And Equipment": {"2020-09-30": -288.836, "2020-06-30": -162.134, "2020-03-31": "-121.04400", "2019-12-31": -137.966, "2019-09-30": -169.019, "2019-06-30": -134.694, "2019-03-31": "-81.07000", "2018-12-31": -69.078, "2018-09-30": -116.701, "2018-06-30": -193.757, "2018-03-31": "-91.32800", "2017-12-31": -40.159, "2017-09-30": -34.583, "2017-06-30": -43.336, "2017-03-31": "-4.88100", "2016-12-31": -48.105, "2016-09-30": -72.317, "2016-06-30": -39.087, "2016-03-31": "-59.14800", "2015-12-31": -80.464, "2015-09-30": -106.476, "2015-06-30": -92.605, "2015-03-31": "-67.73500", "2014-12-31": -68.791, "2014-09-30": -38.762, "2014-06-30": -44.457, "2014-03-31": "-49.62000", "2013-12-31": -29.116, "2013-09-30": -19.867, "2013-06-30": -15.139, "2013-03-31": "-11.62200", "2012-12-31": -10.502, "2012-09-30": -13.555, "2012-06-30": -14.993, "2011-12-31": -5.85, "2010-12-31": -5.69}, "Net Change In Intangible Assets": {"2020-09-30": 0, "2020-06-30": 0, "2020-03-31": "", "2019-12-31": 0, "2019-09-30": 0, "2019-06-30": 0, "2019-03-31": "", "2018-12-31": 0, "2018-09-30": 0, "2018-06-30": 0, "2018-03-31": "", "2017-12-31": 0, "2017-09-30": 0, "2017-06-30": 0, "2017-03-31": "", "2016-12-31": 0, "2016-09-30": 0, "2016-06-30": 0, "2016-03-31": "", "2015-12-31": 0, "2015-09-30": 0, "2015-06-30": 0, "2015-03-31": "", "2014-12-31": 0, "2014-09-30": 0, "2014-06-30": 0, "2014-03-31": "", "2013-12-31": 0, "2013-09-30": 0, "2013-06-30": 0, "2013-03-31": "", "2012-12-31": 0, "2012-09-30": 0, "2012-06-30": 0, "2011-12-31": 0, "2010-12-31": 0}, "Net Acquisitions/Divestitures": {"2020-09-30": 0, "2020-06-30": -19.505, "2020-03-31": "-14.78000", "2019-12-31": -9.362, "2019-09-30": 0, "2019-06-30": -20.302, "2019-03-31": "", "2018-12-31": 0, "2018-09-30": -1.068, "2018-06-30": -32.504, "2018-03-31": "", "2017-12-31": 0, "2017-09-30": 0, "2017-06-30": 0, "2017-03-31": "", "2016-12-31": -4.94, "2016-09-30": 0, "2016-06-30": -80.142, "2016-03-31": "", "2015-12-31": 0, "2015-09-30": -25.344, "2015-06-30": 2.627, "2015-03-31": "-28.92700", "2014-12-31": 0, "2014-09-30": -30.981, "2014-06-30": -132.496, "2014-03-31": "", "2013-12-31": 0, "2013-09-30": -5.75, "2013-06-30": -2.5, "2013-03-31": "0.17800", "2012-12-31": -1.819, "2012-09-30": -0.028, "2012-06-30": 19.227, "2011-12-31": -17.37, "2010-12-31": -1.53}, "Net Change In Short-term Investments": {"2020-09-30": -828.7401, "2020-06-30": -397.318, "2020-03-31": "614.35710", "2019-12-31": -887.4027, "2019-09-30": 544.1888, "2019-06-30": -270.2001, "2019-03-31": "110.51610", "2018-12-31": -280.948, "2018-09-30": -908.995, "2018-06-30": -186.445, "2018-03-31": "-166.31400", "2017-12-31": -95.1219, "2017-09-30": 120.022, "2017-06-30": -39.825, "2017-03-31": "32.28400", "2016-12-31": -136.3728, "2016-09-30": -14.1721, "2016-06-30": -92.087, "2016-03-31": "35.80600", "2015-12-31": 22.6022, "2015-09-30": 57.1669, "2015-06-30": -719.3421, "2015-03-31": "161.24300", "2014-12-31": -792.7581, "2014-09-30": -65.715, "2014-06-30": -35.671, "2014-03-31": "174.72100", "2013-12-31": -1228.761, "2013-09-30": 44.337, "2013-06-30": 73.598, "2013-03-31": "-64.57700", "2012-12-31": -76.215, "2012-09-30": 86.746, "2012-06-30": -10.531, "2011-12-31": 0, "2010-12-31": 0}, "Net Change In Long-Term Investments": {"2020-09-30": -3.839, "2020-06-30": 0, "2020-03-31": "", "2019-12-31": 0, "2019-09-30": -51.163, "2019-06-30": 0, "2019-03-31": "", "2018-12-31": -1.2, "2018-09-30": -2.175, "2018-06-30": 0, "2018-03-31": "", "2017-12-31": -0.825, "2017-09-30": 0, "2017-06-30": 0, "2017-03-31": "", "2016-12-31": 0, "2016-09-30": -3.5, "2016-06-30": -73.002, "2016-03-31": "-5.00000", "2015-12-31": 0, "2015-09-30": -5, "2015-06-30": -5.5, "2015-03-31": "", "2014-12-31": 1.7, "2014-09-30": -1.3, "2014-06-30": -0.4, "2014-03-31": "", "2013-12-31": 0, "2013-09-30": 0, "2013-06-30": 0, "2013-03-31": "", "2012-12-31": 0, "2012-09-30": 0, "2012-06-30": 0, "2011-12-31": 0, "2010-12-31": 0}, "Net Change In Investments - Total": {"2020-09-30": -832.5791, "2020-06-30": -397.318, "2020-03-31": "614.35710", "2019-12-31": -887.4027, "2019-09-30": 493.0258, "2019-06-30": -270.2001, "2019-03-31": "110.51610", "2018-12-31": -282.148, "2018-09-30": -911.17, "2018-06-30": -186.445, "2018-03-31": "-166.31400", "2017-12-31": -95.9469, "2017-09-30": 120.022, "2017-06-30": -39.825, "2017-03-31": "32.28400", "2016-12-31": -136.3729, "2016-09-30": -17.672, "2016-06-30": -165.089, "2016-03-31": "30.80600", "2015-12-31": 22.6022, "2015-09-30": 52.1669, "2015-06-30": -724.8421, "2015-03-31": "161.24300", "2014-12-31": -791.0581, "2014-09-30": -67.015, "2014-06-30": -36.071, "2014-03-31": "174.72100", "2013-12-31": -1228.761, "2013-09-30": 44.337, "2013-06-30": 73.598, "2013-03-31": "-64.57700", "2012-12-31": 28.495, "2012-09-30": 86.746, "2012-06-30": 279.239, "2011-12-31": -345.96, "2010-12-31": 56.19}, "Investing Activities - Other": {"2020-09-30": 1.339, "2020-06-30": 0, "2020-03-31": "-12.38900", "2019-12-31": -11.781, "2019-09-30": -9.087, "2019-06-30": 11.368, "2019-03-31": "", "2018-12-31": -5, "2018-09-30": 2.175, "2018-06-30": -0.825, "2018-03-31": "-1.35000", "2017-12-31": 0.826, "2017-09-30": -0.396, "2017-06-30": -0.525, "2017-03-31": "-10.00600", "2016-12-31": 6.606, "2016-09-30": -7.116, "2016-06-30": -0.595, "2016-03-31": "-0.07600", "2015-12-31": -9.897, "2015-09-30": 0.527, "2015-06-30": 0.065, "2015-03-31": "-5.36200", "2014-12-31": -1.713, "2014-09-30": 0.687, "2014-06-30": 0.422, "2014-03-31": "-12.13800", "2013-12-31": -39.306, "2013-09-30": -5.129, "2013-06-30": -1.287, "2013-03-31": "-1.12500", "2012-12-31": -1.111, "2012-09-30": -0.121, "2012-06-30": 2.732, "2011-12-31": -4.64, "2010-12-31": 0}, "Cash Flow From Investing Activities": {"2020-09-30": -1120.076, "2020-06-30": -578.957, "2020-03-31": "466.14400", "2019-12-31": -1046.512, "2019-09-30": 314.92, "2019-06-30": -413.828, "2019-03-31": "29.44600", "2018-12-31": -356.226, "2018-09-30": -1026.764, "2018-06-30": -413.531, "2018-03-31": "-258.99200", "2017-12-31": -135.28, "2017-09-30": 85.043, "2017-06-30": -83.686, "2017-03-31": "17.39700", "2016-12-31": -182.812, "2016-09-30": -97.105, "2016-06-30": -284.913, "2016-03-31": "-28.41800", "2015-12-31": -67.759, "2015-09-30": -79.126, "2015-06-30": -814.755, "2015-03-31": "59.21900", "2014-12-31": -861.562, "2014-09-30": -136.071, "2014-06-30": -212.602, "2014-03-31": "112.96300", "2013-12-31": -1297.183, "2013-09-30": 13.591, "2013-06-30": 54.672, "2013-03-31": "-77.14600", "2012-12-31": 15.043, "2012-09-30": 73.042, "2012-06-30": 286.225, "2011-12-31": -373.84, "2010-12-31": 48.97}, "Net Long-Term Debt": {"2020-09-30": -4.117, "2020-06-30": -6.49, "2020-03-31": "990.03400", "2019-12-31": 686.95, "2019-09-30": -950.694, "2019-06-30": -18.214, "2019-03-31": "-19.71900", "2018-12-31": -20.847, "2018-09-30": -22.222, "2018-06-30": 859.015, "2018-03-31": "-24.24700", "2017-12-31": -22.09, "2017-09-30": -25.535, "2017-06-30": -28.066, "2017-03-31": "-27.08400", "2016-12-31": -26.661, "2016-09-30": -25.157, "2016-06-30": -23.823, "2016-03-31": "-24.91700", "2015-12-31": -26.17, "2015-09-30": -28.431, "2015-06-30": -29.388, "2015-03-31": "-33.54600", "2014-12-31": 39.887, "2014-09-30": 1352.885, "2014-06-30": -21.365, "2014-03-31": "-21.52100", "2013-12-31": -21.203, "2013-09-30": -18.174, "2013-06-30": -16.41, "2013-03-31": "-14.65800", "2012-12-31": 26.592, "2012-09-30": -11.397, "2012-06-30": -15.195, "2011-12-31": 0, "2010-12-31": 0}, "Net Current Debt": {"2020-09-30": 0, "2020-06-30": 0, "2020-03-31": "", "2019-12-31": 0, "2019-09-30": 0, "2019-06-30": 0, "2019-03-31": "", "2018-12-31": 0, "2018-09-30": 0, "2018-06-30": 0, "2018-03-31": "", "2017-12-31": 0, "2017-09-30": 0, "2017-06-30": 0, "2017-03-31": "", "2016-12-31": 0, "2016-09-30": 0, "2016-06-30": 0, "2016-03-31": "", "2015-12-31": 0, "2015-09-30": 0, "2015-06-30": 0, "2015-03-31": "", "2014-12-31": 0, "2014-09-30": 0, "2014-06-30": 0, "2014-03-31": "", "2013-12-31": 0, "2013-09-30": 0, "2013-06-30": 0, "2013-03-31": "", "2012-12-31": 0, "2012-09-30": 0, "2012-06-30": 15.1, "2011-12-31": -13.49, "2010-12-31": -1.61}, "Debt Issuance/Retirement Net - Total": {"2020-09-30": -4.117, "2020-06-30": -6.49, "2020-03-31": "990.03400", "2019-12-31": 686.95, "2019-09-30": -950.694, "2019-06-30": -18.214, "2019-03-31": "-19.71900", "2018-12-31": -20.847, "2018-09-30": -22.222, "2018-06-30": 859.015, "2018-03-31": "-24.24700", "2017-12-31": -22.09, "2017-09-30": -25.535, "2017-06-30": -28.066, "2017-03-31": "-27.08400", "2016-12-31": -26.661, "2016-09-30": -25.157, "2016-06-30": -23.823, "2016-03-31": "-24.91700", "2015-12-31": -26.17, "2015-09-30": -28.431, "2015-06-30": -29.388, "2015-03-31": "-33.54600", "2014-12-31": 39.887, "2014-09-30": 1352.885, "2014-06-30": -21.365, "2014-03-31": "-21.52100", "2013-12-31": -21.203, "2013-09-30": -18.174, "2013-06-30": -16.41, "2013-03-31": "-14.65800", "2012-12-31": -12.838, "2012-09-30": -11.397, "2012-06-30": -15.195, "2011-12-31": 1.61, "2010-12-31": -1.61}, "Net Common Equity Issued/Repurchased": {"2020-09-30": 0.031, "2020-06-30": 34.513, "2020-03-31": "0.30500", "2019-12-31": 17.204, "2019-09-30": 0.244, "2019-06-30": 25.623, "2019-03-31": "0.09500", "2018-12-31": -173.645, "2018-09-30": 186.914, "2018-06-30": 16.666, "2018-03-31": "2.76800", "2017-12-31": 11.473, "2017-09-30": 0.541, "2017-06-30": 14.828, "2017-03-31": "6.52200", "2016-12-31": 9.29, "2016-09-30": 0.862, "2016-06-30": 19.088, "2016-03-31": "2.94100", "2015-12-31": 26.606, "2015-09-30": 1.488, "2015-06-30": 24.813, "2015-03-31": "3.74900", "2014-12-31": 38.951, "2014-09-30": 284.25, "2014-06-30": 35.781, "2014-03-31": "1.35000", "2013-12-31": 2020.321, "2013-09-30": 1.239, "2013-06-30": 0.959, "2013-03-31": "4.73900", "2012-12-31": -1.544, "2012-09-30": 0.5, "2012-06-30": 1.044, "2011-12-31": 0, "2010-12-31": 0}, "Net Total Equity Issued/Repurchased": {"2020-09-30": 0.031, "2020-06-30": 34.513, "2020-03-31": "0.30500", "2019-12-31": 17.204, "2019-09-30": 0.244, "2019-06-30": 25.623, "2019-03-31": "0.09500", "2018-12-31": -173.645, "2018-09-30": 186.914, "2018-06-30": 16.666, "2018-03-31": "2.76800", "2017-12-31": 11.473, "2017-09-30": 0.541, "2017-06-30": 14.828, "2017-03-31": "6.52200", "2016-12-31": 9.29, "2016-09-30": 0.862, "2016-06-30": 19.088, "2016-03-31": "2.94100", "2015-12-31": 26.606, "2015-09-30": 1.488, "2015-06-30": 24.813, "2015-03-31": "3.74900", "2014-12-31": 38.951, "2014-09-30": 284.25, "2014-06-30": 35.781, "2014-03-31": "1.35000", "2013-12-31": 2020.321, "2013-09-30": 1.239, "2013-06-30": 0.959, "2013-03-31": "4.73900", "2012-12-31": 0.766, "2012-09-30": 0.5, "2012-06-30": -483.956, "2011-12-31": 371.65, "2010-12-31": 113.35}, "Total Common And Preferred Stock Dividends Paid": {"2020-09-30": 0, "2020-06-30": 0, "2020-03-31": "", "2019-12-31": 0, "2019-09-30": 0, "2019-06-30": 0, "2019-03-31": "", "2018-12-31": 0, "2018-09-30": 0, "2018-06-30": 0, "2018-03-31": "", "2017-12-31": 0, "2017-09-30": 0, "2017-06-30": 0, "2017-03-31": "", "2016-12-31": 0, "2016-09-30": 0, "2016-06-30": 0, "2016-03-31": "", "2015-12-31": 0, "2015-09-30": 0, "2015-06-30": 0, "2015-03-31": "", "2014-12-31": 0, "2014-09-30": 0, "2014-06-30": 0, "2014-03-31": "", "2013-12-31": 0, "2013-09-30": 0, "2013-06-30": 0, "2013-03-31": "", "2012-12-31": 0, "2012-09-30": 0, "2012-06-30": 0, "2011-12-31": 0, "2010-12-31": 0}, "Financial Activities - Other": {"2020-09-30": -3.726, "2020-06-30": -2.925, "2020-03-31": "-26.35500", "2019-12-31": -10.969, "2019-09-30": -3.757, "2019-06-30": -3.461, "2019-03-31": "-9.47700", "2018-12-31": 183.377, "2018-09-30": -195.333, "2018-06-30": 173.227, "2018-03-31": "-7.55700", "2017-12-31": -1.913, "2017-09-30": -2.026, "2017-06-30": -1.933, "2017-03-31": "-3.09000", "2016-12-31": -5.07, "2016-09-30": -3.556, "2016-06-30": -4.869, "2016-03-31": "-2.10300", "2015-12-31": 4.776, "2015-09-30": -0.415, "2015-06-30": -0.306, "2015-03-31": "-6.17400", "2014-12-31": 0.334, "2014-09-30": -1.5, "2014-06-30": -1.028, "2014-03-31": "-16.30200", "2013-12-31": -13.512, "2013-09-30": -1.125, "2013-06-30": 0, "2013-03-31": "", "2012-12-31": 0, "2012-09-30": 0, "2012-06-30": -10.3, "2011-12-31": 7.72, "2010-12-31": 2.58}, "Cash Flow From Financial Activities": {"2020-09-30": -7.812, "2020-06-30": 25.098, "2020-03-31": "963.98400", "2019-12-31": 693.185, "2019-09-30": -954.207, "2019-06-30": 3.948, "2019-03-31": "-29.10100", "2018-12-31": -11.115, "2018-09-30": -30.641, "2018-06-30": 1048.908, "2018-03-31": "-29.03600", "2017-12-31": -12.53, "2017-09-30": -27.02, "2017-06-30": -15.171, "2017-03-31": "-23.65200", "2016-12-31": -22.441, "2016-09-30": -27.851, "2016-06-30": -9.604, "2016-03-31": "-24.07900", "2015-12-31": 5.212, "2015-09-30": -27.358, "2015-06-30": -4.881, "2015-03-31": "-35.97100", "2014-12-31": 79.172, "2014-09-30": 1635.635, "2014-06-30": 13.388, "2014-03-31": "-36.47300", "2013-12-31": 1985.606, "2013-09-30": -18.06, "2013-06-30": -15.451, "2013-03-31": "-9.91900", "2012-12-31": -12.072, "2012-09-30": -10.897, "2012-06-30": -494.361, "2011-12-31": 365.9, "2010-12-31": 114.31}, "Net Cash Flow": {"2020-09-30": -912.177, "2020-06-30": -356.673, "2020-03-31": "1664.94700", "2019-12-31": -69.782, "2019-09-30": -312.56, "2019-06-30": -63.759, "2019-03-31": "351.89200", "2018-12-31": -34.427, "2018-09-30": -616.203, "2018-06-30": 942.053, "2018-03-31": "-43.40500", "2017-12-31": 51.413, "2017-09-30": 298.328, "2017-06-30": 95.106, "2017-03-31": "201.37700", "2016-12-31": -18.408, "2016-09-30": 64.247, "2016-06-30": -79.951, "2016-03-31": "116.19000", "2015-12-31": 35.039, "2015-09-30": -6.875, "2015-06-30": -724.098, "2015-03-31": "96.68100", "2014-12-31": -742.071, "2014-09-30": 1407.819, "2014-06-30": -115.779, "2014-03-31": "119.74500", "2013-12-31": 685.306, "2013-09-30": -8.805, "2013-06-30": 46.261, "2013-03-31": "-85.08000", "2012-12-31": 8.121, "2012-09-30": 52.032, "2012-06-30": -160.543, "2011-12-31": -29.82, "2010-12-31": 114.55}, "Stock-Based Compensation": {"2020-09-30": 115.969, "2020-06-30": 132.876, "2020-03-31": "97.90300", "2019-12-31": 101.296, "2019-09-30": 98.623, "2019-06-30": 94.615, "2019-03-31": "83.49100", "2018-12-31": 81.887, "2018-09-30": 91.606, "2018-06-30": 79.469, "2018-03-31": "73.26600", "2017-12-31": 102.454, "2017-09-30": 100.959, "2017-06-30": 113.396, "2017-03-31": "116.99700", "2016-12-31": 138.095, "2016-09-30": 158.527, "2016-06-30": 167.695, "2016-03-31": "150.91600", "2015-12-31": 158.249, "2015-09-30": 165.921, "2015-06-30": 175.143, "2015-03-31": "182.80500", "2014-12-31": 177.215, "2014-09-30": 169.602, "2014-06-30": 158.411, "2014-03-31": "126.36900", "2013-12-31": 521.197, "2013-09-30": 43.602, "2013-06-30": 22.646, "2013-03-31": "12.92200", "2012-12-31": -20.395, "2012-09-30": 4.268, "2012-06-30": 16.127, "2011-12-31": 0, "2010-12-31": 0}, "Common Stock Dividends Paid": {"2020-09-30": 0, "2020-06-30": 0, "2020-03-31": "", "2019-12-31": 0, "2019-09-30": 0, "2019-06-30": 0, "2019-03-31": "", "2018-12-31": 0, "2018-09-30": 0, "2018-06-30": 0, "2018-03-31": "", "2017-12-31": 0, "2017-09-30": 0, "2017-06-30": 0, "2017-03-31": "", "2016-12-31": 0, "2016-09-30": 0, "2016-06-30": 0, "2016-03-31": "", "2015-12-31": 0, "2015-09-30": 0, "2015-06-30": 0, "2015-03-31": "", "2014-12-31": 0, "2014-09-30": 0, "2014-06-30": 0, "2014-03-31": "", "2013-12-31": 0, "2013-09-30": 0, "2013-06-30": 0, "2013-03-31": "", "2012-12-31": 0, "2012-09-30": 0, "2012-06-30": 0, "2011-12-31": 0, "2010-12-31": 0}}, "financial ratios": {"Current Ratio": {"2019-12-31": "9.15350", "2018-12-31": "4.68970", "2017-12-31": "9.12410", "2016-12-31": "7.96580", "2015-12-31": "8.65900", "2014-12-31": "10.80730", "2013-12-31": "11.42120", "2012-12-31": "5.04620", "2011-12-31": "12.48470", "2010-12-31": ""}, "Long-term Debt / Capital": {"2019-12-31": "0.22380", "2018-12-31": "0.20500", "2017-12-31": "0.25290", "2016-12-31": "0.25860", "2015-12-31": "0.25750", "2014-12-31": "0.29190", "2013-12-31": "0.03610", "2012-12-31": "0.09530", "2011-12-31": "0.03220", "2010-12-31": ""}, "Debt/Equity Ratio": {"2019-12-31": "0.29090", "2018-12-31": "0.39980", "2017-12-31": "0.35540", "2016-12-31": "0.36630", "2015-12-31": "0.36700", "2014-12-31": "0.44320", "2013-12-31": "0.06700", "2012-12-31": "0.18350", "2011-12-31": "0.06920", "2010-12-31": ""}, "Gross Margin": {"2019-12-31": "67.13120", "2018-12-31": "68.28130", "2017-12-31": "64.75090", "2016-12-31": "63.14700", "2015-12-31": "67.12150", "2014-12-31": "68.18900", "2013-12-31": "59.88540", "2012-12-31": "59.37060", "2011-12-31": "41.86690", "2010-12-31": "-52.65580"}, "Operating Margin": {"2019-12-31": "10.59090", "2018-12-31": "14.90040", "2017-12-31": "1.58560", "2016-12-31": "-14.51630", "2015-12-31": "-20.28990", "2014-12-31": "-38.40810", "2013-12-31": "-95.62950", "2012-12-31": "-24.32150", "2011-12-31": "-119.84520", "2010-12-31": "-238.62720"}, "EBIT Margin": {"2019-12-31": "10.59090", "2018-12-31": "14.90040", "2017-12-31": "1.58560", "2016-12-31": "-14.51630", "2015-12-31": "-20.28990", "2014-12-31": "-38.40810", "2013-12-31": "-95.62950", "2012-12-31": "-24.32150", "2011-12-31": "-119.84520", "2010-12-31": "-238.62720"}, "EBITDA Margin": {"2019-12-31": "27.32380", "2018-12-31": "32.36790", "2017-12-31": "21.06450", "2016-12-31": "4.33360", "2015-12-31": "-3.06710", "2014-12-31": "-22.22930", "2013-12-31": "-78.95100", "2012-12-31": "-0.14990", "2011-12-31": "-94.51340", "2010-12-31": "-196.06050"}, "Pre-Tax Profit Margin": {"2019-12-31": "11.27790", "2018-12-31": "13.92160", "2017-12-31": "-3.90530", "2016-12-31": "-17.42690", "2015-12-31": "-24.04410", "2014-12-31": "-41.22240", "2013-12-31": "-97.33130", "2012-12-31": "-24.98000", "2011-12-31": "-122.04150", "2010-12-31": "-238.84650"}, "Net Profit Margin": {"2019-12-31": "42.36830", "2018-12-31": "39.62700", "2017-12-31": "-4.42280", "2016-12-31": "-18.06090", "2015-12-31": "-23.49070", "2014-12-31": "-41.18460", "2013-12-31": "-97.05710", "2012-12-31": "-25.05230", "2011-12-31": "-154.37250", "2010-12-31": "-238.07910"}, "Asset Turnover": {"2019-12-31": "0.27230", "2018-12-31": "0.29940", "2017-12-31": "0.32960", "2016-12-31": "0.36820", "2015-12-31": "0.34430", "2014-12-31": "0.25130", "2013-12-31": "0.19750", "2012-12-31": "0.38110", "2011-12-31": "0.14750", "2010-12-31": ""}, "Inventory Turnover Ratio": {"2019-12-31": "", "2018-12-31": "", "2017-12-31": "", "2016-12-31": "", "2015-12-31": "", "2014-12-31": "", "2013-12-31": "", "2012-12-31": "", "2011-12-31": "", "2010-12-31": ""}, "Receiveable Turnover": {"2019-12-31": "4.06890", "2018-12-31": "3.85740", "2017-12-31": "3.67820", "2016-12-31": "3.88780", "2015-12-31": "3.47280", "2014-12-31": "3.35280", "2013-12-31": "2.68830", "2012-12-31": "2.82580", "2011-12-31": "2.66890", "2010-12-31": ""}, "Days Sales In Receivables": {"2019-12-31": "89.70440", "2018-12-31": "94.62250", "2017-12-31": "99.23380", "2016-12-31": "93.88260", "2015-12-31": "105.10370", "2014-12-31": "108.86350", "2013-12-31": "135.77390", "2012-12-31": "129.16470", "2011-12-31": "136.76040", "2010-12-31": ""}, "ROE - Return On Equity": {"2019-12-31": "16.83820", "2018-12-31": "17.71480", "2017-12-31": "-2.14100", "2016-12-31": "-9.92140", "2015-12-31": "-11.92820", "2014-12-31": "-15.93370", "2013-12-31": "-21.87530", "2012-12-31": "31.99350", "2011-12-31": "63.56680", "2010-12-31": ""}, "Return On Tangible Equity": {"2019-12-31": "19.82610", "2018-12-31": "21.78800", "2017-12-31": "-2.83730", "2016-12-31": "-13.74350", "2015-12-31": "-16.78420", "2014-12-31": "-19.93290", "2013-12-31": "-25.72130", "2012-12-31": "-14.38910", "2011-12-31": "-21.74220", "2010-12-31": ""}, "ROA - Return On Assets": {"2019-12-31": "11.53750", "2018-12-31": "11.86310", "2017-12-31": "-1.45790", "2016-12-31": "-6.64990", "2015-12-31": "-8.08750", "2014-12-31": "-10.34950", "2013-12-31": "-19.17040", "2012-12-31": "-9.54810", "2011-12-31": "-17.80300", "2010-12-31": ""}, "ROI - Return On Investment": {"2019-12-31": "13.07060", "2018-12-31": "14.08260", "2017-12-31": "-1.59950", "2016-12-31": "-7.35620", "2015-12-31": "-8.85680", "2014-12-31": "-11.28250", "2013-12-31": "-21.08540", "2012-12-31": "-11.50550", "2011-12-31": "-19.60640", "2010-12-31": ""}, "Book Value Per Share": {"2019-12-31": "11.16490", "2018-12-31": "8.90490", "2017-12-31": "6.75750", "2016-12-31": "6.38180", "2015-12-31": "6.29280", "2014-12-31": "5.64520", "2013-12-31": "5.17620", "2012-12-31": "4.97120", "2011-12-31": "5.32320", "2010-12-31": ""}, "Operating Cash Flow Per Share": {"2019-12-31": -0.0746, "2018-12-31": 0.5994, "2017-12-31": 0.0476, "2016-12-31": 0.5085, "2015-12-31": 0.4431, "2014-12-31": 0.1278, "2013-12-31": 0.2453, "2012-12-31": 0.4506, "2011-12-31": -0.0472, "2010-12-31": -0.6413}, "Free Cash Flow Per Share": {"2019-12-31": -0.1308, "2018-12-31": 0.1579, "2017-12-31": 0.1913, "2016-12-31": 0.7213, "2015-12-31": 0.2521, "2014-12-31": 0.1942, "2013-12-31": 0.2766, "2012-12-31": 0.1322, "2011-12-31": -0.0849, "2010-12-31": -0.7162}}, "financial ratios, quarterly": {"Current Ratio": {"2020-09-30": "4.43880", "2020-06-30": "10.10010", "2020-03-31": "11.92580", "2019-12-31": "9.15350", "2019-09-30": "8.68640", "2019-06-30": "4.33330", "2019-03-31": "4.47420", "2018-12-31": "4.68970", "2018-09-30": "4.61000", "2018-06-30": "11.00320", "2018-03-31": "10.23210", "2017-12-31": "9.12410", "2017-09-30": "10.39570", "2017-06-30": "9.78630", "2017-03-31": "9.60210", "2016-12-31": "7.96580", "2016-09-30": "9.51640", "2016-06-30": "9.74570", "2016-03-31": "10.38140", "2015-12-31": "8.65900", "2015-09-30": "9.96680", "2015-06-30": "10.05180", "2015-03-31": "10.63690", "2014-12-31": "10.80730", "2014-09-30": "9.43300", "2014-06-30": "6.65240", "2014-03-31": "9.58990", "2013-12-31": "11.42120", "2013-09-30": "2.99800", "2013-06-30": "3.73640", "2013-03-31": "", "2012-12-31": "", "2012-09-30": "", "2012-06-30": "", "2011-12-31": "", "2010-12-31": ""}, "Long-term Debt / Capital": {"2020-09-30": "0.24620", "2020-06-30": "0.30920", "2020-03-31": "0.27870", "2019-12-31": "0.22370", "2019-09-30": "0.17600", "2019-06-30": "0.17590", "2019-03-31": "0.19940", "2018-12-31": "0.20500", "2018-09-30": "0.21310", "2018-06-30": "0.31940", "2018-03-31": "0.24840", "2017-12-31": "0.25290", "2017-09-30": "0.25930", "2017-06-30": "0.26050", "2017-03-31": "0.25880", "2016-12-31": "0.25860", "2016-09-30": "0.25350", "2016-06-30": "0.25260", "2016-03-31": "0.25360", "2015-12-31": "0.25750", "2015-09-30": "0.26090", "2015-06-30": "0.26150", "2015-03-31": "0.28850", "2014-12-31": "0.29190", "2014-09-30": "0.28650", "2014-06-30": "0.03240", "2014-03-31": "0.03370", "2013-12-31": "0.03610", "2013-09-30": "0.11450", "2013-06-30": "0.10170", "2013-03-31": "", "2012-12-31": "", "2012-09-30": "", "2012-06-30": "", "2011-12-31": "", "2010-12-31": ""}, "Debt/Equity Ratio": {"2020-09-30": "0.44290", "2020-06-30": "0.44850", "2020-03-31": "0.38790", "2019-12-31": "0.29090", "2019-09-30": "0.21770", "2019-06-30": "0.32950", "2019-03-31": "0.38570", "2018-12-31": "0.39980", "2018-09-30": "0.41970", "2018-06-30": "0.48400", "2018-03-31": "0.34710", "2017-12-31": "0.35540", "2017-09-30": "0.36700", "2017-06-30": "0.36920", "2017-03-31": "0.36640", "2016-12-31": "0.36630", "2016-09-30": "0.35730", "2016-06-30": "0.35570", "2016-03-31": "0.35790", "2015-12-31": "0.36700", "2015-09-30": "0.37480", "2015-06-30": "0.37740", "2015-03-31": "0.43420", "2014-12-31": "0.44320", "2014-09-30": "0.43280", "2014-06-30": "0.06620", "2014-03-31": "0.06560", "2013-12-31": "0.06700", "2013-09-30": "0.23130", "2013-06-30": "0.20010", "2013-03-31": "", "2012-12-31": "", "2012-09-30": "", "2012-06-30": "", "2011-12-31": "", "2010-12-31": ""}, "Gross Margin": {"2020-09-30": "61.39980", "2020-06-30": "57.85440", "2020-03-31": "64.83110", "2019-12-31": "68.82800", "2019-09-30": "65.87940", "2019-06-30": "66.96320", "2019-03-31": "66.44880", "2018-12-31": "70.47380", "2018-09-30": "67.86170", "2018-06-30": "67.60430", "2018-03-31": "66.48630", "2017-12-31": "70.20360", "2017-09-30": "64.38190", "2017-06-30": "62.89860", "2017-03-31": "59.81060", "2016-12-31": "57.37490", "2016-09-30": "63.44430", "2016-06-30": "66.28240", "2016-03-31": "66.62780", "2015-12-31": "69.32140", "2015-09-30": "64.83100", "2015-06-30": "66.63440", "2015-03-31": "67.08830", "2014-12-31": "71.48420", "2014-09-30": "65.63030", "2014-06-30": "67.95710", "2014-03-31": "65.86600", "2013-12-31": "53.57950", "2013-09-30": "63.08040", "2013-06-30": "63.69280", "2013-03-31": "63.92000", "2012-12-31": "", "2012-09-30": "59.07420", "2012-06-30": "55.13620", "2011-12-31": "", "2010-12-31": ""}, "Operating Margin": {"2020-09-30": "5.99280", "2020-06-30": "-40.08120", "2020-03-31": "-0.92160", "2019-12-31": "15.17700", "2019-09-30": "5.35920", "2019-06-30": "8.99540", "2019-03-31": "11.90230", "2018-12-31": "22.76620", "2018-09-30": "12.11800", "2018-06-30": "11.20610", "2018-03-31": "11.26910", "2017-12-31": "15.04980", "2017-09-30": "1.23450", "2017-06-30": "-6.68440", "2017-03-31": "-7.34660", "2016-12-31": "-20.02590", "2016-09-30": "-12.67810", "2016-06-30": "-14.34920", "2016-03-31": "-9.94350", "2015-12-31": "-9.45560", "2015-09-30": "-18.48740", "2015-06-30": "-26.07650", "2015-03-31": "-33.63220", "2014-12-31": "-20.48790", "2014-09-30": "-44.68480", "2014-06-30": "-48.02290", "2014-03-31": "-51.64680", "2013-12-31": "-210.02410", "2013-09-30": "-37.56790", "2013-06-30": "-27.93840", "2013-03-31": "-20.90810", "2012-12-31": "", "2012-09-30": "-25.87370", "2012-06-30": "-39.49540", "2011-12-31": "", "2010-12-31": ""}, "EBIT Margin": {"2020-09-30": "5.99280", "2020-06-30": "-40.08120", "2020-03-31": "-0.92160", "2019-12-31": "15.17700", "2019-09-30": "5.35920", "2019-06-30": "8.99540", "2019-03-31": "11.90230", "2018-12-31": "22.76620", "2018-09-30": "12.11800", "2018-06-30": "11.20610", "2018-03-31": "11.26910", "2017-12-31": "15.04980", "2017-09-30": "1.23450", "2017-06-30": "-6.68440", "2017-03-31": "-7.34660", "2016-12-31": "-20.02590", "2016-09-30": "-12.67810", "2016-06-30": "-14.34920", "2016-03-31": "-9.94350", "2015-12-31": "-9.45560", "2015-09-30": "-18.48740", "2015-06-30": "-26.07650", "2015-03-31": "-33.63220", "2014-12-31": "-20.48790", "2014-09-30": "-44.68480", "2014-06-30": "-48.02290", "2014-03-31": "-51.64680", "2013-12-31": "-210.02410", "2013-09-30": "-37.56790", "2013-06-30": "-27.93840", "2013-03-31": "-20.90810", "2012-12-31": "", "2012-09-30": "-25.87370", "2012-06-30": "-39.49540", "2011-12-31": "", "2010-12-31": ""}, "EBITDA Margin": {"2020-09-30": "", "2020-06-30": "", "2020-03-31": "", "2019-12-31": "", "2019-09-30": "", "2019-06-30": "", "2019-03-31": "", "2018-12-31": "", "2018-09-30": "", "2018-06-30": "", "2018-03-31": "", "2017-12-31": "", "2017-09-30": "", "2017-06-30": "", "2017-03-31": "", "2016-12-31": "", "2016-09-30": "", "2016-06-30": "", "2016-03-31": "", "2015-12-31": "", "2015-09-30": "", "2015-06-30": "", "2015-03-31": "", "2014-12-31": "", "2014-09-30": "", "2014-06-30": "", "2014-03-31": "", "2013-12-31": "", "2013-09-30": "", "2013-06-30": "", "2013-03-31": "", "2012-12-31": "", "2012-09-30": "", "2012-06-30": "", "2011-12-31": "", "2010-12-31": ""}, "Pre-Tax Profit Margin": {"2020-09-30": "3.17050", "2020-06-30": "-42.30170", "2020-03-31": "-1.92350", "2019-12-31": "15.69420", "2019-09-30": "5.79850", "2019-06-30": "10.43270", "2019-03-31": "12.26390", "2018-12-31": "22.72550", "2018-09-30": "11.50990", "2018-06-30": "9.27000", "2018-03-31": "9.60820", "2017-12-31": "12.78820", "2017-09-30": "-2.97320", "2017-06-30": "-19.70450", "2017-03-31": "-10.64570", "2016-12-31": "-22.62200", "2016-09-30": "-15.63630", "2016-06-30": "-17.37260", "2016-03-31": "-13.06990", "2015-12-31": "-12.22160", "2015-09-30": "-22.57900", "2015-06-30": "-31.07910", "2015-03-31": "-37.11760", "2014-12-31": "-25.39570", "2014-09-30": "-48.52520", "2014-06-30": "-48.12860", "2014-03-31": "-52.35300", "2013-12-31": "-212.13060", "2013-09-30": "-38.10710", "2013-06-30": "-29.75620", "2013-03-31": "-23.32370", "2012-12-31": "", "2012-09-30": "-25.66470", "2012-06-30": "-39.88630", "2011-12-31": "", "2010-12-31": ""}, "Net Profit Margin": {"2020-09-30": "3.06110", "2020-06-30": "-201.62840", "2020-03-31": "-1.03960", "2019-12-31": "11.79080", "2019-09-30": "4.43380", "2019-06-30": "133.06220", "2019-03-31": "24.24790", "2018-12-31": "28.09120", "2018-09-30": "104.09810", "2018-06-30": "14.09030", "2018-03-31": "9.17430", "2017-12-31": "12.45000", "2017-09-30": "-3.57760", "2017-06-30": "-20.29920", "2017-03-31": "-11.22830", "2016-12-31": "-23.29230", "2016-09-30": "-16.70160", "2016-06-30": "-17.81140", "2016-03-31": "-13.41100", "2015-12-31": "-12.70080", "2015-09-30": "-23.13450", "2015-06-30": "-27.20300", "2015-03-31": "-37.26260", "2014-12-31": "-26.16530", "2014-09-30": "-48.56920", "2014-06-30": "-46.33500", "2014-03-31": "-52.84080", "2013-12-31": "-210.76380", "2013-09-30": "-38.32070", "2013-06-30": "-30.31400", "2013-03-31": "-23.63590", "2012-12-31": "", "2012-09-30": "-26.22470", "2012-06-30": "-40.53580", "2011-12-31": "", "2010-12-31": ""}, "Asset Turnover": {"2020-09-30": "0.07150", "2020-06-30": "0.05450", "2020-03-31": "0.05960", "2019-12-31": "0.07930", "2019-09-30": "0.07100", "2019-06-30": "0.06720", "2019-03-31": "0.07060", "2018-12-31": "0.08940", "2018-09-30": "0.07780", "2018-06-30": "0.08020", "2018-03-31": "0.08820", "2017-12-31": "0.09870", "2017-09-30": "0.08330", "2017-06-30": "0.08240", "2017-03-31": "0.07950", "2016-12-31": "0.10440", "2016-09-30": "0.09130", "2016-06-30": "0.09100", "2016-03-31": "0.09180", "2015-12-31": "0.11030", "2015-09-30": "0.09050", "2015-06-30": "0.08060", "2015-03-31": "0.07720", "2014-12-31": "0.08580", "2014-09-30": "0.06630", "2014-06-30": "0.08710", "2014-03-31": "0.07460", "2013-12-31": "0.07210", "2013-09-30": "0.16980", "2013-06-30": "0.14450", "2013-03-31": "", "2012-12-31": "", "2012-09-30": "", "2012-06-30": "", "2011-12-31": "", "2010-12-31": ""}, "Inventory Turnover Ratio": {"2020-09-30": "", "2020-06-30": "", "2020-03-31": "", "2019-12-31": "", "2019-09-30": "", "2019-06-30": "", "2019-03-31": "", "2018-12-31": "", "2018-09-30": "", "2018-06-30": "", "2018-03-31": "", "2017-12-31": "", "2017-09-30": "", "2017-06-30": "", "2017-03-31": "", "2016-12-31": "", "2016-09-30": "", "2016-06-30": "", "2016-03-31": "", "2015-12-31": "", "2015-09-30": "", "2015-06-30": "", "2015-03-31": "", "2014-12-31": "", "2014-09-30": "", "2014-06-30": "", "2014-03-31": "", "2013-12-31": "", "2013-09-30": "", "2013-06-30": "", "2013-03-31": "", "2012-12-31": "", "2012-09-30": "", "2012-06-30": "", "2011-12-31": "", "2010-12-31": ""}, "Receiveable Turnover": {"2020-09-30": "1.25240", "2020-06-30": "1.13760", "2020-03-31": "1.23040", "2019-12-31": "1.18490", "2019-09-30": "1.20390", "2019-06-30": "1.16870", "2019-03-31": "1.15010", "2018-12-31": "1.15230", "2018-09-30": "1.21890", "2018-06-30": "1.15550", "2018-03-31": "1.08670", "2017-12-31": "1.10130", "2017-09-30": "1.15650", "2017-06-30": "1.09500", "2017-03-31": "1.09400", "2016-12-31": "1.10230", "2016-09-30": "1.04380", "2016-06-30": "1.08110", "2016-03-31": "1.03070", "2015-12-31": "1.11240", "2015-09-30": "1.06050", "2015-06-30": "1.05720", "2015-03-31": "1.04920", "2014-12-31": "1.14490", "2014-09-30": "1.11250", "2014-06-30": "1.08740", "2014-03-31": "1.05310", "2013-12-31": "0.98120", "2013-09-30": "1.14260", "2013-06-30": "1.12600", "2013-03-31": "", "2012-12-31": "", "2012-09-30": "", "2012-06-30": "", "2011-12-31": "", "2010-12-31": ""}, "Days Sales In Receivables": {"2020-09-30": "71.86170", "2020-06-30": "79.11460", "2020-03-31": "73.14420", "2019-12-31": "75.95900", "2019-09-30": "74.75470", "2019-06-30": "77.00600", "2019-03-31": "78.25720", "2018-12-31": "78.10320", "2018-09-30": "73.83470", "2018-06-30": "77.89130", "2018-03-31": "82.82150", "2017-12-31": "81.72140", "2017-09-30": "77.82280", "2017-06-30": "82.19110", "2017-03-31": "82.26850", "2016-12-31": "81.64810", "2016-09-30": "86.22630", "2016-06-30": "83.24550", "2016-03-31": "87.31740", "2015-12-31": "80.90730", "2015-09-30": "84.86960", "2015-06-30": "85.13100", "2015-03-31": "85.77600", "2014-12-31": "78.61110", "2014-09-30": "80.89830", "2014-06-30": "82.76810", "2014-03-31": "85.46140", "2013-12-31": "91.72560", "2013-09-30": "78.76840", "2013-06-30": "79.93140", "2013-03-31": "", "2012-12-31": "", "2012-09-30": "", "2012-06-30": "", "2011-12-31": "", "2010-12-31": ""}, "ROE - Return On Equity": {"2020-09-30": "0.36690", "2020-06-30": "-17.99420", "2020-03-31": "-0.09550", "2019-12-31": "1.36450", "2019-09-30": "0.43400", "2019-06-30": "13.41620", "2019-03-31": "2.69160", "2018-12-31": "3.75140", "2018-09-30": "12.23050", "2018-06-30": "1.79710", "2018-03-31": "1.17070", "2017-12-31": "1.80450", "2017-09-30": "-0.43680", "2017-06-30": "-2.46330", "2017-03-31": "-1.31250", "2016-12-31": "-3.62770", "2016-09-30": "-2.22220", "2016-06-30": "-2.35290", "2016-03-31": "-1.78070", "2015-12-31": "-2.06580", "2015-09-30": "-3.08110", "2015-06-30": "-3.22990", "2015-03-31": "-4.40570", "2014-12-31": "-3.45660", "2014-09-30": "-4.97760", "2014-06-30": "-4.74770", "2014-03-31": "-4.50690", "2013-12-31": "-17.33800", "2013-09-30": "36.15840", "2013-06-30": "25.68820", "2013-03-31": "", "2012-12-31": "", "2012-09-30": "", "2012-06-30": "", "2011-12-31": "", "2010-12-31": ""}, "Return On Tangible Equity": {"2020-09-30": "0.44340", "2020-06-30": "-21.84060", "2020-03-31": "-0.11250", "2019-12-31": "1.60670", "2019-09-30": "0.51260", "2019-06-30": "15.88660", "2019-03-31": "3.27850", "2018-12-31": "4.61390", "2018-09-30": "15.23560", "2018-06-30": "2.33230", "2018-03-31": "1.53460", "2017-12-31": "2.39140", "2017-09-30": "-0.58810", "2017-06-30": "-3.34980", "2017-03-31": "-1.79610", "2016-12-31": "-5.02530", "2016-09-30": "-3.08650", "2016-06-30": "-3.30630", "2016-03-31": "-2.47100", "2015-12-31": "-2.90680", "2015-09-30": "-4.38420", "2015-06-30": "-4.59740", "2015-03-31": "-5.63040", "2014-12-31": "-4.32420", "2014-09-30": "-6.29570", "2014-06-30": "-5.96090", "2014-03-31": "-5.29040", "2013-12-31": "-20.38630", "2013-09-30": "-12.64830", "2013-06-30": "-7.96690", "2013-03-31": "", "2012-12-31": "", "2012-09-30": "", "2012-06-30": "", "2011-12-31": "", "2010-12-31": ""}, "ROA - Return On Assets": {"2020-09-30": "0.21900", "2020-06-30": "-10.98220", "2020-03-31": "-0.06200", "2019-12-31": "0.93500", "2019-09-30": "0.31480", "2019-06-30": "8.94100", "2019-03-31": "1.71200", "2018-12-31": "2.51220", "2018-09-30": "8.09730", "2018-06-30": "1.12980", "2018-03-31": "0.80900", "2017-12-31": "1.22870", "2017-09-30": "-0.29810", "2017-06-30": "-1.67290", "2017-03-31": "-0.89310", "2016-12-31": "-2.43150", "2016-09-30": "-1.52560", "2016-06-30": "-1.62040", "2016-03-31": "-1.23110", "2015-12-31": "-1.40070", "2015-09-30": "-2.09400", "2015-06-30": "-2.19350", "2015-03-31": "-2.87840", "2014-12-31": "-2.24520", "2014-09-30": "-3.22030", "2014-06-30": "-4.03490", "2014-03-31": "-3.94380", "2013-12-31": "-15.19410", "2013-09-30": "-6.50690", "2013-06-30": "-4.37990", "2013-03-31": "", "2012-12-31": "", "2012-09-30": "", "2012-06-30": "", "2011-12-31": "", "2010-12-31": ""}, "ROI - Return On Investment": {"2020-09-30": "0.27650", "2020-06-30": "-12.43080", "2020-03-31": "-0.06890", "2019-12-31": "1.05920", "2019-09-30": "0.35760", "2019-06-30": "11.05690", "2019-03-31": "2.15480", "2018-12-31": "2.98220", "2018-09-30": "9.62410", "2018-06-30": "1.22320", "2018-03-31": "0.87990", "2017-12-31": "1.34810", "2017-09-30": "-0.32350", "2017-06-30": "-1.82160", "2017-03-31": "-0.97270", "2016-12-31": "-2.68980", "2016-09-30": "-1.65880", "2016-06-30": "-1.75870", "2016-03-31": "-1.32920", "2015-12-31": "-1.53390", "2015-09-30": "-2.27730", "2015-06-30": "-2.38530", "2015-03-31": "-3.13480", "2014-12-31": "-2.44760", "2014-09-30": "-3.55170", "2014-06-30": "-4.59400", "2014-03-31": "-4.35490", "2013-12-31": "-16.71190", "2013-09-30": "-8.24440", "2013-06-30": "-5.35650", "2013-03-31": "", "2012-12-31": "", "2012-09-30": "", "2012-06-30": "", "2011-12-31": "", "2010-12-31": ""}, "Book Value Per Share": {"2020-09-30": "9.83340", "2020-06-30": "9.68850", "2020-03-31": "11.21750", "2019-12-31": "11.16490", "2019-09-30": "10.84880", "2019-06-30": "10.80390", "2019-03-31": "9.23130", "2018-12-31": "8.90490", "2018-09-30": "8.48570", "2018-06-30": "7.35960", "2018-03-31": "6.92840", "2017-12-31": "6.75750", "2017-09-30": "6.50940", "2017-06-30": "6.42100", "2017-03-31": "6.42740", "2016-12-31": "6.38180", "2016-09-30": "6.48620", "2016-06-30": "6.45170", "2016-03-31": "6.39460", "2015-12-31": "6.29280", "2015-09-30": "6.27250", "2015-06-30": "6.27420", "2015-03-31": "5.64520", "2014-12-31": "5.64520", "2014-09-30": "5.57620", "2014-06-30": "4.97260", "2014-03-31": "4.98360", "2013-12-31": "5.17620", "2013-09-30": "4.90030", "2013-06-30": "5.07590", "2013-03-31": "", "2012-12-31": "", "2012-09-30": "", "2012-06-30": "", "2011-12-31": "", "2010-12-31": ""}, "Operating Cash Flow Per Share": {"2020-09-30": 0.2519, "2020-06-30": 0.2537, "2020-03-31": "0.31610", "2019-12-31": 0.3611, "2019-09-30": 0.4183, "2019-06-30": 0.4276, "2019-03-31": "0.45220", "2018-12-31": 0.4352, "2018-09-30": 0.5688, "2018-06-30": 0.4129, "2018-03-31": "0.31690", "2017-12-31": 0.2748, "2017-09-30": 0.3211, "2017-06-30": 0.2567, "2017-03-31": "0.28180", "2016-12-31": 0.2825, "2016-09-30": 0.264, "2016-06-30": 0.3049, "2016-03-31": "0.23540", "2015-12-31": 0.1551, "2015-09-30": 0.1454, "2015-06-30": 0.1339, "2015-03-31": "0.14390", "2014-12-31": 0.0726, "2014-09-30": -0.1462, "2014-06-30": 0.1339, "2014-03-31": "0.07490", "2013-12-31": -0.0245, "2013-09-30": -0.0412, "2013-06-30": 0.0526, "2013-03-31": "0.02050", "2012-12-31": 0, "2012-09-30": 0, "2012-06-30": 0, "2011-12-31": 0, "2010-12-31": 0}, "Free Cash Flow Per Share": {"2020-09-30": -0.0971, "2020-06-30": 0.0484, "2020-03-31": "0.16100", "2019-12-31": 0.1823, "2019-09-30": 0.2065, "2019-06-30": 0.2569, "2019-03-31": "0.34800", "2018-12-31": 0.3437, "2018-09-30": 0.42, "2018-06-30": 0.1632, "2018-03-31": "0.19760", "2017-12-31": 0.2194, "2017-09-30": 0.2747, "2017-06-30": 0.1975, "2017-03-31": "0.27500", "2016-12-31": 0.2131, "2016-09-30": 0.1626, "2016-06-30": 0.2498, "2016-03-31": "0.14980", "2015-12-31": 0.0286, "2015-09-30": -0.0079, "2015-06-30": -0.0049, "2015-03-31": "0.03820", "2014-12-31": -0.0445, "2014-09-30": -0.2045, "2014-06-30": 0.0631, "2014-03-31": "-0.01220", "2013-12-31": -0.0755, "2013-09-30": -0.1875, "2013-06-30": -0.0586, "2013-03-31": "-0.07070", "2012-12-31": 0, "2012-09-30": 0, "2012-06-30": 0, "2011-12-31": 0, "2010-12-31": 0}}, "revenue": {"Twitter Annual Revenue (Millions of US $)": {"2019": "$3,459", "2018": "$3,042", "2017": "$2,443", "2016": "$2,530", "2015": "$2,218", "2014": "$1,403", "2013": "$665", "2012": "$317", "2011": "$106", "2010": "$28"}, "Twitter Quarterly Revenue (Millions of US $)": {"2020-09-30": "$936", "2020-06-30": "$683", "2020-03-31": "$808", "2019-12-31": "$1,007", "2019-09-30": "$824", "2019-06-30": "$841", "2019-03-31": "$787", "2018-12-31": "$909", "2018-09-30": "$758", "2018-06-30": "$711", "2018-03-31": "$665", "2017-12-31": "$732", "2017-09-30": "$590", "2017-06-30": "$574", "2017-03-31": "$548", "2016-12-31": "$717", "2016-09-30": "$616", "2016-06-30": "$602", "2016-03-31": "$595", "2015-12-31": "$710", "2015-09-30": "$569", "2015-06-30": "$502", "2015-03-31": "$436", "2014-12-31": "$479", "2014-09-30": "$361", "2014-06-30": "$312", "2014-03-31": "$250", "2013-12-31": "$243", "2013-09-30": "$169", "2013-06-30": "$139", "2013-03-31": "$114", "2012-12-31": "", "2012-09-30": "$82", "2012-06-30": "$68", "2011-12-31": "", "2010-12-31": ""}}, "gross-profit": {"Twitter Annual Gross Profit (Millions of US $)": {"2019": "$2,322", "2018": "$2,077", "2017": "$1,582", "2016": "$1,597", "2015": "$1,489", "2014": "$957", "2013": "$398", "2012": "$188", "2011": "$45", "2010": "$-15"}, "Twitter Quarterly Gross Profit (Millions of US $)": {"2020-09-30": "$575", "2020-06-30": "$395", "2020-03-31": "$524", "2019-12-31": "$693", "2019-09-30": "$543", "2019-06-30": "$563", "2019-03-31": "$523", "2018-12-31": "$640", "2018-09-30": "$514", "2018-06-30": "$480", "2018-03-31": "$442", "2017-12-31": "$514", "2017-09-30": "$380", "2017-06-30": "$361", "2017-03-31": "$328", "2016-12-31": "$411", "2016-09-30": "$391", "2016-06-30": "$399", "2016-03-31": "$396", "2015-12-31": "$493", "2015-09-30": "$369", "2015-06-30": "$335", "2015-03-31": "$292", "2014-12-31": "$342", "2014-09-30": "$237", "2014-06-30": "$212", "2014-03-31": "$165", "2013-12-31": "$130", "2013-09-30": "$106", "2013-06-30": "$89", "2013-03-31": "$73", "2012-12-31": "", "2012-09-30": "$49", "2012-06-30": "$38", "2011-12-31": "", "2010-12-31": ""}}, "operating-income": {"Twitter Annual Operating Income (Millions of US $)": {"2019": "$366", "2018": "$453", "2017": "$39", "2016": "$-367", "2015": "$-450", "2014": "$-539", "2013": "$-636", "2012": "$-77", "2011": "$-127", "2010": "$-67"}, "Twitter Quarterly Operating Income (Millions of US $)": {"2020-09-30": "$56", "2020-06-30": "$-274", "2020-03-31": "$-7", "2019-12-31": "$153", "2019-09-30": "$44", "2019-06-30": "$76", "2019-03-31": "$94", "2018-12-31": "$207", "2018-09-30": "$92", "2018-06-30": "$80", "2018-03-31": "$75", "2017-12-31": "$110", "2017-09-30": "$7", "2017-06-30": "$-38", "2017-03-31": "$-40", "2016-12-31": "$-144", "2016-09-30": "$-78", "2016-06-30": "$-86", "2016-03-31": "$-59", "2015-12-31": "$-67", "2015-09-30": "$-105", "2015-06-30": "$-131", "2015-03-31": "$-147", "2014-12-31": "$-98", "2014-09-30": "$-161", "2014-06-30": "$-150", "2014-03-31": "$-129", "2013-12-31": "$-510", "2013-09-30": "$-63", "2013-06-30": "$-39", "2013-03-31": "$-24", "2012-12-31": "", "2012-09-30": "$-21", "2012-06-30": "$-27", "2011-12-31": "", "2010-12-31": ""}}, "ebitda": {"Twitter Annual EBITDA (Millions of US $)": {"2019": "$945", "2018": "$985", "2017": "$515", "2016": "$110", "2015": "$-68", "2014": "$-312", "2013": "$-525", "2012": "$-0", "2011": "$-100", "2010": "$-55"}, "Twitter Quarterly EBITDA (Millions of US $)": {"2020-09-30": "$205", "2020-06-30": "$-124", "2020-03-31": "$135", "2019-12-31": "$289", "2019-09-30": "$195", "2019-06-30": "$223", "2019-03-31": "$238", "2018-12-31": "$349", "2018-09-30": "$235", "2018-06-30": "$209", "2018-03-31": "$192", "2017-12-31": "$223", "2017-09-30": "$125", "2017-06-30": "$85", "2017-03-31": "$82", "2016-12-31": "$-5", "2016-09-30": "$41", "2016-06-30": "$25", "2016-03-31": "$48", "2015-12-31": "$38", "2015-09-30": "$-6", "2015-06-30": "$-38", "2015-03-31": "$-62", "2014-12-31": "$-19", "2014-09-30": "$-99", "2014-06-30": "$-104", "2014-03-31": "$-89", "2013-12-31": "$-479", "2013-09-30": "$-35", "2013-06-30": "$-12", "2013-03-31": "$0", "2012-12-31": "", "2012-09-30": "$-1", "2012-06-30": "$-27", "2011-12-31": "", "2010-12-31": ""}}, "net-income": {"Twitter Annual Net Income (Millions of US $)": {"2019": "$1,466", "2018": "$1,206", "2017": "$-108", "2016": "$-457", "2015": "$-521", "2014": "$-578", "2013": "$-645", "2012": "$-79", "2011": "$-164", "2010": "$-67"}, "Twitter Quarterly Net Income (Millions of US $)": {"2020-09-30": "$29", "2020-06-30": "$-1,378", "2020-03-31": "$-8", "2019-12-31": "$119", "2019-09-30": "$37", "2019-06-30": "$1,120", "2019-03-31": "$191", "2018-12-31": "$255", "2018-09-30": "$789", "2018-06-30": "$100", "2018-03-31": "$61", "2017-12-31": "$91", "2017-09-30": "$-21", "2017-06-30": "$-116", "2017-03-31": "$-62", "2016-12-31": "$-167", "2016-09-30": "$-103", "2016-06-30": "$-107", "2016-03-31": "$-80", "2015-12-31": "$-90", "2015-09-30": "$-132", "2015-06-30": "$-137", "2015-03-31": "$-162", "2014-12-31": "$-125", "2014-09-30": "$-175", "2014-06-30": "$-145", "2014-03-31": "$-132", "2013-12-31": "$-511", "2013-09-30": "$-65", "2013-06-30": "$-42", "2013-03-31": "$-27", "2012-12-31": "", "2012-09-30": "$-22", "2012-06-30": "$-28", "2011-12-31": "", "2010-12-31": ""}}, "eps-earnings-per-share-diluted": {"Twitter Annual EPS": {"2019": "$1.87", "2018": "$1.56", "2017": "$-0.15", "2016": "$-0.65", "2015": "$-0.79", "2014": "$-0.96", "2013": "$-3.41", "2012": "$-0.68", "2011": "$-1.60", "2010": "$-0.89"}, "Twitter Quarterly EPS": {"2020-09-30": "$0.04", "2020-06-30": "$-1.75", "2020-03-31": "$-0.01", "2019-12-31": "$0.14", "2019-09-30": "$0.05", "2019-06-30": "$1.43", "2019-03-31": "$0.25", "2018-12-31": "$0.33", "2018-09-30": "$1.02", "2018-06-30": "$0.13", "2018-03-31": "$0.08", "2017-12-31": "$0.13", "2017-09-30": "$-0.03", "2017-06-30": "$-0.16", "2017-03-31": "$-0.09", "2016-12-31": "$-0.23", "2016-09-30": "$-0.15", "2016-06-30": "$-0.15", "2016-03-31": "$-0.12", "2015-12-31": "$-0.13", "2015-09-30": "$-0.20", "2015-06-30": "$-0.21", "2015-03-31": "$-0.25", "2014-12-31": "$-0.20", "2014-09-30": "$-0.29", "2014-06-30": "$-0.24", "2014-03-31": "$-0.23", "2013-12-31": "$-2.40", "2013-09-30": "$-0.48", "2013-06-30": "$-0.32", "2013-03-31": "$-0.21", "2012-12-31": "$0.00", "2012-09-30": "$0.00", "2012-06-30": "$0.00", "2011-12-31": "$0.00", "2010-12-31": "$0.00"}}, "shares-outstanding": {"Twitter Annual Shares Outstanding (Millions of Shares)": {"2019": "786", "2018": "773", "2017": "733", "2016": "702", "2015": "662", "2014": "605", "2013": "190", "2012": "117", "2011": "103", "2010": "76"}, "Twitter Quarterly Shares Outstanding (Millions of Shares)": {"2020-09-30": "806", "2020-06-30": "786", "2020-03-31": "781", "2019-12-31": "786", "2019-09-30": "791", "2019-06-30": "785", "2019-03-31": "778", "2018-12-31": "773", "2018-09-30": "776", "2018-06-30": "773", "2018-03-31": "766", "2017-12-31": "733", "2017-09-30": "737", "2017-06-30": "730", "2017-03-31": "722", "2016-12-31": "702", "2016-09-30": "704", "2016-06-30": "698", "2016-03-31": "692", "2015-12-31": "662", "2015-09-30": "671", "2015-06-30": "656", "2015-03-31": "640", "2014-12-31": "605", "2014-09-30": "614", "2014-06-30": "596", "2014-03-31": "570", "2013-12-31": "190", "2013-09-30": "134", "2013-06-30": "132", "2013-03-31": "127", "2012-12-31": "", "2012-09-30": "", "2012-06-30": "", "2011-12-31": "", "2010-12-31": ""}}, "total-assets": {"Twitter Annual Total Assets (Millions of US $)": {"2019": "$12,703", "2018": "$10,163", "2017": "$7,412", "2016": "$6,870", "2015": "$6,442", "2014": "$5,583", "2013": "$3,366", "2012": "$832", "2011": "$721", "2010": "$0"}, "Twitter Quarterly Total Assets (Millions of US $)": {"2020-09-30": "$13,089", "2020-06-30": "$12,548", "2020-03-31": "$13,541", "2019-12-31": "$12,703", "2019-09-30": "$11,601", "2019-06-30": "$12,522", "2019-03-31": "$11,145", "2018-12-31": "$10,163", "2018-09-30": "$9,746", "2018-06-30": "$8,861", "2018-03-31": "$7,539", "2017-12-31": "$7,412", "2017-09-30": "$7,076", "2017-06-30": "$6,963", "2017-03-31": "$6,893", "2016-12-31": "$6,870", "2016-09-30": "$6,743", "2016-06-30": "$6,617", "2016-03-31": "$6,476", "2015-12-31": "$6,442", "2015-09-30": "$6,289", "2015-06-30": "$6,230", "2015-03-31": "$5,643", "2014-12-31": "$5,583", "2014-09-30": "$5,449", "2014-06-30": "$3,585", "2014-03-31": "$3,356", "2013-12-31": "$3,366", "2013-09-30": "$993", "2013-06-30": "$964", "2013-03-31": "$0", "2012-12-31": "$0", "2012-09-30": "$0", "2012-06-30": "$0", "2011-12-31": "$721", "2010-12-31": "$0"}}, "cash-on-hand": {"Twitter Annual Cash on Hand (Millions of US $)": {"2019": "$6,639", "2018": "$6,209", "2017": "$4,403", "2016": "$3,775", "2015": "$3,495", "2014": "$3,622", "2013": "$2,234", "2012": "$425", "2011": "$550", "2010": "$"}, "Twitter Quarterly Cash on Hand (Millions of US $)": {"2020-09-30": "$7,681", "2020-06-30": "$7,766", "2020-03-31": "$7,671", "2019-12-31": "$6,639", "2019-09-30": "$5,816", "2019-06-30": "$6,687", "2019-03-31": "$6,460", "2018-12-31": "$6,209", "2018-09-30": "$5,957", "2018-06-30": "$5,661", "2018-03-31": "$4,529", "2017-12-31": "$4,403", "2017-09-30": "$4,258", "2017-06-30": "$4,080", "2017-03-31": "$3,944", "2016-12-31": "$3,775", "2016-09-30": "$3,664", "2016-06-30": "$3,588", "2016-03-31": "$3,576", "2015-12-31": "$3,495", "2015-09-30": "$3,489", "2015-06-30": "$3,561", "2015-03-31": "$3,557", "2014-12-31": "$3,622", "2014-09-30": "$3,648", "2014-06-30": "$2,097", "2014-03-31": "$2,177", "2013-12-31": "$2,234", "2013-09-30": "$321", "2013-06-30": "$375", "2013-03-31": "", "2012-12-31": "", "2012-09-30": "", "2012-06-30": "", "2011-12-31": "$550", "2010-12-31": ""}}, "long-term-debt": {"Twitter Annual Long Term Debt (Millions of US $)": {"2019": "$2,509", "2018": "$1,755", "2017": "$1,709", "2016": "$1,606", "2015": "$1,515", "2014": "$1,495", "2013": "$111", "2012": "$66", "2011": "$21", "2010": "$"}, "Twitter Quarterly Long Term Debt (Millions of US $)": {"2020-09-30": "$2,551", "2020-06-30": "$3,427", "2020-03-31": "$3,398", "2019-12-31": "$2,509", "2019-09-30": "$1,798", "2019-06-30": "$1,781", "2019-03-31": "$1,766", "2018-12-31": "$1,755", "2018-09-30": "$1,747", "2018-06-30": "$2,614", "2018-03-31": "$1,722", "2017-12-31": "$1,709", "2017-09-30": "$1,691", "2017-06-30": "$1,666", "2017-03-31": "$1,638", "2016-12-31": "$1,606", "2016-09-30": "$1,572", "2016-06-30": "$1,540", "2016-03-31": "$1,521", "2015-12-31": "$1,515", "2015-09-30": "$1,508", "2015-06-30": "$1,498", "2015-03-31": "$1,495", "2014-12-31": "$1,495", "2014-09-30": "$1,415", "2014-06-30": "$102", "2014-03-31": "$103", "2013-12-31": "$111", "2013-09-30": "$90", "2013-06-30": "$80", "2013-03-31": "", "2012-12-31": "", "2012-09-30": "", "2012-06-30": "", "2011-12-31": "$21", "2010-12-31": ""}}, "total-liabilities": {"Twitter Annual Total Liabilities (Millions of US $)": {"2019": "$3,999", "2018": "$3,357", "2017": "$2,365", "2016": "$2,265", "2015": "$2,074", "2014": "$1,957", "2013": "$416", "2012": "$207", "2011": "$87", "2010": "$0"}, "Twitter Quarterly Total Liabilities (Millions of US $)": {"2020-09-30": "$5,277", "2020-06-30": "$4,890", "2020-03-31": "$4,745", "2019-12-31": "$3,999", "2019-09-30": "$3,185", "2019-06-30": "$4,177", "2019-03-31": "$4,056", "2018-12-31": "$3,357", "2018-09-30": "$3,294", "2018-06-30": "$3,290", "2018-03-31": "$2,329", "2017-12-31": "$2,365", "2017-09-30": "$2,246", "2017-06-30": "$2,234", "2017-03-31": "$2,202", "2016-12-31": "$2,265", "2016-09-30": "$2,114", "2016-06-30": "$2,060", "2016-03-31": "$1,999", "2015-12-31": "$2,074", "2015-09-30": "$2,015", "2015-06-30": "$1,999", "2015-03-31": "$1,956", "2014-12-31": "$1,957", "2014-09-30": "$1,924", "2014-06-30": "$538", "2014-03-31": "$419", "2013-12-31": "$416", "2013-09-30": "$299", "2013-06-30": "$256", "2013-03-31": "$0", "2012-12-31": "", "2012-09-30": "$0", "2012-06-30": "$0", "2011-12-31": "$87", "2010-12-31": "$0"}}, "total-share-holder-equity": {"Twitter Annual Share Holder Equity (Millions of US $)": {"2019": "$8,704", "2018": "$6,806", "2017": "$5,047", "2016": "$4,605", "2015": "$4,368", "2014": "$3,626", "2013": "$2,950", "2012": "$624", "2011": "$633", "2010": "$0"}, "Twitter Quarterly Share Holder Equity (Millions of US $)": {"2020-09-30": "$7,812", "2020-06-30": "$7,658", "2020-03-31": "$8,796", "2019-12-31": "$8,704", "2019-09-30": "$8,416", "2019-06-30": "$8,345", "2019-03-31": "$7,089", "2018-12-31": "$6,806", "2018-09-30": "$6,453", "2018-06-30": "$5,571", "2018-03-31": "$5,210", "2017-12-31": "$5,047", "2017-09-30": "$4,829", "2017-06-30": "$4,729", "2017-03-31": "$4,690", "2016-12-31": "$4,605", "2016-09-30": "$4,629", "2016-06-30": "$4,557", "2016-03-31": "$4,477", "2015-12-31": "$4,368", "2015-09-30": "$4,274", "2015-06-30": "$4,231", "2015-03-31": "$3,687", "2014-12-31": "$3,626", "2014-09-30": "$3,525", "2014-06-30": "$3,047", "2014-03-31": "$2,937", "2013-12-31": "$2,950", "2013-09-30": "$694", "2013-06-30": "$708", "2013-03-31": "$0", "2012-12-31": "", "2012-09-30": "$0", "2012-06-30": "$0", "2011-12-31": "$633", "2010-12-31": "$0"}}, "profit-margins": {"current": "-31.7%"}, "gross margin": {"2020-09-30": "63.69%", "2020-06-30": "64.87%", "2020-03-31": "66.75%", "2019-12-31": "67.13%", "2019-09-30": "67.51%", "2019-06-30": "67.98%", "2019-03-31": "68.15%", "2018-12-31": "68.22%", "2018-09-30": "68.04%", "2018-06-30": "67.31%", "2018-03-31": "66.26%", "2017-12-31": "64.77%", "2017-09-30": "60.93%", "2017-06-30": "60.73%", "2017-03-31": "61.58%", "2016-12-31": "63.12%", "2016-09-30": "66.55%", "2016-06-30": "66.92%", "2016-03-31": "67.05%", "2015-12-31": "67.16%", "2015-09-30": "67.37%", "2015-06-30": "67.83%", "2015-03-31": "68.20%", "2014-12-31": "68.19%", "2014-09-30": "63.81%", "2014-06-30": "62.94%", "2014-03-31": "61.17%", "2013-12-31": "59.85%", "2013-06-30": "62.99%", "2013-03-31": "60.61%"}, "operating margin": {"2020-09-30": "-2.10%", "2020-06-30": "-2.53%", "2020-03-31": "7.64%", "2019-12-31": "10.61%", "2019-09-30": "12.53%", "2019-06-30": "14.23%", "2019-03-31": "14.94%", "2018-12-31": "14.92%", "2018-09-30": "12.46%", "2018-06-30": "10.08%", "2018-03-31": "6.01%", "2017-12-31": "1.60%", "2017-09-30": "-8.85%", "2017-06-30": "-12.22%", "2017-03-31": "-14.02%", "2016-12-31": "-14.51%", "2016-09-30": "-11.49%", "2016-06-30": "-12.80%", "2016-03-31": "-15.24%", "2015-12-31": "-20.30%", "2015-09-30": "-24.22%", "2015-06-30": "-30.20%", "2015-03-31": "-35.01%", "2014-12-31": "-38.37%", "2014-09-30": "-81.48%", "2014-06-30": "-87.47%", "2014-03-31": "-92.51%", "2013-12-31": "-95.64%", "2013-06-30": "-25.07%", "2013-03-31": "-27.27%"}, "ebitda margin": {"2020-09-30": "14.71%", "2020-06-30": "14.90%", "2020-03-31": "24.20%", "2019-12-31": "27.32%", "2019-09-30": "29.90%", "2019-06-30": "31.71%", "2019-03-31": "32.58%", "2018-12-31": "32.37%", "2018-09-30": "29.97%", "2018-06-30": "27.76%", "2018-03-31": "24.40%", "2017-12-31": "21.07%", "2017-09-30": "11.82%", "2017-06-30": "8.27%", "2017-03-31": "5.76%", "2016-12-31": "4.31%", "2016-09-30": "6.02%", "2016-06-30": "4.24%", "2016-03-31": "1.77%", "2015-12-31": "-3.07%", "2015-09-30": "-6.29%", "2015-06-30": "-12.26%", "2015-03-31": "-17.88%", "2014-12-31": "-22.18%", "2014-09-30": "-66.12%", "2014-06-30": "-72.59%", "2014-03-31": "-76.78%", "2013-12-31": "-79.10%", "2013-06-30": "-3.88%", "2013-03-31": "-10.61%"}, "pre tax profit margin": {"2020-09-30": "-3.41%", "2020-06-30": "-2.98%", "2020-03-31": "7.99%", "2019-12-31": "11.30%", "2019-09-30": "13.09%", "2019-06-30": "14.54%", "2019-03-31": "14.44%", "2018-12-31": "13.93%", "2018-09-30": "10.85%", "2018-06-30": "7.64%", "2018-03-31": "1.05%", "2017-12-31": "-3.89%", "2017-09-30": "-14.45%", "2017-06-30": "-17.47%", "2017-03-31": "-16.96%", "2016-12-31": "-17.43%", "2016-09-30": "-14.51%", "2016-06-30": "-16.11%", "2016-03-31": "-18.94%", "2015-12-31": "-24.09%", "2015-09-30": "-28.65%", "2015-06-30": "-34.59%", "2015-03-31": "-38.35%", "2014-12-31": "-41.23%", "2014-09-30": "-83.28%", "2014-06-30": "-88.30%", "2014-03-31": "-93.76%", "2013-12-31": "-97.29%", "2013-06-30": "-26.57%", "2013-03-31": "-28.41%"}, "net profit margin": {"2020-09-30": "-36.05%", "2020-06-30": "-37.03%", "2020-03-31": "36.44%", "2019-12-31": "42.41%", "2019-09-30": "47.69%", "2019-06-30": "71.47%", "2019-03-31": "42.18%", "2018-12-31": "39.60%", "2018-09-30": "36.32%", "2018-06-30": "8.56%", "2018-03-31": "0.59%", "2017-12-31": "-4.42%", "2017-09-30": "-15.07%", "2017-06-30": "-18.25%", "2017-03-31": "-17.68%", "2016-12-31": "-18.06%", "2016-09-30": "-15.06%", "2016-06-30": "-16.52%", "2016-03-31": "-18.48%", "2015-12-31": "-23.50%", "2015-09-30": "-28.00%", "2015-06-30": "-33.69%", "2015-03-31": "-38.22%", "2014-12-31": "-41.16%", "2014-09-30": "-82.59%", "2014-06-30": "-87.58%", "2014-03-31": "-93.63%", "2013-12-31": "-96.99%", "2013-06-30": "-27.16%", "2013-03-31": "-29.17%"}, "pe ratio": {"current": "0.00", "2021-02-05": "0.00", "2020-09-30": "0.00", "2020-06-30": "0.00", "2020-03-31": "15.16", "2019-12-31": "17.05", "2019-09-30": "20.00", "2019-06-30": "11.52", "2019-03-31": "19.01", "2018-12-31": "18.42", "2018-09-30": "21.08", "2018-06-30": "145.57", "2018-03-31": "0.00", "2017-12-31": "0.00", "2017-09-30": "0.00", "2017-06-30": "0.00", "2017-03-31": "0.00", "2016-12-31": "0.00", "2016-09-30": "0.00", "2016-06-30": "0.00", "2016-03-31": "0.00", "2015-12-31": "0.00", "2015-09-30": "0.00", "2015-06-30": "0.00", "2015-03-31": "0.00", "2014-12-31": "0.00", "2014-09-30": "0.00"}, "price sales": {"2021-02-05": "13.06", "2020-09-30": "10.24", "2020-06-30": "7.05", "2020-03-31": "5.54", "2019-12-31": "7.27", "2019-09-30": "9.58", "2019-06-30": "8.24", "2019-03-31": "8.05", "2018-12-31": "7.29", "2018-09-30": "7.56", "2018-06-30": "12.17", "2018-03-31": "8.40", "2017-12-31": "7.18", "2017-09-30": "5.01", "2017-06-30": "5.19", "2017-03-31": "4.25", "2016-12-31": "4.51", "2016-09-30": "6.28", "2016-06-30": "4.64", "2016-03-31": "4.67", "2015-12-31": "6.87", "2015-09-30": "8.73", "2015-06-30": "12.81", "2015-03-31": "19.38", "2014-12-31": "15.31", "2014-09-30": "18.21"}, "price book": {"current": "5.78", "2021-02-05": "5.77", "2020-09-30": "4.53", "2020-06-30": "3.07", "2020-03-31": "2.19", "2019-12-31": "2.87", "2019-09-30": "3.80", "2019-06-30": "3.23", "2019-03-31": "3.56", "2018-12-31": "3.23", "2018-09-30": "3.35", "2018-06-30": "5.93", "2018-03-31": "4.19", "2017-12-31": "3.55", "2017-09-30": "2.59", "2017-06-30": "2.78", "2017-03-31": "2.33", "2016-12-31": "2.55", "2016-09-30": "3.55", "2016-06-30": "2.62", "2016-03-31": "2.59", "2015-12-31": "3.68", "2015-09-30": "4.29", "2015-06-30": "5.77", "2015-03-31": "8.87", "2014-12-31": "6.35", "2014-09-30": "9.25", "2014-06-30": "8.24", "2014-03-31": "9.36", "2013-12-31": "12.30"}, "price fcf": {"2021-02-05": "", "2020-09-30": "$0.29", "2020-06-30": "$0.60", "2020-03-31": "$0.81", "2019-12-31": "$0.99", "2019-09-30": "$1.16", "2019-06-30": "$1.37", "2019-03-31": "$1.27", "2018-12-31": "$1.12", "2018-09-30": "$1.00", "2018-06-30": "$0.85", "2018-03-31": "$0.89", "2017-12-31": "$0.97", "2017-09-30": "$0.96", "2017-06-30": "$0.85", "2017-03-31": "$0.90", "2016-12-31": "$0.78", "2016-09-30": "$0.59", "2016-06-30": "$0.42", "2016-03-31": "$0.17", "2015-12-31": "$0.05", "2015-09-30": "$-0.02", "2015-06-30": "$-0.22", "2015-03-31": "$-0.15", "2014-12-31": "$-0.20", "2014-09-30": "$-0.55"}, "net worth": {"value": "$45.16B"}, "current ratio": {"current": "4.44", "2020-09-30": "4.44", "2020-06-30": "10.10", "2020-03-31": "11.93", "2019-12-31": "9.15", "2019-09-30": "8.69", "2019-06-30": "4.33", "2019-03-31": "4.47", "2018-12-31": "4.69", "2018-09-30": "4.61", "2018-06-30": "11.00", "2018-03-31": "10.23", "2017-12-31": "9.12", "2017-09-30": "10.40", "2017-06-30": "9.79", "2017-03-31": "9.60", "2016-12-31": "7.97", "2016-09-30": "9.52", "2016-06-30": "9.75", "2016-03-31": "10.38", "2015-12-31": "8.66", "2015-09-30": "9.97", "2015-06-30": "10.05", "2015-03-31": "10.64", "2014-12-31": "10.81", "2014-09-30": "9.43", "2014-06-30": "6.65", "2014-03-31": "9.59", "2013-12-31": "11.42", "2013-09-30": "3.00", "2013-06-30": "3.74", "2013-03-31": "0.00", "2012-12-31": "0.00", "2012-09-30": "0.00", "2012-06-30": "0.00", "2011-12-31": "12.49", "2010-12-31": "0.00"}, "quick ratio": {"2020-09-30": "0.00", "2020-06-30": "0.00", "2020-03-31": "0.00", "2019-12-31": "0.00", "2019-09-30": "0.00", "2019-06-30": "0.00", "2019-03-31": "0.00", "2018-12-31": "0.00", "2018-09-30": "0.00", "2018-06-30": "0.00", "2018-03-31": "0.00", "2017-12-31": "0.00", "2017-09-30": "0.00", "2017-06-30": "0.00", "2017-03-31": "0.00", "2016-12-31": "0.00", "2016-09-30": "0.00", "2016-06-30": "0.00", "2016-03-31": "0.00", "2015-12-31": "0.00", "2015-09-30": "0.00", "2015-06-30": "0.00", "2015-03-31": "0.00", "2014-12-31": "0.00", "2014-09-30": "0.00", "2014-06-30": "0.00", "2014-03-31": "0.00", "2013-12-31": "0.00", "2013-09-30": "0.00", "2013-06-30": "0.00", "2013-03-31": "0.00", "2012-12-31": "0.00", "2012-09-30": "0.00", "2012-06-30": "0.00", "2011-12-31": "0.00", "2010-12-31": "0.00"}, "debt equity ratio": {"current": "0.33", "2020-09-30": "0.68", "2020-06-30": "0.64", "2020-03-31": "0.54", "2019-12-31": "0.46", "2019-09-30": "0.38", "2019-06-30": "0.50", "2019-03-31": "0.57", "2018-12-31": "0.49", "2018-09-30": "0.51", "2018-06-30": "0.59", "2018-03-31": "0.45", "2017-12-31": "0.47", "2017-09-30": "0.47", "2017-06-30": "0.47", "2017-03-31": "0.47", "2016-12-31": "0.49", "2016-09-30": "0.46", "2016-06-30": "0.45", "2016-03-31": "0.45", "2015-12-31": "0.48", "2015-09-30": "0.47", "2015-06-30": "0.47", "2015-03-31": "0.53", "2014-12-31": "0.54", "2014-09-30": "0.55", "2014-06-30": "0.18", "2014-03-31": "0.14", "2013-12-31": "0.14", "2013-09-30": "0.43", "2013-06-30": "0.36", "2013-03-31": "0.00", "2012-12-31": "0.00", "2012-09-30": "0.00", "2012-06-30": "0.00", "2011-12-31": "0.14", "2010-12-31": "0.00"}, "return on equity": {"2020-09-30": "-15.02%", "2020-06-30": "-14.65%", "2020-03-31": "14.80%", "2019-12-31": "18.03%", "2019-09-30": "20.92%", "2019-06-30": "32.83%", "2019-03-31": "20.60%", "2018-12-31": "20.05%", "2018-09-30": "18.69%", "2018-06-30": "4.47%", "2018-03-31": "0.30%", "2017-12-31": "-2.24%", "2017-09-30": "-7.77%", "2017-06-30": "-9.61%", "2017-03-31": "-9.50%", "2016-12-31": "-10.01%", "2016-09-30": "-8.43%", "2016-06-30": "-9.26%", "2016-03-31": "-10.12%", "2015-12-31": "-12.58%", "2015-09-30": "-14.06%", "2015-06-30": "-15.90%", "2015-03-31": "-17.49%", "2014-12-31": "-17.57%", "2014-09-30": "-30.92%", "2014-06-30": "-35.44%", "2014-03-31": "-41.16%", "2013-12-31": "-59.28%", "2013-06-30": "-51.41%", "2013-03-31": "inf%"}, "return on assets": {"2020-09-30": "-9.54%", "2020-06-30": "-9.76%", "2020-03-31": "10.07%", "2019-12-31": "12.23%", "2019-09-30": "14.11%", "2019-06-30": "21.62%", "2019-03-31": "13.38%", "2018-12-31": "13.27%", "2018-09-30": "12.41%", "2018-06-30": "2.99%", "2018-03-31": "0.21%", "2017-12-31": "-1.52%", "2017-09-30": "-5.27%", "2017-06-30": "-6.52%", "2017-03-31": "-6.47%", "2016-12-31": "-6.84%", "2016-09-30": "-5.78%", "2016-06-30": "-6.34%", "2016-03-31": "-6.90%", "2015-12-31": "-8.47%", "2015-09-30": "-9.37%", "2015-06-30": "-10.46%", "2015-03-31": "-11.98%", "2014-12-31": "-12.84%", "2014-09-30": "-24.45%", "2014-06-30": "-30.19%", "2014-03-31": "-34.57%", "2013-12-31": "-48.47%", "2013-06-30": "-37.76%", "2013-03-31": "inf%"}, "return on investments": {"2020-09-30": "-0.64%", "2020-06-30": "-0.75%", "2020-03-31": "2.43%", "2019-12-31": "3.63%", "2019-09-30": "4.46%", "2019-06-30": "5.25%", "2019-03-31": "5.60%", "2018-12-31": "5.70%", "2018-09-30": "4.75%", "2018-06-30": "3.83%", "2018-03-31": "2.32%", "2017-12-31": "0.60%", "2017-09-30": "-3.38%", "2017-06-30": "-4.77%", "2017-03-31": "-5.60%", "2016-12-31": "-5.99%", "2016-09-30": "-4.80%", "2016-06-30": "-5.34%", "2016-03-31": "-6.19%", "2015-12-31": "-7.97%", "2015-09-30": "-8.82%", "2015-06-30": "-10.24%", "2015-03-31": "-12.09%", "2014-12-31": "-13.24%", "2014-09-30": "-26.78%", "2014-06-30": "-33.97%", "2014-03-31": "-38.63%", "2013-12-31": "-54.91%", "2013-06-30": "-42.64%", "2013-03-31": "inf%"}, "return on tangible equity": {"2020-09-30": "-17.92%", "2020-06-30": "-17.39%", "2020-03-31": "17.47%", "2019-12-31": "21.43%", "2019-09-30": "25.12%", "2019-06-30": "39.95%", "2019-03-31": "25.64%", "2018-12-31": "25.39%", "2018-09-30": "24.13%", "2018-06-30": "5.90%", "2018-03-31": "0.40%", "2017-12-31": "-3.02%", "2017-09-30": "-10.60%", "2017-06-30": "-13.21%", "2017-03-31": "-13.18%", "2016-12-31": "-13.93%", "2016-09-30": "-11.78%", "2016-06-30": "-13.01%", "2016-03-31": "-14.27%", "2015-12-31": "-17.42%", "2015-09-30": "-18.91%", "2015-06-30": "-20.76%", "2015-03-31": "-22.08%", "2014-12-31": "-21.74%", "2014-09-30": "-37.68%", "2014-06-30": "-42.93%", "2014-03-31": "-49.57%", "2013-12-31": "-72.68%", "2013-06-30": "-68.68%", "2013-03-31": "inf%"}, "dividend yield history": {"last payout": "$0.00", "last yield": "0.00%"}}