{"ticker": "TWO", "price": {"title": "Two Harbors Investments Corp Historical Annual Stock Price Data", "value": 6.45, "historical": {"2020": {"Average Stock Price": "7.1292", "Year Open": "14.7100", "Year High": "15.8300", "Year Low": "2.4200", "Year Close": "6.3700", "Annual % Change": "-56.43%"}, "2019": {"Average Stock Price": "13.6175", "Year Open": "12.9900", "Year High": "15.1100", "Year Low": "12.2200", "Year Close": "14.6200", "Annual % Change": "13.86%"}, "2018": {"Average Stock Price": "15.2098", "Year Open": "16.0900", "Year High": "16.2200", "Year Low": "12.7000", "Year Close": "12.8400", "Annual % Change": "-21.03%"}, "2017": {"Average Stock Price": "18.9300", "Year Open": "17.6600", "Year High": "20.9400", "Year Low": "15.2500", "Year Close": "16.2600", "Annual % Change": "-6.77%"}, "2016": {"Average Stock Price": "16.6451", "Year Open": "16.4200", "Year High": "18.3000", "Year Low": "14.1400", "Year Close": "17.4400", "Annual % Change": "7.65%"}, "2015": {"Average Stock Price": "19.5556", "Year Open": "20.4000", "Year High": "21.9400", "Year Low": "15.8800", "Year Close": "16.2000", "Annual % Change": "-19.16%"}, "2014": {"Average Stock Price": "20.5020", "Year Open": "18.9200", "Year High": "21.5400", "Year Low": "18.9200", "Year Close": "20.0400", "Annual % Change": "7.97%"}, "2013": {"Average Stock Price": "21.6045", "Year Open": "23.0800", "Year High": "27.9000", "Year Low": "17.9800", "Year Close": "18.5600", "Annual % Change": "-16.25%"}, "2012": {"Average Stock Price": "21.5636", "Year Open": "18.6000", "Year High": "24.2200", "Year Low": "18.1200", "Year Close": "22.1600", "Annual % Change": "19.91%"}, "2011": {"Average Stock Price": "19.9107", "Year Open": "19.4600", "Year High": "22.6800", "Year Low": "16.6400", "Year Close": "18.4800", "Annual % Change": "-5.62%"}, "2010": {"Average Stock Price": "18.0732", "Year Open": "19.6200", "Year High": "20.5000", "Year Low": "16.3200", "Year Close": "19.5800", "Annual % Change": "-0.10%"}, "2009": {"Average Stock Price": "18.8470", "Year Open": "19.3800", "Year High": "19.8000", "Year Low": "17.5600", "Year Close": "19.6000", "Annual % Change": "0.00%"}}}, "market cap": {"value": "$1.77B"}, "income statement": {"Revenue": {"2019-12-31": "994.69000", "2018-12-31": "870.03200", "2017-12-31": "745.08900", "2016-12-31": "575.08000", "2015-12-31": "592.87900", "2014-12-31": "577.20700", "2013-12-31": "555.59100", "2012-12-31": "455.04600", "2011-12-31": "201.63400", "2010-12-31": "40.12100", "2009-12-31": "2.86600", "2008-12-31": "4.44300"}, "Cost Of Goods Sold": {"2019-12-31": "", "2018-12-31": "", "2017-12-31": "", "2016-12-31": "", "2015-12-31": "", "2014-12-31": "", "2013-12-31": "", "2012-12-31": "", "2011-12-31": "", "2010-12-31": "4.42100", "2009-12-31": "0.13100", "2008-12-31": ""}, "Gross Profit": {"2019-12-31": "994.69000", "2018-12-31": "870.03200", "2017-12-31": "745.08900", "2016-12-31": "575.08000", "2015-12-31": "592.87900", "2014-12-31": "577.20700", "2013-12-31": "555.59100", "2012-12-31": "455.04600", "2011-12-31": "201.63400", "2010-12-31": "35.70000", "2009-12-31": "2.73500", "2008-12-31": "4.44300"}, "Research And Development Expenses": {"2019-12-31": "", "2018-12-31": "", "2017-12-31": "", "2016-12-31": "", "2015-12-31": "", "2014-12-31": "", "2013-12-31": "", "2012-12-31": "", "2011-12-31": "", "2010-12-31": "", "2009-12-31": "", "2008-12-31": ""}, "SG&A Expenses": {"2019-12-31": "60.10200", "2018-12-31": "30.27200", "2017-12-31": "40.47200", "2016-12-31": "39.26100", "2015-12-31": "49.11600", "2014-12-31": "48.80300", "2013-12-31": "41.70700", "2012-12-31": "33.16800", "2011-12-31": "14.24100", "2010-12-31": "2.98900", "2009-12-31": "0.32600", "2008-12-31": ""}, "Other Operating Income Or Expenses": {"2019-12-31": "-145.97400", "2018-12-31": "-211.29200", "2017-12-31": "-90.23800", "2016-12-31": "-96.69800", "2015-12-31": "-94.29800", "2014-12-31": "-87.18600", "2013-12-31": "-46.83500", "2012-12-31": "-28.63000", "2011-12-31": "-14.77500", "2010-12-31": "-4.57800", "2009-12-31": "-12.17100", "2008-12-31": "-1.06000"}, "Operating Expenses": {"2019-12-31": "206.07600", "2018-12-31": "249.80200", "2017-12-31": "130.71000", "2016-12-31": "138.94900", "2015-12-31": "143.41400", "2014-12-31": "135.98900", "2013-12-31": "88.54200", "2012-12-31": "61.79800", "2011-12-31": "29.01600", "2010-12-31": "11.98800", "2009-12-31": "12.62800", "2008-12-31": "1.06000"}, "Operating Income": {"2019-12-31": "788.61400", "2018-12-31": "620.23000", "2017-12-31": "614.37900", "2016-12-31": "436.13100", "2015-12-31": "449.46500", "2014-12-31": "441.21800", "2013-12-31": "467.04900", "2012-12-31": "393.24800", "2011-12-31": "172.61800", "2010-12-31": "28.13300", "2009-12-31": "-9.76200", "2008-12-31": "3.38300"}, "Total Non-Operating Income/Expense": {"2019-12-31": "-478.21200", "2018-12-31": "-622.69700", "2017-12-31": "-316.62200", "2016-12-31": "-105.89600", "2015-12-31": "26.04700", "2014-12-31": "-347.81700", "2013-12-31": "192.40200", "2012-12-31": "-148.05100", "2011-12-31": "-46.20300", "2010-12-31": "6.93900", "2009-12-31": "0.70000", "2008-12-31": ""}, "Pre-Tax Income": {"2019-12-31": "310.40200", "2018-12-31": "-2.46700", "2017-12-31": "297.75700", "2016-12-31": "330.23500", "2015-12-31": "475.51200", "2014-12-31": "93.40100", "2013-12-31": "659.45100", "2012-12-31": "245.19700", "2011-12-31": "126.41500", "2010-12-31": "35.07200", "2009-12-31": "-9.06200", "2008-12-31": "3.38300"}, "Income Taxes": {"2019-12-31": "-13.56000", "2018-12-31": "41.82300", "2017-12-31": "-10.48200", "2016-12-31": "12.31400", "2015-12-31": "-16.56000", "2014-12-31": "-73.73800", "2013-12-31": "84.41100", "2012-12-31": "-42.21900", "2011-12-31": "-1.10600", "2010-12-31": "-0.68300", "2009-12-31": "-0.31800", "2008-12-31": "1.08800"}, "Income After Taxes": {"2019-12-31": "323.96200", "2018-12-31": "-44.29000", "2017-12-31": "308.23900", "2016-12-31": "317.92100", "2015-12-31": "492.07200", "2014-12-31": "167.13900", "2013-12-31": "575.04000", "2012-12-31": "287.41600", "2011-12-31": "127.52100", "2010-12-31": "35.75500", "2009-12-31": "-8.74400", "2008-12-31": "2.29500"}, "Other Income": {"2019-12-31": "", "2018-12-31": "", "2017-12-31": "", "2016-12-31": "", "2015-12-31": "", "2014-12-31": "", "2013-12-31": "", "2012-12-31": "", "2011-12-31": "", "2010-12-31": "", "2009-12-31": "", "2008-12-31": ""}, "Income From Continuous Operations": {"2019-12-31": "323.96200", "2018-12-31": "-44.29000", "2017-12-31": "308.23900", "2016-12-31": "317.92100", "2015-12-31": "492.07200", "2014-12-31": "167.13900", "2013-12-31": "575.04000", "2012-12-31": "287.41600", "2011-12-31": "127.52100", "2010-12-31": "35.75500", "2009-12-31": "-8.74400", "2008-12-31": "2.29500"}, "Income From Discontinued Operations": {"2019-12-31": "", "2018-12-31": "", "2017-12-31": "44.14600", "2016-12-31": "35.35700", "2015-12-31": "0.13800", "2014-12-31": "", "2013-12-31": "3.99900", "2012-12-31": "4.49000", "2011-12-31": "-0.08900", "2010-12-31": "", "2009-12-31": "", "2008-12-31": ""}, "Net Income": {"2019-12-31": "248.16100", "2018-12-31": "-109.68500", "2017-12-31": "323.44900", "2016-12-31": "353.27800", "2015-12-31": "492.21000", "2014-12-31": "167.13900", "2013-12-31": "579.03900", "2012-12-31": "291.90600", "2011-12-31": "127.43200", "2010-12-31": "35.75500", "2009-12-31": "-8.83700", "2008-12-31": "2.05900"}, "EBITDA": {"2019-12-31": "957.39100", "2018-12-31": "715.08900", "2017-12-31": "682.74400", "2016-12-31": "479.01900", "2015-12-31": "489.74000", "2014-12-31": "454.84590", "2013-12-31": "486.36300", "2012-12-31": "395.02700", "2011-12-31": "172.42200", "2010-12-31": "30.58800", "2009-12-31": "-9.23400", "2008-12-31": "3.38300"}, "EBIT": {"2019-12-31": "788.61400", "2018-12-31": "620.23000", "2017-12-31": "614.37900", "2016-12-31": "436.13100", "2015-12-31": "449.46500", "2014-12-31": "441.21800", "2013-12-31": "467.04900", "2012-12-31": "393.24800", "2011-12-31": "172.61800", "2010-12-31": "28.13300", "2009-12-31": "-9.76200", "2008-12-31": "3.38300"}, "Basic Shares Outstanding": {"2019-12-31": "267.82700", "2018-12-31": "206.02100", "2017-12-31": "174.43400", "2016-12-31": "174.03700", "2015-12-31": "182.62390", "2014-12-31": "183.00600", "2013-12-31": "175.18100", "2012-12-31": "121.00750", "2011-12-31": "49.41350", "2010-12-31": "11.19100", "2009-12-31": "11.47100", "2008-12-31": "12.46850"}, "Shares Outstanding": {"2019-12-31": "267.82700", "2018-12-31": "206.02100", "2017-12-31": "188.13300", "2016-12-31": "174.03700", "2015-12-31": "182.62390", "2014-12-31": "183.00600", "2013-12-31": "175.49600", "2012-12-31": "121.21600", "2011-12-31": "49.41350", "2010-12-31": "11.19100", "2009-12-31": "11.47100", "2008-12-31": "12.46850"}, "Basic EPS": {"2019-12-31": "0.93000", "2018-12-31": "-0.53000", "2017-12-31": "1.85000", "2016-12-31": "2.03000", "2015-12-31": "2.70000", "2014-12-31": "0.92000", "2013-12-31": "3.30000", "2012-12-31": "2.42000", "2011-12-31": "2.58000", "2010-12-31": "3.20000", "2009-12-31": "-0.78000", "2008-12-31": "0.16000"}, "EPS - Earnings Per Share": {"2019-12-31": "0.93000", "2018-12-31": "-0.53000", "2017-12-31": "1.81000", "2016-12-31": "2.03000", "2015-12-31": "2.70000", "2014-12-31": "0.92000", "2013-12-31": "3.30000", "2012-12-31": "2.40000", "2011-12-31": "2.58000", "2010-12-31": "3.20000", "2009-12-31": "-0.78000", "2008-12-31": "0.16000"}}, "income statement, quarterly": {"Revenue": {"2020-09-30": "89.71600", "2020-06-30": "107.32700", "2020-03-31": "255.50700", "2019-12-31": "238.43800", "2019-09-30": "249.74000", "2019-06-30": "261.02900", "2019-03-31": "245.48300", "2018-12-31": "251.95500", "2018-09-30": "236.69800", "2018-06-30": "187.36000", "2018-03-31": "194.01900", "2017-12-31": "195.10500", "2017-09-30": "196.08900", "2017-06-30": "184.74100", "2017-03-31": "169.15400", "2016-12-31": "120.67900", "2016-09-30": "168.86200", "2016-06-30": "154.77600", "2016-03-31": "130.76300", "2015-12-31": "124.54710", "2015-09-30": "152.83400", "2015-06-30": "152.52900", "2015-03-31": "162.96900", "2014-12-31": "156.22000", "2014-09-30": "142.30300", "2014-06-30": "140.14900", "2014-03-31": "138.53500", "2013-12-31": "137.45700", "2013-09-30": "137.97400", "2013-06-30": "145.32500", "2013-03-31": "134.83500", "2012-12-31": "137.33200", "2012-09-30": "126.30900", "2012-06-30": "105.90400", "2012-03-31": "85.50100", "2011-12-31": "73.19700", "2011-09-30": "67.73900", "2011-06-30": "40.82800", "2011-03-31": "19.87000", "2010-12-31": "12.97200", "2010-09-30": "11.86500", "2010-06-30": "9.12500", "2010-03-31": "6.15900", "2009-12-31": "2.80970", "2009-09-30": "0.00090", "2009-06-30": "0.00720", "2009-03-31": "0.04820", "2008-12-31": "", "2008-09-30": ""}, "Cost Of Goods Sold": {"2020-09-30": "", "2020-06-30": "", "2020-03-31": "", "2019-12-31": "", "2019-09-30": "", "2019-06-30": "", "2019-03-31": "", "2018-12-31": "", "2018-09-30": "", "2018-06-30": "", "2018-03-31": "", "2017-12-31": "", "2017-09-30": "", "2017-06-30": "", "2017-03-31": "", "2016-12-31": "", "2016-09-30": "", "2016-06-30": "", "2016-03-31": "", "2015-12-31": "", "2015-09-30": "", "2015-06-30": "", "2015-03-31": "", "2014-12-31": "", "2014-09-30": "", "2014-06-30": "", "2014-03-31": "", "2013-12-31": "", "2013-09-30": "", "2013-06-30": "", "2013-03-31": "", "2012-12-31": "", "2012-09-30": "", "2012-06-30": "15.52700", "2012-03-31": "11.46700", "2011-12-31": "", "2011-09-30": "7.21800", "2011-06-30": "3.86300", "2011-03-31": "2.49900", "2010-12-31": "1.64500", "2010-09-30": "1.39500", "2010-06-30": "0.86300", "2010-03-31": "0.51800", "2009-12-31": "", "2009-09-30": "", "2009-06-30": "", "2009-03-31": "", "2008-12-31": "", "2008-09-30": ""}, "Gross Profit": {"2020-09-30": "89.71600", "2020-06-30": "107.32700", "2020-03-31": "255.50700", "2019-12-31": "238.43800", "2019-09-30": "249.74000", "2019-06-30": "261.02900", "2019-03-31": "245.48300", "2018-12-31": "251.95500", "2018-09-30": "236.69800", "2018-06-30": "187.36000", "2018-03-31": "194.01900", "2017-12-31": "195.10500", "2017-09-30": "196.08900", "2017-06-30": "184.74100", "2017-03-31": "169.15400", "2016-12-31": "120.67900", "2016-09-30": "168.86200", "2016-06-30": "154.77600", "2016-03-31": "130.76300", "2015-12-31": "124.54710", "2015-09-30": "152.83400", "2015-06-30": "152.52900", "2015-03-31": "162.96900", "2014-12-31": "156.22000", "2014-09-30": "142.30300", "2014-06-30": "140.14900", "2014-03-31": "138.53500", "2013-12-31": "137.45700", "2013-09-30": "137.97400", "2013-06-30": "145.32500", "2013-03-31": "134.83500", "2012-12-31": "137.33200", "2012-09-30": "126.30900", "2012-06-30": "90.37700", "2012-03-31": "74.03400", "2011-12-31": "73.19700", "2011-09-30": "60.52100", "2011-06-30": "36.96500", "2011-03-31": "17.37100", "2010-12-31": "11.32700", "2010-09-30": "10.47000", "2010-06-30": "8.26200", "2010-03-31": "5.64100", "2009-12-31": "2.80970", "2009-09-30": "0.00090", "2009-06-30": "0.00720", "2009-03-31": "0.04820", "2008-12-31": "", "2008-09-30": ""}, "Research And Development Expenses": {"2020-09-30": "", "2020-06-30": "", "2020-03-31": "", "2019-12-31": "", "2019-09-30": "", "2019-06-30": "", "2019-03-31": "", "2018-12-31": "", "2018-09-30": "", "2018-06-30": "", "2018-03-31": "", "2017-12-31": "", "2017-09-30": "", "2017-06-30": "", "2017-03-31": "", "2016-12-31": "", "2016-09-30": "", "2016-06-30": "", "2016-03-31": "", "2015-12-31": "", "2015-09-30": "", "2015-06-30": "", "2015-03-31": "", "2014-12-31": "", "2014-09-30": "", "2014-06-30": "", "2014-03-31": "", "2013-12-31": "", "2013-09-30": "", "2013-06-30": "", "2013-03-31": "", "2012-12-31": "", "2012-09-30": "", "2012-06-30": "", "2012-03-31": "", "2011-12-31": "", "2011-09-30": "", "2011-06-30": "", "2011-03-31": "", "2010-12-31": "", "2010-09-30": "", "2010-06-30": "", "2010-03-31": "", "2009-12-31": "", "2009-09-30": "", "2009-06-30": "", "2009-03-31": "", "2008-12-31": "", "2008-09-30": ""}, "SG&A Expenses": {"2020-09-30": "5.75900", "2020-06-30": "11.42900", "2020-03-31": "14.55000", "2019-12-31": "17.54600", "2019-09-30": "16.83900", "2019-06-30": "13.63500", "2019-03-31": "12.08200", "2018-12-31": "12.15200", "2018-09-30": "-5.04100", "2018-06-30": "11.45300", "2018-03-31": "11.70800", "2017-12-31": "10.67100", "2017-09-30": "10.14600", "2017-06-30": "9.84700", "2017-03-31": "9.80800", "2016-12-31": "3.99300", "2016-09-30": "11.38700", "2016-06-30": "11.83700", "2016-03-31": "12.04400", "2015-12-31": "11.09200", "2015-09-30": "12.61700", "2015-06-30": "12.68600", "2015-03-31": "12.72100", "2014-12-31": "12.24400", "2014-09-30": "12.25800", "2014-06-30": "12.19000", "2014-03-31": "12.11100", "2013-12-31": "12.31900", "2013-09-30": "12.03600", "2013-06-30": "12.59100", "2013-03-31": "4.76100", "2012-12-31": "9.88600", "2012-09-30": "8.92900", "2012-06-30": "7.61000", "2012-03-31": "6.74300", "2011-12-31": "5.17800", "2011-09-30": "4.78500", "2011-06-30": "2.72800", "2011-03-31": "1.55000", "2010-12-31": "0.92200", "2010-09-30": "0.86200", "2010-06-30": "0.74800", "2010-03-31": "0.45700", "2009-12-31": "-2.42040", "2009-09-30": "1.04030", "2009-06-30": "1.38570", "2009-03-31": "0.32040", "2008-12-31": "", "2008-09-30": "0.22560"}, "Other Operating Income Or Expenses": {"2020-09-30": "-45.17300", "2020-06-30": "-37.78500", "2020-03-31": "-35.70200", "2019-12-31": "-37.70300", "2019-09-30": "-36.99000", "2019-06-30": "-35.60700", "2019-03-31": "-35.67400", "2018-12-31": "-34.66000", "2018-09-30": "-120.26400", "2018-06-30": "-27.22800", "2018-03-31": "-29.14000", "2017-12-31": "-20.28200", "2017-09-30": "-21.69800", "2017-06-30": "-29.19600", "2017-03-31": "-19.06200", "2016-12-31": "-16.84500", "2016-09-30": "-26.94800", "2016-06-30": "-25.73900", "2016-03-31": "-27.16600", "2015-12-31": "-18.11100", "2015-09-30": "-26.29800", "2015-06-30": "-24.38000", "2015-03-31": "-25.50900", "2014-12-31": "-17.74300", "2014-09-30": "-28.29200", "2014-06-30": "-21.18000", "2014-03-31": "-19.97100", "2013-12-31": "-14.95600", "2013-09-30": "-12.14200", "2013-06-30": "-10.91200", "2013-03-31": "-8.82500", "2012-12-31": "-7.89700", "2012-09-30": "-4.51300", "2012-06-30": "-8.39500", "2012-03-31": "-7.82500", "2011-12-31": "-4.59300", "2011-09-30": "-6.22100", "2011-06-30": "-2.44900", "2011-03-31": "-1.51200", "2010-12-31": "-1.24600", "2010-09-30": "-1.21300", "2010-06-30": "-1.13200", "2010-03-31": "-0.98700", "2009-12-31": "", "2009-09-30": "", "2009-06-30": "", "2009-03-31": "", "2008-12-31": "", "2008-09-30": ""}, "Operating Expenses": {"2020-09-30": "-88.85600", "2020-06-30": "194.28300", "2020-03-31": "50.25200", "2019-12-31": "55.24900", "2019-09-30": "53.82900", "2019-06-30": "49.24200", "2019-03-31": "47.75600", "2018-12-31": "46.81200", "2018-09-30": "123.46100", "2018-06-30": "38.68100", "2018-03-31": "40.84800", "2017-12-31": "30.95300", "2017-09-30": "31.84400", "2017-06-30": "39.04300", "2017-03-31": "28.87000", "2016-12-31": "22.63900", "2016-09-30": "39.52400", "2016-06-30": "37.57600", "2016-03-31": "39.21000", "2015-12-31": "29.20300", "2015-09-30": "38.91500", "2015-06-30": "37.06600", "2015-03-31": "38.23000", "2014-12-31": "29.98700", "2014-09-30": "40.55000", "2014-06-30": "33.37000", "2014-03-31": "32.08200", "2013-12-31": "27.27500", "2013-09-30": "24.17800", "2013-06-30": "23.50300", "2013-03-31": "13.58600", "2012-12-31": "-9.21100", "2012-09-30": "13.44200", "2012-06-30": "31.53200", "2012-03-31": "26.03500", "2011-12-31": "-3.80900", "2011-09-30": "18.22400", "2011-06-30": "9.04000", "2011-03-31": "5.56100", "2010-12-31": "3.81300", "2010-09-30": "3.47000", "2010-06-30": "2.74300", "2010-03-31": "1.96200", "2009-12-31": "9.88160", "2009-09-30": "1.04030", "2009-06-30": "1.38570", "2009-03-31": "0.32040", "2008-12-31": "", "2008-09-30": "0.22560"}, "Operating Income": {"2020-09-30": "178.57200", "2020-06-30": "-86.95600", "2020-03-31": "205.25500", "2019-12-31": "183.18900", "2019-09-30": "195.91100", "2019-06-30": "211.78700", "2019-03-31": "197.72700", "2018-12-31": "205.14300", "2018-09-30": "113.23700", "2018-06-30": "148.67900", "2018-03-31": "153.17100", "2017-12-31": "164.15200", "2017-09-30": "164.24500", "2017-06-30": "145.69800", "2017-03-31": "140.28400", "2016-12-31": "98.04000", "2016-09-30": "129.33800", "2016-06-30": "117.20000", "2016-03-31": "91.55300", "2015-12-31": "95.34410", "2015-09-30": "113.91900", "2015-06-30": "115.46300", "2015-03-31": "124.73900", "2014-12-31": "126.23300", "2014-09-30": "101.75300", "2014-06-30": "106.77900", "2014-03-31": "106.45300", "2013-12-31": "110.18200", "2013-09-30": "113.79600", "2013-06-30": "121.82200", "2013-03-31": "121.24900", "2012-12-31": "146.54300", "2012-09-30": "112.86700", "2012-06-30": "74.37200", "2012-03-31": "59.46600", "2011-12-31": "77.00600", "2011-09-30": "49.51500", "2011-06-30": "31.78800", "2011-03-31": "14.30900", "2010-12-31": "9.15900", "2010-09-30": "8.39500", "2010-06-30": "6.38200", "2010-03-31": "4.19700", "2009-12-31": "-7.07190", "2009-09-30": "-1.03940", "2009-06-30": "-1.37850", "2009-03-31": "-0.27220", "2008-12-31": "", "2008-09-30": "-0.22560"}, "Total Non-Operating Income/Expense": {"2020-09-30": "15.14000", "2020-06-30": "-104.77200", "2020-03-31": "-2088.04900", "2019-12-31": "-50.80700", "2019-09-30": "106.23300", "2019-06-30": "-299.93700", "2019-03-31": "-233.70100", "2018-12-31": "-752.99700", "2018-09-30": "-39.88200", "2018-06-30": "-15.24000", "2018-03-31": "185.42200", "2017-12-31": "8.49300", "2017-09-30": "-76.36700", "2017-06-30": "-142.47800", "2017-03-31": "-106.27000", "2016-12-31": "246.45800", "2016-09-30": "-28.37900", "2016-06-30": "-148.94300", "2016-03-31": "-175.03200", "2015-12-31": "123.93400", "2015-09-30": "-156.36500", "2015-06-30": "99.08100", "2015-03-31": "-40.60300", "2014-12-31": "-174.91400", "2014-09-30": "86.97900", "2014-06-30": "-90.38200", "2014-03-31": "-169.50000", "2013-12-31": "135.09900", "2013-09-30": "-283.66900", "2013-06-30": "314.91800", "2013-03-31": "26.05400", "2012-12-31": "25.16300", "2012-09-30": "-91.22500", "2012-06-30": "-66.79200", "2012-03-31": "-15.19700", "2011-12-31": "-31.65700", "2011-09-30": "14.48200", "2011-06-30": "-37.85300", "2011-03-31": "8.82500", "2010-12-31": "8.17200", "2010-09-30": "1.23900", "2010-06-30": "-3.06800", "2010-03-31": "0.59600", "2009-12-31": "", "2009-09-30": "", "2009-06-30": "", "2009-03-31": "", "2008-12-31": "", "2008-09-30": "0.95680"}, "Pre-Tax Income": {"2020-09-30": "193.71200", "2020-06-30": "-191.72800", "2020-03-31": "-1882.79400", "2019-12-31": "132.38200", "2019-09-30": "302.14400", "2019-06-30": "-88.15000", "2019-03-31": "-35.97400", "2018-12-31": "-547.85400", "2018-09-30": "73.35500", "2018-06-30": "133.43900", "2018-03-31": "338.59300", "2017-12-31": "172.64500", "2017-09-30": "87.87800", "2017-06-30": "3.22000", "2017-03-31": "34.01400", "2016-12-31": "344.49800", "2016-09-30": "100.95900", "2016-06-30": "-31.74300", "2016-03-31": "-83.47900", "2015-12-31": "219.27800", "2015-09-30": "-42.44600", "2015-06-30": "214.54400", "2015-03-31": "84.13600", "2014-12-31": "-48.68100", "2014-09-30": "188.73200", "2014-06-30": "16.39700", "2014-03-31": "-63.04700", "2013-12-31": "245.28100", "2013-09-30": "-169.87300", "2013-06-30": "436.74000", "2013-03-31": "147.30300", "2012-12-31": "171.70600", "2012-09-30": "21.64200", "2012-06-30": "7.58000", "2012-03-31": "44.26900", "2011-12-31": "45.34900", "2011-09-30": "63.99700", "2011-06-30": "-6.06500", "2011-03-31": "23.13400", "2010-12-31": "17.33100", "2010-09-30": "9.63400", "2010-06-30": "3.31400", "2010-03-31": "4.79300", "2009-12-31": "-6.37190", "2009-09-30": "-1.03940", "2009-06-30": "-1.37850", "2009-03-31": "-0.27220", "2008-12-31": "", "2008-09-30": "0.73120"}, "Income Taxes": {"2020-09-30": "-8.20200", "2020-06-30": "-18.16400", "2020-03-31": "-13.13800", "2019-12-31": "-2.37200", "2019-09-30": "-3.55600", "2019-06-30": "2.40700", "2019-03-31": "-10.03900", "2018-12-31": "6.68100", "2018-09-30": "37.40900", "2018-06-30": "-6.05100", "2018-03-31": "3.78400", "2017-12-31": "10.61800", "2017-09-30": "-5.34200", "2017-06-30": "8.75900", "2017-03-31": "-24.51700", "2016-12-31": "38.45200", "2016-09-30": "-16.82700", "2016-06-30": "-14.76200", "2016-03-31": "5.45100", "2015-12-31": "8.71000", "2015-09-30": "-7.65600", "2015-06-30": "-6.95700", "2015-03-31": "-10.65700", "2014-12-31": "-11.71800", "2014-09-30": "-4.85800", "2014-06-30": "-23.26000", "2014-03-31": "-33.90200", "2013-12-31": "6.60200", "2013-09-30": "23.72600", "2013-06-30": "49.11900", "2013-03-31": "4.96400", "2012-12-31": "-10.20300", "2012-09-30": "-7.83400", "2012-06-30": "-16.60500", "2012-03-31": "-7.57700", "2011-12-31": "-6.17000", "2011-09-30": "9.38800", "2011-06-30": "-5.08100", "2011-03-31": "0.75700", "2010-12-31": "0.87100", "2010-09-30": "-0.24600", "2010-06-30": "-0.77400", "2010-03-31": "-0.53400", "2009-12-31": "0.04830", "2009-09-30": "-0.11950", "2009-06-30": "-0.15480", "2009-03-31": "-0.09200", "2008-12-31": "", "2008-09-30": "0.18260"}, "Income After Taxes": {"2020-09-30": "201.91400", "2020-06-30": "-173.56400", "2020-03-31": "-1869.65600", "2019-12-31": "134.75400", "2019-09-30": "305.70000", "2019-06-30": "-90.55700", "2019-03-31": "-25.93500", "2018-12-31": "-554.53500", "2018-09-30": "35.94600", "2018-06-30": "139.49000", "2018-03-31": "334.80900", "2017-12-31": "162.02700", "2017-09-30": "93.22000", "2017-06-30": "-5.53900", "2017-03-31": "58.53100", "2016-12-31": "306.04600", "2016-09-30": "117.78600", "2016-06-30": "-16.98100", "2016-03-31": "-88.93000", "2015-12-31": "210.56800", "2015-09-30": "-34.79000", "2015-06-30": "221.50100", "2015-03-31": "94.79300", "2014-12-31": "-36.96300", "2014-09-30": "193.59000", "2014-06-30": "39.65700", "2014-03-31": "-29.14500", "2013-12-31": "238.67900", "2013-09-30": "-193.59900", "2013-06-30": "387.62100", "2013-03-31": "142.33900", "2012-12-31": "181.90900", "2012-09-30": "29.47600", "2012-06-30": "24.18500", "2012-03-31": "51.84600", "2011-12-31": "51.51900", "2011-09-30": "54.60900", "2011-06-30": "-0.98400", "2011-03-31": "22.37700", "2010-12-31": "16.46000", "2010-09-30": "9.88000", "2010-06-30": "4.08800", "2010-03-31": "5.32700", "2009-12-31": "-6.42020", "2009-09-30": "-0.91990", "2009-06-30": "-1.22370", "2009-03-31": "-0.18020", "2008-12-31": "", "2008-09-30": "0.54860"}, "Other Income": {"2020-09-30": "", "2020-06-30": "", "2020-03-31": "", "2019-12-31": "", "2019-09-30": "", "2019-06-30": "", "2019-03-31": "", "2018-12-31": "", "2018-09-30": "", "2018-06-30": "", "2018-03-31": "", "2017-12-31": "", "2017-09-30": "", "2017-06-30": "", "2017-03-31": "", "2016-12-31": "", "2016-09-30": "", "2016-06-30": "", "2016-03-31": "", "2015-12-31": "", "2015-09-30": "", "2015-06-30": "", "2015-03-31": "", "2014-12-31": "", "2014-09-30": "", "2014-06-30": "", "2014-03-31": "", "2013-12-31": "", "2013-09-30": "", "2013-06-30": "", "2013-03-31": "", "2012-12-31": "", "2012-09-30": "", "2012-06-30": "", "2012-03-31": "", "2011-12-31": "", "2011-09-30": "", "2011-06-30": "", "2011-03-31": "", "2010-12-31": "", "2010-09-30": "", "2010-06-30": "", "2010-03-31": "", "2009-12-31": "", "2009-09-30": "", "2009-06-30": "", "2009-03-31": "", "2008-12-31": "", "2008-09-30": ""}, "Income From Continuous Operations": {"2020-09-30": "201.91400", "2020-06-30": "-173.56400", "2020-03-31": "-1869.65600", "2019-12-31": "134.75400", "2019-09-30": "305.70000", "2019-06-30": "-90.55700", "2019-03-31": "-25.93500", "2018-12-31": "-554.53500", "2018-09-30": "35.94600", "2018-06-30": "139.49000", "2018-03-31": "334.80900", "2017-12-31": "162.02700", "2017-09-30": "93.22000", "2017-06-30": "-5.53900", "2017-03-31": "58.53100", "2016-12-31": "306.04600", "2016-09-30": "117.78600", "2016-06-30": "-16.98100", "2016-03-31": "-88.93000", "2015-12-31": "210.56800", "2015-09-30": "-34.79000", "2015-06-30": "221.50100", "2015-03-31": "94.79300", "2014-12-31": "-36.96300", "2014-09-30": "193.59000", "2014-06-30": "39.65700", "2014-03-31": "-29.14500", "2013-12-31": "238.67900", "2013-09-30": "-193.59900", "2013-06-30": "387.62100", "2013-03-31": "142.33900", "2012-12-31": "181.90900", "2012-09-30": "29.47600", "2012-06-30": "24.18500", "2012-03-31": "51.84600", "2011-12-31": "51.51900", "2011-09-30": "54.60900", "2011-06-30": "-0.98400", "2011-03-31": "22.37700", "2010-12-31": "16.46000", "2010-09-30": "9.88000", "2010-06-30": "4.08800", "2010-03-31": "5.32700", "2009-12-31": "-6.42020", "2009-09-30": "-0.91990", "2009-06-30": "-1.22370", "2009-03-31": "-0.18020", "2008-12-31": "", "2008-09-30": "0.54860"}, "Income From Discontinued Operations": {"2020-09-30": "", "2020-06-30": "", "2020-03-31": "", "2019-12-31": "", "2019-09-30": "", "2019-06-30": "", "2019-03-31": "", "2018-12-31": "", "2018-09-30": "", "2018-06-30": "", "2018-03-31": "", "2017-12-31": "4.97700", "2017-09-30": "11.51800", "2017-06-30": "14.19700", "2017-03-31": "13.45400", "2016-12-31": "", "2016-09-30": "", "2016-06-30": "", "2016-03-31": "", "2015-12-31": "", "2015-09-30": "", "2015-06-30": "", "2015-03-31": "", "2014-12-31": "", "2014-09-30": "", "2014-06-30": "", "2014-03-31": "", "2013-12-31": "0.73500", "2013-09-30": "0.87100", "2013-06-30": "1.01600", "2013-03-31": "1.37700", "2012-12-31": "7.39100", "2012-09-30": "-2.67400", "2012-06-30": "-0.18100", "2012-03-31": "-0.04600", "2011-12-31": "", "2011-09-30": "", "2011-06-30": "", "2011-03-31": "", "2010-12-31": "", "2010-09-30": "", "2010-06-30": "", "2010-03-31": "", "2009-12-31": "", "2009-09-30": "", "2009-06-30": "", "2009-03-31": "", "2008-12-31": "", "2008-09-30": ""}, "Net Income": {"2020-09-30": "182.96400", "2020-06-30": "-192.51500", "2020-03-31": "-1888.60600", "2019-12-31": "115.80400", "2019-09-30": "286.74900", "2019-06-30": "-109.50700", "2019-03-31": "-44.88500", "2018-12-31": "-573.48500", "2018-09-30": "16.99500", "2018-06-30": "125.74300", "2018-03-31": "321.06200", "2017-12-31": "153.95500", "2017-09-30": "93.17600", "2017-06-30": "4.33300", "2017-03-31": "71.98500", "2016-12-31": "341.40300", "2016-09-30": "117.78600", "2016-06-30": "-16.98100", "2016-03-31": "-88.93000", "2015-12-31": "210.70600", "2015-09-30": "-34.79000", "2015-06-30": "221.50100", "2015-03-31": "94.79300", "2014-12-31": "-36.96300", "2014-09-30": "193.59000", "2014-06-30": "39.65700", "2014-03-31": "-29.14500", "2013-12-31": "239.41400", "2013-09-30": "-192.72800", "2013-06-30": "388.63700", "2013-03-31": "143.71600", "2012-12-31": "189.30000", "2012-09-30": "26.80200", "2012-06-30": "24.00400", "2012-03-31": "51.80000", "2011-12-31": "51.43000", "2011-09-30": "54.60900", "2011-06-30": "-0.98400", "2011-03-31": "22.37700", "2010-12-31": "16.46000", "2010-09-30": "9.88000", "2010-06-30": "4.08800", "2010-03-31": "5.32700", "2009-12-31": "-6.42030", "2009-09-30": "-0.94470", "2009-06-30": "-1.26100", "2009-03-31": "-0.21100", "2008-12-31": "", "2008-09-30": "0.40540"}, "EBITDA": {"2020-09-30": "244.22700", "2020-06-30": "-25.22800", "2020-03-31": "247.19600", "2019-12-31": "231.69500", "2019-09-30": "250.58100", "2019-06-30": "255.09300", "2019-03-31": "220.02200", "2018-12-31": "225.83300", "2018-09-30": "142.07400", "2018-06-30": "171.69800", "2018-03-31": "175.48400", "2017-12-31": "185.81200", "2017-09-30": "186.93100", "2017-06-30": "160.85200", "2017-03-31": "149.14900", "2016-12-31": "110.47800", "2016-09-30": "142.46100", "2016-06-30": "128.46400", "2016-03-31": "97.61600", "2015-12-31": "102.06110", "2015-09-30": "124.66800", "2015-06-30": "130.39900", "2015-03-31": "132.61200", "2014-12-31": "131.14500", "2014-09-30": "107.63300", "2014-06-30": "109.40800", "2014-03-31": "106.66000", "2013-12-31": "112.56100", "2013-09-30": "118.06900", "2013-06-30": "131.56800", "2013-03-31": "124.16500", "2012-12-31": "153.43000", "2012-09-30": "116.73900", "2012-06-30": "71.28300", "2012-03-31": "53.57500", "2011-12-31": "76.86700", "2011-09-30": "44.76500", "2011-06-30": "34.01400", "2011-03-31": "16.77600", "2010-12-31": "9.62700", "2010-09-30": "8.60800", "2010-06-30": "6.74000", "2010-03-31": "5.61300", "2009-12-31": "-7.07190", "2009-09-30": "-1.03940", "2009-06-30": "-1.37850", "2009-03-31": "-0.27220", "2008-12-31": "", "2008-09-30": "-0.22560"}, "EBIT": {"2020-09-30": "178.57200", "2020-06-30": "-86.95600", "2020-03-31": "205.25500", "2019-12-31": "183.18900", "2019-09-30": "195.91100", "2019-06-30": "211.78700", "2019-03-31": "197.72700", "2018-12-31": "205.14300", "2018-09-30": "113.23700", "2018-06-30": "148.67900", "2018-03-31": "153.17100", "2017-12-31": "164.15200", "2017-09-30": "164.24500", "2017-06-30": "145.69800", "2017-03-31": "140.28400", "2016-12-31": "98.04000", "2016-09-30": "129.33800", "2016-06-30": "117.20000", "2016-03-31": "91.55300", "2015-12-31": "95.34400", "2015-09-30": "113.91900", "2015-06-30": "115.46300", "2015-03-31": "124.73900", "2014-12-31": "126.23300", "2014-09-30": "101.75300", "2014-06-30": "106.77900", "2014-03-31": "106.45300", "2013-12-31": "110.18200", "2013-09-30": "113.79600", "2013-06-30": "121.82200", "2013-03-31": "121.24900", "2012-12-31": "146.54300", "2012-09-30": "112.86700", "2012-06-30": "74.37200", "2012-03-31": "59.46600", "2011-12-31": "77.00600", "2011-09-30": "49.51500", "2011-06-30": "31.78800", "2011-03-31": "14.30900", "2010-12-31": "9.15900", "2010-09-30": "8.39500", "2010-06-30": "6.38200", "2010-03-31": "4.19700", "2009-12-31": "-7.07190", "2009-09-30": "-1.03940", "2009-06-30": "-1.37850", "2009-03-31": "-0.27220", "2008-12-31": "", "2008-09-30": "-0.22560"}, "Basic Shares Outstanding": {"2020-09-30": "273.70600", "2020-06-30": "273.60400", "2020-03-31": "273.39300", "2019-12-31": "267.82700", "2019-09-30": "272.89800", "2019-06-30": "272.86300", "2019-03-31": "252.35800", "2018-12-31": "206.02100", "2018-09-30": "224.39900", "2018-06-30": "175.45200", "2018-03-31": "175.14600", "2017-12-31": "174.43400", "2017-09-30": "174.48800", "2017-06-30": "174.47300", "2017-03-31": "174.28200", "2016-12-31": "174.03700", "2016-09-30": "173.81400", "2016-06-30": "173.79900", "2016-03-31": "174.71800", "2015-12-31": "182.62390", "2015-09-30": "183.68300", "2015-06-30": "183.53700", "2015-03-31": "183.25400", "2014-12-31": "183.00600", "2014-09-30": "183.05950", "2014-06-30": "183.03900", "2014-03-31": "182.80500", "2013-12-31": "175.18100", "2013-09-30": "182.52900", "2013-06-30": "182.79450", "2013-03-31": "152.64250", "2012-12-31": "121.00750", "2012-09-30": "135.00250", "2012-06-30": "107.40550", "2012-03-31": "93.42800", "2011-12-31": "49.41350", "2011-09-30": "65.30400", "2011-06-30": "38.55100", "2011-03-31": "22.80600", "2010-12-31": "11.19100", "2010-09-30": "13.06300", "2010-06-30": "11.23350", "2010-03-31": "6.70050", "2009-12-31": "11.47100", "2009-09-30": "12.46850", "2009-06-30": "12.46850", "2009-03-31": "12.46850", "2008-12-31": "", "2008-09-30": "12.46850"}, "Shares Outstanding": {"2020-09-30": "291.87700", "2020-06-30": "273.60400", "2020-03-31": "273.39300", "2019-12-31": "267.82700", "2019-09-30": "291.05400", "2019-06-30": "272.86300", "2019-03-31": "252.35800", "2018-12-31": "206.02100", "2018-09-30": "224.39900", "2018-06-30": "193.21300", "2018-03-31": "192.81900", "2017-12-31": "188.13300", "2017-09-30": "188.90700", "2017-06-30": "174.47300", "2017-03-31": "174.28200", "2016-12-31": "174.03700", "2016-09-30": "173.81400", "2016-06-30": "173.79900", "2016-03-31": "174.71800", "2015-12-31": "182.62390", "2015-09-30": "183.68300", "2015-06-30": "183.53700", "2015-03-31": "183.25400", "2014-12-31": "183.00600", "2014-09-30": "183.05950", "2014-06-30": "183.03900", "2014-03-31": "182.80500", "2013-12-31": "175.49600", "2013-09-30": "182.58350", "2013-06-30": "183.02850", "2013-03-31": "153.48200", "2012-12-31": "121.21600", "2012-09-30": "135.46900", "2012-06-30": "107.40550", "2012-03-31": "93.42800", "2011-12-31": "49.41350", "2011-09-30": "65.30400", "2011-06-30": "38.55100", "2011-03-31": "22.80600", "2010-12-31": "11.19100", "2010-09-30": "13.06300", "2010-06-30": "11.23350", "2010-03-31": "6.70050", "2009-12-31": "11.47100", "2009-09-30": "12.46850", "2009-06-30": "12.46850", "2009-03-31": "12.46850", "2008-12-31": "", "2008-09-30": "12.46850"}, "Basic EPS": {"2020-09-30": "0.67000", "2020-06-30": "-0.70000", "2020-03-31": "-6.91000", "2019-12-31": "0.46000", "2019-09-30": "1.05000", "2019-06-30": "-0.40000", "2019-03-31": "-0.18000", "2018-12-31": "-3.16000", "2018-09-30": "0.08000", "2018-06-30": "0.72000", "2018-03-31": "1.83000", "2017-12-31": "0.89000", "2017-09-30": "0.53000", "2017-06-30": "0.02000", "2017-03-31": "0.41000", "2016-12-31": "1.95000", "2016-09-30": "0.68000", "2016-06-30": "-0.10000", "2016-03-31": "-0.50000", "2015-12-31": "1.16000", "2015-09-30": "-0.18000", "2015-06-30": "1.20000", "2015-03-31": "0.52000", "2014-12-31": "-0.20000", "2014-09-30": "1.06000", "2014-06-30": "0.22000", "2014-03-31": "-0.16000", "2013-12-31": "1.30000", "2013-09-30": "-1.06000", "2013-06-30": "2.12000", "2013-03-31": "0.94000", "2012-12-31": "1.44150", "2012-09-30": "0.19850", "2012-06-30": "0.22000", "2012-03-31": "0.56000", "2011-12-31": "0.78000", "2011-09-30": "0.84000", "2011-06-30": "-0.02000", "2011-03-31": "0.98000", "2010-12-31": "1.28000", "2010-09-30": "0.76000", "2010-06-30": "0.36000", "2010-03-31": "0.80000", "2009-12-31": "-0.58000", "2009-09-30": "-0.08000", "2009-06-30": "-0.10000", "2009-03-31": "-0.02000", "2008-12-31": "", "2008-09-30": "0.04000"}, "EPS - Earnings Per Share": {"2020-09-30": "0.64000", "2020-06-30": "-0.70000", "2020-03-31": "-6.91000", "2019-12-31": "0.51000", "2019-09-30": "1.00000", "2019-06-30": "-0.40000", "2019-03-31": "-0.18000", "2018-12-31": "-2.98000", "2018-09-30": "0.08000", "2018-06-30": "0.68000", "2018-03-31": "1.69000", "2017-12-31": "0.86000", "2017-09-30": "0.52000", "2017-06-30": "0.02000", "2017-03-31": "0.41000", "2016-12-31": "1.95000", "2016-09-30": "0.68000", "2016-06-30": "-0.10000", "2016-03-31": "-0.50000", "2015-12-31": "1.16000", "2015-09-30": "-0.18000", "2015-06-30": "1.20000", "2015-03-31": "0.52000", "2014-12-31": "-0.20000", "2014-09-30": "1.06000", "2014-06-30": "0.22000", "2014-03-31": "-0.16000", "2013-12-31": "1.30000", "2013-09-30": "-1.06000", "2013-06-30": "2.12000", "2013-03-31": "0.94000", "2012-12-31": "1.42220", "2012-09-30": "0.19780", "2012-06-30": "0.22000", "2012-03-31": "0.56000", "2011-12-31": "0.78000", "2011-09-30": "0.84000", "2011-06-30": "-0.02000", "2011-03-31": "0.98000", "2010-12-31": "1.28000", "2010-09-30": "0.76000", "2010-06-30": "0.36000", "2010-03-31": "0.80000", "2009-12-31": "-0.58000", "2009-09-30": "-0.08000", "2009-06-30": "-0.10000", "2009-03-31": "-0.02000", "2008-12-31": "0.00000", "2008-09-30": "0.04000"}}, "balance sheet": {"Cash On Hand": {"2019-12-31": "1616.82600", "2018-12-31": "1097.76400", "2017-12-31": "1054.99500", "2016-12-31": "758.91600", "2015-12-31": "1000.39300", "2014-12-31": "3340.21900", "2013-12-31": "2427.31400", "2012-12-31": "2125.49200", "2011-12-31": "1529.90400", "2010-12-31": "385.97100", "2009-12-31": "35.01800", "2008-12-31": "261.99660"}, "Receivables": {"2019-12-31": "411.59700", "2018-12-31": "241.21500", "2017-12-31": "910.61200", "2016-12-31": "119.13700", "2015-12-31": "67.17600", "2014-12-31": "101.15400", "2013-12-31": "75.39000", "2012-12-31": "82.58700", "2011-12-31": "56.02400", "2010-12-31": "17.68700", "2009-12-31": "7.45700", "2008-12-31": ""}, "Inventory": {"2019-12-31": "", "2018-12-31": "", "2017-12-31": "", "2016-12-31": "", "2015-12-31": "", "2014-12-31": "", "2013-12-31": "", "2012-12-31": "", "2011-12-31": "", "2010-12-31": "", "2009-12-31": "", "2008-12-31": ""}, "Pre-Paid Expenses": {"2019-12-31": "", "2018-12-31": "", "2017-12-31": "", "2016-12-31": "", "2015-12-31": "", "2014-12-31": "", "2013-12-31": "", "2012-12-31": "", "2011-12-31": "", "2010-12-31": "", "2009-12-31": "", "2008-12-31": ""}, "Other Current Assets": {"2019-12-31": "", "2018-12-31": "", "2017-12-31": "", "2016-12-31": "", "2015-12-31": "", "2014-12-31": "", "2013-12-31": "", "2012-12-31": "", "2011-12-31": "", "2010-12-31": "", "2009-12-31": "", "2008-12-31": ""}, "Total Current Assets": {"2019-12-31": "33434.75000", "2018-12-31": "26891.58000", "2017-12-31": "23186.42000", "2016-12-31": "17305.69000", "2015-12-31": "12878.05000", "2014-12-31": "20062.93000", "2013-12-31": "16096.40000", "2012-12-31": "15933.64000", "2011-12-31": "7840.96200", "2010-12-31": "1758.06300", "2009-12-31": "536.93990", "2008-12-31": "261.99660"}, "Property, Plant, And Equipment": {"2019-12-31": "", "2018-12-31": "", "2017-12-31": "", "2016-12-31": "", "2015-12-31": "660.95300", "2014-12-31": "", "2013-12-31": "", "2012-12-31": "", "2011-12-31": "", "2010-12-31": "", "2009-12-31": "", "2008-12-31": ""}, "Long-Term Investments": {"2019-12-31": "", "2018-12-31": "", "2017-12-31": "", "2016-12-31": "", "2015-12-31": "", "2014-12-31": "", "2013-12-31": "", "2012-12-31": "", "2011-12-31": "", "2010-12-31": "", "2009-12-31": "", "2008-12-31": ""}, "Goodwill And Intangible Assets": {"2019-12-31": "2129.44400", "2018-12-31": "2755.25500", "2017-12-31": "1086.71700", "2016-12-31": "693.81500", "2015-12-31": "493.68800", "2014-12-31": "452.00600", "2013-12-31": "514.40200", "2012-12-31": "", "2011-12-31": "", "2010-12-31": "", "2009-12-31": "", "2008-12-31": ""}, "Other Long-Term Assets": {"2019-12-31": "357.42700", "2018-12-31": "485.64100", "2017-12-31": "516.17000", "2016-12-31": "616.94700", "2015-12-31": "543.08400", "2014-12-31": "569.37000", "2013-12-31": "563.05800", "2012-12-31": "880.30400", "2011-12-31": "259.42200", "2010-12-31": "39.36900", "2009-12-31": "1.42600", "2008-12-31": "0.09860"}, "Total Long-Term Assets": {"2019-12-31": "2486.87100", "2018-12-31": "3240.89600", "2017-12-31": "1602.88700", "2016-12-31": "2806.36900", "2015-12-31": "1697.72500", "2014-12-31": "1021.37600", "2013-12-31": "1077.46000", "2012-12-31": "880.30400", "2011-12-31": "259.42200", "2010-12-31": "39.36900", "2009-12-31": "1.42600", "2008-12-31": "0.09860"}, "Total Assets": {"2019-12-31": "35921.62000", "2018-12-31": "30132.48000", "2017-12-31": "24789.31000", "2016-12-31": "20112.06000", "2015-12-31": "14575.77000", "2014-12-31": "21084.31000", "2013-12-31": "17173.86000", "2012-12-31": "16813.94000", "2011-12-31": "8100.38400", "2010-12-31": "1797.43200", "2009-12-31": "538.36600", "2008-12-31": "262.09510"}, "Total Current Liabilities": {"2019-12-31": "29691.59000", "2018-12-31": "23293.48000", "2017-12-31": "19538.90000", "2016-12-31": "8865.18400", "2015-12-31": "5008.27400", "2014-12-31": "12932.46000", "2013-12-31": "12270.73000", "2012-12-31": "12643.57000", "2011-12-31": "6675.51600", "2010-12-31": "1172.65100", "2009-12-31": "413.03700", "2008-12-31": "0.19360"}, "Long Term Debt": {"2019-12-31": "794.95400", "2018-12-31": "1458.88000", "2017-12-31": "1517.85100", "2016-12-31": "7107.19600", "2015-12-31": "5785.11000", "2014-12-31": "3709.66300", "2013-12-31": "639.73100", "2012-12-31": "", "2011-12-31": "", "2010-12-31": "", "2009-12-31": "", "2008-12-31": ""}, "Other Non-Current Liabilities": {"2019-12-31": "464.61100", "2018-12-31": "1125.62900", "2017-12-31": "161.13300", "2016-12-31": "286.04100", "2015-12-31": "205.82700", "2014-12-31": "374.14100", "2013-12-31": "408.40900", "2012-12-31": "719.79700", "2011-12-31": "154.78200", "2010-12-31": "242.17500", "2009-12-31": "3.60800", "2008-12-31": "77.73970"}, "Total Long Term Liabilities": {"2019-12-31": "1259.56500", "2018-12-31": "2584.50900", "2017-12-31": "1678.98400", "2016-12-31": "7845.76100", "2015-12-31": "5990.93700", "2014-12-31": "4083.80400", "2013-12-31": "1048.14000", "2012-12-31": "719.79700", "2011-12-31": "154.78200", "2010-12-31": "242.33300", "2009-12-31": "3.60800", "2008-12-31": "77.73970"}, "Total Liabilities": {"2019-12-31": "30951.16000", "2018-12-31": "25877.99000", "2017-12-31": "21217.89000", "2016-12-31": "16710.95000", "2015-12-31": "10999.21000", "2014-12-31": "17016.27000", "2013-12-31": "13318.87000", "2012-12-31": "13363.37000", "2011-12-31": "6830.29800", "2010-12-31": "1414.98400", "2009-12-31": "416.64500", "2008-12-31": "77.93320"}, "Common Stock Net": {"2019-12-31": "2.72900", "2018-12-31": "2.48100", "2017-12-31": "1.74500", "2016-12-31": "1.73800", "2015-12-31": "3.53900", "2014-12-31": "3.66400", "2013-12-31": "3.64900", "2012-12-31": "2.98800", "2011-12-31": "1.40600", "2010-12-31": "0.40500", "2009-12-31": "0.13400", "2008-12-31": "0.00250"}, "Retained Earnings (Accumulated Deficit)": {"2019-12-31": "2655.89100", "2018-12-31": "2332.37100", "2017-12-31": "2386.60400", "2016-12-31": "2038.03300", "2015-12-31": "1684.75500", "2014-12-31": "1195.53600", "2013-12-31": "1028.39700", "2012-12-31": "449.35800", "2011-12-31": "157.45200", "2010-12-31": "30.02000", "2009-12-31": "-5.73500", "2008-12-31": "3.00910"}, "Comprehensive Income": {"2019-12-31": "689.40000", "2018-12-31": "110.81700", "2017-12-31": "334.81300", "2016-12-31": "199.22700", "2015-12-31": "359.06100", "2014-12-31": "855.78900", "2013-12-31": "444.73500", "2012-12-31": "696.45800", "2011-12-31": "-58.71600", "2010-12-31": "22.61900", "2009-12-31": "-0.95000", "2008-12-31": ""}, "Other Share Holders Equity": {"2019-12-31": "-4509.81900", "2018-12-31": "-3978.29700", "2017-12-31": "-3526.27800", "2016-12-31": "-2499.59900", "2015-12-31": "-2176.31300", "2014-12-31": "-1797.97400", "2013-12-31": "-1417.15800", "2012-12-31": "-646.57200", "2011-12-31": "-203.15500", "2010-12-31": "-37.57000", "2009-12-31": "-3.48400", "2008-12-31": ""}, "Share Holder Equity": {"2019-12-31": "4970.46600", "2018-12-31": "4254.48900", "2017-12-31": "3571.42400", "2016-12-31": "3401.11100", "2015-12-31": "3576.56100", "2014-12-31": "4068.04200", "2013-12-31": "3854.99500", "2012-12-31": "3450.57700", "2011-12-31": "1270.08600", "2010-12-31": "382.44800", "2009-12-31": "121.72100", "2008-12-31": "184.16190"}, "Total Liabilities And Share Holders Equity": {"2019-12-31": "35921.62000", "2018-12-31": "30132.48000", "2017-12-31": "24789.31000", "2016-12-31": "20112.06000", "2015-12-31": "14575.77000", "2014-12-31": "21084.31000", "2013-12-31": "17173.86000", "2012-12-31": "16813.94000", "2011-12-31": "8100.38400", "2010-12-31": "1797.43200", "2009-12-31": "538.36600", "2008-12-31": "262.09510"}}, "balance sheet, quarterly": {"Cash On Hand": {"2020-09-30": "2212.02500", "2020-06-30": "2050.28300", "2020-03-31": "1887.28400", "2019-12-31": "1616.82600", "2019-09-30": "1250.38700", "2019-06-30": "791.68800", "2019-03-31": "778.93500", "2018-12-31": "1097.76400", "2018-09-30": "1311.48300", "2018-06-30": "982.22000", "2018-03-31": "1101.24100", "2017-12-31": "1054.99500", "2017-09-30": "883.18000", "2017-06-30": "901.43500", "2017-03-31": "786.77400", "2016-12-31": "758.91600", "2016-09-30": "953.29000", "2016-06-30": "1055.35400", "2016-03-31": "1035.97200", "2015-12-31": "1000.39300", "2015-09-30": "1195.86800", "2015-06-30": "1344.48200", "2015-03-31": "3471.49600", "2014-12-31": "3340.21900", "2014-09-30": "3528.82600", "2014-06-30": "2472.08300", "2014-03-31": "2760.94500", "2013-12-31": "2427.31400", "2013-09-30": "2402.11300", "2013-06-30": "2604.36100", "2013-03-31": "2420.54800", "2012-12-31": "2125.49200", "2012-09-30": "2042.25900", "2012-06-30": "1634.38500", "2012-03-31": "1702.06100", "2011-12-31": "1529.90400", "2011-09-30": "2100.55300", "2011-06-30": "1293.54600", "2011-03-31": "640.51600", "2010-12-31": "385.97100", "2010-09-30": "93.92600", "2010-06-30": "90.08800", "2010-03-31": "48.03610", "2009-12-31": "35.01800", "2009-09-30": "260.30310", "2009-06-30": "", "2009-03-31": "", "2008-12-31": "", "2008-09-30": ""}, "Receivables": {"2020-09-30": "168.95900", "2020-06-30": "125.49000", "2020-03-31": "639.20900", "2019-12-31": "411.59700", "2019-09-30": "402.19200", "2019-06-30": "1081.06000", "2019-03-31": "113.75000", "2018-12-31": "241.21500", "2018-09-30": "1303.08500", "2018-06-30": "96.49300", "2018-03-31": "152.68900", "2017-12-31": "910.61200", "2017-09-30": "111.89000", "2017-06-30": "113.77400", "2017-03-31": "131.04400", "2016-12-31": "119.13700", "2016-09-30": "123.18400", "2016-06-30": "76.89200", "2016-03-31": "287.89500", "2015-12-31": "67.17600", "2015-09-30": "103.31900", "2015-06-30": "84.24100", "2015-03-31": "93.23900", "2014-12-31": "101.15400", "2014-09-30": "75.94600", "2014-06-30": "80.49100", "2014-03-31": "121.72100", "2013-12-31": "75.39000", "2013-09-30": "143.33900", "2013-06-30": "71.29000", "2013-03-31": "62.58800", "2012-12-31": "82.58700", "2012-09-30": "75.88400", "2012-06-30": "116.99300", "2012-03-31": "81.53900", "2011-12-31": "56.02400", "2011-09-30": "59.42800", "2011-06-30": "17.71700", "2011-03-31": "32.46900", "2010-12-31": "17.68700", "2010-09-30": "20.10690", "2010-06-30": "24.52140", "2010-03-31": "25.84000", "2009-12-31": "7.45700", "2009-09-30": "", "2009-06-30": "", "2009-03-31": "", "2008-12-31": "", "2008-09-30": ""}, "Inventory": {"2020-09-30": "", "2020-06-30": "", "2020-03-31": "", "2019-12-31": "", "2019-09-30": "", "2019-06-30": "", "2019-03-31": "", "2018-12-31": "", "2018-09-30": "", "2018-06-30": "", "2018-03-31": "", "2017-12-31": "", "2017-09-30": "", "2017-06-30": "", "2017-03-31": "", "2016-12-31": "", "2016-09-30": "", "2016-06-30": "", "2016-03-31": "", "2015-12-31": "", "2015-09-30": "", "2015-06-30": "", "2015-03-31": "", "2014-12-31": "", "2014-09-30": "", "2014-06-30": "", "2014-03-31": "", "2013-12-31": "", "2013-09-30": "", "2013-06-30": "", "2013-03-31": "", "2012-12-31": "", "2012-09-30": "", "2012-06-30": "", "2012-03-31": "", "2011-12-31": "", "2011-09-30": "", "2011-06-30": "", "2011-03-31": "", "2010-12-31": "", "2010-09-30": "", "2010-06-30": "", "2010-03-31": "", "2009-12-31": "", "2009-09-30": "", "2009-06-30": "", "2009-03-31": "", "2008-12-31": "", "2008-09-30": ""}, "Pre-Paid Expenses": {"2020-09-30": "", "2020-06-30": "", "2020-03-31": "", "2019-12-31": "", "2019-09-30": "", "2019-06-30": "", "2019-03-31": "", "2018-12-31": "", "2018-09-30": "", "2018-06-30": "", "2018-03-31": "", "2017-12-31": "", "2017-09-30": "", "2017-06-30": "", "2017-03-31": "", "2016-12-31": "", "2016-09-30": "", "2016-06-30": "", "2016-03-31": "", "2015-12-31": "", "2015-09-30": "", "2015-06-30": "", "2015-03-31": "", "2014-12-31": "", "2014-09-30": "", "2014-06-30": "", "2014-03-31": "", "2013-12-31": "", "2013-09-30": "", "2013-06-30": "", "2013-03-31": "", "2012-12-31": "", "2012-09-30": "", "2012-06-30": "", "2012-03-31": "", "2011-12-31": "", "2011-09-30": "", "2011-06-30": "", "2011-03-31": "", "2010-12-31": "", "2010-09-30": "", "2010-06-30": "", "2010-03-31": "", "2009-12-31": "", "2009-09-30": "", "2009-06-30": "", "2009-03-31": "", "2008-12-31": "", "2008-09-30": ""}, "Other Current Assets": {"2020-09-30": "", "2020-06-30": "", "2020-03-31": "", "2019-12-31": "", "2019-09-30": "", "2019-06-30": "", "2019-03-31": "", "2018-12-31": "", "2018-09-30": "", "2018-06-30": "", "2018-03-31": "", "2017-12-31": "", "2017-09-30": "", "2017-06-30": "", "2017-03-31": "", "2016-12-31": "", "2016-09-30": "", "2016-06-30": "", "2016-03-31": "", "2015-12-31": "", "2015-09-30": "", "2015-06-30": "", "2015-03-31": "", "2014-12-31": "", "2014-09-30": "", "2014-06-30": "", "2014-03-31": "", "2013-12-31": "", "2013-09-30": "", "2013-06-30": "", "2013-03-31": "", "2012-12-31": "", "2012-09-30": "", "2012-06-30": "", "2012-03-31": "", "2011-12-31": "", "2011-09-30": "", "2011-06-30": "", "2011-03-31": "", "2010-12-31": "", "2010-09-30": "", "2010-06-30": "", "2010-03-31": "", "2009-12-31": "", "2009-09-30": "", "2009-06-30": "", "2009-03-31": "", "2008-12-31": "", "2008-09-30": ""}, "Total Current Assets": {"2020-09-30": "18955.30000", "2020-06-30": "19849.06000", "2020-03-31": "20259.55000", "2019-12-31": "33434.75000", "2019-09-30": "31622.69000", "2019-06-30": "32058.83000", "2019-03-31": "25970.40000", "2018-12-31": "26891.58000", "2018-09-30": "28581.02000", "2018-06-30": "20400.88000", "2018-03-31": "22342.73000", "2017-12-31": "23186.42000", "2017-09-30": "24256.55000", "2017-06-30": "20595.28000", "2017-03-31": "21451.01000", "2016-12-31": "17305.69000", "2016-09-30": "19704.31000", "2016-06-30": "18844.63000", "2016-03-31": "15001.23000", "2015-12-31": "12878.05000", "2015-09-30": "16478.98000", "2015-06-30": "17380.66000", "2015-03-31": "20646.37000", "2014-12-31": "20062.93000", "2014-09-30": "18176.63000", "2014-06-30": "16865.33000", "2014-03-31": "16458.83000", "2013-12-31": "16096.40000", "2013-09-30": "16582.41000", "2013-06-30": "18927.51000", "2013-03-31": "18073.15000", "2012-12-31": "15933.64000", "2012-09-30": "17102.56000", "2012-06-30": "12486.91000", "2012-03-31": "10960.82000", "2011-12-31": "7840.96200", "2011-09-30": "8572.87600", "2011-06-30": "5812.08800", "2011-03-31": "3555.97700", "2010-12-31": "1758.06300", "2010-09-30": "1189.88100", "2010-06-30": "1092.49300", "2010-03-31": "594.04520", "2009-12-31": "536.93990", "2009-09-30": "260.30310", "2009-06-30": "", "2009-03-31": "", "2008-12-31": "", "2008-09-30": ""}, "Property, Plant, And Equipment": {"2020-09-30": "", "2020-06-30": "", "2020-03-31": "", "2019-12-31": "", "2019-09-30": "", "2019-06-30": "", "2019-03-31": "", "2018-12-31": "", "2018-09-30": "", "2018-06-30": "", "2018-03-31": "", "2017-12-31": "", "2017-09-30": "2171.34400", "2017-06-30": "1782.74900", "2017-03-31": "", "2016-12-31": "", "2016-09-30": "1114.54800", "2016-06-30": "926.37700", "2016-03-31": "", "2015-12-31": "660.95300", "2015-09-30": "", "2015-06-30": "", "2015-03-31": "", "2014-12-31": "", "2014-09-30": "", "2014-06-30": "", "2014-03-31": "", "2013-12-31": "", "2013-09-30": "", "2013-06-30": "", "2013-03-31": "", "2012-12-31": "", "2012-09-30": "", "2012-06-30": "", "2012-03-31": "", "2011-12-31": "", "2011-09-30": "", "2011-06-30": "", "2011-03-31": "", "2010-12-31": "", "2010-09-30": "", "2010-06-30": "", "2010-03-31": "", "2009-12-31": "", "2009-09-30": "", "2009-06-30": "", "2009-03-31": "", "2008-12-31": "", "2008-09-30": ""}, "Long-Term Investments": {"2020-09-30": "", "2020-06-30": "", "2020-03-31": "", "2019-12-31": "", "2019-09-30": "", "2019-06-30": "", "2019-03-31": "", "2018-12-31": "", "2018-09-30": "", "2018-06-30": "", "2018-03-31": "", "2017-12-31": "", "2017-09-30": "", "2017-06-30": "", "2017-03-31": "", "2016-12-31": "", "2016-09-30": "", "2016-06-30": "", "2016-03-31": "", "2015-12-31": "", "2015-09-30": "", "2015-06-30": "", "2015-03-31": "", "2014-12-31": "", "2014-09-30": "", "2014-06-30": "", "2014-03-31": "", "2013-12-31": "", "2013-09-30": "", "2013-06-30": "", "2013-03-31": "", "2012-12-31": "", "2012-09-30": "", "2012-06-30": "", "2012-03-31": "", "2011-12-31": "", "2011-09-30": "", "2011-06-30": "", "2011-03-31": "", "2010-12-31": "", "2010-09-30": "", "2010-06-30": "", "2010-03-31": "", "2009-12-31": "", "2009-09-30": "", "2009-06-30": "", "2009-03-31": "", "2008-12-31": "", "2008-09-30": ""}, "Goodwill And Intangible Assets": {"2020-09-30": "1339.91300", "2020-06-30": "1355.61100", "2020-03-31": "1652.81400", "2019-12-31": "2129.44400", "2019-09-30": "180.57500", "2019-06-30": "1910.32600", "2019-03-31": "2014.37000", "2018-12-31": "2755.25500", "2018-09-30": "2423.39900", "2018-06-30": "1450.26100", "2018-03-31": "1301.02300", "2017-12-31": "1086.71700", "2017-09-30": "930.61300", "2017-06-30": "898.02500", "2017-03-31": "747.58000", "2016-12-31": "693.81500", "2016-09-30": "455.62900", "2016-06-30": "427.81300", "2016-03-31": "446.17000", "2015-12-31": "493.68800", "2015-09-30": "447.34500", "2015-06-30": "437.57600", "2015-03-31": "410.22900", "2014-12-31": "452.00600", "2014-09-30": "498.46600", "2014-06-30": "500.49000", "2014-03-31": "476.66300", "2013-12-31": "514.40200", "2013-09-30": "", "2013-06-30": "", "2013-03-31": "", "2012-12-31": "", "2012-09-30": "", "2012-06-30": "", "2012-03-31": "", "2011-12-31": "", "2011-09-30": "", "2011-06-30": "", "2011-03-31": "", "2010-12-31": "", "2010-09-30": "", "2010-06-30": "", "2010-03-31": "", "2009-12-31": "", "2009-09-30": "", "2009-06-30": "0.00000", "2009-03-31": "0.00000", "2008-12-31": "", "2008-09-30": "0.00000"}, "Other Long-Term Assets": {"2020-09-30": "292.43200", "2020-06-30": "277.64900", "2020-03-31": "290.28200", "2019-12-31": "357.42700", "2019-09-30": "360.95900", "2019-06-30": "371.08300", "2019-03-31": "515.78500", "2018-12-31": "485.64100", "2018-09-30": "525.65900", "2018-06-30": "424.84700", "2018-03-31": "433.40700", "2017-12-31": "516.17000", "2017-09-30": "445.26500", "2017-06-30": "504.98400", "2017-03-31": "2072.25200", "2016-12-31": "616.94700", "2016-09-30": "525.40900", "2016-06-30": "541.62000", "2016-03-31": "1237.20800", "2015-12-31": "543.08400", "2015-09-30": "858.99200", "2015-06-30": "629.48700", "2015-03-31": "621.45800", "2014-12-31": "569.37000", "2014-09-30": "479.72400", "2014-06-30": "448.84700", "2014-03-31": "490.30700", "2013-12-31": "563.05800", "2013-09-30": "571.75600", "2013-06-30": "713.23700", "2013-03-31": "929.73900", "2012-12-31": "880.30400", "2012-09-30": "762.14000", "2012-06-30": "493.79700", "2012-03-31": "370.16000", "2011-12-31": "259.42200", "2011-09-30": "245.93300", "2011-06-30": "195.84900", "2011-03-31": "106.72700", "2010-12-31": "39.36900", "2010-09-30": "21.30580", "2010-06-30": "33.38360", "2010-03-31": "4.56920", "2009-12-31": "1.42600", "2009-09-30": "0.44940", "2009-06-30": "", "2009-03-31": "", "2008-12-31": "", "2008-09-30": ""}, "Total Long-Term Assets": {"2020-09-30": "1632.34500", "2020-06-30": "1633.26000", "2020-03-31": "1943.09600", "2019-12-31": "2486.87100", "2019-09-30": "541.53400", "2019-06-30": "2281.40900", "2019-03-31": "2530.15500", "2018-12-31": "3240.89600", "2018-09-30": "2949.05800", "2018-06-30": "1875.10800", "2018-03-31": "1734.43000", "2017-12-31": "1602.88700", "2017-09-30": "3547.22200", "2017-06-30": "3185.75800", "2017-03-31": "2819.83200", "2016-12-31": "2806.36900", "2016-09-30": "2095.58600", "2016-06-30": "1895.81000", "2016-03-31": "1683.37800", "2015-12-31": "1697.72500", "2015-09-30": "1306.33700", "2015-06-30": "1067.06300", "2015-03-31": "1031.68700", "2014-12-31": "1021.37600", "2014-09-30": "978.19000", "2014-06-30": "949.33700", "2014-03-31": "966.97000", "2013-12-31": "1077.46000", "2013-09-30": "571.75600", "2013-06-30": "713.23700", "2013-03-31": "929.73900", "2012-12-31": "880.30400", "2012-09-30": "762.14000", "2012-06-30": "493.79700", "2012-03-31": "370.16000", "2011-12-31": "259.42200", "2011-09-30": "245.93300", "2011-06-30": "195.84900", "2011-03-31": "106.72700", "2010-12-31": "39.36900", "2010-09-30": "22.34400", "2010-06-30": "34.27820", "2010-03-31": "4.97170", "2009-12-31": "1.42600", "2009-09-30": "0.44940", "2009-06-30": "", "2009-03-31": "", "2008-12-31": "", "2008-09-30": ""}, "Total Assets": {"2020-09-30": "20587.65000", "2020-06-30": "21482.32000", "2020-03-31": "22202.65000", "2019-12-31": "35921.62000", "2019-09-30": "32164.23000", "2019-06-30": "34340.23000", "2019-03-31": "28500.55000", "2018-12-31": "30132.48000", "2018-09-30": "31530.08000", "2018-06-30": "22275.99000", "2018-03-31": "24077.16000", "2017-12-31": "24789.31000", "2017-09-30": "27803.77000", "2017-06-30": "23781.03000", "2017-03-31": "24270.84000", "2016-12-31": "20112.06000", "2016-09-30": "21799.90000", "2016-06-30": "20740.44000", "2016-03-31": "16684.61000", "2015-12-31": "14575.77000", "2015-09-30": "17785.31000", "2015-06-30": "18447.72000", "2015-03-31": "21678.05000", "2014-12-31": "21084.31000", "2014-09-30": "19154.82000", "2014-06-30": "17814.67000", "2014-03-31": "17425.80000", "2013-12-31": "17173.86000", "2013-09-30": "17154.17000", "2013-06-30": "19640.75000", "2013-03-31": "19002.89000", "2012-12-31": "16813.94000", "2012-09-30": "17864.70000", "2012-06-30": "12980.70000", "2012-03-31": "11330.98000", "2011-12-31": "8100.38400", "2011-09-30": "8818.80900", "2011-06-30": "6007.93700", "2011-03-31": "3662.70400", "2010-12-31": "1797.43200", "2010-09-30": "1212.22500", "2010-06-30": "1126.77100", "2010-03-31": "599.01680", "2009-12-31": "538.36600", "2009-09-30": "260.75250", "2009-06-30": "0.00000", "2009-03-31": "0.00000", "2008-12-31": "0.00000", "2008-09-30": "0.00000"}, "Total Current Liabilities": {"2020-09-30": "16784.33000", "2020-06-30": "17423.01000", "2020-03-31": "18269.83000", "2019-12-31": "29691.59000", "2019-09-30": "26084.16000", "2019-06-30": "28707.96000", "2019-03-31": "19839.00000", "2018-12-31": "23293.48000", "2018-09-30": "23923.64000", "2018-06-30": "17290.12000", "2018-03-31": "19234.08000", "2017-12-31": "19538.90000", "2017-09-30": "18297.39000", "2017-06-30": "13316.88000", "2017-03-31": "13640.72000", "2016-12-31": "8865.18400", "2016-09-30": "10637.37000", "2016-06-30": "9669.84800", "2016-03-31": "6189.85200", "2015-12-31": "5008.27400", "2015-09-30": "7982.92800", "2015-06-30": "9422.80300", "2015-03-31": "13094.88000", "2014-12-31": "12932.46000", "2014-09-30": "12289.80000", "2014-06-30": "11407.71000", "2014-03-31": "12037.25000", "2013-12-31": "12270.73000", "2013-09-30": "12167.85000", "2013-06-30": "14920.67000", "2013-03-31": "13473.40000", "2012-12-31": "12643.57000", "2012-09-30": "14064.48000", "2012-06-30": "10461.15000", "2012-03-31": "8712.56400", "2011-12-31": "6675.51600", "2011-09-30": "7313.80200", "2011-06-30": "4834.99300", "2011-03-31": "2620.33300", "2010-12-31": "1172.65100", "2010-09-30": "945.41540", "2010-06-30": "869.16070", "2010-03-31": "451.72030", "2009-12-31": "413.03700", "2009-09-30": "1.17370", "2009-06-30": "", "2009-03-31": "", "2008-12-31": "", "2008-09-30": ""}, "Long Term Debt": {"2020-09-30": "560.67300", "2020-06-30": "552.69600", "2020-03-31": "587.38100", "2019-12-31": "794.95400", "2019-09-30": "634.63500", "2019-06-30": "334.33100", "2019-03-31": "1524.41700", "2018-12-31": "1458.88000", "2018-09-30": "1458.57900", "2018-06-30": "1318.29200", "2018-03-31": "1168.07800", "2017-12-31": "1517.85100", "2017-09-30": "5106.71800", "2017-06-30": "6441.35300", "2017-03-31": "6811.01500", "2016-12-31": "7107.19600", "2016-09-30": "7405.90600", "2016-06-30": "7111.86100", "2016-03-31": "6809.62700", "2015-12-31": "5785.11000", "2015-09-30": "5700.76900", "2015-06-30": "4714.73500", "2015-03-31": "4025.57100", "2014-12-31": "3709.66300", "2014-09-30": "2438.50600", "2014-06-30": "2061.92100", "2014-03-31": "1123.42900", "2013-12-31": "639.73100", "2013-09-30": "649.08200", "2013-06-30": "363.01200", "2013-03-31": "397.22900", "2012-12-31": "", "2012-09-30": "", "2012-06-30": "", "2012-03-31": "", "2011-12-31": "", "2011-09-30": "", "2011-06-30": "", "2011-03-31": "", "2010-12-31": "", "2010-09-30": "", "2010-06-30": "", "2010-03-31": "", "2009-12-31": "", "2009-09-30": "", "2009-06-30": "", "2009-03-31": "", "2008-12-31": "", "2008-09-30": ""}, "Other Non-Current Liabilities": {"2020-09-30": "222.97700", "2020-06-30": "670.68400", "2020-03-31": "441.30300", "2019-12-31": "464.61100", "2019-09-30": "425.84800", "2019-06-30": "429.17600", "2019-03-31": "2362.90500", "2018-12-31": "1125.62900", "2018-09-30": "1471.87900", "2018-06-30": "187.33200", "2018-03-31": "207.31800", "2017-12-31": "161.13300", "2017-09-30": "268.28300", "2017-06-30": "238.69000", "2017-03-31": "216.54800", "2016-12-31": "286.04100", "2016-09-30": "278.37600", "2016-06-30": "540.66100", "2016-03-31": "314.43500", "2015-12-31": "205.82700", "2015-09-30": "328.87800", "2015-06-30": "338.61400", "2015-03-31": "496.11100", "2014-12-31": "374.14100", "2014-09-30": "308.41800", "2014-06-30": "286.53500", "2014-03-31": "346.11900", "2013-12-31": "408.40900", "2013-09-30": "564.18400", "2013-06-30": "522.95100", "2013-03-31": "1067.18500", "2012-12-31": "719.79700", "2012-09-30": "408.73700", "2012-06-30": "336.89500", "2012-03-31": "546.24400", "2011-12-31": "154.78200", "2011-09-30": "197.87600", "2011-06-30": "275.36300", "2011-03-31": "356.80300", "2010-12-31": "242.17500", "2010-09-30": "25.45660", "2010-06-30": "30.25740", "2010-03-31": "21.54040", "2009-12-31": "3.60800", "2009-09-30": "77.83260", "2009-06-30": "", "2009-03-31": "", "2008-12-31": "", "2008-09-30": ""}, "Total Long Term Liabilities": {"2020-09-30": "783.65000", "2020-06-30": "1223.38000", "2020-03-31": "1028.68400", "2019-12-31": "1259.56500", "2019-09-30": "1060.48300", "2019-06-30": "763.50700", "2019-03-31": "3887.32200", "2018-12-31": "2584.50900", "2018-09-30": "2930.45800", "2018-06-30": "1505.62400", "2018-03-31": "1375.39600", "2017-12-31": "1678.98400", "2017-09-30": "5375.00100", "2017-06-30": "6680.04300", "2017-03-31": "7027.56300", "2016-12-31": "7845.76100", "2016-09-30": "7684.28200", "2016-06-30": "7652.52200", "2016-03-31": "7124.06200", "2015-12-31": "5990.93700", "2015-09-30": "6029.64700", "2015-06-30": "5053.34900", "2015-03-31": "4521.68200", "2014-12-31": "4083.80400", "2014-09-30": "2746.92400", "2014-06-30": "2348.45600", "2014-03-31": "1469.54800", "2013-12-31": "1048.14000", "2013-09-30": "1213.26600", "2013-06-30": "885.96300", "2013-03-31": "1464.41400", "2012-12-31": "719.79700", "2012-09-30": "408.73700", "2012-06-30": "336.89500", "2012-03-31": "546.24400", "2011-12-31": "154.78200", "2011-09-30": "197.87600", "2011-06-30": "275.36300", "2011-03-31": "356.80300", "2010-12-31": "242.33300", "2010-09-30": "25.45660", "2010-06-30": "30.25740", "2010-03-31": "21.54040", "2009-12-31": "3.60800", "2009-09-30": "77.83260", "2009-06-30": "", "2009-03-31": "", "2008-12-31": "", "2008-09-30": ""}, "Total Liabilities": {"2020-09-30": "17567.98000", "2020-06-30": "18646.39000", "2020-03-31": "19298.52000", "2019-12-31": "30951.16000", "2019-09-30": "27144.65000", "2019-06-30": "29471.46000", "2019-03-31": "23726.33000", "2018-12-31": "25877.99000", "2018-09-30": "26854.10000", "2018-06-30": "18795.74000", "2018-03-31": "20609.48000", "2017-12-31": "21217.89000", "2017-09-30": "23672.39000", "2017-06-30": "19996.92000", "2017-03-31": "20668.28000", "2016-12-31": "16710.95000", "2016-09-30": "18321.65000", "2016-06-30": "17322.37000", "2016-03-31": "13313.91000", "2015-12-31": "10999.21000", "2015-09-30": "14012.58000", "2015-06-30": "14476.15000", "2015-03-31": "17616.56000", "2014-12-31": "17016.27000", "2014-09-30": "15036.73000", "2014-06-30": "13756.16000", "2014-03-31": "13506.79000", "2013-12-31": "13318.87000", "2013-09-30": "13381.11000", "2013-06-30": "15806.63000", "2013-03-31": "14937.81000", "2012-12-31": "13363.37000", "2012-09-30": "14473.22000", "2012-06-30": "10798.04000", "2012-03-31": "9258.80900", "2011-12-31": "6830.29800", "2011-09-30": "7511.67800", "2011-06-30": "5110.35600", "2011-03-31": "2977.13600", "2010-12-31": "1414.98400", "2010-09-30": "970.87210", "2010-06-30": "899.41800", "2010-03-31": "473.26070", "2009-12-31": "416.64500", "2009-09-30": "79.00630", "2009-06-30": "0.00000", "2009-03-31": "0.00000", "2008-12-31": "", "2008-09-30": "0.00000"}, "Common Stock Net": {"2020-09-30": "2.73700", "2020-06-30": "2.73700", "2020-03-31": "2.73500", "2019-12-31": "2.72900", "2019-09-30": "2.72900", "2019-06-30": "2.72900", "2019-03-31": "2.72800", "2018-12-31": "2.48100", "2018-09-30": "2.48100", "2018-06-30": "1.75500", "2018-03-31": "1.75400", "2017-12-31": "1.74500", "2017-09-30": "3.49000", "2017-06-30": "3.49000", "2017-03-31": "3.48900", "2016-12-31": "1.73800", "2016-09-30": "3.47600", "2016-06-30": "3.47600", "2016-03-31": "3.47600", "2015-12-31": "3.53900", "2015-09-30": "3.66200", "2015-06-30": "3.67500", "2015-03-31": "3.66600", "2014-12-31": "3.66400", "2014-09-30": "3.66100", "2014-06-30": "3.66100", "2014-03-31": "3.66000", "2013-12-31": "3.64900", "2013-09-30": "3.64400", "2013-06-30": "3.65700", "2013-03-31": "3.62100", "2012-12-31": "2.98800", "2012-09-30": "2.95400", "2012-06-30": "2.19600", "2012-03-31": "2.14200", "2011-12-31": "1.40600", "2011-09-30": "1.40600", "2011-06-30": "0.92300", "2011-03-31": "0.69300", "2010-12-31": "0.40500", "2010-09-30": "0.26070", "2010-06-30": "0.26070", "2010-03-31": "0.13380", "2009-12-31": "0.13400", "2009-09-30": "0.00250", "2009-06-30": "0.00000", "2009-03-31": "0.00000", "2008-12-31": "", "2008-09-30": "0.00000"}, "Retained Earnings (Accumulated Deficit)": {"2020-09-30": "814.58500", "2020-06-30": "612.67100", "2020-03-31": "786.23500", "2019-12-31": "2655.89100", "2019-09-30": "2521.13700", "2019-06-30": "2215.43700", "2019-03-31": "2305.99400", "2018-12-31": "2332.37100", "2018-09-30": "2886.90600", "2018-06-30": "2850.98500", "2018-03-31": "2711.49500", "2017-12-31": "2386.60400", "2017-09-30": "2220.70000", "2017-06-30": "2118.63600", "2017-03-31": "2110.01800", "2016-12-31": "2038.03300", "2016-09-30": "1696.63000", "2016-06-30": "1578.84400", "2016-03-31": "1595.82500", "2015-12-31": "1684.75500", "2015-09-30": "1474.04900", "2015-06-30": "1508.83900", "2015-03-31": "1287.33800", "2014-12-31": "1195.53600", "2014-09-30": "1232.49900", "2014-06-30": "1038.90900", "2014-03-31": "999.25200", "2013-12-31": "1028.39700", "2013-09-30": "788.98300", "2013-06-30": "981.71100", "2013-03-31": "593.07400", "2012-12-31": "449.35800", "2012-09-30": "260.05800", "2012-06-30": "233.25600", "2012-03-31": "209.25200", "2011-12-31": "157.45200", "2011-09-30": "106.02200", "2011-06-30": "51.41300", "2011-03-31": "52.39700", "2010-12-31": "30.02000", "2010-09-30": "13.55960", "2010-06-30": "3.67980", "2010-03-31": "-0.40850", "2009-12-31": "-5.73500", "2009-09-30": "0.68530", "2009-06-30": "", "2009-03-31": "", "2008-12-31": "", "2008-09-30": ""}, "Comprehensive Income": {"2020-09-30": "720.34000", "2020-06-30": "684.12400", "2020-03-31": "491.33000", "2019-12-31": "689.40000", "2019-09-30": "748.35400", "2019-06-30": "777.51800", "2019-03-31": "466.96900", "2018-12-31": "110.81700", "2018-09-30": "-154.72900", "2018-06-30": "-34.93300", "2018-03-31": "-0.04600", "2017-12-31": "334.81300", "2017-09-30": "423.04200", "2017-06-30": "354.61700", "2017-03-31": "272.98900", "2016-12-31": "199.22700", "2016-09-30": "538.44300", "2016-06-30": "519.69700", "2016-03-31": "380.40600", "2015-12-31": "359.06100", "2015-09-30": "573.00100", "2015-06-30": "631.03200", "2015-03-31": "849.85800", "2014-12-31": "855.78900", "2014-09-30": "776.64800", "2014-06-30": "817.63000", "2014-03-31": "626.47000", "2013-12-31": "444.73500", "2013-09-30": "512.77400", "2013-06-30": "265.99700", "2013-03-31": "800.71000", "2012-12-31": "696.45800", "2012-09-30": "700.39600", "2012-06-30": "202.79800", "2012-03-31": "85.19400", "2011-12-31": "-58.71600", "2011-09-30": "-26.32500", "2011-06-30": "46.24800", "2011-03-31": "31.73400", "2010-12-31": "22.61900", "2010-09-30": "16.05170", "2010-06-30": "1.82240", "2010-03-31": "2.55070", "2009-12-31": "-0.95000", "2009-09-30": "", "2009-06-30": "", "2009-03-31": "", "2008-12-31": "", "2008-09-30": ""}, "Other Share Holders Equity": {"2020-09-30": "-4656.98200", "2020-06-30": "-4599.65600", "2020-03-31": "-4509.81900", "2019-12-31": "-4509.81900", "2019-09-30": "-4381.69500", "2019-06-30": "-4253.58600", "2019-03-31": "-4125.47600", "2018-12-31": "-3978.29700", "2018-09-30": "-3842.74600", "2018-06-30": "-3718.69800", "2018-03-31": "-3622.47900", "2017-12-31": "-3526.27800", "2017-09-30": "-2781.46900", "2017-06-30": "-2681.84700", "2017-03-31": "-2586.82700", "2016-12-31": "-2499.59900", "2016-09-30": "-2416.16200", "2016-06-30": "-2336.20500", "2016-03-31": "-2256.25200", "2015-12-31": "-2176.31300", "2015-09-30": "-2084.29700", "2015-06-30": "-1988.83800", "2015-03-31": "-1893.28100", "2014-12-31": "-1797.97400", "2014-09-30": "-1702.72400", "2014-06-30": "-1607.51900", "2014-03-31": "-1512.33000", "2013-12-31": "-1417.15800", "2013-09-30": "-1322.27700", "2013-06-30": "-1220.25500", "2013-03-31": "-1106.87400", "2012-12-31": "-646.57200", "2012-09-30": "-482.22500", "2012-06-30": "-398.14700", "2012-03-31": "-288.83800", "2011-12-31": "-203.15500", "2011-09-30": "-146.91600", "2011-06-30": "-90.68200", "2011-03-31": "-53.77000", "2010-12-31": "-37.57000", "2010-09-30": "-27.11970", "2010-06-30": "-16.93050", "2010-03-31": "-8.30880", "2009-12-31": "-3.48400", "2009-09-30": "0.00000", "2009-06-30": "0.00000", "2009-03-31": "0.00000", "2008-12-31": "", "2008-09-30": "0.00000"}, "Share Holder Equity": {"2020-09-30": "3019.67200", "2020-06-30": "2835.93600", "2020-03-31": "2904.13300", "2019-12-31": "4970.46600", "2019-09-30": "5019.58000", "2019-06-30": "4868.77400", "2019-03-31": "4774.22400", "2018-12-31": "4254.48900", "2018-09-30": "4675.98200", "2018-06-30": "3480.24500", "2018-03-31": "3467.68500", "2017-12-31": "3571.42400", "2017-09-30": "4131.38100", "2017-06-30": "3784.10900", "2017-03-31": "3602.56100", "2016-12-31": "3401.11100", "2016-09-30": "3478.24100", "2016-06-30": "3418.06800", "2016-03-31": "3370.69100", "2015-12-31": "3576.56100", "2015-09-30": "3772.73800", "2015-06-30": "3971.56900", "2015-03-31": "4061.49500", "2014-12-31": "4068.04200", "2014-09-30": "4118.09900", "2014-06-30": "4058.50500", "2014-03-31": "3919.00400", "2013-12-31": "3854.99500", "2013-09-30": "3773.05300", "2013-06-30": "3834.12300", "2013-03-31": "4065.07900", "2012-12-31": "3450.57700", "2012-09-30": "3391.47600", "2012-06-30": "2182.65700", "2012-03-31": "2072.17300", "2011-12-31": "1270.08600", "2011-09-30": "1307.13100", "2011-06-30": "897.58100", "2011-03-31": "685.56800", "2010-12-31": "382.44800", "2010-09-30": "241.35310", "2010-06-30": "227.35300", "2010-03-31": "125.75610", "2009-12-31": "121.72100", "2009-09-30": "181.74620", "2009-06-30": "0.00000", "2009-03-31": "0.00000", "2008-12-31": "", "2008-09-30": "0.00000"}, "Total Liabilities And Share Holders Equity": {"2020-09-30": "20587.65000", "2020-06-30": "21482.32000", "2020-03-31": "22202.65000", "2019-12-31": "35921.62000", "2019-09-30": "32164.23000", "2019-06-30": "34340.23000", "2019-03-31": "28500.55000", "2018-12-31": "30132.48000", "2018-09-30": "31530.08000", "2018-06-30": "22275.99000", "2018-03-31": "24077.16000", "2017-12-31": "24789.31000", "2017-09-30": "27803.77000", "2017-06-30": "23781.03000", "2017-03-31": "24270.84000", "2016-12-31": "20112.06000", "2016-09-30": "21799.90000", "2016-06-30": "20740.44000", "2016-03-31": "16684.61000", "2015-12-31": "14575.77000", "2015-09-30": "17785.31000", "2015-06-30": "18447.72000", "2015-03-31": "21678.05000", "2014-12-31": "21084.31000", "2014-09-30": "19154.82000", "2014-06-30": "17814.67000", "2014-03-31": "17425.80000", "2013-12-31": "17173.86000", "2013-09-30": "17154.17000", "2013-06-30": "19640.75000", "2013-03-31": "19002.89000", "2012-12-31": "16813.94000", "2012-09-30": "17864.70000", "2012-06-30": "12980.70000", "2012-03-31": "11330.98000", "2011-12-31": "8100.38400", "2011-09-30": "8818.80900", "2011-06-30": "6007.93700", "2011-03-31": "3662.70400", "2010-12-31": "1797.43200", "2010-09-30": "1212.22500", "2010-06-30": "1126.77100", "2010-03-31": "599.01680", "2009-12-31": "538.36600", "2009-09-30": "260.75250", "2009-06-30": "0.00000", "2009-03-31": "0.00000", "2008-12-31": "", "2008-09-30": "0.00000"}}, "cash flow statement": {"Net Income/Loss": {"2019-12-31": "323.96200", "2018-12-31": "-44.29000", "2017-12-31": "308.23900", "2016-12-31": "317.92100", "2015-12-31": "492.07200", "2014-12-31": "167.13900", "2013-12-31": "579.03900", "2012-12-31": "291.90600", "2011-12-31": "127.43200", "2010-12-31": "35.75500", "2009-12-31": "-8.74400", "2008-12-31": "2.29500"}, "Total Depreciation And Amortization - Cash Flow": {"2019-12-31": "168.77700", "2018-12-31": "94.85900", "2017-12-31": "68.36500", "2016-12-31": "42.88800", "2015-12-31": "40.27500", "2014-12-31": "13.62800", "2013-12-31": "19.31400", "2012-12-31": "1.77900", "2011-12-31": "-0.19600", "2010-12-31": "2.45500", "2009-12-31": "0.52800", "2008-12-31": ""}, "Other Non-Cash Items": {"2019-12-31": "585.07300", "2018-12-31": "561.23100", "2017-12-31": "199.00700", "2016-12-31": "136.02000", "2015-12-31": "-2476.83400", "2014-12-31": "-735.51000", "2013-12-31": "-1174.73700", "2012-12-31": "-54.50100", "2011-12-31": "32.38900", "2010-12-31": "-3.67600", "2009-12-31": "-0.67800", "2008-12-31": ""}, "Total Non-Cash Items": {"2019-12-31": "753.85000", "2018-12-31": "656.09000", "2017-12-31": "267.37200", "2016-12-31": "178.90800", "2015-12-31": "-2436.55900", "2014-12-31": "-721.88200", "2013-12-31": "-1155.42300", "2012-12-31": "-52.72200", "2011-12-31": "32.19300", "2010-12-31": "-1.22100", "2009-12-31": "-0.15000", "2008-12-31": ""}, "Change In Accounts Receivable": {"2019-12-31": "-6.04500", "2018-12-31": "12.36600", "2017-12-31": "-24.68900", "2016-12-31": "-10.60300", "2015-12-31": "29.71300", "2014-12-31": "-25.64700", "2013-12-31": "22.08200", "2012-12-31": "-51.04800", "2011-12-31": "-18.05400", "2010-12-31": "-2.80300", "2009-12-31": "-2.58000", "2008-12-31": ""}, "Change In Inventories": {"2019-12-31": "", "2018-12-31": "", "2017-12-31": "", "2016-12-31": "", "2015-12-31": "", "2014-12-31": "", "2013-12-31": "", "2012-12-31": "", "2011-12-31": "", "2010-12-31": "", "2009-12-31": "", "2008-12-31": ""}, "Change In Accounts Payable": {"2019-12-31": "", "2018-12-31": "", "2017-12-31": "", "2016-12-31": "", "2015-12-31": "", "2014-12-31": "", "2013-12-31": "", "2012-12-31": "", "2011-12-31": "", "2010-12-31": "", "2009-12-31": "", "2008-12-31": ""}, "Change In Assets/Liabilities": {"2019-12-31": "-4.75100", "2018-12-31": "33.88400", "2017-12-31": "-11.25900", "2016-12-31": "-256.74700", "2015-12-31": "-23.57700", "2014-12-31": "-102.98900", "2013-12-31": "77.94800", "2012-12-31": "-34.88100", "2011-12-31": "-6.18800", "2010-12-31": "-0.81200", "2009-12-31": "-0.83900", "2008-12-31": "-0.07700"}, "Total Change In Assets/Liabilities": {"2019-12-31": "-21.17500", "2018-12-31": "91.07000", "2017-12-31": "31.17000", "2016-12-31": "-257.15000", "2015-12-31": "7.73900", "2014-12-31": "-112.54000", "2013-12-31": "120.34100", "2012-12-31": "-77.00600", "2011-12-31": "-7.98200", "2010-12-31": "-1.42000", "2009-12-31": "-2.46800", "2008-12-31": "-0.58000"}, "Cash Flow From Operating Activities": {"2019-12-31": "1056.63700", "2018-12-31": "702.87000", "2017-12-31": "606.78100", "2016-12-31": "239.67900", "2015-12-31": "-1936.74800", "2014-12-31": "-667.28300", "2013-12-31": "-456.04300", "2012-12-31": "162.17800", "2011-12-31": "151.64300", "2010-12-31": "33.11400", "2009-12-31": "-11.36200", "2008-12-31": "1.71500"}, "Net Change In Property, Plant, And Equipment": {"2019-12-31": "", "2018-12-31": "", "2017-12-31": "", "2016-12-31": "", "2015-12-31": "", "2014-12-31": "", "2013-12-31": "", "2012-12-31": "", "2011-12-31": "", "2010-12-31": "", "2009-12-31": "", "2008-12-31": ""}, "Net Change In Intangible Assets": {"2019-12-31": "-613.66300", "2018-12-31": "-975.75600", "2017-12-31": "-483.90600", "2016-12-31": "-277.57200", "2015-12-31": "-123.66600", "2014-12-31": "-59.56800", "2013-12-31": "-499.02400", "2012-12-31": "", "2011-12-31": "", "2010-12-31": "", "2009-12-31": "", "2008-12-31": ""}, "Net Acquisitions/Divestitures": {"2019-12-31": "", "2018-12-31": "-13.55200", "2017-12-31": "", "2016-12-31": "", "2015-12-31": "", "2014-12-31": "", "2013-12-31": "-6.40400", "2012-12-31": "", "2011-12-31": "", "2010-12-31": "", "2009-12-31": "", "2008-12-31": ""}, "Net Change In Short-term Investments": {"2019-12-31": "-825.97800", "2018-12-31": "270.93500", "2017-12-31": "-17.36400", "2016-12-31": "56.80000", "2015-12-31": "1918.27300", "2014-12-31": "-1000.60100", "2013-12-31": "113.94000", "2012-12-31": "-537.85700", "2011-12-31": "-1031.06100", "2010-12-31": "-239.49600", "2009-12-31": "0.00000", "2008-12-31": ""}, "Net Change In Long-Term Investments": {"2019-12-31": "-5176.39300", "2018-12-31": "5015.19400", "2017-12-31": "-7447.86700", "2016-12-31": "-4715.57000", "2015-12-31": "6850.81800", "2014-12-31": "-1594.63400", "2013-12-31": "1084.06700", "2012-12-31": "-6561.59200", "2011-12-31": "-4951.38100", "2010-12-31": "-832.55000", "2009-12-31": "-495.60700", "2008-12-31": ""}, "Net Change In Investments - Total": {"2019-12-31": "-6002.37100", "2018-12-31": "5286.12900", "2017-12-31": "-7465.23100", "2016-12-31": "-4658.77100", "2015-12-31": "8769.09200", "2014-12-31": "-2595.23500", "2013-12-31": "1198.00700", "2012-12-31": "-7099.44900", "2011-12-31": "-5982.44200", "2010-12-31": "-1072.04600", "2009-12-31": "-495.60700", "2008-12-31": ""}, "Investing Activities - Other": {"2019-12-31": "538.28980", "2018-12-31": "493.17590", "2017-12-31": "-1535.12100", "2016-12-31": "-733.93400", "2015-12-31": "-731.79700", "2014-12-31": "-140.30400", "2013-12-31": "-178.45100", "2012-12-31": "192.97100", "2011-12-31": "-350.48100", "2010-12-31": "210.66200", "2009-12-31": "245.42700", "2008-12-31": "0.60200"}, "Cash Flow From Investing Activities": {"2019-12-31": "-6077.74400", "2018-12-31": "4789.99800", "2017-12-31": "-9484.25900", "2016-12-31": "-5670.27800", "2015-12-31": "7913.62800", "2014-12-31": "-2795.10700", "2013-12-31": "514.12800", "2012-12-31": "-6906.47900", "2011-12-31": "-6332.92300", "2010-12-31": "-861.38400", "2009-12-31": "-250.18000", "2008-12-31": "0.60200"}, "Net Long-Term Debt": {"2019-12-31": "-271.10390", "2018-12-31": "-60.00000", "2017-12-31": "-2881.84100", "2016-12-31": "1329.99400", "2015-12-31": "2101.36000", "2014-12-31": "3045.64700", "2013-12-31": "264.62900", "2012-12-31": "", "2011-12-31": "", "2010-12-31": "", "2009-12-31": "", "2008-12-31": ""}, "Net Current Debt": {"2019-12-31": "6013.98400", "2018-12-31": "-5061.26600", "2017-12-31": "10586.02000", "2016-12-31": "3916.25800", "2015-12-31": "-7983.53900", "2014-12-31": "682.00000", "2013-12-31": "-374.06250", "2012-12-31": "5964.35900", "2011-12-31": "5490.34400", "2010-12-31": "757.90970", "2009-12-31": "411.89300", "2008-12-31": ""}, "Debt Issuance/Retirement Net - Total": {"2019-12-31": "5742.88000", "2018-12-31": "-5121.26600", "2017-12-31": "7704.18300", "2016-12-31": "5246.25200", "2015-12-31": "-5882.17900", "2014-12-31": "3727.64700", "2013-12-31": "-109.43350", "2012-12-31": "5964.35900", "2011-12-31": "5490.34400", "2010-12-31": "757.90970", "2009-12-31": "411.89300", "2008-12-31": ""}, "Net Common Equity Issued/Repurchased": {"2019-12-31": "336.23400", "2018-12-31": "0.21500", "2017-12-31": "0.44900", "2016-12-31": "-60.80500", "2015-12-31": "-114.63500", "2014-12-31": "0.58800", "2013-12-31": "847.17700", "2012-12-31": "1576.34000", "2011-12-31": "1006.84700", "2010-12-31": "235.27500", "2009-12-31": "-59.16600", "2008-12-31": ""}, "Net Total Equity Issued/Repurchased": {"2019-12-31": "336.23400", "2018-12-31": "0.17900", "2017-12-31": "702.98600", "2016-12-31": "-60.80500", "2015-12-31": "-114.63500", "2014-12-31": "0.58800", "2013-12-31": "847.17700", "2012-12-31": "1576.34000", "2011-12-31": "1006.84700", "2010-12-31": "235.27500", "2009-12-31": "-59.16600", "2008-12-31": ""}, "Total Common And Preferred Stock Dividends Paid": {"2019-12-31": "-538.94800", "2018-12-31": "-329.02000", "2017-12-31": "-436.05800", "2016-12-31": "-331.86500", "2015-12-31": "-381.58600", "2014-12-31": "-285.55300", "2013-12-31": "-591.45200", "2012-12-31": "-335.30900", "2011-12-31": "-119.79600", "2010-12-31": "-27.12000", "2009-12-31": "", "2008-12-31": ""}, "Financial Activities - Other": {"2019-12-31": "", "2018-12-31": "", "2017-12-31": "1146.16800", "2016-12-31": "391.81800", "2015-12-31": "59.34900", "2014-12-31": "", "2013-12-31": "", "2012-12-31": "", "2011-12-31": "", "2010-12-31": "", "2009-12-31": "-67.85800", "2008-12-31": ""}, "Cash Flow From Financial Activities": {"2019-12-31": "5540.16900", "2018-12-31": "-5450.09900", "2017-12-31": "9117.27800", "2016-12-31": "5245.40100", "2015-12-31": "-6319.05000", "2014-12-31": "3442.69500", "2013-12-31": "146.29400", "2012-12-31": "7205.39300", "2011-12-31": "6377.39600", "2010-12-31": "966.06500", "2009-12-31": "284.86900", "2008-12-31": ""}, "Net Cash Flow": {"2019-12-31": "519.06200", "2018-12-31": "42.76900", "2017-12-31": "239.80000", "2016-12-31": "-185.19800", "2015-12-31": "-342.17000", "2014-12-31": "-19.69500", "2013-12-31": "204.37900", "2012-12-31": "461.09200", "2011-12-31": "196.11600", "2010-12-31": "137.79500", "2009-12-31": "23.32700", "2008-12-31": "2.31700"}, "Stock-Based Compensation": {"2019-12-31": "9.16200", "2018-12-31": "12.99500", "2017-12-31": "11.33000", "2016-12-31": "15.19700", "2015-12-31": "9.00200", "2014-12-31": "15.08200", "2013-12-31": "0.51100", "2012-12-31": "0.48800", "2011-12-31": "0.27900", "2010-12-31": "0.21400", "2009-12-31": "0.02200", "2008-12-31": ""}, "Common Stock Dividends Paid": {"2019-12-31": "-463.14700", "2018-12-31": "-270.62600", "2017-12-31": "-422.88500", "2016-12-31": "-331.86500", "2015-12-31": "-381.58600", "2014-12-31": "-285.55300", "2013-12-31": "-591.45200", "2012-12-31": "-335.30900", "2011-12-31": "-119.79600", "2010-12-31": "-27.12000", "2009-12-31": "0.00000", "2008-12-31": ""}}, "cash flow statement, quarterly": {"Net Income/Loss": {"2020-09-30": 201.914, "2020-06-30": -173.564, "2020-03-31": "-1869.65600", "2019-12-31": 134.754, "2019-09-30": 305.7, "2019-06-30": -90.557, "2019-03-31": "-25.93500", "2018-12-31": -554.535, "2018-09-30": 35.946, "2018-06-30": 139.49, "2018-03-31": "334.80900", "2017-12-31": 162.027, "2017-09-30": 93.22, "2017-06-30": -5.539, "2017-03-31": "58.53100", "2016-12-31": 306.046, "2016-09-30": 117.786, "2016-06-30": -16.981, "2016-03-31": "-88.93000", "2015-12-31": 210.568, "2015-09-30": -34.79, "2015-06-30": 221.501, "2015-03-31": "94.79300", "2014-12-31": -36.963, "2014-09-30": 193.59, "2014-06-30": 10.512, "2014-03-31": "0.00000", "2013-12-31": 239.414, "2013-09-30": -192.728, "2013-06-30": 388.637, "2013-03-31": "143.71600", "2012-12-31": 189.3, "2012-09-30": 26.802, "2012-06-30": 24.004, "2012-03-31": "51.80000", "2011-12-31": 51.43, "2011-09-30": 54.609, "2011-06-30": -0.984, "2011-03-31": "22.37700", "2010-12-31": 16.46, "2010-09-30": 9.88, "2010-06-30": 4.088, "2010-03-31": "5.32700", "2009-12-31": -6.4202, "2009-09-30": -0.9199, "2009-06-30": -1.2237, "2009-03-31": "-0.18020", "2008-12-31": 0.0586, "2008-09-30": 2.2314}, "Total Depreciation And Amortization - Cash Flow": {"2020-09-30": 65.655, "2020-06-30": 61.728, "2020-03-31": "41.94100", "2019-12-31": 48.506, "2019-09-30": 54.67, "2019-06-30": 43.306, "2019-03-31": "22.29500", "2018-12-31": 20.69, "2018-09-30": 28.837, "2018-06-30": 23.019, "2018-03-31": "22.31300", "2017-12-31": 21.66, "2017-09-30": 22.686, "2017-06-30": 15.154, "2017-03-31": "8.86500", "2016-12-31": 12.438, "2016-09-30": 13.123, "2016-06-30": 11.264, "2016-03-31": "6.06300", "2015-12-31": 6.717, "2015-09-30": 10.749, "2015-06-30": 14.936, "2015-03-31": "7.87300", "2014-12-31": 4.912, "2014-09-30": 5.88, "2014-06-30": 2.629, "2014-03-31": "0.20700", "2013-12-31": 2.379, "2013-09-30": 4.273, "2013-06-30": 9.746, "2013-03-31": "2.91600", "2012-12-31": 6.887, "2012-09-30": 3.872, "2012-06-30": -3.089, "2012-03-31": "-5.89100", "2011-12-31": -0.139, "2011-09-30": -4.75, "2011-06-30": 2.226, "2011-03-31": "2.46700", "2010-12-31": 0.468, "2010-09-30": 0.213, "2010-06-30": 0.358, "2010-03-31": "1.41600", "2009-12-31": 0.528, "2009-09-30": 0, "2009-06-30": 0, "2009-03-31": "", "2008-12-31": 0, "2008-09-30": 0}, "Other Non-Cash Items": {"2020-09-30": 147.022, "2020-06-30": 70.074, "2020-03-31": "1973.15600", "2019-12-31": 12.866, "2019-09-30": -21.791, "2019-06-30": 366.882, "2019-03-31": "227.11600", "2018-12-31": 673.082, "2018-09-30": 49.286, "2018-06-30": -8.054, "2018-03-31": "-153.08300", "2017-12-31": -32.166, "2017-09-30": 34.176, "2017-06-30": 75.697, "2017-03-31": "121.30000", "2016-12-31": 820.9851, "2016-09-30": -559.6701, "2016-06-30": -88.191, "2016-03-31": "-37.10400", "2015-12-31": -534.451, "2015-09-30": -563.434, "2015-06-30": -779.744, "2015-03-31": "-599.20500", "2014-12-31": -314.298, "2014-09-30": -803.87, "2014-06-30": 376.177, "2014-03-31": "6.48100", "2013-12-31": -204.8251, "2013-09-30": 331.3771, "2013-06-30": -1108.719, "2013-03-31": "-192.57000", "2012-12-31": -165.378, "2012-09-30": 58.946, "2012-06-30": 37.939, "2012-03-31": "13.99200", "2011-12-31": 15.263, "2011-09-30": -11.272, "2011-06-30": 36.937, "2011-03-31": "-8.53900", "2010-12-31": -6.031, "2010-09-30": 0.325, "2010-06-30": 2.722, "2010-03-31": "-0.69200", "2009-12-31": -0.678, "2009-09-30": 0, "2009-06-30": 0, "2009-03-31": "", "2008-12-31": 0, "2008-09-30": 0}, "Total Non-Cash Items": {"2020-09-30": 212.677, "2020-06-30": 131.802, "2020-03-31": "2015.09700", "2019-12-31": 61.372, "2019-09-30": 32.879, "2019-06-30": 410.188, "2019-03-31": "249.41100", "2018-12-31": 693.772, "2018-09-30": 78.123, "2018-06-30": 14.965, "2018-03-31": "-130.77000", "2017-12-31": -10.506, "2017-09-30": 56.862, "2017-06-30": 90.851, "2017-03-31": "130.16500", "2016-12-31": 833.4231, "2016-09-30": -546.5471, "2016-06-30": -76.927, "2016-03-31": "-31.04100", "2015-12-31": -527.734, "2015-09-30": -552.685, "2015-06-30": -764.808, "2015-03-31": "-591.33200", "2014-12-31": -309.386, "2014-09-30": -797.99, "2014-06-30": 378.806, "2014-03-31": "6.68800", "2013-12-31": -202.4461, "2013-09-30": 335.6501, "2013-06-30": -1098.973, "2013-03-31": "-189.65400", "2012-12-31": -158.491, "2012-09-30": 62.818, "2012-06-30": 34.85, "2012-03-31": "8.10100", "2011-12-31": 15.124, "2011-09-30": -16.022, "2011-06-30": 39.163, "2011-03-31": "-6.07200", "2010-12-31": -5.563, "2010-09-30": 0.538, "2010-06-30": 3.08, "2010-03-31": "0.72400", "2009-12-31": -0.15, "2009-09-30": 0, "2009-06-30": 0, "2009-03-31": "", "2008-12-31": 0, "2008-09-30": 0}, "Change In Accounts Receivable": {"2020-09-30": 3.34, "2020-06-30": 4.374, "2020-03-31": "34.78000", "2019-12-31": -5.313, "2019-09-30": 10.31, "2019-06-30": -19.697, "2019-03-31": "8.65500", "2018-12-31": -1.332, "2018-09-30": 6.497, "2018-06-30": 6.262, "2018-03-31": "0.93900", "2017-12-31": -14.28, "2017-09-30": -4.829, "2017-06-30": -4.312, "2017-03-31": "-1.26800", "2016-12-31": 0.795, "2016-09-30": -3.72, "2016-06-30": -3.339, "2016-03-31": "-4.33900", "2015-12-31": 11.871, "2015-09-30": 3.265, "2015-06-30": 11.168, "2015-03-31": "3.40900", "2014-12-31": -12.46, "2014-09-30": -1.984, "2014-06-30": -11.203, "2014-03-31": "", "2013-12-31": -1.364, "2013-09-30": 6.476, "2013-06-30": -7.603, "2013-03-31": "24.57300", "2012-12-31": -27.467, "2012-09-30": -11.064, "2012-06-30": -5.153, "2012-03-31": "-7.36400", "2011-12-31": 2.073, "2011-09-30": -7.793, "2011-06-30": -6.707, "2011-03-31": "-5.62700", "2010-12-31": -1.132, "2010-09-30": -0.494, "2010-06-30": -1.256, "2010-03-31": "0.07900", "2009-12-31": -2.58, "2009-09-30": 0, "2009-06-30": 0, "2009-03-31": "", "2008-12-31": 0, "2008-09-30": 0}, "Change In Inventories": {"2020-09-30": 0, "2020-06-30": 0, "2020-03-31": "", "2019-12-31": 0, "2019-09-30": 0, "2019-06-30": 0, "2019-03-31": "", "2018-12-31": 0, "2018-09-30": 0, "2018-06-30": 0, "2018-03-31": "", "2017-12-31": 0, "2017-09-30": 0, "2017-06-30": 0, "2017-03-31": "", "2016-12-31": 0, "2016-09-30": 0, "2016-06-30": 0, "2016-03-31": "", "2015-12-31": 0, "2015-09-30": 0, "2015-06-30": 0, "2015-03-31": "", "2014-12-31": 0, "2014-09-30": 0, "2014-06-30": 0, "2014-03-31": "", "2013-12-31": 0, "2013-09-30": 0, "2013-06-30": 0, "2013-03-31": "", "2012-12-31": 0, "2012-09-30": 0, "2012-06-30": 0, "2012-03-31": "", "2011-12-31": 0, "2011-09-30": 0, "2011-06-30": 0, "2011-03-31": "", "2010-12-31": 0, "2010-09-30": 0, "2010-06-30": 0, "2010-03-31": "", "2009-12-31": 0, "2009-09-30": 0, "2009-06-30": 0, "2009-03-31": "", "2008-12-31": 0, "2008-09-30": 0}, "Change In Accounts Payable": {"2020-09-30": 0, "2020-06-30": 0, "2020-03-31": "", "2019-12-31": 0, "2019-09-30": 0, "2019-06-30": 0, "2019-03-31": "", "2018-12-31": 0, "2018-09-30": 0, "2018-06-30": 0, "2018-03-31": "", "2017-12-31": 0, "2017-09-30": 0, "2017-06-30": 0, "2017-03-31": "", "2016-12-31": 0, "2016-09-30": 0, "2016-06-30": 0, "2016-03-31": "", "2015-12-31": 0, "2015-09-30": 0, "2015-06-30": 0, "2015-03-31": "", "2014-12-31": 0, "2014-09-30": 0, "2014-06-30": 0, "2014-03-31": "", "2013-12-31": 0, "2013-09-30": 0, "2013-06-30": 0, "2013-03-31": "", "2012-12-31": 0, "2012-09-30": 0, "2012-06-30": 0, "2012-03-31": "", "2011-12-31": 0, "2011-09-30": 0, "2011-06-30": 0, "2011-03-31": "", "2010-12-31": 0, "2010-09-30": 0, "2010-06-30": 0, "2010-03-31": "", "2009-12-31": 0, "2009-09-30": 0, "2009-06-30": 0, "2009-03-31": "", "2008-12-31": 0, "2008-09-30": 0}, "Change In Assets/Liabilities": {"2020-09-30": -167.488, "2020-06-30": 132.388, "2020-03-31": "-9.93200", "2019-12-31": -12.093, "2019-09-30": -2.254, "2019-06-30": 25.221, "2019-03-31": "-15.62500", "2018-12-31": 0.602, "2018-09-30": 34.183, "2018-06-30": -1.359, "2018-03-31": "0.45800", "2017-12-31": 5.008, "2017-09-30": -4.967, "2017-06-30": 11.638, "2017-03-31": "-22.93800", "2016-12-31": -223.139, "2016-09-30": -6.666, "2016-06-30": -26.73, "2016-03-31": "-0.21200", "2015-12-31": -0.299, "2015-09-30": -8.319, "2015-06-30": -0.1, "2015-03-31": "-14.85900", "2014-12-31": -23.527, "2014-09-30": -9.691, "2014-06-30": -69.771, "2014-03-31": "", "2013-12-31": 5.228, "2013-09-30": 22.16, "2013-06-30": 45.854, "2013-03-31": "4.70600", "2012-12-31": -6.687, "2012-09-30": -7.874, "2012-06-30": -20.963, "2012-03-31": "0.64300", "2011-12-31": -10.479, "2011-09-30": 8.464, "2011-06-30": -4.859, "2011-03-31": "0.68600", "2010-12-31": -0.482, "2010-09-30": 0.377, "2010-06-30": -0.142, "2010-03-31": "-0.56500", "2009-12-31": -0.4881, "2009-09-30": -0.318, "2009-06-30": 0.0283, "2009-03-31": "-0.06120", "2008-12-31": 0.045, "2008-09-30": -0.045}, "Total Change In Assets/Liabilities": {"2020-09-30": -188.554, "2020-06-30": 93.929, "2020-03-31": "-45.23500", "2019-12-31": 9.427, "2019-09-30": -15.001, "2019-06-30": 42.061, "2019-03-31": "-57.66200", "2018-12-31": 42.267, "2018-09-30": 47.859, "2018-06-30": 1.84, "2018-03-31": "-0.89600", "2017-12-31": 36.495, "2017-09-30": -7.678, "2017-06-30": 28.785, "2017-03-31": "-26.43200", "2016-12-31": -223.902, "2016-09-30": -2.695, "2016-06-30": -18.842, "2016-03-31": "-11.71100", "2015-12-31": 19.7, "2015-09-30": -0.533, "2015-06-30": 5.45, "2015-03-31": "-16.87800", "2014-12-31": -28.02, "2014-09-30": -4.708, "2014-06-30": -79.812, "2014-03-31": "", "2013-12-31": 11.5, "2013-09-30": 36.839, "2013-06-30": 46.548, "2013-03-31": "25.45400", "2012-12-31": -31.651, "2012-09-30": -11.762, "2012-06-30": -18.463, "2012-03-31": "-15.13000", "2011-12-31": -3.415, "2011-09-30": 6.992, "2011-06-30": -8.347, "2011-03-31": "-3.21200", "2010-12-31": -0.697, "2010-09-30": -0.577, "2010-06-30": -0.275, "2010-03-31": "0.12900", "2009-12-31": -3.0973, "2009-09-30": -0.0146, "2009-06-30": 0.7558, "2009-03-31": "-0.11190", "2008-12-31": -0.0546, "2008-09-30": -0.5254}, "Cash Flow From Operating Activities": {"2020-09-30": 226.037, "2020-06-30": 52.167, "2020-03-31": "100.20600", "2019-12-31": 205.553, "2019-09-30": 323.578, "2019-06-30": 361.692, "2019-03-31": "165.81400", "2018-12-31": 181.504, "2018-09-30": 161.928, "2018-06-30": 156.295, "2018-03-31": "203.14300", "2017-12-31": 188.016, "2017-09-30": 142.404, "2017-06-30": 114.097, "2017-03-31": "162.26400", "2016-12-31": 915.567, "2016-09-30": -431.456, "2016-06-30": -112.75, "2016-03-31": "-131.68200", "2015-12-31": -297.466, "2015-09-30": -588.008, "2015-06-30": -537.857, "2015-03-31": "-513.41700", "2014-12-31": -374.369, "2014-09-30": -609.108, "2014-06-30": -161.635, "2014-03-31": "477.82900", "2013-12-31": 48.468, "2013-09-30": 179.761, "2013-06-30": -663.788, "2013-03-31": "-20.48400", "2012-12-31": -0.842, "2012-09-30": 77.858, "2012-06-30": 40.391, "2012-03-31": "44.77100", "2011-12-31": 63.139, "2011-09-30": 45.579, "2011-06-30": 29.832, "2011-03-31": "13.09300", "2010-12-31": 10.2, "2010-09-30": 9.841, "2010-06-30": 6.893, "2010-03-31": "6.18000", "2009-12-31": -9.6675, "2009-09-30": -0.9345, "2009-06-30": -0.4679, "2009-03-31": "-0.29210", "2008-12-31": 0.004, "2008-09-30": 1.706}, "Net Change In Property, Plant, And Equipment": {"2020-09-30": 0, "2020-06-30": 0, "2020-03-31": "", "2019-12-31": 0, "2019-09-30": 0, "2019-06-30": 0, "2019-03-31": "", "2018-12-31": 0, "2018-09-30": 0, "2018-06-30": 0, "2018-03-31": "", "2017-12-31": 0, "2017-09-30": 0, "2017-06-30": 0, "2017-03-31": "", "2016-12-31": 448.384, "2016-09-30": -462.771, "2016-06-30": 96.012, "2016-03-31": "-81.62500", "2015-12-31": 290.683, "2015-09-30": -290.683, "2015-06-30": 0, "2015-03-31": "", "2014-12-31": 0, "2014-09-30": 0, "2014-06-30": 0, "2014-03-31": "", "2013-12-31": 0, "2013-09-30": 0, "2013-06-30": 0, "2013-03-31": "", "2012-12-31": 191.365, "2012-09-30": -191.365, "2012-06-30": 0, "2012-03-31": "", "2011-12-31": 0, "2011-09-30": 0, "2011-06-30": 0, "2011-03-31": "", "2010-12-31": 0, "2010-09-30": 0, "2010-06-30": 0, "2010-03-31": "", "2009-12-31": 0, "2009-09-30": 0, "2009-06-30": 0, "2009-03-31": "", "2008-12-31": 0, "2008-09-30": 0}, "Net Change In Intangible Assets": {"2020-09-30": 193.385, "2020-06-30": -12.823, "2020-03-31": "-182.38400", "2019-12-31": -613.133, "2019-09-30": 248.262, "2019-06-30": -38.888, "2019-03-31": "-209.90400", "2018-12-31": -976.151, "2018-09-30": 282.279, "2018-06-30": -139.385, "2018-03-31": "-142.49900", "2017-12-31": -156.697, "2017-09-30": -61.833, "2017-06-30": -197.075, "2017-03-31": "-68.30100", "2016-12-31": -110.942, "2016-09-30": -58.624, "2016-06-30": -56.553, "2016-03-31": "-51.45300", "2015-12-31": -48.655, "2015-09-30": -66.845, "2015-06-30": 2.233, "2015-03-31": "-10.39900", "2014-12-31": -2.462, "2014-09-30": -8.687, "2014-06-30": -53.398, "2014-03-31": "4.97900", "2013-12-31": -485.634, "2013-09-30": -13.39, "2013-06-30": 0, "2013-03-31": "", "2012-12-31": 0, "2012-09-30": 0, "2012-06-30": 0, "2012-03-31": "", "2011-12-31": 0, "2011-09-30": 0, "2011-06-30": 0, "2011-03-31": "", "2010-12-31": 0, "2010-09-30": 0, "2010-06-30": 0, "2010-03-31": "", "2009-12-31": 0, "2009-09-30": 0, "2009-06-30": 0, "2009-03-31": "", "2008-12-31": 0, "2008-09-30": 0}, "Net Acquisitions/Divestitures": {"2020-09-30": 0, "2020-06-30": 0, "2020-03-31": "", "2019-12-31": 0, "2019-09-30": 0, "2019-06-30": 0, "2019-03-31": "", "2018-12-31": 0, "2018-09-30": -13.552, "2018-06-30": 0, "2018-03-31": "", "2017-12-31": 5.445, "2017-09-30": -5.445, "2017-06-30": 0, "2017-03-31": "", "2016-12-31": 0, "2016-09-30": 0, "2016-06-30": 0, "2016-03-31": "", "2015-12-31": 0, "2015-09-30": 0, "2015-06-30": 0, "2015-03-31": "", "2014-12-31": 0, "2014-09-30": 0, "2014-06-30": 0, "2014-03-31": "", "2013-12-31": 0, "2013-09-30": 0, "2013-06-30": -6.404, "2013-03-31": "", "2012-12-31": 0, "2012-09-30": 0, "2012-06-30": 0, "2012-03-31": "", "2011-12-31": 0, "2011-09-30": 0, "2011-06-30": 0, "2011-03-31": "", "2010-12-31": 0, "2010-09-30": 0, "2010-06-30": 0, "2010-03-31": "", "2009-12-31": 0, "2009-09-30": 0, "2009-06-30": 0, "2009-03-31": "", "2008-12-31": 0, "2008-09-30": 0}, "Net Change In Short-term Investments": {"2020-09-30": -7.404, "2020-06-30": -50.477, "2020-03-31": "-61.49300", "2019-12-31": 18.771, "2019-09-30": 48.929, "2019-06-30": -40.405, "2019-03-31": "-853.27300", "2018-12-31": -144.519, "2018-09-30": 215.938, "2018-06-30": 44.463, "2018-03-31": "155.05300", "2017-12-31": 13669.076, "2017-09-30": -13668.783, "2017-06-30": -54.127, "2017-03-31": "36.47000", "2016-12-31": 67.544, "2016-09-30": -39.633, "2016-06-30": -0.451, "2016-03-31": "29.34000", "2015-12-31": 3.658, "2015-09-30": -25.5, "2015-06-30": 1951.522, "2015-03-31": "-11.40700", "2014-12-31": -57.6831, "2014-09-30": -971.2209, "2014-06-30": 14.426, "2014-03-31": "13.87700", "2013-12-31": 54.43, "2013-09-30": 61.146, "2013-06-30": 105.964, "2013-03-31": "-107.60000", "2012-12-31": -257.932, "2012-09-30": -78.3141, "2012-06-30": -85.5199, "2012-03-31": "-116.09100", "2011-12-31": 499.327, "2011-09-30": -564.303, "2011-06-30": -807.288, "2011-03-31": "-158.79700", "2010-12-31": -227.559, "2010-09-30": 2.693, "2010-06-30": -27.769, "2010-03-31": "13.13900", "2009-12-31": 0, "2009-09-30": 0, "2009-06-30": 0, "2009-03-31": "", "2008-12-31": 0, "2008-09-30": 0}, "Net Change In Long-Term Investments": {"2020-09-30": 776.57, "2020-06-30": 244.39, "2020-03-31": "12351.74000", "2019-12-31": -2836.307, "2019-09-30": 1693.67, "2019-06-30": -4825.4181, "2019-03-31": "791.66210", "2018-12-31": 861.048, "2018-09-30": 2694.039, "2018-06-30": 1672.462, "2018-03-31": "-212.35500", "2017-12-31": -14618.82, "2017-09-30": 10120.067, "2017-06-30": 1078.536, "2017-03-31": "-4027.65000", "2016-12-31": 903.008, "2016-09-30": -78.671, "2016-06-30": -3939.015, "2016-03-31": "-1600.89200", "2015-12-31": 3615.698, "2015-09-30": 1491.717, "2015-06-30": 1536.5879, "2015-03-31": "206.81510", "2014-12-31": -1525.299, "2014-09-30": 451.5809, "2014-06-30": -277.6869, "2014-03-31": "-243.22900", "2013-12-31": 426.8194, "2013-09-30": 2239.7746, "2013-06-30": -375.906, "2013-03-31": "-1206.62100", "2012-12-31": 1394.448, "2012-09-30": -3752.722, "2012-06-30": -1437.763, "2012-03-31": "-2765.55500", "2011-12-31": 130.506, "2011-09-30": -1955.792, "2011-06-30": -1605.793, "2011-03-31": "-1520.30200", "2010-12-31": -270.462, "2010-09-30": -81.699, "2010-06-30": -457.966, "2010-03-31": "-22.42300", "2009-12-31": -495.607, "2009-09-30": 0, "2009-06-30": 0, "2009-03-31": "", "2008-12-31": 0, "2008-09-30": 0}, "Net Change In Investments - Total": {"2020-09-30": 769.16, "2020-06-30": 193.91, "2020-03-31": "12290.25000", "2019-12-31": -2817.536, "2019-09-30": 1742.599, "2019-06-30": -4865.8231, "2019-03-31": "-61.61090", "2018-12-31": 716.528, "2018-09-30": 2909.978, "2018-06-30": 1716.925, "2018-03-31": "-57.30200", "2017-12-31": -949.74, "2017-09-30": -3548.72, "2017-06-30": 1024.409, "2017-03-31": "-3991.18000", "2016-12-31": 970.551, "2016-09-30": -118.304, "2016-06-30": -3939.466, "2016-03-31": "-1571.55200", "2015-12-31": 3619.357, "2015-09-30": 1466.217, "2015-06-30": 3488.1099, "2015-03-31": "195.40810", "2014-12-31": -1582.982, "2014-09-30": -519.6401, "2014-06-30": -263.2609, "2014-03-31": "-229.35200", "2013-12-31": 481.2494, "2013-09-30": 2300.9206, "2013-06-30": -269.942, "2013-03-31": "-1314.22100", "2012-12-31": 1136.516, "2012-09-30": -3831.036, "2012-06-30": -1523.283, "2012-03-31": "-2881.64600", "2011-12-31": 629.833, "2011-09-30": -2520.095, "2011-06-30": -2413.081, "2011-03-31": "-1679.09900", "2010-12-31": -498.021, "2010-09-30": -79.006, "2010-06-30": -485.735, "2010-03-31": "-9.28400", "2009-12-31": -495.607, "2009-09-30": 0, "2009-06-30": 0, "2009-03-31": "", "2008-12-31": 0, "2008-09-30": 0}, "Investing Activities - Other": {"2020-09-30": -362.6952, "2020-06-30": 1850.6651, "2020-03-31": "-1297.97500", "2019-12-31": -21.2531, "2019-09-30": 573.223, "2019-06-30": -2939.3161, "2019-03-31": "2925.63600", "2018-12-31": 633.9799, "2018-09-30": -884.781, "2018-06-30": 36.082, "2018-03-31": "707.89500", "2017-12-31": -749.219, "2017-09-30": -365.546, "2017-06-30": -211.577, "2017-03-31": "-208.77900", "2016-12-31": -738.93, "2016-09-30": -192.293, "2016-06-30": 356.208, "2016-03-31": "-158.91900", "2015-12-31": -627.274, "2015-09-30": -74.594, "2015-06-30": 7.41, "2015-03-31": "-37.33900", "2014-12-31": -81.872, "2014-09-30": 10.053, "2014-06-30": -77.1, "2014-03-31": "8.61500", "2013-12-31": 363.267, "2013-09-30": -77.471, "2013-06-30": -636.726, "2013-03-31": "172.47900", "2012-12-31": 138.544, "2012-09-30": -18.063, "2012-06-30": -280.688, "2012-03-31": "353.17800", "2011-12-31": -46.295, "2011-09-30": -217.625, "2011-06-30": -167.387, "2011-03-31": "80.82600", "2010-12-31": 240.454, "2010-09-30": -4.171, "2010-06-30": 6.521, "2010-03-31": "-32.14200", "2009-12-31": 245.2574, "2009-09-30": 0.2766, "2009-06-30": -0.1931, "2009-03-31": "0.08610", "2008-12-31": 0.4827, "2008-09-30": 0.1173}, "Cash Flow From Investing Activities": {"2020-09-30": 599.86, "2020-06-30": 2031.75, "2020-03-31": "10809.89000", "2019-12-31": -3451.922, "2019-09-30": 2564.084, "2019-06-30": -7844.027, "2019-03-31": "2654.12100", "2018-12-31": 374.354, "2018-09-30": 2293.928, "2018-06-30": 1613.622, "2018-03-31": "508.09400", "2017-12-31": -1850.212, "2017-09-30": -3981.544, "2017-06-30": 615.757, "2017-03-31": "-4268.26000", "2016-12-31": 569.062, "2016-09-30": -831.992, "2016-06-30": -3543.799, "2016-03-31": "-1863.54900", "2015-12-31": 3234.11, "2015-09-30": 1034.095, "2015-06-30": 3497.753, "2015-03-31": "147.67000", "2014-12-31": -1667.316, "2014-09-30": -518.274, "2014-06-30": -393.759, "2014-03-31": "-215.75800", "2013-12-31": 358.882, "2013-09-30": 2210.06, "2013-06-30": -913.072, "2013-03-31": "-1141.74200", "2012-12-31": 1466.424, "2012-09-30": -4040.464, "2012-06-30": -1803.971, "2012-03-31": "-2528.46800", "2011-12-31": 583.538, "2011-09-30": -2737.72, "2011-06-30": -2580.468, "2011-03-31": "-1598.27300", "2010-12-31": -257.567, "2010-09-30": -83.177, "2010-06-30": -479.214, "2010-03-31": "-41.42600", "2009-12-31": -250.3493, "2009-09-30": 0.2763, "2009-06-30": -0.1931, "2009-03-31": "0.08610", "2008-12-31": 0.4827, "2008-09-30": 0.1173}, "Net Long-Term Debt": {"2020-09-30": 7.649, "2020-06-30": -34.962, "2020-03-31": "-207.85700", "2019-12-31": 160.002, "2019-09-30": 299.8571, "2019-06-30": -796.257, "2019-03-31": "65.29400", "2018-12-31": 0, "2018-09-30": 140, "2018-06-30": 150, "2018-03-31": "-350.00000", "2017-12-31": -850.604, "2017-09-30": -1342.7509, "2017-06-30": -386.1551, "2017-03-31": "-302.33100", "2016-12-31": -221.892, "2016-09-30": 273.684, "2016-06-30": 275.757, "2016-03-31": "1002.44500", "2015-12-31": 96.608, "2015-09-30": 971.111, "2015-06-30": 720.7, "2015-03-31": "312.94100", "2014-12-31": 1259.614, "2014-09-30": 381.306, "2014-06-30": 922.691, "2014-03-31": "482.03600", "2013-12-31": -11.916, "2013-09-30": 293.145, "2013-06-30": -15.903, "2013-03-31": "-0.69700", "2012-12-31": 0, "2012-09-30": 0, "2012-06-30": 0, "2012-03-31": "", "2011-12-31": 0, "2011-09-30": 0, "2011-06-30": 0, "2011-03-31": "", "2010-12-31": 0, "2010-09-30": 0, "2010-06-30": 0, "2010-03-31": "", "2009-12-31": 0, "2009-09-30": 0, "2009-06-30": 0, "2009-03-31": "", "2008-12-31": 0, "2008-09-30": 0}, "Net Current Debt": {"2020-09-30": -614.55, "2020-06-30": -1853.49, "2020-03-31": "-10302.73000", "2019-12-31": 3580.328, "2019-09-30": -2600.907, "2019-06-30": 8438.348, "2019-03-31": "-3403.78500", "2018-12-31": -673.164, "2018-09-30": -2142.719, "2018-06-30": -1942.8557, "2018-03-31": "-302.52730", "2017-12-31": 2629.075, "2017-09-30": 4145.375, "2017-06-30": -427.744, "2017-03-31": "4239.31400", "2016-12-31": -1712.84, "2016-09-30": 967.526, "2016-06-30": 3479.994, "2016-03-31": "1181.57800", "2015-12-31": -3034.004, "2015-09-30": -1439.875, "2015-06-30": -3672.075, "2015-03-31": "162.41500", "2014-12-31": 657.5781, "2014-09-30": 883.6875, "2014-06-30": -629.9922, "2014-03-31": "-229.27340", "2013-12-31": 98.375, "2013-09-30": -2751.0785, "2013-06-30": 1458.5844, "2013-03-31": "820.05660", "2012-12-31": -1409.821, "2012-09-30": 3595.887, "2012-06-30": 1744.685, "2012-03-31": "2033.60800", "2011-12-31": -640.467, "2011-09-30": 2473.412, "2011-06-30": 2211.172, "2011-03-31": "1446.22700", "2010-12-31": 226.8086, "2010-09-30": 76.7151, "2010-06-30": 416.318, "2010-03-31": "38.06800", "2009-12-31": 411.893, "2009-09-30": 0, "2009-06-30": 0, "2009-03-31": "", "2008-12-31": 0, "2008-09-30": 0}, "Debt Issuance/Retirement Net - Total": {"2020-09-30": -606.9, "2020-06-30": -1888.45, "2020-03-31": "-10510.59000", "2019-12-31": 3740.33, "2019-09-30": -2301.05, "2019-06-30": 7642.091, "2019-03-31": "-3338.49100", "2018-12-31": -673.164, "2018-09-30": -2002.719, "2018-06-30": -1792.8557, "2018-03-31": "-652.52730", "2017-12-31": 1778.475, "2017-09-30": 2802.624, "2017-06-30": -813.899, "2017-03-31": "3936.98300", "2016-12-31": -1934.732, "2016-09-30": 1241.21, "2016-06-30": 3755.751, "2016-03-31": "2184.02300", "2015-12-31": -2937.396, "2015-09-30": -468.764, "2015-06-30": -2951.375, "2015-03-31": "475.35600", "2014-12-31": 1917.192, "2014-09-30": 1264.9936, "2014-06-30": 292.6988, "2014-03-31": "252.76260", "2013-12-31": 86.459, "2013-09-30": -2457.9335, "2013-06-30": 1442.6814, "2013-03-31": "819.35960", "2012-12-31": -1409.821, "2012-09-30": 3595.887, "2012-06-30": 1744.685, "2012-03-31": "2033.60800", "2011-12-31": -640.467, "2011-09-30": 2473.412, "2011-06-30": 2211.172, "2011-03-31": "1446.22700", "2010-12-31": 226.8086, "2010-09-30": 76.7151, "2010-06-30": 416.318, "2010-03-31": "38.06800", "2009-12-31": 411.893, "2009-09-30": 0, "2009-06-30": 0, "2009-03-31": "", "2008-12-31": 0, "2008-09-30": 0}, "Net Common Equity Issued/Repurchased": {"2020-09-30": 0.075, "2020-06-30": 0.095, "2020-03-31": "-0.92200", "2019-12-31": 0.587, "2019-09-30": 0.198, "2019-06-30": 0.171, "2019-03-31": "335.27800", "2018-12-31": -0.114, "2018-09-30": 0.134, "2018-06-30": 0.119, "2018-03-31": "0.07600", "2017-12-31": 0.117, "2017-09-30": 0.076, "2017-06-30": 0.154, "2017-03-31": "0.10200", "2016-12-31": 0.146, "2016-09-30": 0.129, "2016-06-30": 0.117, "2016-03-31": "-61.19700", "2015-12-31": -111.356, "2015-09-30": -3.505, "2015-06-30": 0.026, "2015-03-31": "0.20000", "2014-12-31": 0.189, "2014-09-30": 0.159, "2014-06-30": 0.13, "2014-03-31": "0.11000", "2013-12-31": 5.411, "2013-09-30": -12.562, "2013-06-30": 27.515, "2013-03-31": "826.81300", "2012-12-31": 38.06, "2012-09-30": 768.468, "2012-06-30": 77.812, "2012-03-31": "692.00000", "2011-12-31": 0.092, "2011-09-30": 483.679, "2011-06-30": 235.31, "2011-03-31": "287.76600", "2010-12-31": 128.449, "2010-09-30": 0, "2010-06-30": 106.826, "2010-03-31": "", "2009-12-31": -59.167, "2009-09-30": 0.001, "2009-06-30": 0, "2009-03-31": "", "2008-12-31": 0, "2008-09-30": 0}, "Net Total Equity Issued/Repurchased": {"2020-09-30": 0.075, "2020-06-30": 0.095, "2020-03-31": "-0.92200", "2019-12-31": 0.587, "2019-09-30": 0.198, "2019-06-30": 0.171, "2019-03-31": "335.27800", "2018-12-31": -0.163, "2018-09-30": 0.134, "2018-06-30": 0.119, "2018-03-31": "0.08900", "2017-12-31": 285.688, "2017-09-30": 278.17, "2017-06-30": 0.154, "2017-03-31": "138.97400", "2016-12-31": 0.146, "2016-09-30": 0.129, "2016-06-30": 0.117, "2016-03-31": "-61.19700", "2015-12-31": -111.356, "2015-09-30": -3.505, "2015-06-30": 0.026, "2015-03-31": "0.20000", "2014-12-31": 0.189, "2014-09-30": 0.159, "2014-06-30": 0.13, "2014-03-31": "0.11000", "2013-12-31": 5.411, "2013-09-30": -12.562, "2013-06-30": 27.515, "2013-03-31": "826.81300", "2012-12-31": 38.06, "2012-09-30": 768.468, "2012-06-30": 77.812, "2012-03-31": "692.00000", "2011-12-31": 0.092, "2011-09-30": 483.679, "2011-06-30": 235.31, "2011-03-31": "287.76600", "2010-12-31": 128.449, "2010-09-30": 0, "2010-06-30": 106.826, "2010-03-31": "", "2009-12-31": -59.167, "2009-09-30": 0.001, "2009-06-30": 0, "2009-03-31": "", "2008-12-31": 0, "2008-09-30": 0}, "Total Common And Preferred Stock Dividends Paid": {"2020-09-30": -57.327, "2020-06-30": -32.568, "2020-03-31": "-128.12500", "2019-12-31": -128.108, "2019-09-30": -128.11, "2019-06-30": -147.179, "2019-03-31": "-135.55100", "2018-12-31": -96.259, "2018-09-30": -124.008, "2018-06-30": -96.201, "2018-03-31": "-12.55200", "2017-12-31": -170.373, "2017-09-30": -95.02, "2017-06-30": -87.228, "2017-03-31": "-83.43700", "2016-12-31": -79.956, "2016-09-30": -79.954, "2016-06-30": -79.939, "2016-03-31": "-92.01600", "2015-12-31": -95.459, "2015-09-30": -95.557, "2015-06-30": -95.307, "2015-03-31": "-95.26300", "2014-12-31": -95.192, "2014-09-30": -95.189, "2014-06-30": -95.172, "2014-03-31": "", "2013-12-31": -196.903, "2013-09-30": -113.378, "2013-06-30": -116.824, "2013-03-31": "-164.34700", "2012-12-31": -106.325, "2012-09-30": -87.062, "2012-06-30": -85.683, "2012-03-31": "-56.23900", "2011-12-31": -56.235, "2011-09-30": -36.911, "2011-06-30": -16.2, "2011-03-31": "-10.45000", "2010-12-31": -10.19, "2010-09-30": -8.621, "2010-06-30": -4.825, "2010-03-31": "-3.48400", "2009-12-31": 0, "2009-09-30": 0, "2009-06-30": 0, "2009-03-31": "", "2008-12-31": 0, "2008-09-30": 0}, "Financial Activities - Other": {"2020-09-30": 0, "2020-06-30": 0, "2020-03-31": "", "2019-12-31": 0, "2019-09-30": 0, "2019-06-30": 0, "2019-03-31": "", "2018-12-31": 0, "2018-09-30": 0, "2018-06-30": 0, "2018-03-31": "", "2017-12-31": -59.779, "2017-09-30": 835.115, "2017-06-30": 285.778, "2017-03-31": "85.05400", "2016-12-31": 391.818, "2016-09-30": 0, "2016-06-30": 0, "2016-03-31": "", "2015-12-31": 59.349, "2015-09-30": 0, "2015-06-30": 0, "2015-03-31": "", "2014-12-31": 0, "2014-09-30": 0, "2014-06-30": 0, "2014-03-31": "", "2013-12-31": 0, "2013-09-30": 0, "2013-06-30": 0, "2013-03-31": "", "2012-12-31": 0, "2012-09-30": 22.248, "2012-06-30": -22.248, "2012-03-31": "", "2011-12-31": 0, "2011-09-30": 0, "2011-06-30": 0, "2011-03-31": "", "2010-12-31": 0, "2010-09-30": 0, "2010-06-30": 0, "2010-03-31": "", "2009-12-31": -67.858, "2009-09-30": 0, "2009-06-30": 0, "2009-03-31": "", "2008-12-31": 0, "2008-09-30": 0}, "Cash Flow From Financial Activities": {"2020-09-30": -664.16, "2020-06-30": -1920.91, "2020-03-31": "-10639.64000", "2019-12-31": 3612.808, "2019-09-30": -2428.963, "2019-06-30": 7495.088, "2019-03-31": "-3138.76400", "2018-12-31": -769.577, "2018-09-30": -2126.593, "2018-06-30": -1888.938, "2018-03-31": "-664.99100", "2017-12-31": 1834.011, "2017-09-30": 3820.885, "2017-06-30": -615.193, "2017-03-31": "4077.57500", "2016-12-31": -1622.724, "2016-09-30": 1161.384, "2016-06-30": 3675.931, "2016-03-31": "2030.81000", "2015-12-31": -3084.861, "2015-09-30": -567.827, "2015-06-30": -3046.655, "2015-03-31": "380.29300", "2014-12-31": 1822.196, "2014-09-30": 1169.967, "2014-06-30": 197.659, "2014-03-31": "252.87300", "2013-12-31": -105.023, "2013-09-30": -2583.885, "2013-06-30": 1353.378, "2013-03-31": "1481.82400", "2012-12-31": -1478.082, "2012-09-30": 4299.54, "2012-06-30": 1714.566, "2012-03-31": "2669.36900", "2011-12-31": -696.608, "2011-09-30": 2920.179, "2011-06-30": 2430.282, "2011-03-31": "1723.54300", "2010-12-31": 345.068, "2010-09-30": 68.094, "2010-06-30": 518.319, "2010-03-31": "34.58400", "2009-12-31": 284.868, "2009-09-30": 0.001, "2009-06-30": 0, "2009-03-31": "", "2008-12-31": 0, "2008-09-30": 0}, "Net Cash Flow": {"2020-09-30": 161.742, "2020-06-30": 162.999, "2020-03-31": "270.45800", "2019-12-31": 366.439, "2019-09-30": 458.699, "2019-06-30": 12.753, "2019-03-31": "-318.82900", "2018-12-31": -213.719, "2018-09-30": 329.263, "2018-06-30": -119.021, "2018-03-31": "46.24600", "2017-12-31": 171.815, "2017-09-30": -18.255, "2017-06-30": 114.661, "2017-03-31": "-28.42100", "2016-12-31": -138.095, "2016-09-30": -102.064, "2016-06-30": 19.382, "2016-03-31": "35.57900", "2015-12-31": -148.217, "2015-09-30": -121.74, "2015-06-30": -86.759, "2015-03-31": "14.54600", "2014-12-31": -219.489, "2014-09-30": 42.585, "2014-06-30": -357.735, "2014-03-31": "514.94400", "2013-12-31": 302.327, "2013-09-30": -194.064, "2013-06-30": -223.482, "2013-03-31": "319.59800", "2012-12-31": -12.5, "2012-09-30": 336.934, "2012-06-30": -49.014, "2012-03-31": "185.67200", "2011-12-31": -49.931, "2011-09-30": 228.038, "2011-06-30": -120.354, "2011-03-31": "138.36300", "2010-12-31": 97.701, "2010-09-30": -5.242, "2010-06-30": 45.998, "2010-03-31": "-0.66200", "2009-12-31": 24.8512, "2009-09-30": -0.6572, "2009-06-30": -0.6611, "2009-03-31": "-0.20590", "2008-12-31": 0.4867, "2008-09-30": 1.8233}, "Stock-Based Compensation": {"2020-09-30": 2.857, "2020-06-30": 2.315, "2020-03-31": "2.31500", "2019-12-31": 2.623, "2019-09-30": 2.181, "2019-06-30": 2.497, "2019-03-31": "1.86100", "2018-12-31": 3.21, "2018-09-30": 3.387, "2018-06-30": 4.057, "2018-03-31": "2.34100", "2017-12-31": -0.373, "2017-09-30": 3.489, "2017-06-30": 4.257, "2017-03-31": "3.95700", "2016-12-31": 3.974, "2016-09-30": 3.469, "2016-06-30": 4.903, "2016-03-31": "2.85100", "2015-12-31": 1.636, "2015-09-30": 1.747, "2015-06-30": 2.93, "2015-03-31": "2.68900", "2014-12-31": 2.826, "2014-09-30": 2.032, "2014-06-30": 3.743, "2014-03-31": "6.48100", "2013-12-31": 0.037, "2013-09-30": -0.525, "2013-06-30": 0.976, "2013-03-31": "0.02300", "2012-12-31": 0.026, "2012-09-30": 0.029, "2012-06-30": 0.373, "2012-03-31": "0.06000", "2011-12-31": 0.063, "2011-09-30": 0.069, "2011-06-30": 0.085, "2011-03-31": "0.06200", "2010-12-31": 0.069, "2010-09-30": 0.08, "2010-06-30": 0.033, "2010-03-31": "0.03200", "2009-12-31": 0.022, "2009-09-30": 0, "2009-06-30": 0, "2009-03-31": "", "2008-12-31": 0, "2008-09-30": 0}, "Common Stock Dividends Paid": {"2020-09-30": -38.377, "2020-06-30": -13.617, "2020-03-31": "-109.17500", "2019-12-31": -109.158, "2019-09-30": -109.159, "2019-06-30": -128.229, "2019-03-31": "-116.60100", "2018-12-31": -77.308, "2018-09-30": -110.261, "2018-06-30": -82.454, "2018-03-31": "-0.60300", "2017-12-31": -161.485, "2017-09-30": -90.735, "2017-06-30": -87.228, "2017-03-31": "-83.43700", "2016-12-31": -79.956, "2016-09-30": -79.954, "2016-06-30": -79.939, "2016-03-31": "-92.01600", "2015-12-31": -95.459, "2015-09-30": -95.557, "2015-06-30": -95.307, "2015-03-31": "-95.26300", "2014-12-31": -95.192, "2014-09-30": -95.189, "2014-06-30": -95.172, "2014-03-31": "", "2013-12-31": -196.903, "2013-09-30": -113.378, "2013-06-30": -116.824, "2013-03-31": "-164.34700", "2012-12-31": -106.325, "2012-09-30": -87.062, "2012-06-30": -85.683, "2012-03-31": "-56.23900", "2011-12-31": -56.235, "2011-09-30": -36.911, "2011-06-30": -16.2, "2011-03-31": "-10.45000", "2010-12-31": -10.19, "2010-09-30": -8.621, "2010-06-30": -4.825, "2010-03-31": "-3.48400", "2009-12-31": 0, "2009-09-30": 0, "2009-06-30": 0, "2009-03-31": "", "2008-12-31": 0, "2008-09-30": 0}}, "financial ratios": {"Current Ratio": {"2019-12-31": "", "2018-12-31": "", "2017-12-31": "", "2016-12-31": "", "2015-12-31": "", "2014-12-31": "", "2013-12-31": "", "2012-12-31": "", "2011-12-31": "", "2010-12-31": "", "2009-12-31": "", "2008-12-31": ""}, "Long-term Debt / Capital": {"2019-12-31": "0.13790", "2018-12-31": "0.25530", "2017-12-31": "0.29820", "2016-12-31": "0.67630", "2015-12-31": "0.61800", "2014-12-31": "0.47700", "2013-12-31": "0.14230", "2012-12-31": "", "2011-12-31": "", "2010-12-31": "", "2009-12-31": "", "2008-12-31": ""}, "Debt/Equity Ratio": {"2019-12-31": "6.10340", "2018-12-31": "5.78030", "2017-12-31": "5.87130", "2016-12-31": "4.69620", "2015-12-31": "3.01780", "2014-12-31": "4.09090", "2013-12-31": "3.34380", "2012-12-31": "3.65870", "2011-12-31": "5.24390", "2010-12-31": "3.05870", "2009-12-31": "3.38390", "2008-12-31": ""}, "Gross Margin": {"2019-12-31": "", "2018-12-31": "", "2017-12-31": "", "2016-12-31": "", "2015-12-31": "", "2014-12-31": "", "2013-12-31": "", "2012-12-31": "", "2011-12-31": "", "2010-12-31": "", "2009-12-31": "", "2008-12-31": ""}, "Operating Margin": {"2019-12-31": "79.28240", "2018-12-31": "71.28820", "2017-12-31": "82.45710", "2016-12-31": "75.83830", "2015-12-31": "75.81060", "2014-12-31": "76.44020", "2013-12-31": "84.06350", "2012-12-31": "86.41940", "2011-12-31": "85.60960", "2010-12-31": "70.12040", "2009-12-31": "-340.61410", "2008-12-31": "76.14220"}, "EBIT Margin": {"2019-12-31": "79.28240", "2018-12-31": "71.28820", "2017-12-31": "82.45710", "2016-12-31": "75.83830", "2015-12-31": "75.81060", "2014-12-31": "76.44020", "2013-12-31": "84.06350", "2012-12-31": "86.41940", "2011-12-31": "85.60960", "2010-12-31": "70.12040", "2009-12-31": "-340.61410", "2008-12-31": "76.14220"}, "EBITDA Margin": {"2019-12-31": "96.25020", "2018-12-31": "82.19110", "2017-12-31": "91.63260", "2016-12-31": "83.29610", "2015-12-31": "82.60370", "2014-12-31": "78.80120", "2013-12-31": "87.53980", "2012-12-31": "86.81030", "2011-12-31": "85.51240", "2010-12-31": "76.23940", "2009-12-31": "-322.19120", "2008-12-31": "76.14220"}, "Pre-Tax Profit Margin": {"2019-12-31": "31.20590", "2018-12-31": "-0.28360", "2017-12-31": "39.96260", "2016-12-31": "57.42420", "2015-12-31": "80.20390", "2014-12-31": "16.18150", "2013-12-31": "118.69360", "2012-12-31": "53.88400", "2011-12-31": "62.69530", "2010-12-31": "87.41560", "2009-12-31": "-316.18980", "2008-12-31": "76.14220"}, "Net Profit Margin": {"2019-12-31": "24.94860", "2018-12-31": "-12.60700", "2017-12-31": "43.41080", "2016-12-31": "61.43110", "2015-12-31": "83.02030", "2014-12-31": "28.95650", "2013-12-31": "104.22040", "2012-12-31": "64.14870", "2011-12-31": "63.19970", "2010-12-31": "89.11790", "2009-12-31": "-308.33910", "2008-12-31": "46.34260"}, "Asset Turnover": {"2019-12-31": "0.02770", "2018-12-31": "0.02890", "2017-12-31": "0.03010", "2016-12-31": "0.02860", "2015-12-31": "0.04070", "2014-12-31": "0.02740", "2013-12-31": "0.03240", "2012-12-31": "0.02710", "2011-12-31": "0.02490", "2010-12-31": "0.02230", "2009-12-31": "0.00530", "2008-12-31": "0.01700"}, "Inventory Turnover Ratio": {"2019-12-31": "", "2018-12-31": "", "2017-12-31": "", "2016-12-31": "", "2015-12-31": "", "2014-12-31": "", "2013-12-31": "", "2012-12-31": "", "2011-12-31": "", "2010-12-31": "", "2009-12-31": "", "2008-12-31": ""}, "Receiveable Turnover": {"2019-12-31": "", "2018-12-31": "", "2017-12-31": "", "2016-12-31": "", "2015-12-31": "", "2014-12-31": "", "2013-12-31": "", "2012-12-31": "", "2011-12-31": "", "2010-12-31": "", "2009-12-31": "", "2008-12-31": ""}, "Days Sales In Receivables": {"2019-12-31": "", "2018-12-31": "", "2017-12-31": "", "2016-12-31": "", "2015-12-31": "", "2014-12-31": "", "2013-12-31": "", "2012-12-31": "", "2011-12-31": "", "2010-12-31": "", "2009-12-31": "", "2008-12-31": ""}, "ROE - Return On Equity": {"2019-12-31": "8.11330", "2018-12-31": "-1.35150", "2017-12-31": "10.74420", "2016-12-31": "9.34760", "2015-12-31": "13.75820", "2014-12-31": "4.10860", "2013-12-31": "14.91680", "2012-12-31": "8.32950", "2011-12-31": "10.04030", "2010-12-31": "9.34900", "2009-12-31": "-7.18360", "2008-12-31": "1.24620"}, "Return On Tangible Equity": {"2019-12-31": "11.40300", "2018-12-31": "-2.95420", "2017-12-31": "12.40550", "2016-12-31": "11.74310", "2015-12-31": "15.96150", "2014-12-31": "4.62220", "2013-12-31": "17.21370", "2012-12-31": "8.32950", "2011-12-31": "10.04030", "2010-12-31": "9.34900", "2009-12-31": "-7.18360", "2008-12-31": "1.24620"}, "ROA - Return On Assets": {"2019-12-31": "0.90190", "2018-12-31": "-0.14700", "2017-12-31": "1.24340", "2016-12-31": "1.58070", "2015-12-31": "3.37600", "2014-12-31": "0.79270", "2013-12-31": "3.34830", "2012-12-31": "1.70940", "2011-12-31": "1.57430", "2010-12-31": "1.98920", "2009-12-31": "-1.62420", "2008-12-31": "0.87560"}, "ROI - Return On Investment": {"2019-12-31": "5.61910", "2018-12-31": "-0.77520", "2017-12-31": "6.05660", "2016-12-31": "3.02540", "2015-12-31": "5.25620", "2014-12-31": "2.14900", "2013-12-31": "12.79370", "2012-12-31": "8.32950", "2011-12-31": "10.04030", "2010-12-31": "9.34900", "2009-12-31": "-7.18360", "2008-12-31": "1.24620"}, "Book Value Per Share": {"2019-12-31": "18.21110", "2018-12-31": "17.14930", "2017-12-31": "20.46700", "2016-12-31": "19.56620", "2015-12-31": "20.21190", "2014-12-31": "22.20570", "2013-12-31": "21.12700", "2012-12-31": "23.09520", "2011-12-31": "18.06700", "2010-12-31": "18.88590", "2009-12-31": "18.16600", "2008-12-31": "11.22560"}, "Operating Cash Flow Per Share": {"2019-12-31": 0.5336, "2018-12-31": 0.1863, "2017-12-31": 1.8481, "2016-12-31": 11.9823, "2015-12-31": -6.9589, "2014-12-31": -1.0476, "2013-12-31": -3.9365, "2012-12-31": -1.731, "2011-12-31": 0.1099, "2010-12-31": 3.9495, "2009-12-31": -1.128, "2008-12-31": 0.1375}, "Free Cash Flow Per Share": {"2019-12-31": 0.5336, "2018-12-31": 0.1863, "2017-12-31": 1.8481, "2016-12-31": 11.9823, "2015-12-31": -6.9589, "2014-12-31": -1.0476, "2013-12-31": -3.9365, "2012-12-31": -1.731, "2011-12-31": 0.1099, "2010-12-31": 3.9495, "2009-12-31": -1.128, "2008-12-31": 0.1375}}, "financial ratios, quarterly": {"Current Ratio": {"2020-09-30": "", "2020-06-30": "", "2020-03-31": "", "2019-12-31": "", "2019-09-30": "", "2019-06-30": "", "2019-03-31": "", "2018-12-31": "", "2018-09-30": "", "2018-06-30": "", "2018-03-31": "", "2017-12-31": "", "2017-09-30": "", "2017-06-30": "", "2017-03-31": "", "2016-12-31": "", "2016-09-30": "", "2016-06-30": "", "2016-03-31": "", "2015-12-31": "", "2015-09-30": "", "2015-06-30": "", "2015-03-31": "", "2014-12-31": "", "2014-09-30": "", "2014-06-30": "", "2014-03-31": "", "2013-12-31": "", "2013-09-30": "", "2013-06-30": "", "2013-03-31": "", "2012-12-31": "", "2012-09-30": "", "2012-06-30": "", "2012-03-31": "", "2011-12-31": "", "2011-09-30": "", "2011-06-30": "", "2011-03-31": "", "2010-12-31": "", "2010-09-30": "", "2010-06-30": "", "2010-03-31": "", "2009-12-31": "", "2009-09-30": "", "2009-06-30": "", "2009-03-31": "", "2008-12-31": "", "2008-09-30": ""}, "Long-term Debt / Capital": {"2020-09-30": "0.15660", "2020-06-30": "0.16310", "2020-03-31": "0.16820", "2019-12-31": "0.13790", "2019-09-30": "0.11220", "2019-06-30": "0.06430", "2019-03-31": "0.24200", "2018-12-31": "0.25530", "2018-09-30": "0.23780", "2018-06-30": "0.27470", "2018-03-31": "0.25200", "2017-12-31": "0.29820", "2017-09-30": "0.55280", "2017-06-30": "0.62990", "2017-03-31": "0.65410", "2016-12-31": "0.67630", "2016-09-30": "0.68040", "2016-06-30": "0.67540", "2016-03-31": "0.66890", "2015-12-31": "0.61800", "2015-09-30": "0.60180", "2015-06-30": "0.54280", "2015-03-31": "0.49780", "2014-12-31": "0.47700", "2014-09-30": "0.37190", "2014-06-30": "0.33690", "2014-03-31": "0.22280", "2013-12-31": "0.14230", "2013-09-30": "0.14680", "2013-06-30": "0.08650", "2013-03-31": "0.08900", "2012-12-31": "", "2012-09-30": "", "2012-06-30": "", "2012-03-31": "", "2011-12-31": "", "2011-09-30": "", "2011-06-30": "", "2011-03-31": "", "2010-12-31": "", "2010-09-30": "", "2010-06-30": "", "2010-03-31": "", "2009-12-31": "", "2009-09-30": "", "2009-06-30": "", "2009-03-31": "", "2008-12-31": "", "2008-09-30": ""}, "Debt/Equity Ratio": {"2020-09-30": "5.73990", "2020-06-30": "6.32560", "2020-03-31": "6.46580", "2019-12-31": "6.10340", "2019-09-30": "5.29850", "2019-06-30": "5.93510", "2019-03-31": "4.45180", "2018-12-31": "5.78030", "2018-09-30": "5.40320", "2018-06-30": "5.32260", "2018-03-31": "5.85890", "2017-12-31": "5.87130", "2017-09-30": "5.66500", "2017-06-30": "5.22140", "2017-03-31": "5.67700", "2016-12-31": "4.69620", "2016-09-30": "5.18750", "2016-06-30": "4.90970", "2016-03-31": "3.85660", "2015-12-31": "3.01780", "2015-09-30": "3.62700", "2015-06-30": "3.55970", "2015-03-31": "4.21530", "2014-12-31": "4.09090", "2014-09-30": "3.57290", "2014-06-30": "3.31480", "2014-03-31": "3.35410", "2013-12-31": "3.34380", "2013-09-30": "3.39280", "2013-06-30": "3.98170", "2013-03-31": "3.40500", "2012-12-31": "3.65870", "2012-09-30": "4.13810", "2012-06-30": "4.78240", "2012-03-31": "4.19550", "2011-12-31": "5.24390", "2011-09-30": "5.58520", "2011-06-30": "5.37800", "2011-03-31": "3.81590", "2010-12-31": "3.05870", "2010-09-30": "3.90710", "2010-06-30": "3.81030", "2010-03-31": "3.57800", "2009-12-31": "3.38390", "2009-09-30": "", "2009-06-30": "", "2009-03-31": "", "2008-12-31": "", "2008-09-30": ""}, "Gross Margin": {"2020-09-30": "", "2020-06-30": "", "2020-03-31": "", "2019-12-31": "", "2019-09-30": "", "2019-06-30": "", "2019-03-31": "", "2018-12-31": "", "2018-09-30": "", "2018-06-30": "", "2018-03-31": "", "2017-12-31": "", "2017-09-30": "", "2017-06-30": "", "2017-03-31": "", "2016-12-31": "", "2016-09-30": "", "2016-06-30": "", "2016-03-31": "", "2015-12-31": "", "2015-09-30": "", "2015-06-30": "", "2015-03-31": "", "2014-12-31": "", "2014-09-30": "", "2014-06-30": "", "2014-03-31": "", "2013-12-31": "", "2013-09-30": "", "2013-06-30": "", "2013-03-31": "", "2012-12-31": "", "2012-09-30": "", "2012-06-30": "", "2012-03-31": "", "2011-12-31": "", "2011-09-30": "", "2011-06-30": "", "2011-03-31": "", "2010-12-31": "", "2010-09-30": "", "2010-06-30": "", "2010-03-31": "", "2009-12-31": "", "2009-09-30": "", "2009-06-30": "", "2009-03-31": "", "2008-12-31": "", "2008-09-30": ""}, "Operating Margin": {"2020-09-30": "199.04140", "2020-06-30": "-81.01970", "2020-03-31": "80.33240", "2019-12-31": "76.82880", "2019-09-30": "78.44600", "2019-06-30": "81.13540", "2019-03-31": "80.54610", "2018-12-31": "81.42050", "2018-09-30": "47.84030", "2018-06-30": "79.35470", "2018-03-31": "78.94640", "2017-12-31": "84.13520", "2017-09-30": "83.76040", "2017-06-30": "78.86610", "2017-03-31": "82.93270", "2016-12-31": "81.24030", "2016-09-30": "76.59390", "2016-06-30": "75.72230", "2016-03-31": "70.01450", "2015-12-31": "76.55260", "2015-09-30": "74.53770", "2015-06-30": "75.69910", "2015-03-31": "76.54160", "2014-12-31": "80.80460", "2014-09-30": "71.50450", "2014-06-30": "76.18960", "2014-03-31": "76.84200", "2013-12-31": "80.15740", "2013-09-30": "82.47640", "2013-06-30": "83.82730", "2013-03-31": "89.92400", "2012-12-31": "106.70710", "2012-09-30": "89.35780", "2012-06-30": "70.22590", "2012-03-31": "69.55010", "2011-12-31": "105.20380", "2011-09-30": "73.09670", "2011-06-30": "77.85830", "2011-03-31": "72.01310", "2010-12-31": "70.60590", "2010-09-30": "70.75430", "2010-06-30": "69.93970", "2010-03-31": "68.14420", "2009-12-31": "-251.69830", "2009-09-30": "", "2009-06-30": "-19186.11000", "2009-03-31": "-564.08690", "2008-12-31": "", "2008-09-30": ""}, "EBIT Margin": {"2020-09-30": "199.04140", "2020-06-30": "-81.01970", "2020-03-31": "80.33240", "2019-12-31": "76.82880", "2019-09-30": "78.44600", "2019-06-30": "81.13540", "2019-03-31": "80.54610", "2018-12-31": "81.42050", "2018-09-30": "47.84030", "2018-06-30": "79.35470", "2018-03-31": "78.94640", "2017-12-31": "84.13520", "2017-09-30": "83.76040", "2017-06-30": "78.86610", "2017-03-31": "82.93270", "2016-12-31": "81.24030", "2016-09-30": "76.59390", "2016-06-30": "75.72230", "2016-03-31": "70.01450", "2015-12-31": "76.55260", "2015-09-30": "74.53770", "2015-06-30": "75.69910", "2015-03-31": "76.54160", "2014-12-31": "80.80460", "2014-09-30": "71.50450", "2014-06-30": "76.18960", "2014-03-31": "76.84200", "2013-12-31": "80.15750", "2013-09-30": "82.47640", "2013-06-30": "83.82730", "2013-03-31": "89.92400", "2012-12-31": "106.70710", "2012-09-30": "89.35780", "2012-06-30": "70.22590", "2012-03-31": "69.55010", "2011-12-31": "105.20380", "2011-09-30": "73.09670", "2011-06-30": "77.85830", "2011-03-31": "72.01310", "2010-12-31": "70.60590", "2010-09-30": "70.75430", "2010-06-30": "69.93970", "2010-03-31": "68.14420", "2009-12-31": "-251.69830", "2009-09-30": "", "2009-06-30": "-19186.11000", "2009-03-31": "-564.08690", "2008-12-31": "", "2008-09-30": ""}, "EBITDA Margin": {"2020-09-30": "", "2020-06-30": "", "2020-03-31": "", "2019-12-31": "", "2019-09-30": "", "2019-06-30": "", "2019-03-31": "", "2018-12-31": "", "2018-09-30": "", "2018-06-30": "", "2018-03-31": "", "2017-12-31": "", "2017-09-30": "", "2017-06-30": "", "2017-03-31": "", "2016-12-31": "", "2016-09-30": "", "2016-06-30": "", "2016-03-31": "", "2015-12-31": "", "2015-09-30": "", "2015-06-30": "", "2015-03-31": "", "2014-12-31": "", "2014-09-30": "", "2014-06-30": "", "2014-03-31": "", "2013-12-31": "", "2013-09-30": "", "2013-06-30": "", "2013-03-31": "", "2012-12-31": "", "2012-09-30": "", "2012-06-30": "", "2012-03-31": "", "2011-12-31": "", "2011-09-30": "", "2011-06-30": "", "2011-03-31": "", "2010-12-31": "", "2010-09-30": "", "2010-06-30": "", "2010-03-31": "", "2009-12-31": "", "2009-09-30": "", "2009-06-30": "", "2009-03-31": "", "2008-12-31": "", "2008-09-30": ""}, "Pre-Tax Profit Margin": {"2020-09-30": "215.91690", "2020-06-30": "-178.63910", "2020-03-31": "-736.88540", "2019-12-31": "55.52050", "2019-09-30": "120.98340", "2019-06-30": "-33.77020", "2019-03-31": "-14.65440", "2018-12-31": "-217.44120", "2018-09-30": "30.99100", "2018-06-30": "71.22060", "2018-03-31": "174.51540", "2017-12-31": "88.48820", "2017-09-30": "44.81540", "2017-06-30": "1.74300", "2017-03-31": "20.10830", "2016-12-31": "285.46640", "2016-09-30": "59.78790", "2016-06-30": "-20.50900", "2016-03-31": "-63.83990", "2015-12-31": "176.06040", "2015-09-30": "-27.77260", "2015-06-30": "140.65780", "2015-03-31": "51.62700", "2014-12-31": "-31.16180", "2014-09-30": "132.62690", "2014-06-30": "11.69970", "2014-03-31": "-45.50980", "2013-12-31": "178.44200", "2013-09-30": "-123.11960", "2013-06-30": "300.52640", "2013-03-31": "109.24680", "2012-12-31": "125.02990", "2012-09-30": "17.13420", "2012-06-30": "7.15740", "2012-03-31": "51.77600", "2011-12-31": "61.95470", "2011-09-30": "94.47590", "2011-06-30": "-14.85500", "2011-03-31": "116.42680", "2010-12-31": "133.60320", "2010-09-30": "81.19680", "2010-06-30": "36.31780", "2010-03-31": "77.82110", "2009-12-31": "-226.78450", "2009-09-30": "", "2009-06-30": "-19186.11000", "2009-03-31": "-564.08690", "2008-12-31": "", "2008-09-30": ""}, "Net Profit Margin": {"2020-09-30": "203.93690", "2020-06-30": "-179.37240", "2020-03-31": "-739.16020", "2019-12-31": "48.56780", "2019-09-30": "114.81900", "2019-06-30": "-41.95210", "2019-03-31": "-18.28440", "2018-12-31": "-227.61400", "2018-09-30": "7.18000", "2018-06-30": "67.11300", "2018-03-31": "165.47970", "2017-12-31": "78.90880", "2017-09-30": "47.51720", "2017-06-30": "2.34540", "2017-03-31": "42.55590", "2016-12-31": "282.90170", "2016-09-30": "69.75280", "2016-06-30": "-10.97130", "2016-03-31": "-68.00850", "2015-12-31": "169.17780", "2015-09-30": "-22.76330", "2015-06-30": "145.21890", "2015-03-31": "58.16630", "2014-12-31": "-23.66090", "2014-09-30": "136.04070", "2014-06-30": "28.29630", "2014-03-31": "-21.03800", "2013-12-31": "174.17370", "2013-09-30": "-139.68430", "2013-06-30": "267.42610", "2013-03-31": "106.58660", "2012-12-31": "137.84110", "2012-09-30": "21.21940", "2012-06-30": "22.66580", "2012-03-31": "60.58410", "2011-12-31": "70.26240", "2011-09-30": "80.61680", "2011-06-30": "-2.41010", "2011-03-31": "112.61700", "2010-12-31": "126.88870", "2010-09-30": "83.27010", "2010-06-30": "44.80000", "2010-03-31": "86.49130", "2009-12-31": "-228.50690", "2009-09-30": "", "2009-06-30": "-17550.95000", "2009-03-31": "-437.34330", "2008-12-31": "", "2008-09-30": ""}, "Asset Turnover": {"2020-09-30": "0.00440", "2020-06-30": "0.00500", "2020-03-31": "0.01150", "2019-12-31": "0.00660", "2019-09-30": "0.00780", "2019-06-30": "0.00760", "2019-03-31": "0.00860", "2018-12-31": "0.00840", "2018-09-30": "0.00750", "2018-06-30": "0.00840", "2018-03-31": "0.00810", "2017-12-31": "0.00790", "2017-09-30": "0.00710", "2017-06-30": "0.00780", "2017-03-31": "0.00700", "2016-12-31": "0.00600", "2016-09-30": "0.00770", "2016-06-30": "0.00750", "2016-03-31": "0.00780", "2015-12-31": "0.00850", "2015-09-30": "0.00860", "2015-06-30": "0.00830", "2015-03-31": "0.00750", "2014-12-31": "0.00740", "2014-09-30": "0.00740", "2014-06-30": "0.00790", "2014-03-31": "0.00790", "2013-12-31": "0.00800", "2013-09-30": "0.00800", "2013-06-30": "0.00740", "2013-03-31": "0.00710", "2012-12-31": "0.00820", "2012-09-30": "0.00710", "2012-06-30": "0.00820", "2012-03-31": "0.00750", "2011-12-31": "0.00900", "2011-09-30": "0.00770", "2011-06-30": "0.00680", "2011-03-31": "0.00540", "2010-12-31": "0.00720", "2010-09-30": "0.00980", "2010-06-30": "0.00810", "2010-03-31": "0.01030", "2009-12-31": "0.00520", "2009-09-30": "0.00000", "2009-06-30": "", "2009-03-31": "", "2008-12-31": "", "2008-09-30": ""}, "Inventory Turnover Ratio": {"2020-09-30": "", "2020-06-30": "", "2020-03-31": "", "2019-12-31": "", "2019-09-30": "", "2019-06-30": "", "2019-03-31": "", "2018-12-31": "", "2018-09-30": "", "2018-06-30": "", "2018-03-31": "", "2017-12-31": "", "2017-09-30": "", "2017-06-30": "", "2017-03-31": "", "2016-12-31": "", "2016-09-30": "", "2016-06-30": "", "2016-03-31": "", "2015-12-31": "", "2015-09-30": "", "2015-06-30": "", "2015-03-31": "", "2014-12-31": "", "2014-09-30": "", "2014-06-30": "", "2014-03-31": "", "2013-12-31": "", "2013-09-30": "", "2013-06-30": "", "2013-03-31": "", "2012-12-31": "", "2012-09-30": "", "2012-06-30": "", "2012-03-31": "", "2011-12-31": "", "2011-09-30": "", "2011-06-30": "", "2011-03-31": "", "2010-12-31": "", "2010-09-30": "", "2010-06-30": "", "2010-03-31": "", "2009-12-31": "", "2009-09-30": "", "2009-06-30": "", "2009-03-31": "", "2008-12-31": "", "2008-09-30": ""}, "Receiveable Turnover": {"2020-09-30": "", "2020-06-30": "", "2020-03-31": "", "2019-12-31": "", "2019-09-30": "", "2019-06-30": "", "2019-03-31": "", "2018-12-31": "", "2018-09-30": "", "2018-06-30": "", "2018-03-31": "", "2017-12-31": "", "2017-09-30": "", "2017-06-30": "", "2017-03-31": "", "2016-12-31": "", "2016-09-30": "", "2016-06-30": "", "2016-03-31": "", "2015-12-31": "", "2015-09-30": "", "2015-06-30": "", "2015-03-31": "", "2014-12-31": "", "2014-09-30": "", "2014-06-30": "", "2014-03-31": "", "2013-12-31": "", "2013-09-30": "", "2013-06-30": "", "2013-03-31": "", "2012-12-31": "", "2012-09-30": "", "2012-06-30": "", "2012-03-31": "", "2011-12-31": "", "2011-09-30": "", "2011-06-30": "", "2011-03-31": "", "2010-12-31": "", "2010-09-30": "", "2010-06-30": "", "2010-03-31": "", "2009-12-31": "", "2009-09-30": "", "2009-06-30": "", "2009-03-31": "", "2008-12-31": "", "2008-09-30": ""}, "Days Sales In Receivables": {"2020-09-30": "", "2020-06-30": "", "2020-03-31": "", "2019-12-31": "", "2019-09-30": "", "2019-06-30": "", "2019-03-31": "", "2018-12-31": "", "2018-09-30": "", "2018-06-30": "", "2018-03-31": "", "2017-12-31": "", "2017-09-30": "", "2017-06-30": "", "2017-03-31": "", "2016-12-31": "", "2016-09-30": "", "2016-06-30": "", "2016-03-31": "", "2015-12-31": "", "2015-09-30": "", "2015-06-30": "", "2015-03-31": "", "2014-12-31": "", "2014-09-30": "", "2014-06-30": "", "2014-03-31": "", "2013-12-31": "", "2013-09-30": "", "2013-06-30": "", "2013-03-31": "", "2012-12-31": "", "2012-09-30": "", "2012-06-30": "", "2012-03-31": "", "2011-12-31": "", "2011-09-30": "", "2011-06-30": "", "2011-03-31": "", "2010-12-31": "", "2010-09-30": "", "2010-06-30": "", "2010-03-31": "", "2009-12-31": "", "2009-09-30": "", "2009-06-30": "", "2009-03-31": "", "2008-12-31": "", "2008-09-30": ""}, "ROE - Return On Equity": {"2020-09-30": "9.88720", "2020-06-30": "-9.33930", "2020-03-31": "-97.04270", "2019-12-31": "3.37480", "2019-09-30": "7.56290", "2019-06-30": "-2.32720", "2019-03-31": "-0.68310", "2018-12-31": "-16.92210", "2018-09-30": "0.97190", "2018-06-30": "5.02180", "2018-03-31": "12.10820", "2017-12-31": "5.64770", "2017-09-30": "2.50970", "2017-06-30": "-0.15200", "2017-03-31": "1.68980", "2016-12-31": "8.99840", "2016-09-30": "3.38640", "2016-06-30": "-0.49680", "2016-03-31": "-2.63830", "2015-12-31": "5.88740", "2015-09-30": "-0.92210", "2015-06-30": "5.57720", "2015-03-31": "2.33390", "2014-12-31": "-0.90860", "2014-09-30": "4.70100", "2014-06-30": "0.97710", "2014-03-31": "-0.74370", "2013-12-31": "6.19140", "2013-09-30": "-5.13110", "2013-06-30": "10.10980", "2013-03-31": "3.50150", "2012-12-31": "5.27180", "2012-09-30": "0.86910", "2012-06-30": "1.10810", "2012-03-31": "2.50200", "2011-12-31": "4.05630", "2011-09-30": "4.17780", "2011-06-30": "-0.10960", "2011-03-31": "3.26400", "2010-12-31": "4.30390", "2010-09-30": "4.09360", "2010-06-30": "1.79810", "2010-03-31": "4.23600", "2009-12-31": "-5.27450", "2009-09-30": "-0.50620", "2009-06-30": "", "2009-03-31": "", "2008-12-31": "", "2008-09-30": ""}, "Return On Tangible Equity": {"2020-09-30": "12.02040", "2020-06-30": "-11.72470", "2020-03-31": "-149.41480", "2019-12-31": "4.74320", "2019-09-30": "6.31740", "2019-06-30": "-3.06100", "2019-03-31": "-0.93970", "2018-12-31": "-36.98790", "2018-09-30": "1.59580", "2018-06-30": "6.87150", "2018-03-31": "15.45280", "2017-12-31": "6.52100", "2017-09-30": "2.91240", "2017-06-30": "-0.19190", "2017-03-31": "2.05010", "2016-12-31": "11.30450", "2016-09-30": "3.89680", "2016-06-30": "-0.56790", "2016-03-31": "-3.04080", "2015-12-31": "6.83030", "2015-09-30": "-1.04620", "2015-06-30": "6.26770", "2015-03-31": "2.59620", "2014-12-31": "-1.02220", "2014-09-30": "5.34830", "2014-06-30": "1.11460", "2014-03-31": "-0.84670", "2013-12-31": "7.14480", "2013-09-30": "-5.13110", "2013-06-30": "10.10980", "2013-03-31": "3.50150", "2012-12-31": "5.27180", "2012-09-30": "0.86910", "2012-06-30": "1.10810", "2012-03-31": "2.50200", "2011-12-31": "4.05630", "2011-09-30": "4.17780", "2011-06-30": "-0.10960", "2011-03-31": "3.26400", "2010-12-31": "4.30390", "2010-09-30": "4.09360", "2010-06-30": "1.79810", "2010-03-31": "4.23600", "2009-12-31": "-5.27450", "2009-09-30": "-0.50620", "2009-06-30": "", "2009-03-31": "", "2008-12-31": "", "2008-09-30": ""}, "ROA - Return On Assets": {"2020-09-30": "0.98080", "2020-06-30": "-0.80790", "2020-03-31": "-8.42090", "2019-12-31": "0.37510", "2019-09-30": "0.95040", "2019-06-30": "-0.26370", "2019-03-31": "-0.09100", "2018-12-31": "-1.84030", "2018-09-30": "0.11400", "2018-06-30": "0.62620", "2018-03-31": "1.39060", "2017-12-31": "0.65360", "2017-09-30": "0.33530", "2017-06-30": "-0.02330", "2017-03-31": "0.24120", "2016-12-31": "1.52170", "2016-09-30": "0.54030", "2016-06-30": "-0.08190", "2016-03-31": "-0.53300", "2015-12-31": "1.44460", "2015-09-30": "-0.19560", "2015-06-30": "1.20070", "2015-03-31": "0.43730", "2014-12-31": "-0.17530", "2014-09-30": "1.01070", "2014-06-30": "0.22260", "2014-03-31": "-0.16730", "2013-12-31": "1.38980", "2013-09-30": "-1.12860", "2013-06-30": "1.97360", "2013-03-31": "0.74900", "2012-12-31": "1.08190", "2012-09-30": "0.16500", "2012-06-30": "0.18630", "2012-03-31": "0.45760", "2011-12-31": "0.63600", "2011-09-30": "0.61920", "2011-06-30": "-0.01640", "2011-03-31": "0.61090", "2010-12-31": "0.91580", "2010-09-30": "0.81500", "2010-06-30": "0.36280", "2010-03-31": "0.88930", "2009-12-31": "-1.19250", "2009-09-30": "-0.35280", "2009-06-30": "", "2009-03-31": "", "2008-12-31": "", "2008-09-30": ""}, "ROI - Return On Investment": {"2020-09-30": "5.63950", "2020-06-30": "-5.12190", "2020-03-31": "-53.54860", "2019-12-31": "2.33730", "2019-09-30": "5.40660", "2019-06-30": "-1.74040", "2019-03-31": "-0.41180", "2018-12-31": "-9.70590", "2018-09-30": "0.58600", "2018-06-30": "2.90690", "2018-03-31": "7.22230", "2017-12-31": "3.18370", "2017-09-30": "1.00910", "2017-06-30": "-0.05420", "2017-03-31": "0.56210", "2016-12-31": "2.91240", "2016-09-30": "1.08220", "2016-06-30": "-0.16130", "2016-03-31": "-0.87350", "2015-12-31": "2.24930", "2015-09-30": "-0.36720", "2015-06-30": "2.55000", "2015-03-31": "1.17220", "2014-12-31": "-0.47520", "2014-09-30": "2.95260", "2014-06-30": "0.64790", "2014-03-31": "-0.57800", "2013-12-31": "5.31020", "2013-09-30": "-4.37800", "2013-06-30": "9.23540", "2013-03-31": "3.18980", "2012-12-31": "5.27180", "2012-09-30": "0.86910", "2012-06-30": "1.10810", "2012-03-31": "2.50200", "2011-12-31": "4.05630", "2011-09-30": "4.17780", "2011-06-30": "-0.10960", "2011-03-31": "3.26400", "2010-12-31": "4.30390", "2010-09-30": "4.09360", "2010-06-30": "1.79810", "2010-03-31": "4.23600", "2009-12-31": "-5.27450", "2009-09-30": "-0.50620", "2009-06-30": "", "2009-03-31": "", "2008-12-31": "", "2008-09-30": ""}, "Book Value Per Share": {"2020-09-30": "11.03300", "2020-06-30": "10.36150", "2020-03-31": "10.61730", "2019-12-31": "18.21110", "2019-09-30": "18.39380", "2019-06-30": "17.84090", "2019-03-31": "17.49910", "2018-12-31": "17.14930", "2018-09-30": "18.84880", "2018-06-30": "19.83390", "2018-03-31": "19.76620", "2017-12-31": "20.46700", "2017-09-30": "23.67700", "2017-06-30": "21.68690", "2017-03-31": "20.65020", "2016-12-31": "19.56620", "2016-09-30": "20.01090", "2016-06-30": "19.66550", "2016-03-31": "19.39610", "2015-12-31": "20.21190", "2015-09-30": "20.60720", "2015-06-30": "21.61230", "2015-03-31": "22.15970", "2014-12-31": "22.20570", "2014-09-30": "22.49670", "2014-06-30": "22.17090", "2014-03-31": "21.41260", "2013-12-31": "21.12700", "2013-09-30": "20.71030", "2013-06-30": "20.96670", "2013-03-31": "22.45020", "2012-12-31": "23.09520", "2012-09-30": "22.96580", "2012-06-30": "19.87350", "2012-03-31": "19.34740", "2011-12-31": "18.06700", "2011-09-30": "18.59530", "2011-06-30": "19.45390", "2011-03-31": "19.79920", "2010-12-31": "18.88590", "2010-09-30": "18.51720", "2010-06-30": "17.44310", "2010-03-31": "18.79900", "2009-12-31": "18.16600", "2009-09-30": "14.57640", "2009-06-30": "", "2009-03-31": "", "2008-12-31": "", "2008-09-30": ""}, "Operating Cash Flow Per Share": {"2020-09-30": 0.7396, "2020-06-30": 0.1904, "2020-03-31": "0.36650", "2019-12-31": 1.0211, "2019-09-30": 0.9909, "2019-06-30": 1.2761, "2019-03-31": "0.65710", "2018-12-31": 1.0882, "2018-09-30": 0.4631, "2018-06-30": 0.8068, "2018-03-31": "1.05350", "2017-12-31": 1.0085, "2017-09-30": 0.6328, "2017-06-30": 0.653, "2017-03-31": "0.93100", "2016-12-31": 5.2658, "2016-09-30": -2.4822, "2016-06-30": -0.6527, "2016-03-31": "-0.75370", "2015-12-31": -1.6806, "2015-09-30": -3.1966, "2015-06-30": -2.9262, "2015-03-31": "-2.80170", "2014-12-31": -2.0461, "2014-09-30": -3.3276, "2014-06-30": -0.8864, "2014-03-31": "2.61390", "2013-12-31": 0.1646, "2013-09-30": 0.9754, "2013-06-30": -3.6051, "2013-03-31": "-0.13350", "2012-12-31": 0.1345, "2012-09-30": 0.4105, "2012-06-30": 0.3137, "2012-03-31": "0.47920", "2011-12-31": 1.7136, "2011-09-30": 0.2418, "2011-06-30": 0.5394, "2011-03-31": "0.57410", "2010-12-31": 1.2049, "2010-09-30": 0.5903, "2010-06-30": 0.2415, "2010-03-31": "0.92230", "2009-12-31": -0.8546, "2009-09-30": -0.0749, "2009-06-30": -0.0376, "2009-03-31": "-0.02340", "2008-12-31": -0.1368, "2008-09-30": 0.1368}, "Free Cash Flow Per Share": {"2020-09-30": 0.7396, "2020-06-30": 0.1904, "2020-03-31": "0.36650", "2019-12-31": 1.0211, "2019-09-30": 0.9909, "2019-06-30": 1.2761, "2019-03-31": "0.65710", "2018-12-31": 1.0882, "2018-09-30": 0.4631, "2018-06-30": 0.8068, "2018-03-31": "1.05350", "2017-12-31": 1.0085, "2017-09-30": 0.6328, "2017-06-30": 0.653, "2017-03-31": "0.93100", "2016-12-31": 7.8454, "2016-09-30": -5.1446, "2016-06-30": -0.1027, "2016-03-31": "-1.22090", "2015-12-31": -0.0981, "2015-09-30": -4.7791, "2015-06-30": -2.9262, "2015-03-31": "-2.80170", "2014-12-31": -2.0461, "2014-09-30": -3.3276, "2014-06-30": -0.8864, "2014-03-31": "2.61390", "2013-12-31": 0.1646, "2013-09-30": 0.9754, "2013-06-30": -3.6051, "2013-03-31": "-0.13350", "2012-12-31": 1.5471, "2012-09-30": -1.0021, "2012-06-30": 0.3137, "2012-03-31": "0.47920", "2011-12-31": 1.7136, "2011-09-30": 0.2418, "2011-06-30": 0.5394, "2011-03-31": "0.57410", "2010-12-31": 1.2049, "2010-09-30": 0.5903, "2010-06-30": 0.2415, "2010-03-31": "0.92230", "2009-12-31": -0.8546, "2009-09-30": -0.0749, "2009-06-30": -0.0376, "2009-03-31": "-0.02340", "2008-12-31": -0.1368, "2008-09-30": 0.1368}}, "revenue": {"Two Harbors Investments Corp Annual Revenue (Millions of US $)": {"2019": "$995", "2018": "$870", "2017": "$745", "2016": "$575", "2015": "$593", "2014": "$577", "2013": "$556", "2012": "$455", "2011": "$202", "2010": "$40", "2009": "$3", "2008": "$4"}, "Two Harbors Investments Corp Quarterly Revenue (Millions of US $)": {"2020-09-30": "$90", "2020-06-30": "$107", "2020-03-31": "$256", "2019-12-31": "$238", "2019-09-30": "$250", "2019-06-30": "$261", "2019-03-31": "$245", "2018-12-31": "$252", "2018-09-30": "$237", "2018-06-30": "$187", "2018-03-31": "$194", "2017-12-31": "$195", "2017-09-30": "$196", "2017-06-30": "$185", "2017-03-31": "$169", "2016-12-31": "$121", "2016-09-30": "$169", "2016-06-30": "$155", "2016-03-31": "$131", "2015-12-31": "$125", "2015-09-30": "$153", "2015-06-30": "$153", "2015-03-31": "$163", "2014-12-31": "$156", "2014-09-30": "$142", "2014-06-30": "$140", "2014-03-31": "$139", "2013-12-31": "$137", "2013-09-30": "$138", "2013-06-30": "$145", "2013-03-31": "$135", "2012-12-31": "$137", "2012-09-30": "$126", "2012-06-30": "$106", "2012-03-31": "$86", "2011-12-31": "$73", "2011-09-30": "$68", "2011-06-30": "$41", "2011-03-31": "$20", "2010-12-31": "$13", "2010-09-30": "$12", "2010-06-30": "$9", "2010-03-31": "$6", "2009-12-31": "$3", "2009-09-30": "$0", "2009-06-30": "$0", "2009-03-31": "$0", "2008-12-31": "", "2008-09-30": ""}}, "gross-profit": {"Two Harbors Investments Corp Annual Gross Profit (Millions of US $)": {"2019": "$995", "2018": "$870", "2017": "$745", "2016": "$575", "2015": "$593", "2014": "$577", "2013": "$556", "2012": "$455", "2011": "$202", "2010": "$36", "2009": "$3", "2008": "$4"}, "Two Harbors Investments Corp Quarterly Gross Profit (Millions of US $)": {"2020-09-30": "$90", "2020-06-30": "$107", "2020-03-31": "$256", "2019-12-31": "$238", "2019-09-30": "$250", "2019-06-30": "$261", "2019-03-31": "$245", "2018-12-31": "$252", "2018-09-30": "$237", "2018-06-30": "$187", "2018-03-31": "$194", "2017-12-31": "$195", "2017-09-30": "$196", "2017-06-30": "$185", "2017-03-31": "$169", "2016-12-31": "$121", "2016-09-30": "$169", "2016-06-30": "$155", "2016-03-31": "$131", "2015-12-31": "$125", "2015-09-30": "$153", "2015-06-30": "$153", "2015-03-31": "$163", "2014-12-31": "$156", "2014-09-30": "$142", "2014-06-30": "$140", "2014-03-31": "$139", "2013-12-31": "$137", "2013-09-30": "$138", "2013-06-30": "$145", "2013-03-31": "$135", "2012-12-31": "$137", "2012-09-30": "$126", "2012-06-30": "$90", "2012-03-31": "$74", "2011-12-31": "$73", "2011-09-30": "$61", "2011-06-30": "$37", "2011-03-31": "$17", "2010-12-31": "$11", "2010-09-30": "$10", "2010-06-30": "$8", "2010-03-31": "$6", "2009-12-31": "$3", "2009-09-30": "$0", "2009-06-30": "$0", "2009-03-31": "$0", "2008-12-31": "", "2008-09-30": ""}}, "operating-income": {"Two Harbors Investments Corp Annual Operating Income (Millions of US $)": {"2019": "$789", "2018": "$620", "2017": "$614", "2016": "$436", "2015": "$449", "2014": "$441", "2013": "$467", "2012": "$393", "2011": "$173", "2010": "$28", "2009": "$-10", "2008": "$3"}, "Two Harbors Investments Corp Quarterly Operating Income (Millions of US $)": {"2020-09-30": "$179", "2020-06-30": "$-87", "2020-03-31": "$205", "2019-12-31": "$183", "2019-09-30": "$196", "2019-06-30": "$212", "2019-03-31": "$198", "2018-12-31": "$205", "2018-09-30": "$113", "2018-06-30": "$149", "2018-03-31": "$153", "2017-12-31": "$164", "2017-09-30": "$164", "2017-06-30": "$146", "2017-03-31": "$140", "2016-12-31": "$98", "2016-09-30": "$129", "2016-06-30": "$117", "2016-03-31": "$92", "2015-12-31": "$95", "2015-09-30": "$114", "2015-06-30": "$115", "2015-03-31": "$125", "2014-12-31": "$126", "2014-09-30": "$102", "2014-06-30": "$107", "2014-03-31": "$106", "2013-12-31": "$110", "2013-09-30": "$114", "2013-06-30": "$122", "2013-03-31": "$121", "2012-12-31": "$147", "2012-09-30": "$113", "2012-06-30": "$74", "2012-03-31": "$59", "2011-12-31": "$77", "2011-09-30": "$50", "2011-06-30": "$32", "2011-03-31": "$14", "2010-12-31": "$9", "2010-09-30": "$8", "2010-06-30": "$6", "2010-03-31": "$4", "2009-12-31": "$-7", "2009-09-30": "$-1", "2009-06-30": "$-1", "2009-03-31": "$-0", "2008-12-31": "", "2008-09-30": "$-0"}}, "ebitda": {"Two Harbors Investments Corp Annual EBITDA (Millions of US $)": {"2019": "$957", "2018": "$715", "2017": "$683", "2016": "$479", "2015": "$490", "2014": "$455", "2013": "$486", "2012": "$395", "2011": "$172", "2010": "$31", "2009": "$-9", "2008": "$3"}, "Two Harbors Investments Corp Quarterly EBITDA (Millions of US $)": {"2020-09-30": "$244", "2020-06-30": "$-25", "2020-03-31": "$247", "2019-12-31": "$232", "2019-09-30": "$251", "2019-06-30": "$255", "2019-03-31": "$220", "2018-12-31": "$226", "2018-09-30": "$142", "2018-06-30": "$172", "2018-03-31": "$175", "2017-12-31": "$186", "2017-09-30": "$187", "2017-06-30": "$161", "2017-03-31": "$149", "2016-12-31": "$110", "2016-09-30": "$142", "2016-06-30": "$128", "2016-03-31": "$98", "2015-12-31": "$102", "2015-09-30": "$125", "2015-06-30": "$130", "2015-03-31": "$133", "2014-12-31": "$131", "2014-09-30": "$108", "2014-06-30": "$109", "2014-03-31": "$107", "2013-12-31": "$113", "2013-09-30": "$118", "2013-06-30": "$132", "2013-03-31": "$124", "2012-12-31": "$153", "2012-09-30": "$117", "2012-06-30": "$71", "2012-03-31": "$54", "2011-12-31": "$77", "2011-09-30": "$45", "2011-06-30": "$34", "2011-03-31": "$17", "2010-12-31": "$10", "2010-09-30": "$9", "2010-06-30": "$7", "2010-03-31": "$6", "2009-12-31": "$-7", "2009-09-30": "$-1", "2009-06-30": "$-1", "2009-03-31": "$-0", "2008-12-31": "", "2008-09-30": "$-0"}}, "net-income": {"Two Harbors Investments Corp Annual Net Income (Millions of US $)": {"2019": "$248", "2018": "$-110", "2017": "$323", "2016": "$353", "2015": "$492", "2014": "$167", "2013": "$579", "2012": "$292", "2011": "$127", "2010": "$36", "2009": "$-9", "2008": "$2"}, "Two Harbors Investments Corp Quarterly Net Income (Millions of US $)": {"2020-09-30": "$183", "2020-06-30": "$-193", "2020-03-31": "$-1,889", "2019-12-31": "$116", "2019-09-30": "$287", "2019-06-30": "$-110", "2019-03-31": "$-45", "2018-12-31": "$-573", "2018-09-30": "$17", "2018-06-30": "$126", "2018-03-31": "$321", "2017-12-31": "$154", "2017-09-30": "$93", "2017-06-30": "$4", "2017-03-31": "$72", "2016-12-31": "$341", "2016-09-30": "$118", "2016-06-30": "$-17", "2016-03-31": "$-89", "2015-12-31": "$211", "2015-09-30": "$-35", "2015-06-30": "$222", "2015-03-31": "$95", "2014-12-31": "$-37", "2014-09-30": "$194", "2014-06-30": "$40", "2014-03-31": "$-29", "2013-12-31": "$239", "2013-09-30": "$-193", "2013-06-30": "$389", "2013-03-31": "$144", "2012-12-31": "$189", "2012-09-30": "$27", "2012-06-30": "$24", "2012-03-31": "$52", "2011-12-31": "$51", "2011-09-30": "$55", "2011-06-30": "$-1", "2011-03-31": "$22", "2010-12-31": "$16", "2010-09-30": "$10", "2010-06-30": "$4", "2010-03-31": "$5", "2009-12-31": "$-6", "2009-09-30": "$-1", "2009-06-30": "$-1", "2009-03-31": "$-0", "2008-12-31": "", "2008-09-30": "$0"}}, "eps-earnings-per-share-diluted": {"Two Harbors Investments Corp Annual EPS": {"2019": "$0.93", "2018": "$-0.53", "2017": "$1.81", "2016": "$2.03", "2015": "$2.70", "2014": "$0.92", "2013": "$3.30", "2012": "$2.40", "2011": "$2.58", "2010": "$3.20", "2009": "$-0.78", "2008": "$0.16"}, "Two Harbors Investments Corp Quarterly EPS": {"2020-09-30": "$0.64", "2020-06-30": "$-0.70", "2020-03-31": "$-6.91", "2019-12-31": "$0.51", "2019-09-30": "$1.00", "2019-06-30": "$-0.40", "2019-03-31": "$-0.18", "2018-12-31": "$-2.98", "2018-09-30": "$0.08", "2018-06-30": "$0.68", "2018-03-31": "$1.69", "2017-12-31": "$0.86", "2017-09-30": "$0.52", "2017-06-30": "$0.02", "2017-03-31": "$0.41", "2016-12-31": "$1.95", "2016-09-30": "$0.68", "2016-06-30": "$-0.10", "2016-03-31": "$-0.50", "2015-12-31": "$1.16", "2015-09-30": "$-0.18", "2015-06-30": "$1.20", "2015-03-31": "$0.52", "2014-12-31": "$-0.20", "2014-09-30": "$1.06", "2014-06-30": "$0.22", "2014-03-31": "$-0.16", "2013-12-31": "$1.30", "2013-09-30": "$-1.06", "2013-06-30": "$2.12", "2013-03-31": "$0.94", "2012-12-31": "$1.42", "2012-09-30": "$0.20", "2012-06-30": "$0.22", "2012-03-31": "$0.56", "2011-12-31": "$0.78", "2011-09-30": "$0.84", "2011-06-30": "$-0.02", "2011-03-31": "$0.98", "2010-12-31": "$1.28", "2010-09-30": "$0.76", "2010-06-30": "$0.36", "2010-03-31": "$0.80", "2009-12-31": "$-0.58", "2009-09-30": "$-0.08", "2009-06-30": "$-0.10", "2009-03-31": "$-0.02", "2008-12-31": "$0.00", "2008-09-30": "$0.04"}}, "shares-outstanding": {"Two Harbors Investments Corp Annual Shares Outstanding (Millions of Shares)": {"2019": "268", "2018": "206", "2017": "188", "2016": "174", "2015": "183", "2014": "183", "2013": "175", "2012": "121", "2011": "49", "2010": "11", "2009": "11", "2008": "12"}, "Two Harbors Investments Corp Quarterly Shares Outstanding (Millions of Shares)": {"2020-09-30": "292", "2020-06-30": "274", "2020-03-31": "273", "2019-12-31": "268", "2019-09-30": "291", "2019-06-30": "273", "2019-03-31": "252", "2018-12-31": "206", "2018-09-30": "224", "2018-06-30": "193", "2018-03-31": "193", "2017-12-31": "188", "2017-09-30": "189", "2017-06-30": "174", "2017-03-31": "174", "2016-12-31": "174", "2016-09-30": "174", "2016-06-30": "174", "2016-03-31": "175", "2015-12-31": "183", "2015-09-30": "184", "2015-06-30": "184", "2015-03-31": "183", "2014-12-31": "183", "2014-09-30": "183", "2014-06-30": "183", "2014-03-31": "183", "2013-12-31": "175", "2013-09-30": "183", "2013-06-30": "183", "2013-03-31": "153", "2012-12-31": "121", "2012-09-30": "135", "2012-06-30": "107", "2012-03-31": "93", "2011-12-31": "49", "2011-09-30": "65", "2011-06-30": "39", "2011-03-31": "23", "2010-12-31": "11", "2010-09-30": "13", "2010-06-30": "11", "2010-03-31": "7", "2009-12-31": "11", "2009-09-30": "12", "2009-06-30": "12", "2009-03-31": "12", "2008-12-31": "", "2008-09-30": "12"}}, "total-assets": {"Two Harbors Investments Corp Annual Total Assets (Millions of US $)": {"2019": "$35,922", "2018": "$30,132", "2017": "$24,789", "2016": "$20,112", "2015": "$14,576", "2014": "$21,084", "2013": "$17,174", "2012": "$16,814", "2011": "$8,100", "2010": "$1,797", "2009": "$538", "2008": "$262"}, "Two Harbors Investments Corp Quarterly Total Assets (Millions of US $)": {"2020-09-30": "$20,588", "2020-06-30": "$21,482", "2020-03-31": "$22,203", "2019-12-31": "$35,922", "2019-09-30": "$32,164", "2019-06-30": "$34,340", "2019-03-31": "$28,501", "2018-12-31": "$30,132", "2018-09-30": "$31,530", "2018-06-30": "$22,276", "2018-03-31": "$24,077", "2017-12-31": "$24,789", "2017-09-30": "$27,804", "2017-06-30": "$23,781", "2017-03-31": "$24,271", "2016-12-31": "$20,112", "2016-09-30": "$21,800", "2016-06-30": "$20,740", "2016-03-31": "$16,685", "2015-12-31": "$14,576", "2015-09-30": "$17,785", "2015-06-30": "$18,448", "2015-03-31": "$21,678", "2014-12-31": "$21,084", "2014-09-30": "$19,155", "2014-06-30": "$17,815", "2014-03-31": "$17,426", "2013-12-31": "$17,174", "2013-09-30": "$17,154", "2013-06-30": "$19,641", "2013-03-31": "$19,003", "2012-12-31": "$16,814", "2012-09-30": "$17,865", "2012-06-30": "$12,981", "2012-03-31": "$11,331", "2011-12-31": "$8,100", "2011-09-30": "$8,819", "2011-06-30": "$6,008", "2011-03-31": "$3,663", "2010-12-31": "$1,797", "2010-09-30": "$1,212", "2010-06-30": "$1,127", "2010-03-31": "$599", "2009-12-31": "$538", "2009-09-30": "$261", "2009-06-30": "$0", "2009-03-31": "$0", "2008-12-31": "$0", "2008-09-30": "$0"}}, "cash-on-hand": {"Two Harbors Investments Corp Annual Cash on Hand (Millions of US $)": {"2019": "$1,617", "2018": "$1,098", "2017": "$1,055", "2016": "$759", "2015": "$1,000", "2014": "$3,340", "2013": "$2,427", "2012": "$2,125", "2011": "$1,530", "2010": "$386", "2009": "$35", "2008": "$262"}, "Two Harbors Investments Corp Quarterly Cash on Hand (Millions of US $)": {"2020-09-30": "$2,212", "2020-06-30": "$2,050", "2020-03-31": "$1,887", "2019-12-31": "$1,617", "2019-09-30": "$1,250", "2019-06-30": "$792", "2019-03-31": "$779", "2018-12-31": "$1,098", "2018-09-30": "$1,311", "2018-06-30": "$982", "2018-03-31": "$1,101", "2017-12-31": "$1,055", "2017-09-30": "$883", "2017-06-30": "$901", "2017-03-31": "$787", "2016-12-31": "$759", "2016-09-30": "$953", "2016-06-30": "$1,055", "2016-03-31": "$1,036", "2015-12-31": "$1,000", "2015-09-30": "$1,196", "2015-06-30": "$1,344", "2015-03-31": "$3,471", "2014-12-31": "$3,340", "2014-09-30": "$3,529", "2014-06-30": "$2,472", "2014-03-31": "$2,761", "2013-12-31": "$2,427", "2013-09-30": "$2,402", "2013-06-30": "$2,604", "2013-03-31": "$2,421", "2012-12-31": "$2,125", "2012-09-30": "$2,042", "2012-06-30": "$1,634", "2012-03-31": "$1,702", "2011-12-31": "$1,530", "2011-09-30": "$2,101", "2011-06-30": "$1,294", "2011-03-31": "$641", "2010-12-31": "$386", "2010-09-30": "$94", "2010-06-30": "$90", "2010-03-31": "$48", "2009-12-31": "$35", "2009-09-30": "$260", "2009-06-30": "", "2009-03-31": "", "2008-12-31": "", "2008-09-30": ""}}, "long-term-debt": {"Two Harbors Investments Corp Annual Long Term Debt (Millions of US $)": {"2019": "$795", "2018": "$1,459", "2017": "$1,518", "2016": "$7,107", "2015": "$5,785", "2014": "$3,710", "2013": "$640", "2012": "$", "2011": "$", "2010": "$", "2009": "$", "2008": "$"}, "Two Harbors Investments Corp Quarterly Long Term Debt (Millions of US $)": {"2020-09-30": "$561", "2020-06-30": "$553", "2020-03-31": "$587", "2019-12-31": "$795", "2019-09-30": "$635", "2019-06-30": "$334", "2019-03-31": "$1,524", "2018-12-31": "$1,459", "2018-09-30": "$1,459", "2018-06-30": "$1,318", "2018-03-31": "$1,168", "2017-12-31": "$1,518", "2017-09-30": "$5,107", "2017-06-30": "$6,441", "2017-03-31": "$6,811", "2016-12-31": "$7,107", "2016-09-30": "$7,406", "2016-06-30": "$7,112", "2016-03-31": "$6,810", "2015-12-31": "$5,785", "2015-09-30": "$5,701", "2015-06-30": "$4,715", "2015-03-31": "$4,026", "2014-12-31": "$3,710", "2014-09-30": "$2,439", "2014-06-30": "$2,062", "2014-03-31": "$1,123", "2013-12-31": "$640", "2013-09-30": "$649", "2013-06-30": "$363", "2013-03-31": "$397", "2012-12-31": "", "2012-09-30": "", "2012-06-30": "", "2012-03-31": "", "2011-12-31": "", "2011-09-30": "", "2011-06-30": "", "2011-03-31": "", "2010-12-31": "", "2010-09-30": "", "2010-06-30": "", "2010-03-31": "", "2009-12-31": "", "2009-09-30": "", "2009-06-30": "", "2009-03-31": "", "2008-12-31": "", "2008-09-30": ""}}, "total-liabilities": {"Two Harbors Investments Corp Annual Total Liabilities (Millions of US $)": {"2019": "$30,951", "2018": "$25,878", "2017": "$21,218", "2016": "$16,711", "2015": "$10,999", "2014": "$17,016", "2013": "$13,319", "2012": "$13,363", "2011": "$6,830", "2010": "$1,415", "2009": "$417", "2008": "$78"}, "Two Harbors Investments Corp Quarterly Total Liabilities (Millions of US $)": {"2020-09-30": "$17,568", "2020-06-30": "$18,646", "2020-03-31": "$19,299", "2019-12-31": "$30,951", "2019-09-30": "$27,145", "2019-06-30": "$29,471", "2019-03-31": "$23,726", "2018-12-31": "$25,878", "2018-09-30": "$26,854", "2018-06-30": "$18,796", "2018-03-31": "$20,609", "2017-12-31": "$21,218", "2017-09-30": "$23,672", "2017-06-30": "$19,997", "2017-03-31": "$20,668", "2016-12-31": "$16,711", "2016-09-30": "$18,322", "2016-06-30": "$17,322", "2016-03-31": "$13,314", "2015-12-31": "$10,999", "2015-09-30": "$14,013", "2015-06-30": "$14,476", "2015-03-31": "$17,617", "2014-12-31": "$17,016", "2014-09-30": "$15,037", "2014-06-30": "$13,756", "2014-03-31": "$13,507", "2013-12-31": "$13,319", "2013-09-30": "$13,381", "2013-06-30": "$15,807", "2013-03-31": "$14,938", "2012-12-31": "$13,363", "2012-09-30": "$14,473", "2012-06-30": "$10,798", "2012-03-31": "$9,259", "2011-12-31": "$6,830", "2011-09-30": "$7,512", "2011-06-30": "$5,110", "2011-03-31": "$2,977", "2010-12-31": "$1,415", "2010-09-30": "$971", "2010-06-30": "$899", "2010-03-31": "$473", "2009-12-31": "$417", "2009-09-30": "$79", "2009-06-30": "$0", "2009-03-31": "$0", "2008-12-31": "", "2008-09-30": "$0"}}, "total-share-holder-equity": {"Two Harbors Investments Corp Annual Share Holder Equity (Millions of US $)": {"2019": "$4,970", "2018": "$4,254", "2017": "$3,571", "2016": "$3,401", "2015": "$3,577", "2014": "$4,068", "2013": "$3,855", "2012": "$3,451", "2011": "$1,270", "2010": "$382", "2009": "$122", "2008": "$184"}, "Two Harbors Investments Corp Quarterly Share Holder Equity (Millions of US $)": {"2020-09-30": "$3,020", "2020-06-30": "$2,836", "2020-03-31": "$2,904", "2019-12-31": "$4,970", "2019-09-30": "$5,020", "2019-06-30": "$4,869", "2019-03-31": "$4,774", "2018-12-31": "$4,254", "2018-09-30": "$4,676", "2018-06-30": "$3,480", "2018-03-31": "$3,468", "2017-12-31": "$3,571", "2017-09-30": "$4,131", "2017-06-30": "$3,784", "2017-03-31": "$3,603", "2016-12-31": "$3,401", "2016-09-30": "$3,478", "2016-06-30": "$3,418", "2016-03-31": "$3,371", "2015-12-31": "$3,577", "2015-09-30": "$3,773", "2015-06-30": "$3,972", "2015-03-31": "$4,061", "2014-12-31": "$4,068", "2014-09-30": "$4,118", "2014-06-30": "$4,059", "2014-03-31": "$3,919", "2013-12-31": "$3,855", "2013-09-30": "$3,773", "2013-06-30": "$3,834", "2013-03-31": "$4,065", "2012-12-31": "$3,451", "2012-09-30": "$3,391", "2012-06-30": "$2,183", "2012-03-31": "$2,072", "2011-12-31": "$1,270", "2011-09-30": "$1,307", "2011-06-30": "$898", "2011-03-31": "$686", "2010-12-31": "$382", "2010-09-30": "$241", "2010-06-30": "$227", "2010-03-31": "$126", "2009-12-31": "$122", "2009-09-30": "$182", "2009-06-30": "$0", "2009-03-31": "$0", "2008-12-31": "", "2008-09-30": "$0"}}, "profit-margins": {"current": "-246.97%"}, "gross margin": {"2020-09-30": "100.00%", "2020-06-30": "100.00%", "2020-03-31": "100.00%", "2019-12-31": "100.00%", "2019-09-30": "100.00%", "2019-06-30": "100.00%", "2019-03-31": "100.00%", "2018-12-31": "100.00%", "2018-09-30": "100.00%", "2018-06-30": "100.00%", "2018-03-31": "100.00%", "2017-12-31": "100.00%", "2017-09-30": "100.00%", "2017-06-30": "100.00%", "2017-03-31": "100.00%", "2016-12-31": "100.00%", "2016-09-30": "100.00%", "2016-06-30": "100.00%", "2016-03-31": "100.00%", "2015-12-31": "100.00%", "2015-09-30": "100.00%", "2015-06-30": "100.00%", "2015-03-31": "100.00%", "2014-12-31": "100.00%", "2014-09-30": "100.00%", "2014-06-30": "100.00%", "2014-03-31": "100.00%", "2013-12-31": "100.00%", "2013-09-30": "100.00%", "2013-06-30": "100.00%", "2013-03-31": "96.83%", "2012-12-31": "93.85%", "2012-09-30": "92.84%", "2012-06-30": "89.49%", "2012-03-31": "91.42%", "2011-12-31": "93.07%", "2011-09-30": "88.73%", "2011-06-30": "87.21%", "2011-03-31": "85.19%", "2010-12-31": "87.50%", "2010-09-30": "90.00%", "2010-06-30": "94.44%", "2010-03-31": "100.00%", "2009-12-31": "100.00%"}, "operating margin": {"2020-09-30": "69.46%", "2020-06-30": "58.40%", "2020-03-31": "79.20%", "2019-12-31": "79.38%", "2019-09-30": "80.46%", "2019-06-30": "73.17%", "2019-03-31": "72.20%", "2018-12-31": "71.26%", "2018-09-30": "71.22%", "2018-06-30": "81.61%", "2018-03-31": "81.43%", "2017-12-31": "82.42%", "2017-09-30": "81.67%", "2017-06-30": "79.66%", "2017-03-31": "78.83%", "2016-12-31": "75.69%", "2016-09-30": "74.66%", "2016-06-30": "74.11%", "2016-03-31": "74.02%", "2015-12-31": "75.59%", "2015-09-30": "76.80%", "2015-06-30": "76.22%", "2015-03-31": "76.54%", "2014-12-31": "76.43%", "2014-09-30": "76.16%", "2014-06-30": "78.88%", "2014-03-31": "80.86%", "2013-12-31": "84.14%", "2013-09-30": "90.81%", "2013-06-30": "92.63%", "2013-03-31": "90.28%", "2012-12-31": "86.37%", "2012-09-30": "82.61%", "2012-06-30": "78.08%", "2012-03-31": "81.34%", "2011-12-31": "85.64%", "2011-09-30": "73.94%", "2011-06-30": "73.26%", "2011-03-31": "68.52%", "2010-12-31": "67.50%", "2010-09-30": "36.67%", "2010-06-30": "11.11%", "2010-03-31": "-55.56%", "2009-12-31": "-300.00%"}, "ebitda margin": {"2020-09-30": "101.01%", "2020-06-30": "82.84%", "2020-03-31": "98.01%", "2019-12-31": "96.38%", "2019-09-30": "94.44%", "2019-06-30": "84.72%", "2019-03-31": "82.52%", "2018-12-31": "82.18%", "2018-09-30": "83.03%", "2018-06-30": "93.26%", "2018-03-31": "92.08%", "2017-12-31": "91.68%", "2017-09-30": "90.46%", "2017-06-30": "87.27%", "2017-03-31": "86.16%", "2016-12-31": "82.99%", "2016-09-30": "81.03%", "2016-06-30": "80.32%", "2016-03-31": "80.96%", "2015-12-31": "82.49%", "2015-09-30": "83.04%", "2015-06-30": "81.76%", "2015-03-31": "80.03%", "2014-12-31": "78.86%", "2014-09-30": "78.32%", "2014-06-30": "80.69%", "2014-03-31": "84.08%", "2013-12-31": "87.75%", "2013-09-30": "94.95%", "2013-06-30": "96.87%", "2013-03-31": "92.26%", "2012-12-31": "86.81%", "2012-09-30": "81.59%", "2012-06-30": "74.17%", "2012-03-31": "78.36%", "2011-12-31": "85.64%", "2011-09-30": "74.65%", "2011-06-30": "81.40%", "2011-03-31": "79.63%", "2010-12-31": "80.00%", "2010-09-30": "50.00%", "2010-06-30": "27.78%", "2010-03-31": "-33.33%", "2009-12-31": "-300.00%"}, "pre tax profit margin": {"2020-09-30": "-253.11%", "2020-06-30": "-192.83%", "2020-03-31": "-152.94%", "2019-12-31": "31.19%", "2019-09-30": "-36.71%", "2019-06-30": "-60.20%", "2019-03-31": "-41.04%", "2018-12-31": "-0.34%", "2018-09-30": "88.31%", "2018-06-30": "94.95%", "2018-03-31": "78.31%", "2017-12-31": "40.00%", "2017-09-30": "69.90%", "2017-06-30": "74.84%", "2017-03-31": "72.80%", "2016-12-31": "57.29%", "2016-09-30": "35.34%", "2016-06-30": "10.99%", "2016-03-31": "54.98%", "2015-12-31": "80.13%", "2015-09-30": "33.28%", "2015-06-30": "71.50%", "2015-03-31": "39.93%", "2014-12-31": "16.12%", "2014-09-30": "69.35%", "2014-06-30": "5.05%", "2014-03-31": "80.32%", "2013-12-31": "118.74%", "2013-09-30": "105.59%", "2013-06-30": "143.28%", "2013-03-31": "69.25%", "2012-12-31": "54.07%", "2012-09-30": "30.43%", "2012-06-30": "48.35%", "2012-03-31": "54.85%", "2011-12-31": "62.38%", "2011-09-30": "69.01%", "2011-06-30": "51.16%", "2011-03-31": "98.15%", "2010-12-31": "87.50%", "2010-09-30": "40.00%", "2010-06-30": "5.56%", "2010-03-31": "-33.33%", "2009-12-31": "-266.67%"}, "net profit margin": {"2020-09-30": "-258.03%", "2020-06-30": "-197.30%", "2020-03-31": "-158.81%", "2019-12-31": "24.95%", "2019-09-30": "-43.75%", "2019-06-30": "-71.46%", "2019-03-31": "-51.57%", "2018-12-31": "-12.53%", "2018-09-30": "76.01%", "2018-06-30": "89.90%", "2018-03-31": "74.29%", "2017-12-31": "43.36%", "2017-09-30": "76.01%", "2017-06-30": "83.07%", "2017-03-31": "83.71%", "2016-12-31": "61.28%", "2016-09-30": "38.45%", "2016-06-30": "12.41%", "2016-03-31": "54.98%", "2015-12-31": "83.00%", "2015-09-30": "39.20%", "2015-06-30": "77.20%", "2015-03-31": "48.59%", "2014-12-31": "29.12%", "2014-09-30": "79.57%", "2014-06-30": "10.29%", "2014-03-31": "72.63%", "2013-12-31": "104.32%", "2013-09-30": "95.32%", "2013-06-30": "137.94%", "2013-03-31": "76.19%", "2012-12-31": "64.18%", "2012-09-30": "39.39%", "2012-06-30": "54.65%", "2012-03-31": "58.58%", "2011-12-31": "62.87%", "2011-09-30": "64.79%", "2011-06-30": "54.65%", "2011-03-31": "96.30%", "2010-12-31": "87.50%", "2010-09-30": "43.33%", "2010-06-30": "11.11%", "2010-03-31": "-33.33%", "2009-12-31": "-266.67%"}, "pe ratio": {"current": "8.84", "2021-02-05": "0.00", "2020-09-30": "0.00", "2020-06-30": "0.00", "2020-03-31": "0.00", "2019-12-31": "16.06", "2019-09-30": "0.00", "2019-06-30": "0.00", "2019-03-31": "0.00", "2018-12-31": "73.98", "2018-09-30": "3.53", "2018-06-30": "3.27", "2018-03-31": "3.75", "2017-12-31": "6.56", "2017-09-30": "4.87", "2017-06-30": "4.77", "2017-03-31": "4.70", "2016-12-31": "6.27", "2016-09-30": "10.44", "2016-06-30": "26.52", "2016-03-31": "5.63", "2015-12-31": "3.49", "2015-09-30": "7.48", "2015-06-30": "4.17", "2015-03-31": "7.14", "2014-12-31": "11.43", "2014-09-30": "4.06", "2014-06-30": "32.66", "2014-03-31": "4.49", "2013-12-31": "2.65", "2013-09-30": "2.73", "2013-06-30": "2.02", "2013-03-31": "4.16", "2012-12-31": "4.16", "2012-09-30": "5.54", "2012-06-30": "3.46", "2012-03-31": "3.64", "2011-12-31": "2.67", "2011-09-30": "2.08", "2011-06-30": "2.49", "2011-03-31": "2.08", "2010-12-31": "1.92", "2010-09-30": "4.57"}, "price sales": {"2021-02-05": "2.55", "2020-09-30": "1.96", "2020-06-30": "1.55", "2020-03-31": "0.95", "2019-12-31": "3.62", "2019-09-30": "2.90", "2019-06-30": "2.59", "2019-03-31": "2.68", "2018-12-31": "2.44", "2018-09-30": "2.86", "2018-06-30": "3.01", "2018-03-31": "2.78", "2017-12-31": "2.88", "2017-09-30": "3.79", "2017-06-30": "3.69", "2017-03-31": "3.65", "2016-12-31": "3.45", "2016-09-30": "3.30", "2016-06-30": "3.36", "2016-03-31": "3.10", "2015-12-31": "2.93", "2015-09-30": "2.94", "2015-06-30": "3.21", "2015-03-31": "3.48", "2014-12-31": "3.33", "2014-09-30": "3.21", "2014-06-30": "3.41", "2014-03-31": "3.23", "2013-12-31": "2.74", "2013-09-30": "2.52", "2013-06-30": "2.46", "2013-03-31": "2.79", "2012-12-31": "2.37", "2012-09-30": "2.21", "2012-06-30": "1.85", "2012-03-31": "1.72", "2011-12-31": "1.52", "2011-09-30": "1.51", "2011-06-30": "1.82", "2011-03-31": "1.83", "2010-12-31": "1.57", "2010-09-30": "1.84"}, "price book": {"current": "0.86", "2021-02-05": "0.58", "2020-09-30": "0.45", "2020-06-30": "0.46", "2020-03-31": "0.33", "2019-12-31": "0.73", "2019-09-30": "0.63", "2019-06-30": "0.61", "2019-03-31": "0.65", "2018-12-31": "0.60", "2018-09-30": "0.62", "2018-06-30": "0.61", "2018-03-31": "0.58", "2017-12-31": "0.58", "2017-09-30": "0.60", "2017-06-30": "0.63", "2017-03-31": "0.62", "2016-12-31": "0.58", "2016-09-30": "0.54", "2016-06-30": "0.54", "2016-03-31": "0.49", "2015-12-31": "0.47", "2015-09-30": "0.49", "2015-06-30": "0.50", "2015-03-31": "0.52", "2014-12-31": "0.47", "2014-09-30": "0.44", "2014-06-30": "0.47", "2014-03-31": "0.47", "2013-12-31": "0.42", "2013-09-30": "0.43", "2013-06-30": "0.44", "2013-03-31": "0.49", "2012-12-31": "0.41", "2012-09-30": "0.42", "2012-06-30": "0.41", "2012-03-31": "0.40", "2011-12-31": "0.38", "2011-09-30": "0.34", "2011-06-30": "0.37", "2011-03-31": "0.35", "2010-12-31": "0.32", "2010-09-30": "0.29", "2010-06-30": "0.27", "2010-03-31": "0.27", "2009-12-31": "0.28"}, "price fcf": {"2021-02-05": "", "2020-09-30": "$2.32", "2020-06-30": "$2.57", "2020-03-31": "$3.65", "2019-12-31": "$3.95", "2019-09-30": "$4.01", "2019-06-30": "$3.48", "2019-03-31": "$3.02", "2018-12-31": "$3.41", "2018-09-30": "$3.33", "2018-06-30": "$3.50", "2018-03-31": "$3.35", "2017-12-31": "$3.23", "2017-09-30": "$10.06", "2017-06-30": "$4.28", "2017-03-31": "$3.53", "2016-12-31": "$1.38", "2016-09-30": "$-6.57", "2016-06-30": "$-6.20", "2016-03-31": "$-9.02", "2015-12-31": "$-10.61", "2015-09-30": "$-12.55", "2015-06-30": "$-11.10", "2015-03-31": "$-9.06", "2014-12-31": "$-3.65", "2014-09-30": "$-1.44", "2014-06-30": "$2.87", "2014-03-31": "$0.15", "2013-12-31": "$-2.60", "2013-09-30": "$-1.22", "2013-06-30": "$-3.19", "2013-03-31": "$0.73", "2012-12-31": "$1.34", "2012-09-30": "$1.50", "2012-06-30": "$2.75", "2012-03-31": "$2.97", "2011-12-31": "$3.07", "2011-09-30": "$2.56", "2011-06-30": "$2.91", "2011-03-31": "$2.61", "2010-12-31": "$2.96", "2010-09-30": "$0.76"}, "net worth": {"value": "$1.77B"}, "current ratio": {"2020-09-30": "1.13", "2020-06-30": "1.14", "2020-03-31": "1.11", "2019-12-31": "1.13", "2019-09-30": "1.21", "2019-06-30": "1.12", "2019-03-31": "1.31", "2018-12-31": "1.15", "2018-09-30": "1.20", "2018-06-30": "1.18", "2018-03-31": "1.16", "2017-12-31": "1.19", "2017-09-30": "1.33", "2017-06-30": "1.55", "2017-03-31": "1.57", "2016-12-31": "1.95", "2016-09-30": "1.85", "2016-06-30": "1.95", "2016-03-31": "2.42", "2015-12-31": "2.57", "2015-09-30": "2.06", "2015-06-30": "1.85", "2015-03-31": "1.58", "2014-12-31": "1.55", "2014-09-30": "1.48", "2014-06-30": "1.48", "2014-03-31": "1.37", "2013-12-31": "1.31", "2013-09-30": "1.36", "2013-06-30": "1.27", "2013-03-31": "1.34", "2012-12-31": "1.26", "2012-09-30": "1.22", "2012-06-30": "1.19", "2012-03-31": "1.26", "2011-12-31": "1.18", "2011-09-30": "1.17", "2011-06-30": "1.20", "2011-03-31": "1.36", "2010-12-31": "1.50", "2010-09-30": "1.26", "2010-06-30": "1.26", "2010-03-31": "1.32", "2009-12-31": "1.30", "2009-09-30": "221.78", "2009-06-30": "0.00", "2009-03-31": "0.00", "2008-12-31": "0.00", "2008-09-30": "0.00"}, "quick ratio": {"2020-09-30": "0.00", "2020-06-30": "0.00", "2020-03-31": "0.00", "2019-12-31": "0.00", "2019-09-30": "0.00", "2019-06-30": "0.00", "2019-03-31": "0.00", "2018-12-31": "0.00", "2018-09-30": "0.00", "2018-06-30": "0.00", "2018-03-31": "0.00", "2017-12-31": "0.00", "2017-09-30": "0.00", "2017-06-30": "0.00", "2017-03-31": "0.00", "2016-12-31": "0.00", "2016-09-30": "0.00", "2016-06-30": "0.00", "2016-03-31": "0.00", "2015-12-31": "0.00", "2015-09-30": "0.00", "2015-06-30": "0.00", "2015-03-31": "0.00", "2014-12-31": "0.00", "2014-09-30": "0.00", "2014-06-30": "0.00", "2014-03-31": "0.00", "2013-12-31": "0.00", "2013-09-30": "0.00", "2013-06-30": "0.00", "2013-03-31": "0.00", "2012-12-31": "0.00", "2012-09-30": "0.00", "2012-06-30": "0.00", "2012-03-31": "0.00", "2011-12-31": "0.00", "2011-09-30": "0.00", "2011-06-30": "0.00", "2011-03-31": "0.00", "2010-12-31": "0.00", "2010-09-30": "0.00", "2010-06-30": "0.00", "2010-03-31": "0.00", "2009-12-31": "0.00", "2009-09-30": "0.00", "2009-06-30": "0.00", "2009-03-31": "0.00", "2008-12-31": "0.00", "2008-09-30": "0.00"}, "debt equity ratio": {"current": "0.27", "2020-09-30": "5.82", "2020-06-30": "6.58", "2020-03-31": "6.65", "2019-12-31": "6.23", "2019-09-30": "5.41", "2019-06-30": "6.05", "2019-03-31": "4.97", "2018-12-31": "6.08", "2018-09-30": "5.74", "2018-06-30": "5.40", "2018-03-31": "5.94", "2017-12-31": "5.94", "2017-09-30": "5.73", "2017-06-30": "5.28", "2017-03-31": "5.74", "2016-12-31": "4.91", "2016-09-30": "5.27", "2016-06-30": "5.07", "2016-03-31": "3.95", "2015-12-31": "3.08", "2015-09-30": "3.71", "2015-06-30": "3.65", "2015-03-31": "4.34", "2014-12-31": "4.18", "2014-09-30": "3.65", "2014-06-30": "3.39", "2014-03-31": "3.45", "2013-12-31": "3.46", "2013-09-30": "3.55", "2013-06-30": "4.12", "2013-03-31": "3.68", "2012-12-31": "3.87", "2012-09-30": "4.27", "2012-06-30": "4.95", "2012-03-31": "4.47", "2011-12-31": "5.38", "2011-09-30": "5.75", "2011-06-30": "5.69", "2011-03-31": "4.34", "2010-12-31": "3.70", "2010-09-30": "4.02", "2010-06-30": "3.96", "2010-03-31": "3.76", "2009-12-31": "3.42", "2009-09-30": "0.44", "2009-06-30": "0.00", "2009-03-31": "0.00", "2008-12-31": "0.00", "2008-09-30": "0.00"}, "return on equity": {"2020-09-30": "-51.94%", "2020-06-30": "-42.70%", "2020-03-31": "-35.94%", "2019-12-31": "5.05%", "2019-09-30": "-9.32%", "2019-06-30": "-15.31%", "2019-03-31": "-11.06%", "2018-12-31": "-2.75%", "2018-09-30": "16.27%", "2018-06-30": "18.95%", "2018-03-31": "15.30%", "2017-12-31": "8.56%", "2017-09-30": "13.67%", "2017-06-30": "15.00%", "2017-03-31": "14.79%", "2016-12-31": "10.33%", "2016-09-30": "6.44%", "2016-06-30": "1.98%", "2016-03-31": "8.41%", "2015-12-31": "12.82%", "2015-09-30": "6.17%", "2015-06-30": "11.69%", "2015-03-31": "7.16%", "2014-12-31": "4.16%", "2014-09-30": "11.13%", "2014-06-30": "1.46%", "2014-03-31": "10.56%", "2013-12-31": "14.92%", "2013-09-30": "13.99%", "2013-06-30": "20.32%", "2013-03-31": "11.73%", "2012-12-31": "10.53%", "2012-09-30": "6.91%", "2012-06-30": "10.66%", "2012-03-31": "11.32%", "2011-12-31": "12.21%", "2011-09-30": "11.24%", "2011-06-30": "8.52%", "2011-03-31": "13.54%", "2010-12-31": "14.34%", "2010-09-30": "7.26%", "2010-06-30": "1.22%", "2010-03-31": "-2.79%", "2009-12-31": "-10.53%", "2009-06-30": "inf%"}, "return on assets": {"2020-09-30": "-7.12%", "2020-06-30": "-6.01%", "2020-03-31": "-5.12%", "2019-12-31": "0.76%", "2019-09-30": "-1.41%", "2019-06-30": "-2.28%", "2019-03-31": "-1.69%", "2018-12-31": "-0.40%", "2018-09-30": "2.41%", "2018-06-30": "2.81%", "2018-03-31": "2.28%", "2017-12-31": "1.28%", "2017-09-30": "2.13%", "2017-06-30": "2.38%", "2017-03-31": "2.37%", "2016-12-31": "1.78%", "2016-09-30": "1.21%", "2016-06-30": "0.40%", "2016-03-31": "1.83%", "2015-12-31": "2.72%", "2015-09-30": "1.24%", "2015-06-30": "2.36%", "2015-03-31": "1.46%", "2014-12-31": "0.89%", "2014-09-30": "2.48%", "2014-06-30": "0.33%", "2014-03-31": "2.27%", "2013-12-31": "3.17%", "2013-09-30": "2.91%", "2013-06-30": "4.09%", "2013-03-31": "2.30%", "2012-12-31": "1.98%", "2012-09-30": "1.23%", "2012-06-30": "1.77%", "2012-03-31": "1.83%", "2011-12-31": "1.91%", "2011-09-30": "1.81%", "2011-06-30": "1.48%", "2011-03-31": "2.67%", "2010-12-31": "2.96%", "2010-09-30": "1.50%", "2010-06-30": "0.32%", "2010-03-31": "-0.86%", "2009-12-31": "-4.01%", "2009-06-30": "inf%"}, "return on investments": {"2020-09-30": "11.83%", "2020-06-30": "10.86%", "2020-03-31": "15.83%", "2019-12-31": "13.77%", "2019-09-30": "14.19%", "2019-06-30": "12.47%", "2019-03-31": "11.59%", "2018-12-31": "11.65%", "2018-09-30": "11.21%", "2018-06-30": "10.61%", "2018-03-31": "8.59%", "2017-12-31": "7.02%", "2017-09-30": "5.43%", "2017-06-30": "4.88%", "2017-03-31": "4.57%", "2016-12-31": "4.14%", "2016-09-30": "4.23%", "2016-06-30": "4.23%", "2016-03-31": "4.41%", "2015-12-31": "5.04%", "2015-09-30": "5.64%", "2015-06-30": "6.02%", "2015-03-31": "6.45%", "2014-12-31": "6.92%", "2014-09-30": "7.65%", "2014-06-30": "8.71%", "2014-03-31": "9.96%", "2013-12-31": "10.63%", "2013-09-30": "15.41%", "2013-06-30": "23.24%", "2013-03-31": "40.79%", "2012-12-31": "inf%", "2012-09-30": "inf%", "2012-06-30": "inf%", "2012-03-31": "inf%", "2011-12-31": "inf%", "2011-09-30": "inf%", "2011-06-30": "inf%", "2011-03-31": "inf%", "2010-12-31": "inf%", "2010-09-30": "inf%", "2010-06-30": "inf%", "2010-03-31": "inf%", "2009-12-31": "inf%", "2009-06-30": "inf%"}, "return on tangible equity": {"2020-09-30": "-98.35%", "2020-06-30": "-64.51%", "2020-03-31": "-53.70%", "2019-12-31": "7.40%", "2019-09-30": "-14.63%", "2019-06-30": "-30.03%", "2019-03-31": "-22.24%", "2018-12-31": "-5.48%", "2018-09-30": "27.67%", "2018-06-30": "28.09%", "2018-03-31": "21.31%", "2017-12-31": "11.31%", "2017-09-30": "17.51%", "2017-06-30": "18.66%", "2017-03-31": "17.76%", "2016-12-31": "12.13%", "2016-09-30": "7.42%", "2016-06-30": "2.27%", "2016-03-31": "9.61%", "2015-12-31": "14.51%", "2015-09-30": "6.94%", "2015-06-30": "13.15%", "2015-03-31": "8.09%", "2014-12-31": "4.72%", "2014-09-30": "12.72%", "2014-06-30": "1.62%", "2014-03-31": "11.29%", "2013-12-31": "15.43%", "2013-09-30": "13.99%", "2013-06-30": "20.32%", "2013-03-31": "11.73%", "2012-12-31": "10.53%", "2012-09-30": "6.91%", "2012-06-30": "10.66%", "2012-03-31": "11.32%", "2011-12-31": "12.21%", "2011-09-30": "11.24%", "2011-06-30": "8.52%", "2011-03-31": "13.54%", "2010-12-31": "14.34%", "2010-09-30": "7.26%", "2010-06-30": "1.22%", "2010-03-31": "-2.79%", "2009-12-31": "-10.53%", "2009-06-30": "inf%"}, "dividend yield history": {"last payout": "$0.68", "last yield": "10.54%"}}