{"ticker": "TXN", "price": {"title": "Texas Instruments Historical Annual Stock Price Data", "value": 179.22, "historical": {"2021": {"Average Stock Price": "170.8089", "Year Open": "162.2200", "Year High": "179.2200", "Year Low": "162.2200", "Year Close": "179.2200", "Annual % Change": "9.19%"}, "2020": {"Average Stock Price": "132.1014", "Year Open": "129.5700", "Year High": "166.6800", "Year Low": "93.5000", "Year Close": "164.1300", "Annual % Change": "27.94%"}, "2019": {"Average Stock Price": "115.6659", "Year Open": "94.4500", "Year High": "131.6900", "Year Low": "88.8800", "Year Close": "128.2900", "Annual % Change": "35.76%"}, "2018": {"Average Stock Price": "106.1148", "Year Open": "105.5700", "Year High": "119.8900", "Year Low": "87.8000", "Year Close": "94.5000", "Annual % Change": "-9.52%"}, "2017": {"Average Stock Price": "84.3336", "Year Open": "73.5800", "Year High": "104.8200", "Year Low": "72.9200", "Year Close": "104.4400", "Annual % Change": "43.13%"}, "2016": {"Average Stock Price": "63.1025", "Year Open": "54.3400", "Year High": "74.8700", "Year Low": "48.0300", "Year Close": "72.9700", "Annual % Change": "33.13%"}, "2015": {"Average Stock Price": "53.9614", "Year Open": "53.4800", "Year High": "59.9400", "Year Low": "43.5200", "Year Close": "54.8100", "Annual % Change": "2.52%"}, "2014": {"Average Stock Price": "47.3742", "Year Open": "43.1000", "Year High": "55.6200", "Year Low": "40.8900", "Year Close": "53.4650", "Annual % Change": "21.76%"}, "2013": {"Average Stock Price": "37.6073", "Year Open": "32.3100", "Year High": "43.9100", "Year Low": "31.5528", "Year Close": "43.9100", "Annual % Change": "42.15%"}, "2012": {"Average Stock Price": "30.0754", "Year Open": "29.7550", "Year High": "33.9900", "Year Low": "26.4300", "Year Close": "30.8900", "Annual % Change": "6.11%"}, "2011": {"Average Stock Price": "31.6609", "Year Open": "32.7300", "Year High": "36.5600", "Year Low": "24.8200", "Year Close": "29.1100", "Annual % Change": "-10.43%"}, "2010": {"Average Stock Price": "26.3498", "Year Open": "26.0100", "Year High": "33.7500", "Year Low": "22.5000", "Year Close": "32.5000", "Annual % Change": "24.71%"}, "2009": {"Average Stock Price": "20.7265", "Year Open": "16.0400", "Year High": "26.8500", "Year Low": "13.7700", "Year Close": "26.0600", "Annual % Change": "67.91%"}, "2008": {"Average Stock Price": "25.3153", "Year Open": "32.3500", "Year High": "32.7000", "Year Low": "14.0100", "Year Close": "15.5200", "Annual % Change": "-53.53%"}, "2007": {"Average Stock Price": "33.5531", "Year Open": "28.5600", "Year High": "39.1800", "Year Low": "28.3200", "Year Close": "33.4000", "Annual % Change": "15.97%"}, "2006": {"Average Stock Price": "31.1433", "Year Open": "33.2400", "Year High": "35.5600", "Year Low": "27.0000", "Year Close": "28.8000", "Annual % Change": "-10.20%"}, "2005": {"Average Stock Price": "28.6348", "Year Open": "24.1800", "Year High": "34.1100", "Year Low": "20.7700", "Year Close": "32.0700", "Annual % Change": "30.26%"}, "2004": {"Average Stock Price": "25.2613", "Year Open": "29.3100", "Year High": "33.6500", "Year Low": "18.4000", "Year Close": "24.6200", "Annual % Change": "-16.20%"}, "2003": {"Average Stock Price": "21.1053", "Year Open": "16.0400", "Year High": "30.9200", "Year Low": "14.1500", "Year Close": "29.3800", "Annual % Change": "95.74%"}, "2002": {"Average Stock Price": "24.2713", "Year Open": "28.8200", "Year High": "35.7100", "Year Low": "13.2300", "Year Close": "15.0100", "Annual % Change": "-46.39%"}, "2001": {"Average Stock Price": "33.8819", "Year Open": "46.3100", "Year High": "52.0600", "Year Low": "21.7300", "Year Close": "28.0000", "Annual % Change": "-40.90%"}, "2000": {"Average Stock Price": "63.4130", "Year Open": "51.4500", "Year High": "93.8000", "Year Low": "36.8800", "Year Close": "47.3800", "Annual % Change": "-1.94%"}, "1999": {"Average Stock Price": "34.9808", "Year Open": "21.7825", "Year High": "54.2500", "Year Low": "21.6250", "Year Close": "48.3150", "Annual % Change": "125.88%"}, "1998": {"Average Stock Price": "14.8151", "Year Open": "11.9525", "Year High": "22.2650", "Year Low": "10.4075", "Year Close": "21.3900", "Annual % Change": "90.13%"}, "1997": {"Average Stock Price": "12.1583", "Year Open": "7.9538", "Year High": "17.6250", "Year Low": "7.8125", "Year Close": "11.2500", "Annual % Change": "41.18%"}, "1996": {"Average Stock Price": "6.4969", "Year Open": "6.0625", "Year High": "8.3750", "Year Low": "5.2188", "Year Close": "7.9688", "Annual % Change": "23.79%"}, "1995": {"Average Stock Price": "7.3456", "Year Open": "4.5938", "Year High": "10.2813", "Year Low": "4.3125", "Year Close": "6.4375", "Annual % Change": "37.55%"}, "1994": {"Average Stock Price": "4.7599", "Year Open": "3.9063", "Year High": "5.5388", "Year Low": "3.8750", "Year Close": "4.6800", "Annual % Change": "17.92%"}, "1993": {"Average Stock Price": "4.0341", "Year Open": "2.8750", "Year High": "5.2656", "Year Low": "2.8750", "Year Close": "3.9688", "Annual % Change": "36.21%"}, "1992": {"Average Stock Price": "2.4843", "Year Open": "2.0000", "Year High": "3.2344", "Year Low": "1.9688", "Year Close": "2.9138", "Annual % Change": "51.61%"}, "1991": {"Average Stock Price": "2.1877", "Year Open": "2.3281", "Year High": "2.9063", "Year Low": "1.6406", "Year Close": "1.9219", "Annual % Change": "-19.08%"}, "1990": {"Average Stock Price": "2.0898", "Year Open": "2.3675", "Year High": "2.7113", "Year Low": "1.4613", "Year Close": "2.3750", "Annual % Change": "5.91%"}, "1989": {"Average Stock Price": "2.4414", "Year Open": "2.5625", "Year High": "2.8675", "Year Low": "1.8363", "Year Close": "2.2425", "Annual % Change": "-12.49%"}, "1988": {"Average Stock Price": "2.7769", "Year Open": "3.6488", "Year High": "3.6488", "Year Low": "2.1800", "Year Close": "2.5625", "Annual % Change": "-26.46%"}, "1987": {"Average Stock Price": "3.6247", "Year Open": "2.4479", "Year High": "4.9613", "Year Low": "2.2656", "Year Close": "3.4844", "Annual % Change": "41.58%"}, "1986": {"Average Stock Price": "2.4936", "Year Open": "2.2004", "Year High": "3.0548", "Year Low": "2.1458", "Year Close": "2.4610", "Annual % Change": "11.97%"}, "1985": {"Average Stock Price": "2.1417", "Year Open": "2.4504", "Year High": "2.7448", "Year Low": "1.8202", "Year Close": "2.1979", "Annual % Change": "-11.72%"}, "1984": {"Average Stock Price": "2.7158", "Year Open": "2.9140", "Year High": "3.0885", "Year Low": "2.3333", "Year Close": "2.4896", "Annual % Change": "-13.79%"}, "1983": {"Average Stock Price": "2.8611", "Year Open": "2.7240", "Year High": "3.6667", "Year Low": "2.1198", "Year Close": "2.8879", "Annual % Change": "2.96%"}, "1982": {"Average Stock Price": "1.9819", "Year Open": "1.6900", "Year High": "3.1538", "Year Low": "1.4740", "Year Close": "2.8048", "Annual % Change": "67.24%"}, "1981": {"Average Stock Price": "2.0573", "Year Open": "2.5496", "Year High": "2.5990", "Year Low": "1.5677", "Year Close": "1.6771", "Annual % Change": "-33.40%"}, "1980": {"Average Stock Price": "2.2462", "Year Open": "1.7500", "Year High": "3.1198", "Year Low": "1.6588", "Year Close": "2.5183", "Annual % Change": "37.76%"}, "1979": {"Average Stock Price": "1.8312", "Year Open": "1.6692", "Year High": "2.0781", "Year Low": "1.6275", "Year Close": "1.8281", "Annual % Change": "9.52%"}, "1978": {"Average Stock Price": "1.6262", "Year Open": "1.4688", "Year High": "1.9192", "Year Low": "1.2788", "Year Close": "1.6692", "Annual % Change": "9.18%"}, "1977": {"Average Stock Price": "1.7512", "Year Open": "2.1094", "Year High": "2.1094", "Year Low": "1.4298", "Year Close": "1.5288", "Annual % Change": "-28.49%"}, "1976": {"Average Stock Price": "2.3694", "Year Open": "1.9583", "Year High": "2.6692", "Year Low": "1.9400", "Year Close": "2.1379", "Annual % Change": "8.59%"}, "1975": {"Average Stock Price": "1.9672", "Year Open": "1.4088", "Year High": "2.4298", "Year Low": "1.2890", "Year Close": "1.9688", "Annual % Change": "39.75%"}, "1974": {"Average Stock Price": "1.8277", "Year Open": "2.2083", "Year High": "2.3879", "Year Low": "1.2500", "Year Close": "1.4088", "Annual % Change": "-37.10%"}, "1973": {"Average Stock Price": "2.0877", "Year Open": "1.9232", "Year High": "2.8698", "Year Low": "1.5781", "Year Close": "2.2396", "Annual % Change": "18.22%"}}}, "market cap": {"value": "$159.84B"}, "income statement": {"Revenue": {"2020-12-31": "14461.00000", "2019-12-31": "14383.00000", "2018-12-31": "15784.00000", "2017-12-31": "14961.00000", "2016-12-31": "13370.00000", "2015-12-31": "13000.00000", "2014-12-31": "13045.00000", "2013-12-31": "12205.00000", "2012-12-31": "12825.00000", "2011-12-31": "13735.00000", "2010-12-31": "13966.00000", "2009-12-31": "10427.00000", "2008-12-31": "12501.00000", "2007-12-31": "13835.00000", "2006-12-31": "14255.00000", "2005-12-31": "12335.00000"}, "Cost Of Goods Sold": {"2020-12-31": "5192.00000", "2019-12-31": "5219.00000", "2018-12-31": "5507.00000", "2017-12-31": "5347.00000", "2016-12-31": "5113.00000", "2015-12-31": "5425.00000", "2014-12-31": "5618.00000", "2013-12-31": "5841.00000", "2012-12-31": "6457.00000", "2011-12-31": "6963.00000", "2010-12-31": "6474.00000", "2009-12-31": "5428.00000", "2008-12-31": "6256.00000", "2007-12-31": "6466.00000", "2006-12-31": "6996.00000", "2005-12-31": "6319.00000"}, "Gross Profit": {"2020-12-31": "9269.00000", "2019-12-31": "9164.00000", "2018-12-31": "10277.00000", "2017-12-31": "9614.00000", "2016-12-31": "8257.00000", "2015-12-31": "7575.00000", "2014-12-31": "7427.00000", "2013-12-31": "6364.00000", "2012-12-31": "6368.00000", "2011-12-31": "6772.00000", "2010-12-31": "7492.00000", "2009-12-31": "4999.00000", "2008-12-31": "6245.00000", "2007-12-31": "7369.00000", "2006-12-31": "7259.00000", "2005-12-31": "6016.00000"}, "Research And Development Expenses": {"2020-12-31": "1530.00000", "2019-12-31": "1544.00000", "2018-12-31": "1559.00000", "2017-12-31": "1508.00000", "2016-12-31": "1356.00000", "2015-12-31": "1267.00000", "2014-12-31": "1358.00000", "2013-12-31": "1522.00000", "2012-12-31": "1877.00000", "2011-12-31": "1715.00000", "2010-12-31": "1570.00000", "2009-12-31": "1476.00000", "2008-12-31": "1940.00000", "2007-12-31": "2140.00000", "2006-12-31": "2195.00000", "2005-12-31": "1986.00000"}, "SG&A Expenses": {"2020-12-31": "1623.00000", "2019-12-31": "1645.00000", "2018-12-31": "1684.00000", "2017-12-31": "1694.00000", "2016-12-31": "1742.00000", "2015-12-31": "1728.00000", "2014-12-31": "1843.00000", "2013-12-31": "1858.00000", "2012-12-31": "1804.00000", "2011-12-31": "1638.00000", "2010-12-31": "1519.00000", "2009-12-31": "1320.00000", "2008-12-31": "1614.00000", "2007-12-31": "1680.00000", "2006-12-31": "1697.00000", "2005-12-31": "1471.00000"}, "Other Operating Income Or Expenses": {"2020-12-31": "", "2019-12-31": "", "2018-12-31": "", "2017-12-31": "", "2016-12-31": "", "2015-12-31": "", "2014-12-31": "", "2013-12-31": "", "2012-12-31": "", "2011-12-31": "", "2010-12-31": "", "2009-12-31": "", "2008-12-31": "", "2007-12-31": "", "2006-12-31": "", "2005-12-31": ""}, "Operating Expenses": {"2020-12-31": "8567.00000", "2019-12-31": "8660.00000", "2018-12-31": "9071.00000", "2017-12-31": "8878.00000", "2016-12-31": "8515.00000", "2015-12-31": "8678.00000", "2014-12-31": "9098.00000", "2013-12-31": "9373.00000", "2012-12-31": "10852.00000", "2011-12-31": "10743.00000", "2010-12-31": "9452.00000", "2009-12-31": "8436.00000", "2008-12-31": "10064.00000", "2007-12-31": "10338.00000", "2006-12-31": "10888.00000", "2005-12-31": "9776.00000"}, "Operating Income": {"2020-12-31": "5894.00000", "2019-12-31": "5723.00000", "2018-12-31": "6713.00000", "2017-12-31": "6083.00000", "2016-12-31": "4855.00000", "2015-12-31": "4322.00000", "2014-12-31": "3947.00000", "2013-12-31": "2832.00000", "2012-12-31": "1973.00000", "2011-12-31": "2992.00000", "2010-12-31": "4514.00000", "2009-12-31": "1991.00000", "2008-12-31": "2437.00000", "2007-12-31": "3497.00000", "2006-12-31": "3367.00000", "2005-12-31": "2559.00000"}, "Total Non-Operating Income/Expense": {"2020-12-31": "123.00000", "2019-12-31": "5.00000", "2018-12-31": "-27.00000", "2017-12-31": "-3.00000", "2016-12-31": "75.00000", "2015-12-31": "-106.00000", "2014-12-31": "-73.00000", "2013-12-31": "-78.00000", "2012-12-31": "-38.00000", "2011-12-31": "-37.00000", "2010-12-31": "37.00000", "2009-12-31": "26.00000", "2008-12-31": "44.00000", "2007-12-31": "195.00000", "2006-12-31": "258.00000", "2005-12-31": "196.00000"}, "Pre-Tax Income": {"2020-12-31": "6017.00000", "2019-12-31": "5728.00000", "2018-12-31": "6686.00000", "2017-12-31": "6080.00000", "2016-12-31": "4930.00000", "2015-12-31": "4216.00000", "2014-12-31": "3874.00000", "2013-12-31": "2754.00000", "2012-12-31": "1935.00000", "2011-12-31": "2955.00000", "2010-12-31": "4551.00000", "2009-12-31": "2017.00000", "2008-12-31": "2481.00000", "2007-12-31": "3692.00000", "2006-12-31": "3625.00000", "2005-12-31": "2755.00000"}, "Income Taxes": {"2020-12-31": "422.00000", "2019-12-31": "711.00000", "2018-12-31": "1106.00000", "2017-12-31": "2398.00000", "2016-12-31": "1335.00000", "2015-12-31": "1230.00000", "2014-12-31": "1053.00000", "2013-12-31": "592.00000", "2012-12-31": "176.00000", "2011-12-31": "719.00000", "2010-12-31": "1323.00000", "2009-12-31": "547.00000", "2008-12-31": "561.00000", "2007-12-31": "1051.00000", "2006-12-31": "987.00000", "2005-12-31": "582.00000"}, "Income After Taxes": {"2020-12-31": "5595.00000", "2019-12-31": "5017.00000", "2018-12-31": "5580.00000", "2017-12-31": "3682.00000", "2016-12-31": "3595.00000", "2015-12-31": "2986.00000", "2014-12-31": "2821.00000", "2013-12-31": "2162.00000", "2012-12-31": "1759.00000", "2011-12-31": "2236.00000", "2010-12-31": "3228.00000", "2009-12-31": "1470.00000", "2008-12-31": "1920.00000", "2007-12-31": "2641.00000", "2006-12-31": "2638.00000", "2005-12-31": "2173.00000"}, "Other Income": {"2020-12-31": "", "2019-12-31": "", "2018-12-31": "", "2017-12-31": "", "2016-12-31": "", "2015-12-31": "", "2014-12-31": "", "2013-12-31": "", "2012-12-31": "", "2011-12-31": "", "2010-12-31": "", "2009-12-31": "", "2008-12-31": "", "2007-12-31": "", "2006-12-31": "", "2005-12-31": ""}, "Income From Continuous Operations": {"2020-12-31": "5595.00000", "2019-12-31": "5017.00000", "2018-12-31": "5580.00000", "2017-12-31": "3682.00000", "2016-12-31": "3595.00000", "2015-12-31": "2986.00000", "2014-12-31": "2821.00000", "2013-12-31": "2162.00000", "2012-12-31": "1759.00000", "2011-12-31": "2236.00000", "2010-12-31": "3228.00000", "2009-12-31": "1470.00000", "2008-12-31": "1920.00000", "2007-12-31": "2641.00000", "2006-12-31": "2638.00000", "2005-12-31": "2173.00000"}, "Income From Discontinued Operations": {"2020-12-31": "", "2019-12-31": "", "2018-12-31": "", "2017-12-31": "", "2016-12-31": "", "2015-12-31": "", "2014-12-31": "", "2013-12-31": "", "2012-12-31": "", "2011-12-31": "", "2010-12-31": "", "2009-12-31": "", "2008-12-31": "", "2007-12-31": "16.00000", "2006-12-31": "1703.00000", "2005-12-31": "151.00000"}, "Net Income": {"2020-12-31": "5595.00000", "2019-12-31": "5017.00000", "2018-12-31": "5580.00000", "2017-12-31": "3648.00000", "2016-12-31": "3595.00000", "2015-12-31": "2986.00000", "2014-12-31": "2777.00000", "2013-12-31": "2125.00000", "2012-12-31": "1728.00000", "2011-12-31": "2201.00000", "2010-12-31": "3184.00000", "2009-12-31": "1456.00000", "2008-12-31": "1920.00000", "2007-12-31": "2657.00000", "2006-12-31": "4341.00000", "2005-12-31": "2324.00000"}, "EBITDA": {"2020-12-31": "6886.00000", "2019-12-31": "6773.00000", "2018-12-31": "7667.00000", "2017-12-31": "6987.00000", "2016-12-31": "5810.00000", "2015-12-31": "5455.00000", "2014-12-31": "5177.00000", "2013-12-31": "4129.00000", "2012-12-31": "3374.00000", "2011-12-31": "4100.00000", "2010-12-31": "5427.00000", "2009-12-31": "2916.00000", "2008-12-31": "3496.00000", "2007-12-31": "4567.00000", "2006-12-31": "4478.00000", "2005-12-31": "3960.00000"}, "EBIT": {"2020-12-31": "5894.00000", "2019-12-31": "5723.00000", "2018-12-31": "6713.00000", "2017-12-31": "6083.00000", "2016-12-31": "4855.00000", "2015-12-31": "4322.00000", "2014-12-31": "3947.00000", "2013-12-31": "2832.00000", "2012-12-31": "1973.00000", "2011-12-31": "2992.00000", "2010-12-31": "4514.00000", "2009-12-31": "1991.00000", "2008-12-31": "2437.00000", "2007-12-31": "3497.00000", "2006-12-31": "3367.00000", "2005-12-31": "2559.00000"}, "Basic Shares Outstanding": {"2020-12-31": "921.00000", "2019-12-31": "936.00000", "2018-12-31": "970.00000", "2017-12-31": "991.00000", "2016-12-31": "1003.00000", "2015-12-31": "1030.00000", "2014-12-31": "1065.00000", "2013-12-31": "1098.00000", "2012-12-31": "1132.00000", "2011-12-31": "1151.00000", "2010-12-31": "1199.00000", "2009-12-31": "1260.00000", "2008-12-31": "1308.00000", "2007-12-31": "1417.00000", "2006-12-31": "1528.00000", "2005-12-31": "1640.00000"}, "Shares Outstanding": {"2020-12-31": "933.00000", "2019-12-31": "952.00000", "2018-12-31": "990.00000", "2017-12-31": "1012.00000", "2016-12-31": "1021.00000", "2015-12-31": "1043.00000", "2014-12-31": "1080.00000", "2013-12-31": "1113.00000", "2012-12-31": "1146.00000", "2011-12-31": "1171.00000", "2010-12-31": "1213.00000", "2009-12-31": "1269.00000", "2008-12-31": "1321.00000", "2007-12-31": "1444.00000", "2006-12-31": "1560.00000", "2005-12-31": "1671.00000"}, "Basic EPS": {"2020-12-31": "6.05000", "2019-12-31": "5.33000", "2018-12-31": "5.71000", "2017-12-31": "3.68000", "2016-12-31": "3.54000", "2015-12-31": "2.86000", "2014-12-31": "2.61000", "2013-12-31": "1.94000", "2012-12-31": "1.53000", "2011-12-31": "1.91000", "2010-12-31": "2.66000", "2009-12-31": "1.16000", "2008-12-31": "1.46000", "2007-12-31": "1.87000", "2006-12-31": "2.84000", "2005-12-31": "1.42000"}, "EPS - Earnings Per Share": {"2020-12-31": "5.97000", "2019-12-31": "5.24000", "2018-12-31": "5.59000", "2017-12-31": "3.61000", "2016-12-31": "3.48000", "2015-12-31": "2.82000", "2014-12-31": "2.57000", "2013-12-31": "1.91000", "2012-12-31": "1.51000", "2011-12-31": "1.88000", "2010-12-31": "2.62000", "2009-12-31": "1.15000", "2008-12-31": "1.44000", "2007-12-31": "1.83000", "2006-12-31": "2.78000", "2005-12-31": "1.39000"}}, "income statement, quarterly": {"Revenue": {"2020-12-31": "4076.00000", "2020-09-30": "3817.00000", "2020-06-30": "3239.00000", "2020-03-31": "3329.00000", "2019-12-31": "3350.00000", "2019-09-30": "3771.00000", "2019-06-30": "3668.00000", "2019-03-31": "3594.00000", "2018-12-31": "3717.00000", "2018-09-30": "4261.00000", "2018-06-30": "4017.00000", "2018-03-31": "3789.00000", "2017-12-31": "3750.00000", "2017-09-30": "4116.00000", "2017-06-30": "3693.00000", "2017-03-31": "3402.00000", "2016-12-31": "3414.00000", "2016-09-30": "3675.00000", "2016-06-30": "3273.00000", "2016-03-31": "3008.00000", "2015-12-31": "3189.00000", "2015-09-30": "3429.00000", "2015-06-30": "3232.00000", "2015-03-31": "3150.00000", "2014-12-31": "3269.00000", "2014-09-30": "3501.00000", "2014-06-30": "3292.00000", "2014-03-31": "2983.00000", "2013-12-31": "3029.00000", "2013-09-30": "3244.00000", "2013-06-30": "3047.00000", "2013-03-31": "2885.00000", "2012-12-31": "2979.00000", "2012-09-30": "3390.00000", "2012-06-30": "3335.00000", "2012-03-31": "3121.00000", "2011-12-31": "3419.00000", "2011-09-30": "3466.00000", "2011-06-30": "3458.00000", "2011-03-31": "3392.00000", "2010-12-31": "3525.00000", "2010-09-30": "3740.00000", "2010-06-30": "3496.00000", "2010-03-31": "3205.00000", "2009-12-31": "3004.00000", "2009-09-30": "2880.00000", "2009-06-30": "2457.00000", "2009-03-31": "2086.00000", "2008-12-31": "2491.00000", "2008-09-30": "3387.00000", "2008-06-30": "3351.00000", "2008-03-31": "3272.00000", "2007-12-31": "3557.00000", "2007-09-30": "3663.00000", "2007-06-30": "3424.00000", "2007-03-31": "3191.00000", "2006-12-31": "3463.00000", "2006-09-30": "3761.00000", "2006-06-30": "3697.00000", "2006-03-31": "3334.00000", "2005-12-31": "3323.00000", "2005-09-30": "3339.00000", "2005-06-30": "2971.00000", "2005-03-31": "2702.00000"}, "Cost Of Goods Sold": {"2020-12-31": "1430.00000", "2020-09-30": "1364.00000", "2020-06-30": "1157.00000", "2020-03-31": "1241.00000", "2019-12-31": "1253.00000", "2019-09-30": "1325.00000", "2019-06-30": "1308.00000", "2019-03-31": "1333.00000", "2018-12-31": "1310.00000", "2018-09-30": "1457.00000", "2018-06-30": "1398.00000", "2018-03-31": "1342.00000", "2017-12-31": "1310.00000", "2017-09-30": "1460.00000", "2017-06-30": "1319.00000", "2017-03-31": "1258.00000", "2016-12-31": "1277.00000", "2016-09-30": "1391.00000", "2016-06-30": "1266.00000", "2016-03-31": "1179.00000", "2015-12-31": "1308.00000", "2015-09-30": "1432.00000", "2015-06-30": "1351.00000", "2015-03-31": "1334.00000", "2014-12-31": "1374.00000", "2014-09-30": "1457.00000", "2014-06-30": "1411.00000", "2014-03-31": "1376.00000", "2013-12-31": "1388.00000", "2013-09-30": "1465.00000", "2013-06-30": "1477.00000", "2013-03-31": "1511.00000", "2012-12-31": "1533.00000", "2012-09-30": "1650.00000", "2012-06-30": "1684.00000", "2012-03-31": "1590.00000", "2011-12-31": "1872.00000", "2011-09-30": "1722.00000", "2011-06-30": "1705.00000", "2011-03-31": "1664.00000", "2010-12-31": "1655.00000", "2010-09-30": "1701.00000", "2010-06-30": "1602.00000", "2010-03-31": "1516.00000", "2009-12-31": "1416.00000", "2009-09-30": "1399.00000", "2009-06-30": "1333.00000", "2009-03-31": "1280.00000", "2008-12-31": "1394.00000", "2008-09-30": "1744.00000", "2008-06-30": "1602.00000", "2008-03-31": "1516.00000", "2007-12-31": "1593.00000", "2007-09-30": "1679.00000", "2007-06-30": "1640.00000", "2007-03-31": "1554.00000", "2006-12-31": "1715.00000", "2006-09-30": "1829.00000", "2006-06-30": "1790.00000", "2006-03-31": "1662.00000", "2005-12-31": "1667.00000", "2005-09-30": "1649.00000", "2005-06-30": "1545.00000", "2005-03-31": "1458.00000"}, "Gross Profit": {"2020-12-31": "2646.00000", "2020-09-30": "2453.00000", "2020-06-30": "2082.00000", "2020-03-31": "2088.00000", "2019-12-31": "2097.00000", "2019-09-30": "2446.00000", "2019-06-30": "2360.00000", "2019-03-31": "2261.00000", "2018-12-31": "2407.00000", "2018-09-30": "2804.00000", "2018-06-30": "2619.00000", "2018-03-31": "2447.00000", "2017-12-31": "2440.00000", "2017-09-30": "2656.00000", "2017-06-30": "2374.00000", "2017-03-31": "2144.00000", "2016-12-31": "2137.00000", "2016-09-30": "2284.00000", "2016-06-30": "2007.00000", "2016-03-31": "1829.00000", "2015-12-31": "1881.00000", "2015-09-30": "1997.00000", "2015-06-30": "1881.00000", "2015-03-31": "1816.00000", "2014-12-31": "1895.00000", "2014-09-30": "2044.00000", "2014-06-30": "1881.00000", "2014-03-31": "1607.00000", "2013-12-31": "1641.00000", "2013-09-30": "1779.00000", "2013-06-30": "1570.00000", "2013-03-31": "1374.00000", "2012-12-31": "1446.00000", "2012-09-30": "1740.00000", "2012-06-30": "1651.00000", "2012-03-31": "1531.00000", "2011-12-31": "1547.00000", "2011-09-30": "1744.00000", "2011-06-30": "1753.00000", "2011-03-31": "1728.00000", "2010-12-31": "1870.00000", "2010-09-30": "2039.00000", "2010-06-30": "1894.00000", "2010-03-31": "1689.00000", "2009-12-31": "1588.00000", "2009-09-30": "1481.00000", "2009-06-30": "1124.00000", "2009-03-31": "806.00000", "2008-12-31": "1097.00000", "2008-09-30": "1643.00000", "2008-06-30": "1749.00000", "2008-03-31": "1756.00000", "2007-12-31": "1964.00000", "2007-09-30": "1984.00000", "2007-06-30": "1784.00000", "2007-03-31": "1637.00000", "2006-12-31": "1748.00000", "2006-09-30": "1932.00000", "2006-06-30": "1907.00000", "2006-03-31": "1672.00000", "2005-12-31": "1656.00000", "2005-09-30": "1690.00000", "2005-06-30": "1426.00000", "2005-03-31": "1244.00000"}, "Research And Development Expenses": {"2020-12-31": "388.00000", "2020-09-30": "386.00000", "2020-06-30": "379.00000", "2020-03-31": "377.00000", "2019-12-31": "386.00000", "2019-09-30": "379.00000", "2019-06-30": "390.00000", "2019-03-31": "389.00000", "2018-12-31": "400.00000", "2018-09-30": "390.00000", "2018-06-30": "384.00000", "2018-03-31": "385.00000", "2017-12-31": "386.00000", "2017-09-30": "375.00000", "2017-06-30": "378.00000", "2017-03-31": "369.00000", "2016-12-31": "340.00000", "2016-09-30": "353.00000", "2016-06-30": "341.00000", "2016-03-31": "322.00000", "2015-12-31": "293.00000", "2015-09-30": "316.00000", "2015-06-30": "320.00000", "2015-03-31": "338.00000", "2014-12-31": "311.00000", "2014-09-30": "332.00000", "2014-06-30": "349.00000", "2014-03-31": "366.00000", "2013-12-31": "346.00000", "2013-09-30": "368.00000", "2013-06-30": "389.00000", "2013-03-31": "419.00000", "2012-12-31": "425.00000", "2012-09-30": "463.00000", "2012-06-30": "480.00000", "2012-03-31": "509.00000", "2011-12-31": "474.00000", "2011-09-30": "395.00000", "2011-06-30": "424.00000", "2011-03-31": "422.00000", "2010-12-31": "391.00000", "2010-09-30": "417.00000", "2010-06-30": "392.00000", "2010-03-31": "370.00000", "2009-12-31": "353.00000", "2009-09-30": "368.00000", "2009-06-30": "369.00000", "2009-03-31": "386.00000", "2008-12-31": "431.00000", "2008-09-30": "507.00000", "2008-06-30": "488.00000", "2008-03-31": "514.00000", "2007-12-31": "495.00000", "2007-09-30": "542.00000", "2007-06-30": "551.00000", "2007-03-31": "552.00000", "2006-12-31": "556.00000", "2006-09-30": "570.00000", "2006-06-30": "536.00000", "2006-03-31": "533.00000", "2005-12-31": "493.00000", "2005-09-30": "521.00000", "2005-06-30": "485.00000", "2005-03-31": "487.00000"}, "SG&A Expenses": {"2020-12-31": "398.00000", "2020-09-30": "407.00000", "2020-06-30": "401.00000", "2020-03-31": "417.00000", "2019-12-31": "412.00000", "2019-09-30": "399.00000", "2019-06-30": "420.00000", "2019-03-31": "414.00000", "2018-12-31": "414.00000", "2018-09-30": "396.00000", "2018-06-30": "441.00000", "2018-03-31": "433.00000", "2017-12-31": "409.00000", "2017-09-30": "412.00000", "2017-06-30": "434.00000", "2017-03-31": "439.00000", "2016-12-31": "405.00000", "2016-09-30": "442.00000", "2016-06-30": "454.00000", "2016-03-31": "441.00000", "2015-12-31": "385.00000", "2015-09-30": "434.00000", "2015-06-30": "470.00000", "2015-03-31": "439.00000", "2014-12-31": "429.00000", "2014-09-30": "463.00000", "2014-06-30": "472.00000", "2014-03-31": "479.00000", "2013-12-31": "463.00000", "2013-09-30": "465.00000", "2013-06-30": "471.00000", "2013-03-31": "459.00000", "2012-12-31": "433.00000", "2012-09-30": "453.00000", "2012-06-30": "456.00000", "2012-03-31": "462.00000", "2011-12-31": "443.00000", "2011-09-30": "388.00000", "2011-06-30": "411.00000", "2011-03-31": "396.00000", "2010-12-31": "391.00000", "2010-09-30": "391.00000", "2010-06-30": "378.00000", "2010-03-31": "359.00000", "2009-12-31": "348.00000", "2009-09-30": "340.00000", "2009-06-30": "327.00000", "2009-03-31": "305.00000", "2008-12-31": "361.00000", "2008-09-30": "390.00000", "2008-06-30": "428.00000", "2008-03-31": "435.00000", "2007-12-31": "422.00000", "2007-09-30": "429.00000", "2007-06-30": "424.00000", "2007-03-31": "405.00000", "2006-12-31": "426.00000", "2006-09-30": "432.00000", "2006-06-30": "418.00000", "2006-03-31": "421.00000", "2005-12-31": "403.00000", "2005-09-30": "408.00000", "2005-06-30": "339.00000", "2005-03-31": "321.00000"}, "Other Operating Income Or Expenses": {"2020-12-31": "", "2020-09-30": "", "2020-06-30": "", "2020-03-31": "", "2019-12-31": "", "2019-09-30": "", "2019-06-30": "", "2019-03-31": "", "2018-12-31": "", "2018-09-30": "", "2018-06-30": "", "2018-03-31": "", "2017-12-31": "", "2017-09-30": "", "2017-06-30": "", "2017-03-31": "", "2016-12-31": "", "2016-09-30": "", "2016-06-30": "", "2016-03-31": "", "2015-12-31": "", "2015-09-30": "", "2015-06-30": "", "2015-03-31": "", "2014-12-31": "", "2014-09-30": "", "2014-06-30": "", "2014-03-31": "", "2013-12-31": "", "2013-09-30": "", "2013-06-30": "", "2013-03-31": "", "2012-12-31": "", "2012-09-30": "", "2012-06-30": "", "2012-03-31": "", "2011-12-31": "", "2011-09-30": "", "2011-06-30": "", "2011-03-31": "", "2010-12-31": "", "2010-09-30": "", "2010-06-30": "", "2010-03-31": "", "2009-12-31": "", "2009-09-30": "", "2009-06-30": "", "2009-03-31": "", "2008-12-31": "", "2008-09-30": "", "2008-06-30": "", "2008-03-31": "", "2007-12-31": "", "2007-09-30": "", "2007-06-30": "", "2007-03-31": "", "2006-12-31": "", "2006-09-30": "", "2006-06-30": "", "2006-03-31": "", "2005-12-31": "", "2005-09-30": "", "2005-06-30": "", "2005-03-31": ""}, "Operating Expenses": {"2020-12-31": "2263.00000", "2020-09-30": "2208.00000", "2020-06-30": "2011.00000", "2020-03-31": "2085.00000", "2019-12-31": "2101.00000", "2019-09-30": "2182.00000", "2019-06-30": "2162.00000", "2019-03-31": "2215.00000", "2018-12-31": "2201.00000", "2018-09-30": "2324.00000", "2018-06-30": "2305.00000", "2018-03-31": "2241.00000", "2017-12-31": "2187.00000", "2017-09-30": "2328.00000", "2017-06-30": "2213.00000", "2017-03-31": "2150.00000", "2016-12-31": "2082.00000", "2016-09-30": "2267.00000", "2016-06-30": "2142.00000", "2016-03-31": "2024.00000", "2015-12-31": "1999.00000", "2015-09-30": "2265.00000", "2015-06-30": "2222.00000", "2015-03-31": "2192.00000", "2014-12-31": "2169.00000", "2014-09-30": "2326.00000", "2014-06-30": "2310.00000", "2014-03-31": "2293.00000", "2013-12-31": "2342.00000", "2013-09-30": "2400.00000", "2013-06-30": "2141.00000", "2013-03-31": "2490.00000", "2012-12-31": "2841.00000", "2012-09-30": "2550.00000", "2012-06-30": "2737.00000", "2012-03-31": "2724.00000", "2011-12-31": "3054.00000", "2011-09-30": "2652.00000", "2011-06-30": "2553.00000", "2011-03-31": "2484.00000", "2010-12-31": "2295.00000", "2010-09-30": "2513.00000", "2010-06-30": "2389.00000", "2010-03-31": "2255.00000", "2009-12-31": "2129.00000", "2009-09-30": "2117.00000", "2009-06-30": "2114.00000", "2009-03-31": "2076.00000", "2008-12-31": "2440.00000", "2008-09-30": "2641.00000", "2008-06-30": "2518.00000", "2008-03-31": "2465.00000", "2007-12-31": "2562.00000", "2007-09-30": "2650.00000", "2007-06-30": "2615.00000", "2007-03-31": "2511.00000", "2006-12-31": "2697.00000", "2006-09-30": "2831.00000", "2006-06-30": "2744.00000", "2006-03-31": "2616.00000", "2005-12-31": "2563.00000", "2005-09-30": "2578.00000", "2005-06-30": "2369.00000", "2005-03-31": "2266.00000"}, "Operating Income": {"2020-12-31": "1813.00000", "2020-09-30": "1609.00000", "2020-06-30": "1228.00000", "2020-03-31": "1244.00000", "2019-12-31": "1249.00000", "2019-09-30": "1589.00000", "2019-06-30": "1506.00000", "2019-03-31": "1379.00000", "2018-12-31": "1516.00000", "2018-09-30": "1937.00000", "2018-06-30": "1712.00000", "2018-03-31": "1548.00000", "2017-12-31": "1563.00000", "2017-09-30": "1788.00000", "2017-06-30": "1480.00000", "2017-03-31": "1252.00000", "2016-12-31": "1332.00000", "2016-09-30": "1408.00000", "2016-06-30": "1131.00000", "2016-03-31": "984.00000", "2015-12-31": "1190.00000", "2015-09-30": "1164.00000", "2015-06-30": "1010.00000", "2015-03-31": "958.00000", "2014-12-31": "1100.00000", "2014-09-30": "1175.00000", "2014-06-30": "982.00000", "2014-03-31": "690.00000", "2013-12-31": "687.00000", "2013-09-30": "844.00000", "2013-06-30": "906.00000", "2013-03-31": "395.00000", "2012-12-31": "138.00000", "2012-09-30": "840.00000", "2012-06-30": "598.00000", "2012-03-31": "397.00000", "2011-12-31": "365.00000", "2011-09-30": "814.00000", "2011-06-30": "905.00000", "2011-03-31": "908.00000", "2010-12-31": "1230.00000", "2010-09-30": "1227.00000", "2010-06-30": "1107.00000", "2010-03-31": "950.00000", "2009-12-31": "875.00000", "2009-09-30": "763.00000", "2009-06-30": "343.00000", "2009-03-31": "10.00000", "2008-12-31": "51.00000", "2008-09-30": "746.00000", "2008-06-30": "833.00000", "2008-03-31": "807.00000", "2007-12-31": "995.00000", "2007-09-30": "1013.00000", "2007-06-30": "809.00000", "2007-03-31": "680.00000", "2006-12-31": "766.00000", "2006-09-30": "930.00000", "2006-06-30": "953.00000", "2006-03-31": "718.00000", "2005-12-31": "760.00000", "2005-09-30": "761.00000", "2005-06-30": "602.00000", "2005-03-31": "436.00000"}, "Total Non-Operating Income/Expense": {"2020-12-31": "114.00000", "2020-09-30": "-22.00000", "2020-06-30": "51.00000", "2020-03-31": "-20.00000", "2019-12-31": "8.00000", "2019-09-30": "-9.00000", "2019-06-30": "8.00000", "2019-03-31": "-2.00000", "2018-12-31": "-13.00000", "2018-09-30": "-13.00000", "2018-06-30": "-6.00000", "2018-03-31": "5.00000", "2017-12-31": "-13.00000", "2017-09-30": "1.00000", "2017-06-30": "6.00000", "2017-03-31": "3.00000", "2016-12-31": "165.00000", "2016-09-30": "-27.00000", "2016-06-30": "-29.00000", "2016-03-31": "-34.00000", "2015-12-31": "-51.00000", "2015-09-30": "-16.00000", "2015-06-30": "-21.00000", "2015-03-31": "-18.00000", "2014-12-31": "-13.00000", "2014-09-30": "-20.00000", "2014-06-30": "-21.00000", "2014-03-31": "-19.00000", "2013-12-31": "-5.00000", "2013-09-30": "-28.00000", "2013-06-30": "-24.00000", "2013-03-31": "-21.00000", "2012-12-31": "16.00000", "2012-09-30": "3.00000", "2012-06-30": "-22.00000", "2012-03-31": "-35.00000", "2011-12-31": "-17.00000", "2011-09-30": "-34.00000", "2011-06-30": "4.00000", "2011-03-31": "10.00000", "2010-12-31": "18.00000", "2010-09-30": "8.00000", "2010-06-30": "4.00000", "2010-03-31": "7.00000", "2009-12-31": "6.00000", "2009-09-30": "2.00000", "2009-06-30": "13.00000", "2009-03-31": "5.00000", "2008-12-31": "-16.00000", "2008-09-30": "10.00000", "2008-06-30": "17.00000", "2008-03-31": "33.00000", "2007-12-31": "47.00000", "2007-09-30": "53.00000", "2007-06-30": "56.00000", "2007-03-31": "39.00000", "2006-12-31": "69.00000", "2006-09-30": "54.00000", "2006-06-30": "86.00000", "2006-03-31": "49.00000", "2005-12-31": "49.00000", "2005-09-30": "47.00000", "2005-06-30": "54.00000", "2005-03-31": "46.00000"}, "Pre-Tax Income": {"2020-12-31": "1927.00000", "2020-09-30": "1587.00000", "2020-06-30": "1279.00000", "2020-03-31": "1224.00000", "2019-12-31": "1257.00000", "2019-09-30": "1580.00000", "2019-06-30": "1514.00000", "2019-03-31": "1377.00000", "2018-12-31": "1503.00000", "2018-09-30": "1924.00000", "2018-06-30": "1706.00000", "2018-03-31": "1553.00000", "2017-12-31": "1550.00000", "2017-09-30": "1789.00000", "2017-06-30": "1486.00000", "2017-03-31": "1255.00000", "2016-12-31": "1497.00000", "2016-09-30": "1381.00000", "2016-06-30": "1102.00000", "2016-03-31": "950.00000", "2015-12-31": "1139.00000", "2015-09-30": "1148.00000", "2015-06-30": "989.00000", "2015-03-31": "940.00000", "2014-12-31": "1087.00000", "2014-09-30": "1155.00000", "2014-06-30": "961.00000", "2014-03-31": "671.00000", "2013-12-31": "682.00000", "2013-09-30": "816.00000", "2013-06-30": "882.00000", "2013-03-31": "374.00000", "2012-12-31": "154.00000", "2012-09-30": "843.00000", "2012-06-30": "576.00000", "2012-03-31": "362.00000", "2011-12-31": "348.00000", "2011-09-30": "780.00000", "2011-06-30": "909.00000", "2011-03-31": "918.00000", "2010-12-31": "1248.00000", "2010-09-30": "1235.00000", "2010-06-30": "1111.00000", "2010-03-31": "957.00000", "2009-12-31": "881.00000", "2009-09-30": "765.00000", "2009-06-30": "356.00000", "2009-03-31": "15.00000", "2008-12-31": "35.00000", "2008-09-30": "756.00000", "2008-06-30": "850.00000", "2008-03-31": "840.00000", "2007-12-31": "1042.00000", "2007-09-30": "1066.00000", "2007-06-30": "865.00000", "2007-03-31": "719.00000", "2006-12-31": "835.00000", "2006-09-30": "984.00000", "2006-06-30": "1039.00000", "2006-03-31": "767.00000", "2005-12-31": "809.00000", "2005-09-30": "808.00000", "2005-06-30": "656.00000", "2005-03-31": "482.00000"}, "Income Taxes": {"2020-12-31": "239.00000", "2020-09-30": "234.00000", "2020-06-30": "-101.00000", "2020-03-31": "50.00000", "2019-12-31": "187.00000", "2019-09-30": "155.00000", "2019-06-30": "209.00000", "2019-03-31": "160.00000", "2018-12-31": "264.00000", "2018-09-30": "354.00000", "2018-06-30": "301.00000", "2018-03-31": "187.00000", "2017-12-31": "1206.00000", "2017-09-30": "504.00000", "2017-06-30": "430.00000", "2017-03-31": "258.00000", "2016-12-31": "450.00000", "2016-09-30": "363.00000", "2016-06-30": "283.00000", "2016-03-31": "239.00000", "2015-12-31": "303.00000", "2015-09-30": "350.00000", "2015-06-30": "293.00000", "2015-03-31": "284.00000", "2014-12-31": "262.00000", "2014-09-30": "329.00000", "2014-06-30": "278.00000", "2014-03-31": "184.00000", "2013-12-31": "171.00000", "2013-09-30": "187.00000", "2013-06-30": "222.00000", "2013-03-31": "12.00000", "2012-12-31": "-110.00000", "2012-09-30": "59.00000", "2012-06-30": "130.00000", "2012-03-31": "97.00000", "2011-12-31": "51.00000", "2011-09-30": "179.00000", "2011-06-30": "237.00000", "2011-03-31": "252.00000", "2010-12-31": "306.00000", "2010-09-30": "376.00000", "2010-06-30": "342.00000", "2010-03-31": "299.00000", "2009-12-31": "226.00000", "2009-09-30": "227.00000", "2009-06-30": "96.00000", "2009-03-31": "-2.00000", "2008-12-31": "-72.00000", "2008-09-30": "193.00000", "2008-06-30": "262.00000", "2008-03-31": "178.00000", "2007-12-31": "289.00000", "2007-09-30": "308.00000", "2007-06-30": "251.00000", "2007-03-31": "203.00000", "2006-12-31": "164.00000", "2006-09-30": "298.00000", "2006-06-30": "300.00000", "2006-03-31": "225.00000", "2005-12-31": "187.00000", "2005-09-30": "212.00000", "2005-06-30": "72.00000", "2005-03-31": "111.00000"}, "Income After Taxes": {"2020-12-31": "1688.00000", "2020-09-30": "1353.00000", "2020-06-30": "1380.00000", "2020-03-31": "1174.00000", "2019-12-31": "1070.00000", "2019-09-30": "1425.00000", "2019-06-30": "1305.00000", "2019-03-31": "1217.00000", "2018-12-31": "1239.00000", "2018-09-30": "1570.00000", "2018-06-30": "1405.00000", "2018-03-31": "1366.00000", "2017-12-31": "344.00000", "2017-09-30": "1285.00000", "2017-06-30": "1056.00000", "2017-03-31": "997.00000", "2016-12-31": "1047.00000", "2016-09-30": "1018.00000", "2016-06-30": "819.00000", "2016-03-31": "711.00000", "2015-12-31": "836.00000", "2015-09-30": "798.00000", "2015-06-30": "696.00000", "2015-03-31": "656.00000", "2014-12-31": "825.00000", "2014-09-30": "826.00000", "2014-06-30": "683.00000", "2014-03-31": "487.00000", "2013-12-31": "511.00000", "2013-09-30": "629.00000", "2013-06-30": "660.00000", "2013-03-31": "362.00000", "2012-12-31": "264.00000", "2012-09-30": "784.00000", "2012-06-30": "446.00000", "2012-03-31": "265.00000", "2011-12-31": "297.00000", "2011-09-30": "601.00000", "2011-06-30": "672.00000", "2011-03-31": "666.00000", "2010-12-31": "942.00000", "2010-09-30": "859.00000", "2010-06-30": "769.00000", "2010-03-31": "658.00000", "2009-12-31": "655.00000", "2009-09-30": "538.00000", "2009-06-30": "260.00000", "2009-03-31": "17.00000", "2008-12-31": "107.00000", "2008-09-30": "563.00000", "2008-06-30": "588.00000", "2008-03-31": "662.00000", "2007-12-31": "753.00000", "2007-09-30": "758.00000", "2007-06-30": "614.00000", "2007-03-31": "516.00000", "2006-12-31": "671.00000", "2006-09-30": "686.00000", "2006-06-30": "739.00000", "2006-03-31": "542.00000", "2005-12-31": "622.00000", "2005-09-30": "596.00000", "2005-06-30": "584.00000", "2005-03-31": "371.00000"}, "Other Income": {"2020-12-31": "", "2020-09-30": "", "2020-06-30": "", "2020-03-31": "", "2019-12-31": "", "2019-09-30": "", "2019-06-30": "", "2019-03-31": "", "2018-12-31": "", "2018-09-30": "", "2018-06-30": "", "2018-03-31": "", "2017-12-31": "", "2017-09-30": "", "2017-06-30": "", "2017-03-31": "", "2016-12-31": "", "2016-09-30": "", "2016-06-30": "", "2016-03-31": "", "2015-12-31": "", "2015-09-30": "", "2015-06-30": "", "2015-03-31": "", "2014-12-31": "", "2014-09-30": "", "2014-06-30": "", "2014-03-31": "", "2013-12-31": "", "2013-09-30": "", "2013-06-30": "", "2013-03-31": "", "2012-12-31": "", "2012-09-30": "", "2012-06-30": "", "2012-03-31": "", "2011-12-31": "", "2011-09-30": "", "2011-06-30": "", "2011-03-31": "", "2010-12-31": "", "2010-09-30": "", "2010-06-30": "", "2010-03-31": "", "2009-12-31": "", "2009-09-30": "", "2009-06-30": "", "2009-03-31": "", "2008-12-31": "", "2008-09-30": "", "2008-06-30": "", "2008-03-31": "", "2007-12-31": "", "2007-09-30": "", "2007-06-30": "", "2007-03-31": "", "2006-12-31": "", "2006-09-30": "", "2006-06-30": "", "2006-03-31": "", "2005-12-31": "", "2005-09-30": "", "2005-06-30": "", "2005-03-31": ""}, "Income From Continuous Operations": {"2020-12-31": "1688.00000", "2020-09-30": "1353.00000", "2020-06-30": "1380.00000", "2020-03-31": "1174.00000", "2019-12-31": "1070.00000", "2019-09-30": "1425.00000", "2019-06-30": "1305.00000", "2019-03-31": "1217.00000", "2018-12-31": "1239.00000", "2018-09-30": "1570.00000", "2018-06-30": "1405.00000", "2018-03-31": "1366.00000", "2017-12-31": "344.00000", "2017-09-30": "1285.00000", "2017-06-30": "1056.00000", "2017-03-31": "997.00000", "2016-12-31": "1047.00000", "2016-09-30": "1018.00000", "2016-06-30": "819.00000", "2016-03-31": "711.00000", "2015-12-31": "836.00000", "2015-09-30": "798.00000", "2015-06-30": "696.00000", "2015-03-31": "656.00000", "2014-12-31": "825.00000", "2014-09-30": "826.00000", "2014-06-30": "683.00000", "2014-03-31": "487.00000", "2013-12-31": "511.00000", "2013-09-30": "629.00000", "2013-06-30": "660.00000", "2013-03-31": "362.00000", "2012-12-31": "264.00000", "2012-09-30": "784.00000", "2012-06-30": "446.00000", "2012-03-31": "265.00000", "2011-12-31": "297.00000", "2011-09-30": "601.00000", "2011-06-30": "672.00000", "2011-03-31": "666.00000", "2010-12-31": "942.00000", "2010-09-30": "859.00000", "2010-06-30": "769.00000", "2010-03-31": "658.00000", "2009-12-31": "655.00000", "2009-09-30": "538.00000", "2009-06-30": "260.00000", "2009-03-31": "17.00000", "2008-12-31": "107.00000", "2008-09-30": "563.00000", "2008-06-30": "588.00000", "2008-03-31": "662.00000", "2007-12-31": "753.00000", "2007-09-30": "758.00000", "2007-06-30": "614.00000", "2007-03-31": "516.00000", "2006-12-31": "671.00000", "2006-09-30": "686.00000", "2006-06-30": "739.00000", "2006-03-31": "542.00000", "2005-12-31": "622.00000", "2005-09-30": "596.00000", "2005-06-30": "584.00000", "2005-03-31": "371.00000"}, "Income From Discontinued Operations": {"2020-12-31": "", "2020-09-30": "", "2020-06-30": "", "2020-03-31": "", "2019-12-31": "", "2019-09-30": "", "2019-06-30": "", "2019-03-31": "", "2018-12-31": "", "2018-09-30": "", "2018-06-30": "", "2018-03-31": "", "2017-12-31": "", "2017-09-30": "", "2017-06-30": "", "2017-03-31": "", "2016-12-31": "", "2016-09-30": "", "2016-06-30": "", "2016-03-31": "", "2015-12-31": "", "2015-09-30": "", "2015-06-30": "", "2015-03-31": "", "2014-12-31": "", "2014-09-30": "", "2014-06-30": "", "2014-03-31": "", "2013-12-31": "", "2013-09-30": "", "2013-06-30": "", "2013-03-31": "", "2012-12-31": "", "2012-09-30": "", "2012-06-30": "", "2012-03-31": "", "2011-12-31": "", "2011-09-30": "", "2011-06-30": "", "2011-03-31": "", "2010-12-31": "", "2010-09-30": "", "2010-06-30": "", "2010-03-31": "", "2009-12-31": "", "2009-09-30": "", "2009-06-30": "", "2009-03-31": "", "2008-12-31": "", "2008-09-30": "", "2008-06-30": "", "2008-03-31": "", "2007-12-31": "2.00000", "2007-09-30": "18.00000", "2007-06-30": "-4.00000", "2007-03-31": "", "2006-12-31": "-4.00000", "2006-09-30": "16.00000", "2006-06-30": "1648.00000", "2006-03-31": "43.00000", "2005-12-31": "32.00000", "2005-09-30": "35.00000", "2005-06-30": "44.00000", "2005-03-31": "40.00000"}, "Net Income": {"2020-12-31": "1694.00000", "2020-09-30": "1353.00000", "2020-06-30": "1380.00000", "2020-03-31": "1168.00000", "2019-12-31": "1078.00000", "2019-09-30": "1425.00000", "2019-06-30": "1305.00000", "2019-03-31": "1209.00000", "2018-12-31": "1239.00000", "2018-09-30": "1570.00000", "2018-06-30": "1405.00000", "2018-03-31": "1366.00000", "2017-12-31": "310.00000", "2017-09-30": "1285.00000", "2017-06-30": "1056.00000", "2017-03-31": "997.00000", "2016-12-31": "1047.00000", "2016-09-30": "1018.00000", "2016-06-30": "819.00000", "2016-03-31": "711.00000", "2015-12-31": "836.00000", "2015-09-30": "798.00000", "2015-06-30": "696.00000", "2015-03-31": "656.00000", "2014-12-31": "811.00000", "2014-09-30": "813.00000", "2014-06-30": "673.00000", "2014-03-31": "480.00000", "2013-12-31": "503.00000", "2013-09-30": "618.00000", "2013-06-30": "649.00000", "2013-03-31": "355.00000", "2012-12-31": "260.00000", "2012-09-30": "769.00000", "2012-06-30": "438.00000", "2012-03-31": "261.00000", "2011-12-31": "293.00000", "2011-09-30": "591.00000", "2011-06-30": "661.00000", "2011-03-31": "656.00000", "2010-12-31": "922.00000", "2010-09-30": "846.00000", "2010-06-30": "758.00000", "2010-03-31": "658.00000", "2009-12-31": "641.00000", "2009-09-30": "538.00000", "2009-06-30": "260.00000", "2009-03-31": "17.00000", "2008-12-31": "107.00000", "2008-09-30": "563.00000", "2008-06-30": "588.00000", "2008-03-31": "662.00000", "2007-12-31": "755.00000", "2007-09-30": "776.00000", "2007-06-30": "610.00000", "2007-03-31": "516.00000", "2006-12-31": "667.00000", "2006-09-30": "702.00000", "2006-06-30": "2387.00000", "2006-03-31": "585.00000", "2005-12-31": "654.00000", "2005-09-30": "631.00000", "2005-06-30": "628.00000", "2005-03-31": "411.00000"}, "EBITDA": {"2020-12-31": "2056.00000", "2020-09-30": "1859.00000", "2020-06-30": "1477.00000", "2020-03-31": "1494.00000", "2019-12-31": "1499.00000", "2019-09-30": "1864.00000", "2019-06-30": "1773.00000", "2019-03-31": "1637.00000", "2018-12-31": "1765.00000", "2018-09-30": "2180.00000", "2018-06-30": "1945.00000", "2018-03-31": "1777.00000", "2017-12-31": "1787.00000", "2017-09-30": "2013.00000", "2017-06-30": "1705.00000", "2017-03-31": "1482.00000", "2016-12-31": "1559.00000", "2016-09-30": "1645.00000", "2016-06-30": "1373.00000", "2016-03-31": "1233.00000", "2015-12-31": "1451.00000", "2015-09-30": "1449.00000", "2015-06-30": "1301.00000", "2015-03-31": "1254.00000", "2014-12-31": "1405.00000", "2014-09-30": "1483.00000", "2014-06-30": "1289.00000", "2014-03-31": "1000.00000", "2013-12-31": "1000.00000", "2013-09-30": "1162.00000", "2013-06-30": "1227.00000", "2013-03-31": "740.00000", "2012-12-31": "557.00000", "2012-09-30": "1167.00000", "2012-06-30": "924.00000", "2012-03-31": "726.00000", "2011-12-31": "790.00000", "2011-09-30": "1040.00000", "2011-06-30": "1131.00000", "2011-03-31": "1139.00000", "2010-12-31": "1468.00000", "2010-09-30": "1451.00000", "2010-06-30": "1334.00000", "2010-03-31": "1174.00000", "2009-12-31": "1098.00000", "2009-09-30": "992.00000", "2009-06-30": "576.00000", "2009-03-31": "250.00000", "2008-12-31": "344.00000", "2008-09-30": "1006.00000", "2008-06-30": "1088.00000", "2008-03-31": "1058.00000", "2007-12-31": "1257.00000", "2007-09-30": "1285.00000", "2007-06-30": "1079.00000", "2007-03-31": "946.00000", "2006-12-31": "943.00000", "2006-09-30": "1237.00000", "2006-06-30": "1264.00000", "2006-03-31": "1034.00000", "2005-12-31": "1016.00000", "2005-09-30": "1138.00000", "2005-06-30": "985.00000", "2005-03-31": "821.00000"}, "EBIT": {"2020-12-31": "1813.00000", "2020-09-30": "1609.00000", "2020-06-30": "1228.00000", "2020-03-31": "1244.00000", "2019-12-31": "1249.00000", "2019-09-30": "1589.00000", "2019-06-30": "1506.00000", "2019-03-31": "1379.00000", "2018-12-31": "1516.00000", "2018-09-30": "1937.00000", "2018-06-30": "1712.00000", "2018-03-31": "1548.00000", "2017-12-31": "1563.00000", "2017-09-30": "1788.00000", "2017-06-30": "1480.00000", "2017-03-31": "1252.00000", "2016-12-31": "1332.00000", "2016-09-30": "1408.00000", "2016-06-30": "1131.00000", "2016-03-31": "984.00000", "2015-12-31": "1190.00000", "2015-09-30": "1164.00000", "2015-06-30": "1010.00000", "2015-03-31": "958.00000", "2014-12-31": "1100.00000", "2014-09-30": "1175.00000", "2014-06-30": "982.00000", "2014-03-31": "690.00000", "2013-12-31": "687.00000", "2013-09-30": "844.00000", "2013-06-30": "906.00000", "2013-03-31": "395.00000", "2012-12-31": "138.00000", "2012-09-30": "840.00000", "2012-06-30": "598.00000", "2012-03-31": "397.00000", "2011-12-31": "365.00000", "2011-09-30": "814.00000", "2011-06-30": "905.00000", "2011-03-31": "908.00000", "2010-12-31": "1230.00000", "2010-09-30": "1227.00000", "2010-06-30": "1107.00000", "2010-03-31": "950.00000", "2009-12-31": "875.00000", "2009-09-30": "763.00000", "2009-06-30": "343.00000", "2009-03-31": "10.00000", "2008-12-31": "51.00000", "2008-09-30": "746.00000", "2008-06-30": "833.00000", "2008-03-31": "807.00000", "2007-12-31": "995.00000", "2007-09-30": "1013.00000", "2007-06-30": "809.00000", "2007-03-31": "680.00000", "2006-12-31": "766.00000", "2006-09-30": "930.00000", "2006-06-30": "953.00000", "2006-03-31": "718.00000", "2005-12-31": "760.00000", "2005-09-30": "761.00000", "2005-06-30": "602.00000", "2005-03-31": "436.00000"}, "Basic Shares Outstanding": {"2020-12-31": "921.00000", "2020-09-30": "917.00000", "2020-06-30": "916.00000", "2020-03-31": "931.00000", "2019-12-31": "936.00000", "2019-09-30": "935.00000", "2019-06-30": "937.00000", "2019-03-31": "939.00000", "2018-12-31": "970.00000", "2018-09-30": "969.00000", "2018-06-30": "977.00000", "2018-03-31": "983.00000", "2017-12-31": "991.00000", "2017-09-30": "988.00000", "2017-06-30": "994.00000", "2017-03-31": "998.00000", "2016-12-31": "1003.00000", "2016-09-30": "1003.00000", "2016-06-30": "1004.00000", "2016-03-31": "1007.00000", "2015-12-31": "1030.00000", "2015-09-30": "1023.00000", "2015-06-30": "1038.00000", "2015-03-31": "1046.00000", "2014-12-31": "1065.00000", "2014-09-30": "1060.00000", "2014-06-30": "1071.00000", "2014-03-31": "1081.00000", "2013-12-31": "1098.00000", "2013-09-30": "1096.00000", "2013-06-30": "1103.00000", "2013-03-31": "1107.00000", "2012-12-31": "1132.00000", "2012-09-30": "1130.00000", "2012-06-30": "1140.00000", "2012-03-31": "1143.00000", "2011-12-31": "1151.00000", "2011-09-30": "1144.00000", "2011-06-30": "1156.00000", "2011-03-31": "1167.00000", "2010-12-31": "1199.00000", "2010-09-30": "1184.00000", "2010-06-30": "1208.00000", "2010-03-31": "1233.00000", "2009-12-31": "1260.00000", "2009-09-30": "1255.00000", "2009-06-30": "1267.00000", "2009-03-31": "1275.00000", "2008-12-31": "1308.00000", "2008-09-30": "1304.00000", "2008-06-30": "1320.00000", "2008-03-31": "1327.00000", "2007-12-31": "1417.00000", "2007-09-30": "1417.00000", "2007-06-30": "1437.00000", "2007-03-31": "1442.00000", "2006-12-31": "1528.00000", "2006-09-30": "1506.00000", "2006-06-30": "1553.00000", "2006-03-31": "1585.00000", "2005-12-31": "1640.00000", "2005-09-30": "1624.00000", "2005-06-30": "1633.00000", "2005-03-31": "1701.00000"}, "Shares Outstanding": {"2020-12-31": "933.00000", "2020-09-30": "929.00000", "2020-06-30": "927.00000", "2020-03-31": "943.00000", "2019-12-31": "952.00000", "2019-09-30": "950.00000", "2019-06-30": "953.00000", "2019-03-31": "956.00000", "2018-12-31": "990.00000", "2018-09-30": "989.00000", "2018-06-30": "997.00000", "2018-03-31": "1005.00000", "2017-12-31": "1012.00000", "2017-09-30": "1008.00000", "2017-06-30": "1015.00000", "2017-03-31": "1019.00000", "2016-12-31": "1021.00000", "2016-09-30": "1023.00000", "2016-06-30": "1020.00000", "2016-03-31": "1022.00000", "2015-12-31": "1043.00000", "2015-09-30": "1035.00000", "2015-06-30": "1051.00000", "2015-03-31": "1061.00000", "2014-12-31": "1080.00000", "2014-09-30": "1074.00000", "2014-06-30": "1086.00000", "2014-03-31": "1096.00000", "2013-12-31": "1113.00000", "2013-09-30": "1111.00000", "2013-06-30": "1117.00000", "2013-03-31": "1123.00000", "2012-12-31": "1146.00000", "2012-09-30": "1141.00000", "2012-06-30": "1154.00000", "2012-03-31": "1165.00000", "2011-12-31": "1171.00000", "2011-09-30": "1157.00000", "2011-06-30": "1180.00000", "2011-03-31": "1194.00000", "2010-12-31": "1213.00000", "2010-09-30": "1196.00000", "2010-06-30": "1221.00000", "2010-03-31": "1246.00000", "2009-12-31": "1269.00000", "2009-09-30": "1268.00000", "2009-06-30": "1272.00000", "2009-03-31": "1277.00000", "2008-12-31": "1321.00000", "2008-09-30": "1315.00000", "2008-06-30": "1338.00000", "2008-03-31": "1345.00000", "2007-12-31": "1444.00000", "2007-09-30": "1448.00000", "2007-06-30": "1469.00000", "2007-03-31": "1470.00000", "2006-12-31": "1560.00000", "2006-09-30": "1537.00000", "2006-06-30": "1586.00000", "2006-03-31": "1618.00000", "2005-12-31": "1671.00000", "2005-09-30": "1663.00000", "2005-06-30": "1669.00000", "2005-03-31": "1735.00000"}, "Basic EPS": {"2020-12-31": "1.83000", "2020-09-30": "1.47000", "2020-06-30": "1.50000", "2020-03-31": "1.25000", "2019-12-31": "1.15000", "2019-09-30": "1.51000", "2019-06-30": "1.38000", "2019-03-31": "1.29000", "2018-12-31": "1.29000", "2018-09-30": "1.61000", "2018-06-30": "1.43000", "2018-03-31": "1.38000", "2017-12-31": "0.35000", "2017-09-30": "1.29000", "2017-06-30": "1.05000", "2017-03-31": "0.99000", "2016-12-31": "1.03000", "2016-09-30": "1.00000", "2016-06-30": "0.81000", "2016-03-31": "0.70000", "2015-12-31": "0.81000", "2015-09-30": "0.77000", "2015-06-30": "0.66000", "2015-03-31": "0.62000", "2014-12-31": "0.77000", "2014-09-30": "0.77000", "2014-06-30": "0.63000", "2014-03-31": "0.44000", "2013-12-31": "0.47000", "2013-09-30": "0.56000", "2013-06-30": "0.59000", "2013-03-31": "0.32000", "2012-12-31": "0.24000", "2012-09-30": "0.68000", "2012-06-30": "0.38000", "2012-03-31": "0.23000", "2011-12-31": "0.26000", "2011-09-30": "0.52000", "2011-06-30": "0.57000", "2011-03-31": "0.56000", "2010-12-31": "0.79000", "2010-09-30": "0.71000", "2010-06-30": "0.63000", "2010-03-31": "0.53000", "2009-12-31": "0.53000", "2009-09-30": "0.42000", "2009-06-30": "0.20000", "2009-03-31": "0.01000", "2008-12-31": "0.09000", "2008-09-30": "0.43000", "2008-06-30": "0.44000", "2008-03-31": "0.50000", "2007-12-31": "0.54000", "2007-09-30": "0.55000", "2007-06-30": "0.42000", "2007-03-31": "0.36000", "2006-12-31": "0.46000", "2006-09-30": "0.47000", "2006-06-30": "1.54000", "2006-03-31": "0.37000", "2005-12-31": "0.41000", "2005-09-30": "0.39000", "2005-06-30": "0.38000", "2005-03-31": "0.24000"}, "EPS - Earnings Per Share": {"2020-12-31": "1.80000", "2020-09-30": "1.45000", "2020-06-30": "1.48000", "2020-03-31": "1.24000", "2019-12-31": "1.13000", "2019-09-30": "1.49000", "2019-06-30": "1.36000", "2019-03-31": "1.26000", "2018-12-31": "1.26000", "2018-09-30": "1.58000", "2018-06-30": "1.40000", "2018-03-31": "1.35000", "2017-12-31": "0.35000", "2017-09-30": "1.26000", "2017-06-30": "1.03000", "2017-03-31": "0.97000", "2016-12-31": "1.02000", "2016-09-30": "0.98000", "2016-06-30": "0.79000", "2016-03-31": "0.69000", "2015-12-31": "0.80000", "2015-09-30": "0.76000", "2015-06-30": "0.65000", "2015-03-31": "0.61000", "2014-12-31": "0.75000", "2014-09-30": "0.76000", "2014-06-30": "0.62000", "2014-03-31": "0.44000", "2013-12-31": "0.45000", "2013-09-30": "0.56000", "2013-06-30": "0.58000", "2013-03-31": "0.32000", "2012-12-31": "0.24000", "2012-09-30": "0.67000", "2012-06-30": "0.38000", "2012-03-31": "0.22000", "2011-12-31": "0.26000", "2011-09-30": "0.51000", "2011-06-30": "0.56000", "2011-03-31": "0.55000", "2010-12-31": "0.77000", "2010-09-30": "0.71000", "2010-06-30": "0.62000", "2010-03-31": "0.52000", "2009-12-31": "0.52000", "2009-09-30": "0.42000", "2009-06-30": "0.20000", "2009-03-31": "0.01000", "2008-12-31": "0.08000", "2008-09-30": "0.43000", "2008-06-30": "0.44000", "2008-03-31": "0.49000", "2007-12-31": "0.52000", "2007-09-30": "0.54000", "2007-06-30": "0.42000", "2007-03-31": "0.35000", "2006-12-31": "0.46000", "2006-09-30": "0.46000", "2006-06-30": "1.50000", "2006-03-31": "0.36000", "2005-12-31": "0.39000", "2005-09-30": "0.38000", "2005-06-30": "0.38000", "2005-03-31": "0.24000"}}, "balance sheet": {"Cash On Hand": {"2020-12-31": "6568.00000", "2019-12-31": "5387.00000", "2018-12-31": "4233.00000", "2017-12-31": "4469.00000", "2016-12-31": "3490.00000", "2015-12-31": "3218.00000", "2014-12-31": "3541.00000", "2013-12-31": "3829.00000", "2012-12-31": "3965.00000", "2011-12-31": "2935.00000", "2010-12-31": "3072.00000", "2009-12-31": "2925.00000", "2008-12-31": "2540.00000", "2007-12-31": "2924.00000", "2006-12-31": "3717.00000", "2005-12-31": "5330.00000"}, "Receivables": {"2020-12-31": "1414.00000", "2019-12-31": "1074.00000", "2018-12-31": "1207.00000", "2017-12-31": "1278.00000", "2016-12-31": "1267.00000", "2015-12-31": "1165.00000", "2014-12-31": "1246.00000", "2013-12-31": "1203.00000", "2012-12-31": "1230.00000", "2011-12-31": "1545.00000", "2010-12-31": "1518.00000", "2009-12-31": "1277.00000", "2008-12-31": "913.00000", "2007-12-31": "1742.00000", "2006-12-31": "1774.00000", "2005-12-31": "1648.00000"}, "Inventory": {"2020-12-31": "1955.00000", "2019-12-31": "2001.00000", "2018-12-31": "2217.00000", "2017-12-31": "1957.00000", "2016-12-31": "1790.00000", "2015-12-31": "1691.00000", "2014-12-31": "1784.00000", "2013-12-31": "1731.00000", "2012-12-31": "1757.00000", "2011-12-31": "1788.00000", "2010-12-31": "1520.00000", "2009-12-31": "1202.00000", "2008-12-31": "1375.00000", "2007-12-31": "1418.00000", "2006-12-31": "1437.00000", "2005-12-31": "1185.00000"}, "Pre-Paid Expenses": {"2020-12-31": "302.00000", "2019-12-31": "299.00000", "2018-12-31": "440.00000", "2017-12-31": "1030.00000", "2016-12-31": "910.00000", "2015-12-31": "1000.00000", "2014-12-31": "850.00000", "2013-12-31": "863.00000", "2012-12-31": "805.00000", "2011-12-31": "386.00000", "2010-12-31": "180.00000", "2009-12-31": "164.00000", "2008-12-31": "267.00000", "2007-12-31": "180.00000", "2006-12-31": "185.00000", "2005-12-31": "135.00000"}, "Other Current Assets": {"2020-12-31": "", "2019-12-31": "", "2018-12-31": "", "2017-12-31": "", "2016-12-31": "", "2015-12-31": "", "2014-12-31": "", "2013-12-31": "", "2012-12-31": "", "2011-12-31": "", "2010-12-31": "", "2009-12-31": "", "2008-12-31": "", "2007-12-31": "", "2006-12-31": "", "2005-12-31": ""}, "Total Current Assets": {"2020-12-31": "10239.00000", "2019-12-31": "8761.00000", "2018-12-31": "8097.00000", "2017-12-31": "8734.00000", "2016-12-31": "7457.00000", "2015-12-31": "7074.00000", "2014-12-31": "7421.00000", "2013-12-31": "8019.00000", "2012-12-31": "8230.00000", "2011-12-31": "7828.00000", "2010-12-31": "7060.00000", "2009-12-31": "6114.00000", "2008-12-31": "5790.00000", "2007-12-31": "6918.00000", "2006-12-31": "7854.00000", "2005-12-31": "9412.00000"}, "Property, Plant, And Equipment": {"2020-12-31": "3269.00000", "2019-12-31": "3303.00000", "2018-12-31": "3183.00000", "2017-12-31": "2664.00000", "2016-12-31": "2512.00000", "2015-12-31": "2596.00000", "2014-12-31": "2840.00000", "2013-12-31": "3399.00000", "2012-12-31": "3912.00000", "2011-12-31": "4428.00000", "2010-12-31": "3680.00000", "2009-12-31": "3158.00000", "2008-12-31": "3304.00000", "2007-12-31": "3609.00000", "2006-12-31": "3950.00000", "2005-12-31": "3730.00000"}, "Long-Term Investments": {"2020-12-31": "49.00000", "2019-12-31": "300.00000", "2018-12-31": "251.00000", "2017-12-31": "268.00000", "2016-12-31": "235.00000", "2015-12-31": "221.00000", "2014-12-31": "224.00000", "2013-12-31": "216.00000", "2012-12-31": "215.00000", "2011-12-31": "265.00000", "2010-12-31": "453.00000", "2009-12-31": "637.00000", "2008-12-31": "653.00000", "2007-12-31": "267.00000", "2006-12-31": "287.00000", "2005-12-31": "236.00000"}, "Goodwill And Intangible Assets": {"2020-12-31": "4514.00000", "2019-12-31": "4702.00000", "2018-12-31": "4990.00000", "2017-12-31": "5308.00000", "2016-12-31": "5626.00000", "2015-12-31": "5945.00000", "2014-12-31": "6264.00000", "2013-12-31": "6585.00000", "2012-12-31": "6920.00000", "2011-12-31": "7352.00000", "2010-12-31": "1000.00000", "2009-12-31": "1050.00000", "2008-12-31": "931.00000", "2007-12-31": "953.00000", "2006-12-31": "910.00000", "2005-12-31": "737.00000"}, "Other Long-Term Assets": {"2020-12-31": "569.00000", "2019-12-31": "468.00000", "2018-12-31": "140.00000", "2017-12-31": "86.00000", "2016-12-31": "79.00000", "2015-12-31": "62.00000", "2014-12-31": "233.00000", "2013-12-31": "264.00000", "2012-12-31": "254.00000", "2011-12-31": "57.00000", "2010-12-31": "45.00000", "2009-12-31": "51.00000", "2008-12-31": "56.00000", "2007-12-31": "78.00000", "2006-12-31": "82.00000", "2005-12-31": "113.00000"}, "Total Long-Term Assets": {"2020-12-31": "9112.00000", "2019-12-31": "9257.00000", "2018-12-31": "9040.00000", "2017-12-31": "8908.00000", "2016-12-31": "8974.00000", "2015-12-31": "9156.00000", "2014-12-31": "9951.00000", "2013-12-31": "10919.00000", "2012-12-31": "11791.00000", "2011-12-31": "12669.00000", "2010-12-31": "6341.00000", "2009-12-31": "6005.00000", "2008-12-31": "6133.00000", "2007-12-31": "5749.00000", "2006-12-31": "6076.00000", "2005-12-31": "5651.00000"}, "Total Assets": {"2020-12-31": "19351.00000", "2019-12-31": "18018.00000", "2018-12-31": "17137.00000", "2017-12-31": "17642.00000", "2016-12-31": "16431.00000", "2015-12-31": "16230.00000", "2014-12-31": "17372.00000", "2013-12-31": "18938.00000", "2012-12-31": "20021.00000", "2011-12-31": "20497.00000", "2010-12-31": "13401.00000", "2009-12-31": "12119.00000", "2008-12-31": "11923.00000", "2007-12-31": "12667.00000", "2006-12-31": "13930.00000", "2005-12-31": "15063.00000"}, "Total Current Liabilities": {"2020-12-31": "2390.00000", "2019-12-31": "2123.00000", "2018-12-31": "2474.00000", "2017-12-31": "2258.00000", "2016-12-31": "2264.00000", "2015-12-31": "2555.00000", "2014-12-31": "2658.00000", "2013-12-31": "2747.00000", "2012-12-31": "3430.00000", "2011-12-31": "3499.00000", "2010-12-31": "1981.00000", "2009-12-31": "1587.00000", "2008-12-31": "1532.00000", "2007-12-31": "2025.00000", "2006-12-31": "2078.00000", "2005-12-31": "2377.00000"}, "Long Term Debt": {"2020-12-31": "6248.00000", "2019-12-31": "5303.00000", "2018-12-31": "4319.00000", "2017-12-31": "3577.00000", "2016-12-31": "2978.00000", "2015-12-31": "3120.00000", "2014-12-31": "3630.00000", "2013-12-31": "4158.00000", "2012-12-31": "4186.00000", "2011-12-31": "4211.00000", "2010-12-31": "", "2009-12-31": "", "2008-12-31": "", "2007-12-31": "", "2006-12-31": "", "2005-12-31": "329.00000"}, "Other Non-Current Liabilities": {"2020-12-31": "1305.00000", "2019-12-31": "1514.00000", "2018-12-31": "1190.00000", "2017-12-31": "1303.00000", "2016-12-31": "", "2015-12-31": "", "2014-12-31": "", "2013-12-31": "", "2012-12-31": "", "2011-12-31": "", "2010-12-31": "", "2009-12-31": "", "2008-12-31": "", "2007-12-31": "", "2006-12-31": "", "2005-12-31": ""}, "Total Long Term Liabilities": {"2020-12-31": "7774.00000", "2019-12-31": "6988.00000", "2018-12-31": "5669.00000", "2017-12-31": "5047.00000", "2016-12-31": "3694.00000", "2015-12-31": "3729.00000", "2014-12-31": "4324.00000", "2013-12-31": "5384.00000", "2012-12-31": "5630.00000", "2011-12-31": "6046.00000", "2010-12-31": "983.00000", "2009-12-31": "810.00000", "2008-12-31": "1065.00000", "2007-12-31": "667.00000", "2006-12-31": "492.00000", "2005-12-31": "749.00000"}, "Total Liabilities": {"2020-12-31": "10164.00000", "2019-12-31": "9111.00000", "2018-12-31": "8143.00000", "2017-12-31": "7305.00000", "2016-12-31": "5958.00000", "2015-12-31": "6284.00000", "2014-12-31": "6982.00000", "2013-12-31": "8131.00000", "2012-12-31": "9060.00000", "2011-12-31": "9545.00000", "2010-12-31": "2964.00000", "2009-12-31": "2397.00000", "2008-12-31": "2597.00000", "2007-12-31": "2692.00000", "2006-12-31": "2570.00000", "2005-12-31": "3126.00000"}, "Common Stock Net": {"2020-12-31": "1741.00000", "2019-12-31": "1741.00000", "2018-12-31": "1741.00000", "2017-12-31": "1741.00000", "2016-12-31": "1741.00000", "2015-12-31": "1741.00000", "2014-12-31": "1741.00000", "2013-12-31": "1741.00000", "2012-12-31": "1741.00000", "2011-12-31": "1741.00000", "2010-12-31": "1740.00000", "2009-12-31": "1740.00000", "2008-12-31": "1740.00000", "2007-12-31": "1740.00000", "2006-12-31": "1739.00000", "2005-12-31": "1739.00000"}, "Retained Earnings (Accumulated Deficit)": {"2020-12-31": "42051.00000", "2019-12-31": "39898.00000", "2018-12-31": "37906.00000", "2017-12-31": "34662.00000", "2016-12-31": "33107.00000", "2015-12-31": "31176.00000", "2014-12-31": "29653.00000", "2013-12-31": "28173.00000", "2012-12-31": "27205.00000", "2011-12-31": "26278.00000", "2010-12-31": "24695.00000", "2009-12-31": "22066.00000", "2008-12-31": "21168.00000", "2007-12-31": "19788.00000", "2006-12-31": "17529.00000", "2005-12-31": "13394.00000"}, "Comprehensive Income": {"2020-12-31": "-360.00000", "2019-12-31": "-347.00000", "2018-12-31": "-473.00000", "2017-12-31": "-384.00000", "2016-12-31": "-526.00000", "2015-12-31": "-532.00000", "2014-12-31": "-532.00000", "2013-12-31": "-528.00000", "2012-12-31": "-699.00000", "2011-12-31": "-776.00000", "2010-12-31": "-701.00000", "2009-12-31": "-621.00000", "2008-12-31": "-790.00000", "2007-12-31": "-324.00000", "2006-12-31": "-363.00000", "2005-12-31": "-81.00000"}, "Other Share Holders Equity": {"2020-12-31": "", "2019-12-31": "", "2018-12-31": "", "2017-12-31": "", "2016-12-31": "", "2015-12-31": "", "2014-12-31": "", "2013-12-31": "", "2012-12-31": "", "2011-12-31": "", "2010-12-31": "", "2009-12-31": "", "2008-12-31": "", "2007-12-31": "", "2006-12-31": "", "2005-12-31": ""}, "Share Holder Equity": {"2020-12-31": "9187.00000", "2019-12-31": "8907.00000", "2018-12-31": "8994.00000", "2017-12-31": "10337.00000", "2016-12-31": "10473.00000", "2015-12-31": "9946.00000", "2014-12-31": "10390.00000", "2013-12-31": "10807.00000", "2012-12-31": "10961.00000", "2011-12-31": "10952.00000", "2010-12-31": "10437.00000", "2009-12-31": "9722.00000", "2008-12-31": "9326.00000", "2007-12-31": "9975.00000", "2006-12-31": "11360.00000", "2005-12-31": "11937.00000"}, "Total Liabilities And Share Holders Equity": {"2020-12-31": "19351.00000", "2019-12-31": "18018.00000", "2018-12-31": "17137.00000", "2017-12-31": "17642.00000", "2016-12-31": "16431.00000", "2015-12-31": "16230.00000", "2014-12-31": "17372.00000", "2013-12-31": "18938.00000", "2012-12-31": "20021.00000", "2011-12-31": "20497.00000", "2010-12-31": "13401.00000", "2009-12-31": "12119.00000", "2008-12-31": "11923.00000", "2007-12-31": "12667.00000", "2006-12-31": "13930.00000", "2005-12-31": "15063.00000"}}, "balance sheet, quarterly": {"Cash On Hand": {"2020-12-31": "6568.00000", "2020-09-30": "5518.00000", "2020-06-30": "4960.00000", "2020-03-31": "4742.00000", "2019-12-31": "5387.00000", "2019-09-30": "5067.00000", "2019-06-30": "4218.00000", "2019-03-31": "4086.00000", "2018-12-31": "4233.00000", "2018-09-30": "5113.00000", "2018-06-30": "5130.00000", "2018-03-31": "4079.00000", "2017-12-31": "4469.00000", "2017-09-30": "3444.00000", "2017-06-30": "2984.00000", "2017-03-31": "3049.00000", "2016-12-31": "3490.00000", "2016-09-30": "3137.00000", "2016-06-30": "2539.00000", "2016-03-31": "2800.00000", "2015-12-31": "3218.00000", "2015-09-30": "2735.00000", "2015-06-30": "3306.00000", "2015-03-31": "3304.00000", "2014-12-31": "3541.00000", "2014-09-30": "3186.00000", "2014-06-30": "2804.00000", "2014-03-31": "4032.00000", "2013-12-31": "3829.00000", "2013-09-30": "3593.00000", "2013-06-30": "3244.00000", "2013-03-31": "3862.00000", "2012-12-31": "3965.00000", "2012-09-30": "3661.00000", "2012-06-30": "2333.00000", "2012-03-31": "2765.00000", "2011-12-31": "2935.00000", "2011-09-30": "2618.00000", "2011-06-30": "6400.00000", "2011-03-31": "2857.00000", "2010-12-31": "3072.00000", "2010-09-30": "2510.00000", "2010-06-30": "2305.00000", "2010-03-31": "2791.00000", "2009-12-31": "2925.00000", "2009-09-30": "2827.00000", "2009-06-30": "2557.00000", "2009-03-31": "2426.00000", "2008-12-31": "2540.00000", "2008-09-30": "1993.00000", "2008-06-30": "1648.00000", "2008-03-31": "1876.00000", "2007-12-31": "2924.00000", "2007-09-30": "3669.00000", "2007-06-30": "3581.00000", "2007-03-31": "3336.00000", "2006-12-31": "3717.00000", "2006-09-30": "4184.00000", "2006-06-30": "5670.00000", "2006-03-31": "3664.00000", "2005-12-31": "5330.00000", "2005-09-30": "5251.00000", "2005-06-30": "4478.00000", "2005-03-31": "5140.00000"}, "Receivables": {"2020-12-31": "1414.00000", "2020-09-30": "1392.00000", "2020-06-30": "1176.00000", "2020-03-31": "1316.00000", "2019-12-31": "1074.00000", "2019-09-30": "1342.00000", "2019-06-30": "1419.00000", "2019-03-31": "1440.00000", "2018-12-31": "1207.00000", "2018-09-30": "1585.00000", "2018-06-30": "1551.00000", "2018-03-31": "1454.00000", "2017-12-31": "1278.00000", "2017-09-30": "1576.00000", "2017-06-30": "1469.00000", "2017-03-31": "1337.00000", "2016-12-31": "1267.00000", "2016-09-30": "1447.00000", "2016-06-30": "1348.00000", "2016-03-31": "1269.00000", "2015-12-31": "1165.00000", "2015-09-30": "1481.00000", "2015-06-30": "1434.00000", "2015-03-31": "1394.00000", "2014-12-31": "1246.00000", "2014-09-30": "1477.00000", "2014-06-30": "1527.00000", "2014-03-31": "1355.00000", "2013-12-31": "1203.00000", "2013-09-30": "1524.00000", "2013-06-30": "1491.00000", "2013-03-31": "1333.00000", "2012-12-31": "1230.00000", "2012-09-30": "1623.00000", "2012-06-30": "1629.00000", "2012-03-31": "1478.00000", "2011-12-31": "1545.00000", "2011-09-30": "1784.00000", "2011-06-30": "1672.00000", "2011-03-31": "1568.00000", "2010-12-31": "1518.00000", "2010-09-30": "1754.00000", "2010-06-30": "1715.00000", "2010-03-31": "1526.00000", "2009-12-31": "1277.00000", "2009-09-30": "1435.00000", "2009-06-30": "1244.00000", "2009-03-31": "1125.00000", "2008-12-31": "913.00000", "2008-09-30": "1774.00000", "2008-06-30": "1811.00000", "2008-03-31": "1669.00000", "2007-12-31": "1742.00000", "2007-09-30": "2023.00000", "2007-06-30": "1897.00000", "2007-03-31": "1756.00000", "2006-12-31": "1774.00000", "2006-09-30": "2089.00000", "2006-06-30": "1929.00000", "2006-03-31": "1798.00000", "2005-12-31": "1648.00000", "2005-09-30": "1915.00000", "2005-06-30": "1902.00000", "2005-03-31": "1696.00000"}, "Inventory": {"2020-12-31": "1955.00000", "2020-09-30": "2072.00000", "2020-06-30": "2136.00000", "2020-03-31": "2003.00000", "2019-12-31": "2001.00000", "2019-09-30": "2040.00000", "2019-06-30": "2079.00000", "2019-03-31": "2131.00000", "2018-12-31": "2217.00000", "2018-09-30": "2116.00000", "2018-06-30": "2090.00000", "2018-03-31": "2032.00000", "2017-12-31": "1957.00000", "2017-09-30": "1908.00000", "2017-06-30": "1947.00000", "2017-03-31": "1843.00000", "2016-12-31": "1790.00000", "2016-09-30": "1808.00000", "2016-06-30": "1876.00000", "2016-03-31": "1805.00000", "2015-12-31": "1691.00000", "2015-09-30": "1771.00000", "2015-06-30": "1885.00000", "2015-03-31": "1844.00000", "2014-12-31": "1784.00000", "2014-09-30": "1751.00000", "2014-06-30": "1744.00000", "2014-03-31": "1714.00000", "2013-12-31": "1731.00000", "2013-09-30": "1726.00000", "2013-06-30": "1720.00000", "2013-03-31": "1700.00000", "2012-12-31": "1757.00000", "2012-09-30": "1848.00000", "2012-06-30": "1885.00000", "2012-03-31": "1853.00000", "2011-12-31": "1788.00000", "2011-09-30": "1965.00000", "2011-06-30": "1762.00000", "2011-03-31": "1678.00000", "2010-12-31": "1520.00000", "2010-09-30": "1424.00000", "2010-06-30": "1349.00000", "2010-03-31": "1276.00000", "2009-12-31": "1202.00000", "2009-09-30": "1116.00000", "2009-06-30": "1063.00000", "2009-03-31": "1098.00000", "2008-12-31": "1375.00000", "2008-09-30": "1575.00000", "2008-06-30": "1651.00000", "2008-03-31": "1578.00000", "2007-12-31": "1418.00000", "2007-09-30": "1450.00000", "2007-06-30": "1424.00000", "2007-03-31": "1409.00000", "2006-12-31": "1437.00000", "2006-09-30": "1491.00000", "2006-06-30": "1335.00000", "2006-03-31": "1246.00000", "2005-12-31": "1185.00000", "2005-09-30": "1158.00000", "2005-06-30": "1202.00000", "2005-03-31": "1245.00000"}, "Pre-Paid Expenses": {"2020-12-31": "302.00000", "2020-09-30": "277.00000", "2020-06-30": "216.00000", "2020-03-31": "249.00000", "2019-12-31": "299.00000", "2019-09-30": "264.00000", "2019-06-30": "240.00000", "2019-03-31": "294.00000", "2018-12-31": "440.00000", "2018-09-30": "654.00000", "2018-06-30": "821.00000", "2018-03-31": "1025.00000", "2017-12-31": "1030.00000", "2017-09-30": "1063.00000", "2017-06-30": "1111.00000", "2017-03-31": "811.00000", "2016-12-31": "910.00000", "2016-09-30": "789.00000", "2016-06-30": "926.00000", "2016-03-31": "785.00000", "2015-12-31": "1000.00000", "2015-09-30": "945.00000", "2015-06-30": "1088.00000", "2015-03-31": "810.00000", "2014-12-31": "850.00000", "2014-09-30": "964.00000", "2014-06-30": "992.00000", "2014-03-31": "876.00000", "2013-12-31": "863.00000", "2013-09-30": "219.00000", "2013-06-30": "513.00000", "2013-03-31": "259.00000", "2012-12-31": "805.00000", "2012-09-30": "409.00000", "2012-06-30": "351.00000", "2012-03-31": "303.00000", "2011-12-31": "386.00000", "2011-09-30": "303.00000", "2011-06-30": "233.00000", "2011-03-31": "170.00000", "2010-12-31": "180.00000", "2010-09-30": "179.00000", "2010-06-30": "195.00000", "2010-03-31": "174.00000", "2009-12-31": "164.00000", "2009-09-30": "168.00000", "2009-06-30": "208.00000", "2009-03-31": "207.00000", "2008-12-31": "267.00000", "2008-09-30": "191.00000", "2008-06-30": "259.00000", "2008-03-31": "193.00000", "2007-12-31": "180.00000", "2007-09-30": "209.00000", "2007-06-30": "246.00000", "2007-03-31": "257.00000", "2006-12-31": "185.00000", "2006-09-30": "190.00000", "2006-06-30": "215.00000", "2006-03-31": "248.00000", "2005-12-31": "135.00000", "2005-09-30": "226.00000", "2005-06-30": "320.00000", "2005-03-31": "413.00000"}, "Other Current Assets": {"2020-12-31": "", "2020-09-30": "", "2020-06-30": "", "2020-03-31": "", "2019-12-31": "", "2019-09-30": "", "2019-06-30": "", "2019-03-31": "", "2018-12-31": "", "2018-09-30": "", "2018-06-30": "", "2018-03-31": "", "2017-12-31": "", "2017-09-30": "", "2017-06-30": "", "2017-03-31": "", "2016-12-31": "", "2016-09-30": "", "2016-06-30": "", "2016-03-31": "", "2015-12-31": "", "2015-09-30": "", "2015-06-30": "", "2015-03-31": "", "2014-12-31": "", "2014-09-30": "", "2014-06-30": "", "2014-03-31": "", "2013-12-31": "", "2013-09-30": "", "2013-06-30": "", "2013-03-31": "", "2012-12-31": "", "2012-09-30": "", "2012-06-30": "", "2012-03-31": "", "2011-12-31": "", "2011-09-30": "", "2011-06-30": "", "2011-03-31": "", "2010-12-31": "", "2010-09-30": "", "2010-06-30": "", "2010-03-31": "", "2009-12-31": "", "2009-09-30": "", "2009-06-30": "", "2009-03-31": "", "2008-12-31": "", "2008-09-30": "", "2008-06-30": "", "2008-03-31": "", "2007-12-31": "", "2007-09-30": "", "2007-06-30": "", "2007-03-31": "", "2006-12-31": "", "2006-09-30": "", "2006-06-30": "", "2006-03-31": "", "2005-12-31": "", "2005-09-30": "", "2005-06-30": "", "2005-03-31": ""}, "Total Current Assets": {"2020-12-31": "10239.00000", "2020-09-30": "9259.00000", "2020-06-30": "8488.00000", "2020-03-31": "8310.00000", "2019-12-31": "8761.00000", "2019-09-30": "8713.00000", "2019-06-30": "7956.00000", "2019-03-31": "7951.00000", "2018-12-31": "8097.00000", "2018-09-30": "9468.00000", "2018-06-30": "9592.00000", "2018-03-31": "8590.00000", "2017-12-31": "8734.00000", "2017-09-30": "7991.00000", "2017-06-30": "7511.00000", "2017-03-31": "7040.00000", "2016-12-31": "7457.00000", "2016-09-30": "7181.00000", "2016-06-30": "6689.00000", "2016-03-31": "6659.00000", "2015-12-31": "7074.00000", "2015-09-30": "7289.00000", "2015-06-30": "8060.00000", "2015-03-31": "7692.00000", "2014-12-31": "7421.00000", "2014-09-30": "7756.00000", "2014-06-30": "7456.00000", "2014-03-31": "8360.00000", "2013-12-31": "8019.00000", "2013-09-30": "8101.00000", "2013-06-30": "8038.00000", "2013-03-31": "8205.00000", "2012-12-31": "8230.00000", "2012-09-30": "8584.00000", "2012-06-30": "7353.00000", "2012-03-31": "7591.00000", "2011-12-31": "7828.00000", "2011-09-30": "7716.00000", "2011-06-30": "10860.00000", "2011-03-31": "7044.00000", "2010-12-31": "7060.00000", "2010-09-30": "6468.00000", "2010-06-30": "6130.00000", "2010-03-31": "6323.00000", "2009-12-31": "6114.00000", "2009-09-30": "6138.00000", "2009-06-30": "5740.00000", "2009-03-31": "5532.00000", "2008-12-31": "5790.00000", "2008-09-30": "6212.00000", "2008-06-30": "6010.00000", "2008-03-31": "5975.00000", "2007-12-31": "6918.00000", "2007-09-30": "8053.00000", "2007-06-30": "8220.00000", "2007-03-31": "7833.00000", "2006-12-31": "7854.00000", "2006-09-30": "8621.00000", "2006-06-30": "9792.00000", "2006-03-31": "8077.00000", "2005-12-31": "9412.00000", "2005-09-30": "9131.00000", "2005-06-30": "8499.00000", "2005-03-31": "9071.00000"}, "Property, Plant, And Equipment": {"2020-12-31": "3269.00000", "2020-09-30": "3190.00000", "2020-06-30": "3201.00000", "2020-03-31": "3233.00000", "2019-12-31": "3303.00000", "2019-09-30": "3318.00000", "2019-06-30": "3365.00000", "2019-03-31": "3318.00000", "2018-12-31": "3183.00000", "2018-09-30": "3051.00000", "2018-06-30": "2855.00000", "2018-03-31": "2736.00000", "2017-12-31": "2664.00000", "2017-09-30": "2567.00000", "2017-06-30": "2514.00000", "2017-03-31": "2501.00000", "2016-12-31": "2512.00000", "2016-09-30": "2545.00000", "2016-06-30": "2557.00000", "2016-03-31": "2554.00000", "2015-12-31": "2596.00000", "2015-09-30": "2629.00000", "2015-06-30": "2685.00000", "2015-03-31": "2758.00000", "2014-12-31": "2840.00000", "2014-09-30": "2930.00000", "2014-06-30": "3044.00000", "2014-03-31": "3179.00000", "2013-12-31": "3399.00000", "2013-09-30": "3509.00000", "2013-06-30": "3611.00000", "2013-03-31": "3739.00000", "2012-12-31": "3912.00000", "2012-09-30": "4055.00000", "2012-06-30": "4174.00000", "2012-03-31": "4278.00000", "2011-12-31": "4428.00000", "2011-09-30": "4572.00000", "2011-06-30": "3714.00000", "2011-03-31": "3657.00000", "2010-12-31": "3680.00000", "2010-09-30": "3456.00000", "2010-06-30": "3240.00000", "2010-03-31": "3162.00000", "2009-12-31": "3158.00000", "2009-09-30": "2945.00000", "2009-06-30": "2940.00000", "2009-03-31": "3115.00000", "2008-12-31": "3304.00000", "2008-09-30": "3517.00000", "2008-06-30": "3604.00000", "2008-03-31": "3585.00000", "2007-12-31": "3609.00000", "2007-09-30": "3681.00000", "2007-06-30": "3798.00000", "2007-03-31": "3880.00000", "2006-12-31": "3950.00000", "2006-09-30": "3989.00000", "2006-06-30": "3984.00000", "2006-03-31": "3868.00000", "2005-12-31": "3730.00000", "2005-09-30": "3865.00000", "2005-06-30": "3757.00000", "2005-03-31": "3845.00000"}, "Long-Term Investments": {"2020-12-31": "49.00000", "2020-09-30": "47.00000", "2020-06-30": "36.00000", "2020-03-31": "34.00000", "2019-12-31": "300.00000", "2019-09-30": "298.00000", "2019-06-30": "300.00000", "2019-03-31": "281.00000", "2018-12-31": "251.00000", "2018-09-30": "278.00000", "2018-06-30": "271.00000", "2018-03-31": "271.00000", "2017-12-31": "268.00000", "2017-09-30": "258.00000", "2017-06-30": "250.00000", "2017-03-31": "241.00000", "2016-12-31": "235.00000", "2016-09-30": "233.00000", "2016-06-30": "224.00000", "2016-03-31": "220.00000", "2015-12-31": "221.00000", "2015-09-30": "216.00000", "2015-06-30": "228.00000", "2015-03-31": "232.00000", "2014-12-31": "224.00000", "2014-09-30": "219.00000", "2014-06-30": "219.00000", "2014-03-31": "212.00000", "2013-12-31": "216.00000", "2013-09-30": "210.00000", "2013-06-30": "203.00000", "2013-03-31": "204.00000", "2012-12-31": "215.00000", "2012-09-30": "225.00000", "2012-06-30": "218.00000", "2012-03-31": "239.00000", "2011-12-31": "265.00000", "2011-09-30": "350.00000", "2011-06-30": "334.00000", "2011-03-31": "449.00000", "2010-12-31": "453.00000", "2010-09-30": "523.00000", "2010-06-30": "557.00000", "2010-03-31": "641.00000", "2009-12-31": "637.00000", "2009-09-30": "627.00000", "2009-06-30": "632.00000", "2009-03-31": "645.00000", "2008-12-31": "653.00000", "2008-09-30": "717.00000", "2008-06-30": "766.00000", "2008-03-31": "791.00000", "2007-12-31": "267.00000", "2007-09-30": "265.00000", "2007-06-30": "254.00000", "2007-03-31": "250.00000", "2006-12-31": "287.00000", "2006-09-30": "270.00000", "2006-06-30": "253.00000", "2006-03-31": "240.00000", "2005-12-31": "236.00000", "2005-09-30": "234.00000", "2005-06-30": "265.00000", "2005-03-31": "260.00000"}, "Goodwill And Intangible Assets": {"2020-12-31": "4514.00000", "2020-09-30": "4551.00000", "2020-06-30": "4602.00000", "2020-03-31": "4652.00000", "2019-12-31": "4702.00000", "2019-09-30": "4752.00000", "2019-06-30": "4831.00000", "2019-03-31": "4911.00000", "2018-12-31": "4990.00000", "2018-09-30": "5069.00000", "2018-06-30": "5149.00000", "2018-03-31": "5228.00000", "2017-12-31": "5308.00000", "2017-09-30": "5387.00000", "2017-06-30": "5467.00000", "2017-03-31": "5546.00000", "2016-12-31": "5626.00000", "2016-09-30": "5706.00000", "2016-06-30": "5786.00000", "2016-03-31": "5865.00000", "2015-12-31": "5945.00000", "2015-09-30": "6024.00000", "2015-06-30": "6104.00000", "2015-03-31": "6184.00000", "2014-12-31": "6264.00000", "2014-09-30": "6344.00000", "2014-06-30": "6424.00000", "2014-03-31": "6504.00000", "2013-12-31": "6585.00000", "2013-09-30": "6667.00000", "2013-06-30": "6750.00000", "2013-03-31": "6835.00000", "2012-12-31": "6920.00000", "2012-09-30": "7095.00000", "2012-06-30": "7181.00000", "2012-03-31": "7267.00000", "2011-12-31": "7352.00000", "2011-09-30": "7475.00000", "2011-06-30": "987.00000", "2011-03-31": "993.00000", "2010-12-31": "1000.00000", "2010-09-30": "1012.00000", "2010-06-30": "1023.00000", "2010-03-31": "1037.00000", "2009-12-31": "1050.00000", "2009-09-30": "1064.00000", "2009-06-30": "1076.00000", "2009-03-31": "1032.00000", "2008-12-31": "931.00000", "2008-09-30": "939.00000", "2008-06-30": "948.00000", "2008-03-31": "943.00000", "2007-12-31": "953.00000", "2007-09-30": "904.00000", "2007-06-30": "909.00000", "2007-03-31": "923.00000", "2006-12-31": "910.00000", "2006-09-30": "923.00000", "2006-06-30": "909.00000", "2006-03-31": "924.00000", "2005-12-31": "737.00000", "2005-09-30": "784.00000", "2005-06-30": "794.00000", "2005-03-31": "799.00000"}, "Other Long-Term Assets": {"2020-12-31": "569.00000", "2020-09-30": "501.00000", "2020-06-30": "518.00000", "2020-03-31": "493.00000", "2019-12-31": "468.00000", "2019-09-30": "471.00000", "2019-06-30": "479.00000", "2019-03-31": "498.00000", "2018-12-31": "140.00000", "2018-09-30": "150.00000", "2018-06-30": "149.00000", "2018-03-31": "147.00000", "2017-12-31": "86.00000", "2017-09-30": "89.00000", "2017-06-30": "71.00000", "2017-03-31": "71.00000", "2016-12-31": "79.00000", "2016-09-30": "82.00000", "2016-06-30": "69.00000", "2016-03-31": "76.00000", "2015-12-31": "62.00000", "2015-09-30": "92.00000", "2015-06-30": "96.00000", "2015-03-31": "105.00000", "2014-12-31": "233.00000", "2014-09-30": "246.00000", "2014-06-30": "246.00000", "2014-03-31": "240.00000", "2013-12-31": "264.00000", "2013-09-30": "272.00000", "2013-06-30": "278.00000", "2013-03-31": "223.00000", "2012-12-31": "254.00000", "2012-09-30": "161.00000", "2012-06-30": "93.00000", "2012-03-31": "94.00000", "2011-12-31": "57.00000", "2011-09-30": "70.00000", "2011-06-30": "69.00000", "2011-03-31": "47.00000", "2010-12-31": "45.00000", "2010-09-30": "47.00000", "2010-06-30": "48.00000", "2010-03-31": "41.00000", "2009-12-31": "51.00000", "2009-09-30": "57.00000", "2009-06-30": "53.00000", "2009-03-31": "52.00000", "2008-12-31": "56.00000", "2008-09-30": "54.00000", "2008-06-30": "80.00000", "2008-03-31": "79.00000", "2007-12-31": "78.00000", "2007-09-30": "77.00000", "2007-06-30": "96.00000", "2007-03-31": "94.00000", "2006-12-31": "82.00000", "2006-09-30": "88.00000", "2006-06-30": "146.00000", "2006-03-31": "112.00000", "2005-12-31": "113.00000", "2005-09-30": "71.00000", "2005-06-30": "69.00000", "2005-03-31": "62.00000"}, "Total Long-Term Assets": {"2020-12-31": "9112.00000", "2020-09-30": "8948.00000", "2020-06-30": "8957.00000", "2020-03-31": "8973.00000", "2019-12-31": "9257.00000", "2019-09-30": "9279.00000", "2019-06-30": "9428.00000", "2019-03-31": "9492.00000", "2018-12-31": "9040.00000", "2018-09-30": "9105.00000", "2018-06-30": "8935.00000", "2018-03-31": "8917.00000", "2017-12-31": "8908.00000", "2017-09-30": "8938.00000", "2017-06-30": "8927.00000", "2017-03-31": "8938.00000", "2016-12-31": "8974.00000", "2016-09-30": "9035.00000", "2016-06-30": "9004.00000", "2016-03-31": "9027.00000", "2015-12-31": "9156.00000", "2015-09-30": "9251.00000", "2015-06-30": "9472.00000", "2015-03-31": "9654.00000", "2014-12-31": "9951.00000", "2014-09-30": "10144.00000", "2014-06-30": "10354.00000", "2014-03-31": "10575.00000", "2013-12-31": "10919.00000", "2013-09-30": "11143.00000", "2013-06-30": "11360.00000", "2013-03-31": "11496.00000", "2012-12-31": "11791.00000", "2012-09-30": "11930.00000", "2012-06-30": "12168.00000", "2012-03-31": "12418.00000", "2011-12-31": "12669.00000", "2011-09-30": "13191.00000", "2011-06-30": "6238.00000", "2011-03-31": "6266.00000", "2010-12-31": "6341.00000", "2010-09-30": "6181.00000", "2010-06-30": "6034.00000", "2010-03-31": "6047.00000", "2009-12-31": "6005.00000", "2009-09-30": "5765.00000", "2009-06-30": "5770.00000", "2009-03-31": "5988.00000", "2008-12-31": "6133.00000", "2008-09-30": "6254.00000", "2008-06-30": "6372.00000", "2008-03-31": "6363.00000", "2007-12-31": "5749.00000", "2007-09-30": "5671.00000", "2007-06-30": "5800.00000", "2007-03-31": "5917.00000", "2006-12-31": "6076.00000", "2006-09-30": "6164.00000", "2006-06-30": "6136.00000", "2006-03-31": "5961.00000", "2005-12-31": "5651.00000", "2005-09-30": "5853.00000", "2005-06-30": "5987.00000", "2005-03-31": "5974.00000"}, "Total Assets": {"2020-12-31": "19351.00000", "2020-09-30": "18207.00000", "2020-06-30": "17445.00000", "2020-03-31": "17283.00000", "2019-12-31": "18018.00000", "2019-09-30": "17992.00000", "2019-06-30": "17384.00000", "2019-03-31": "17443.00000", "2018-12-31": "17137.00000", "2018-09-30": "18573.00000", "2018-06-30": "18527.00000", "2018-03-31": "17507.00000", "2017-12-31": "17642.00000", "2017-09-30": "16929.00000", "2017-06-30": "16438.00000", "2017-03-31": "15978.00000", "2016-12-31": "16431.00000", "2016-09-30": "16216.00000", "2016-06-30": "15693.00000", "2016-03-31": "15686.00000", "2015-12-31": "16230.00000", "2015-09-30": "16540.00000", "2015-06-30": "17532.00000", "2015-03-31": "17346.00000", "2014-12-31": "17372.00000", "2014-09-30": "17900.00000", "2014-06-30": "17810.00000", "2014-03-31": "18935.00000", "2013-12-31": "18938.00000", "2013-09-30": "19244.00000", "2013-06-30": "19398.00000", "2013-03-31": "19701.00000", "2012-12-31": "20021.00000", "2012-09-30": "20514.00000", "2012-06-30": "19521.00000", "2012-03-31": "20009.00000", "2011-12-31": "20497.00000", "2011-09-30": "20907.00000", "2011-06-30": "17098.00000", "2011-03-31": "13310.00000", "2010-12-31": "13401.00000", "2010-09-30": "12649.00000", "2010-06-30": "12164.00000", "2010-03-31": "12370.00000", "2009-12-31": "12119.00000", "2009-09-30": "11903.00000", "2009-06-30": "11510.00000", "2009-03-31": "11520.00000", "2008-12-31": "11923.00000", "2008-09-30": "12466.00000", "2008-06-30": "12382.00000", "2008-03-31": "12338.00000", "2007-12-31": "12667.00000", "2007-09-30": "13724.00000", "2007-06-30": "14020.00000", "2007-03-31": "13750.00000", "2006-12-31": "13930.00000", "2006-09-30": "14785.00000", "2006-06-30": "15928.00000", "2006-03-31": "14038.00000", "2005-12-31": "15063.00000", "2005-09-30": "14984.00000", "2005-06-30": "14486.00000", "2005-03-31": "15045.00000"}, "Total Current Liabilities": {"2020-12-31": "2390.00000", "2020-09-30": "2185.00000", "2020-06-30": "2163.00000", "2020-03-31": "2381.00000", "2019-12-31": "2123.00000", "2019-09-30": "2007.00000", "2019-06-30": "2646.00000", "2019-03-31": "2159.00000", "2018-12-31": "2474.00000", "2018-09-30": "2382.00000", "2018-06-30": "1466.00000", "2018-03-31": "1860.00000", "2017-12-31": "2258.00000", "2017-09-30": "2055.00000", "2017-06-30": "1877.00000", "2017-03-31": "1602.00000", "2016-12-31": "2264.00000", "2016-09-30": "2170.00000", "2016-06-30": "1991.00000", "2016-03-31": "2420.00000", "2015-12-31": "2555.00000", "2015-09-30": "2500.00000", "2015-06-30": "3193.00000", "2015-03-31": "2286.00000", "2014-12-31": "2658.00000", "2014-09-30": "2643.00000", "2014-06-30": "1803.00000", "2014-03-31": "2471.00000", "2013-12-31": "2747.00000", "2013-09-30": "2723.00000", "2013-06-30": "2802.00000", "2013-03-31": "3110.00000", "2012-12-31": "3430.00000", "2012-09-30": "3425.00000", "2012-06-30": "3821.00000", "2012-03-31": "2909.00000", "2011-12-31": "3499.00000", "2011-09-30": "3668.00000", "2011-06-30": "1753.00000", "2011-03-31": "1793.00000", "2010-12-31": "1981.00000", "2010-09-30": "1838.00000", "2010-06-30": "1538.00000", "2010-03-31": "1719.00000", "2009-12-31": "1587.00000", "2009-09-30": "1662.00000", "2009-06-30": "1468.00000", "2009-03-31": "1287.00000", "2008-12-31": "1532.00000", "2008-09-30": "1738.00000", "2008-06-30": "1760.00000", "2008-03-31": "1848.00000", "2007-12-31": "2025.00000", "2007-09-30": "2031.00000", "2007-06-30": "1955.00000", "2007-03-31": "1807.00000", "2006-12-31": "2078.00000", "2006-09-30": "2429.00000", "2006-06-30": "2783.00000", "2006-03-31": "2095.00000", "2005-12-31": "2377.00000", "2005-09-30": "2246.00000", "2005-06-30": "2110.00000", "2005-03-31": "2193.00000"}, "Long Term Debt": {"2020-12-31": "6248.00000", "2020-09-30": "6247.00000", "2020-06-30": "6245.00000", "2020-03-31": "5499.00000", "2019-12-31": "5303.00000", "2019-09-30": "5302.00000", "2019-06-30": "4558.00000", "2019-03-31": "5057.00000", "2018-12-31": "4319.00000", "2018-09-30": "4318.00000", "2018-06-30": "5066.00000", "2018-03-31": "3578.00000", "2017-12-31": "3577.00000", "2017-09-30": "3084.00000", "2017-06-30": "3084.00000", "2017-03-31": "2980.00000", "2016-12-31": "2978.00000", "2016-09-30": "2977.00000", "2016-06-30": "2975.00000", "2016-03-31": "2869.00000", "2015-12-31": "3120.00000", "2015-09-30": "3132.00000", "2015-06-30": "3134.00000", "2015-03-31": "3638.00000", "2014-12-31": "3630.00000", "2014-09-30": "3643.00000", "2014-06-30": "4394.00000", "2014-03-31": "4652.00000", "2013-12-31": "4158.00000", "2013-09-30": "4161.00000", "2013-06-30": "4165.00000", "2013-03-31": "4183.00000", "2012-12-31": "4186.00000", "2012-09-30": "4190.00000", "2012-06-30": "2703.00000", "2012-03-31": "4207.00000", "2011-12-31": "4211.00000", "2011-09-30": "4215.00000", "2011-06-30": "3498.00000", "2011-03-31": "", "2010-12-31": "", "2010-09-30": "", "2010-06-30": "", "2010-03-31": "", "2009-12-31": "", "2009-09-30": "", "2009-06-30": "", "2009-03-31": "", "2008-12-31": "", "2008-09-30": "", "2008-06-30": "", "2008-03-31": "", "2007-12-31": "", "2007-09-30": "", "2007-06-30": "", "2007-03-31": "", "2006-12-31": "", "2006-09-30": "", "2006-06-30": "", "2006-03-31": "318.00000", "2005-12-31": "329.00000", "2005-09-30": "55.00000", "2005-06-30": "55.00000", "2005-03-31": "55.00000"}, "Other Non-Current Liabilities": {"2020-12-31": "1305.00000", "2020-09-30": "1278.00000", "2020-06-30": "1234.00000", "2020-03-31": "1510.00000", "2019-12-31": "1514.00000", "2019-09-30": "1526.00000", "2019-06-30": "1524.00000", "2019-03-31": "1545.00000", "2018-12-31": "1190.00000", "2018-09-30": "1228.00000", "2018-06-30": "1229.00000", "2018-03-31": "1282.00000", "2017-12-31": "1303.00000", "2017-09-30": "", "2017-06-30": "", "2017-03-31": "", "2016-12-31": "", "2016-09-30": "", "2016-06-30": "", "2016-03-31": "", "2015-12-31": "", "2015-09-30": "", "2015-06-30": "", "2015-03-31": "", "2014-12-31": "", "2014-09-30": "", "2014-06-30": "", "2014-03-31": "", "2013-12-31": "", "2013-09-30": "", "2013-06-30": "", "2013-03-31": "", "2012-12-31": "", "2012-09-30": "", "2012-06-30": "", "2012-03-31": "", "2011-12-31": "", "2011-09-30": "", "2011-06-30": "", "2011-03-31": "", "2010-12-31": "", "2010-09-30": "", "2010-06-30": "", "2010-03-31": "", "2009-12-31": "", "2009-09-30": "", "2009-06-30": "", "2009-03-31": "", "2008-12-31": "", "2008-09-30": "", "2008-06-30": "", "2008-03-31": "", "2007-12-31": "", "2007-09-30": "", "2007-06-30": "", "2007-03-31": "", "2006-12-31": "", "2006-09-30": "", "2006-06-30": "", "2006-03-31": "", "2005-12-31": "", "2005-09-30": "", "2005-06-30": "", "2005-03-31": ""}, "Total Long Term Liabilities": {"2020-12-31": "7774.00000", "2020-09-30": "7697.00000", "2020-06-30": "7638.00000", "2020-03-31": "7168.00000", "2019-12-31": "6988.00000", "2019-09-30": "7000.00000", "2019-06-30": "6252.00000", "2019-03-31": "6765.00000", "2018-12-31": "5669.00000", "2018-09-30": "5675.00000", "2018-06-30": "6427.00000", "2018-03-31": "5005.00000", "2017-12-31": "5047.00000", "2017-09-30": "3886.00000", "2017-06-30": "3853.00000", "2017-03-31": "3737.00000", "2016-12-31": "3694.00000", "2016-09-30": "3760.00000", "2016-06-30": "3740.00000", "2016-03-31": "3484.00000", "2015-12-31": "3729.00000", "2015-09-30": "4070.00000", "2015-06-30": "4134.00000", "2015-03-31": "4691.00000", "2014-12-31": "4324.00000", "2014-09-30": "4786.00000", "2014-06-30": "5541.00000", "2014-03-31": "5844.00000", "2013-12-31": "5384.00000", "2013-09-30": "5470.00000", "2013-06-30": "5528.00000", "2013-03-31": "5639.00000", "2012-12-31": "5630.00000", "2012-09-30": "5686.00000", "2012-06-30": "4542.00000", "2012-03-31": "6029.00000", "2011-12-31": "6046.00000", "2011-09-30": "6213.00000", "2011-06-30": "4442.00000", "2011-03-31": "943.00000", "2010-12-31": "983.00000", "2010-09-30": "849.00000", "2010-06-30": "871.00000", "2010-03-31": "846.00000", "2009-12-31": "810.00000", "2009-09-30": "803.00000", "2009-06-30": "829.00000", "2009-03-31": "1023.00000", "2008-12-31": "1065.00000", "2008-09-30": "634.00000", "2008-06-30": "638.00000", "2008-03-31": "633.00000", "2007-12-31": "667.00000", "2007-09-30": "556.00000", "2007-06-30": "571.00000", "2007-03-31": "660.00000", "2006-12-31": "492.00000", "2006-09-30": "329.00000", "2006-06-30": "357.00000", "2006-03-31": "705.00000", "2005-12-31": "749.00000", "2005-09-30": "865.00000", "2005-06-30": "913.00000", "2005-03-31": "948.00000"}, "Total Liabilities": {"2020-12-31": "10164.00000", "2020-09-30": "9882.00000", "2020-06-30": "9801.00000", "2020-03-31": "9549.00000", "2019-12-31": "9111.00000", "2019-09-30": "9007.00000", "2019-06-30": "8898.00000", "2019-03-31": "8924.00000", "2018-12-31": "8143.00000", "2018-09-30": "8057.00000", "2018-06-30": "7893.00000", "2018-03-31": "6865.00000", "2017-12-31": "7305.00000", "2017-09-30": "5941.00000", "2017-06-30": "5730.00000", "2017-03-31": "5339.00000", "2016-12-31": "5958.00000", "2016-09-30": "5930.00000", "2016-06-30": "5731.00000", "2016-03-31": "5904.00000", "2015-12-31": "6284.00000", "2015-09-30": "6570.00000", "2015-06-30": "7327.00000", "2015-03-31": "6977.00000", "2014-12-31": "6982.00000", "2014-09-30": "7429.00000", "2014-06-30": "7344.00000", "2014-03-31": "8315.00000", "2013-12-31": "8131.00000", "2013-09-30": "8193.00000", "2013-06-30": "8330.00000", "2013-03-31": "8749.00000", "2012-12-31": "9060.00000", "2012-09-30": "9111.00000", "2012-06-30": "8363.00000", "2012-03-31": "8938.00000", "2011-12-31": "9545.00000", "2011-09-30": "9881.00000", "2011-06-30": "6195.00000", "2011-03-31": "2736.00000", "2010-12-31": "2964.00000", "2010-09-30": "2687.00000", "2010-06-30": "2409.00000", "2010-03-31": "2565.00000", "2009-12-31": "2397.00000", "2009-09-30": "2465.00000", "2009-06-30": "2297.00000", "2009-03-31": "2310.00000", "2008-12-31": "2597.00000", "2008-09-30": "2372.00000", "2008-06-30": "2398.00000", "2008-03-31": "2481.00000", "2007-12-31": "2692.00000", "2007-09-30": "2587.00000", "2007-06-30": "2526.00000", "2007-03-31": "2467.00000", "2006-12-31": "2570.00000", "2006-09-30": "2758.00000", "2006-06-30": "3140.00000", "2006-03-31": "2800.00000", "2005-12-31": "3126.00000", "2005-09-30": "3111.00000", "2005-06-30": "3023.00000", "2005-03-31": "3141.00000"}, "Common Stock Net": {"2020-12-31": "1741.00000", "2020-09-30": "1741.00000", "2020-06-30": "1741.00000", "2020-03-31": "1741.00000", "2019-12-31": "1741.00000", "2019-09-30": "1741.00000", "2019-06-30": "1741.00000", "2019-03-31": "1741.00000", "2018-12-31": "1741.00000", "2018-09-30": "1741.00000", "2018-06-30": "1741.00000", "2018-03-31": "1741.00000", "2017-12-31": "1741.00000", "2017-09-30": "1741.00000", "2017-06-30": "1741.00000", "2017-03-31": "1741.00000", "2016-12-31": "1741.00000", "2016-09-30": "1741.00000", "2016-06-30": "1741.00000", "2016-03-31": "1741.00000", "2015-12-31": "1741.00000", "2015-09-30": "1741.00000", "2015-06-30": "1741.00000", "2015-03-31": "1741.00000", "2014-12-31": "1741.00000", "2014-09-30": "1741.00000", "2014-06-30": "1741.00000", "2014-03-31": "1741.00000", "2013-12-31": "1741.00000", "2013-09-30": "1741.00000", "2013-06-30": "1741.00000", "2013-03-31": "1741.00000", "2012-12-31": "1741.00000", "2012-09-30": "1741.00000", "2012-06-30": "1741.00000", "2012-03-31": "1741.00000", "2011-12-31": "1741.00000", "2011-09-30": "1741.00000", "2011-06-30": "1741.00000", "2011-03-31": "1740.00000", "2010-12-31": "1740.00000", "2010-09-30": "1740.00000", "2010-06-30": "1740.00000", "2010-03-31": "1740.00000", "2009-12-31": "1740.00000", "2009-09-30": "1740.00000", "2009-06-30": "1740.00000", "2009-03-31": "1740.00000", "2008-12-31": "1740.00000", "2008-09-30": "1740.00000", "2008-06-30": "1740.00000", "2008-03-31": "1740.00000", "2007-12-31": "1740.00000", "2007-09-30": "1740.00000", "2007-06-30": "1739.00000", "2007-03-31": "1739.00000", "2006-12-31": "1739.00000", "2006-09-30": "1739.00000", "2006-06-30": "1739.00000", "2006-03-31": "1739.00000", "2005-12-31": "1739.00000", "2005-09-30": "1739.00000", "2005-06-30": "1739.00000", "2005-03-31": "1738.00000"}, "Retained Earnings (Accumulated Deficit)": {"2020-12-31": "42051.00000", "2020-09-30": "41305.00000", "2020-06-30": "40780.00000", "2020-03-31": "40227.00000", "2019-12-31": "39898.00000", "2019-09-30": "39674.00000", "2019-06-30": "38974.00000", "2019-03-31": "38396.00000", "2018-12-31": "37906.00000", "2018-09-30": "37378.00000", "2018-06-30": "36413.00000", "2018-03-31": "35619.00000", "2017-12-31": "34662.00000", "2017-09-30": "34935.00000", "2017-06-30": "34149.00000", "2017-03-31": "33595.00000", "2016-12-31": "33107.00000", "2016-09-30": "32432.00000", "2016-06-30": "31850.00000", "2016-03-31": "31457.00000", "2015-12-31": "31176.00000", "2015-09-30": "30731.00000", "2015-06-30": "30286.00000", "2015-03-31": "29948.00000", "2014-12-31": "29653.00000", "2014-09-30": "29189.00000", "2014-06-30": "28686.00000", "2014-03-31": "28331.00000", "2013-12-31": "28173.00000", "2013-09-30": "27993.00000", "2013-06-30": "27677.00000", "2013-03-31": "27330.00000", "2012-12-31": "27205.00000", "2012-09-30": "27179.00000", "2012-06-30": "26592.00000", "2012-03-31": "26345.00000", "2011-12-31": "26278.00000", "2011-09-30": "26175.00000", "2011-06-30": "25726.00000", "2011-03-31": "25206.00000", "2010-12-31": "24695.00000", "2010-09-30": "23907.00000", "2010-06-30": "23194.00000", "2010-03-31": "22573.00000", "2009-12-31": "22066.00000", "2009-09-30": "21562.00000", "2009-06-30": "21163.00000", "2009-03-31": "21043.00000", "2008-12-31": "21168.00000", "2008-09-30": "21204.00000", "2008-06-30": "20773.00000", "2008-03-31": "20318.00000", "2007-12-31": "19788.00000", "2007-09-30": "19172.00000", "2007-06-30": "18511.00000", "2007-03-31": "18017.00000", "2006-12-31": "17529.00000", "2006-09-30": "16927.00000", "2006-06-30": "16271.00000", "2006-03-31": "13930.00000", "2005-12-31": "13394.00000", "2005-09-30": "12787.00000", "2005-06-30": "12197.00000", "2005-03-31": "11610.00000"}, "Comprehensive Income": {"2020-12-31": "-360.00000", "2020-09-30": "-335.00000", "2020-06-30": "-334.00000", "2020-03-31": "-328.00000", "2019-12-31": "-347.00000", "2019-09-30": "-443.00000", "2019-06-30": "-457.00000", "2019-03-31": "-465.00000", "2018-12-31": "-473.00000", "2018-09-30": "-354.00000", "2018-06-30": "-371.00000", "2018-03-31": "-392.00000", "2017-12-31": "-384.00000", "2017-09-30": "-505.00000", "2017-06-30": "-520.00000", "2017-03-31": "-527.00000", "2016-12-31": "-526.00000", "2016-09-30": "-542.00000", "2016-06-30": "-536.00000", "2016-03-31": "-531.00000", "2015-12-31": "-532.00000", "2015-09-30": "-513.00000", "2015-06-30": "-514.00000", "2015-03-31": "-531.00000", "2014-12-31": "-532.00000", "2014-09-30": "-468.00000", "2014-06-30": "-512.00000", "2014-03-31": "-520.00000", "2013-12-31": "-528.00000", "2013-09-30": "-572.00000", "2013-06-30": "-590.00000", "2013-03-31": "-650.00000", "2012-12-31": "-699.00000", "2012-09-30": "-617.00000", "2012-06-30": "-741.00000", "2012-03-31": "-742.00000", "2011-12-31": "-776.00000", "2011-09-30": "-690.00000", "2011-06-30": "-686.00000", "2011-03-31": "-702.00000", "2010-12-31": "-701.00000", "2010-09-30": "-644.00000", "2010-06-30": "-654.00000", "2010-03-31": "-627.00000", "2009-12-31": "-621.00000", "2009-09-30": "-678.00000", "2009-06-30": "-674.00000", "2009-03-31": "-741.00000", "2008-12-31": "-790.00000", "2008-09-30": "-342.00000", "2008-06-30": "-331.00000", "2008-03-31": "-351.00000", "2007-12-31": "-324.00000", "2007-09-30": "-284.00000", "2007-06-30": "-284.00000", "2007-03-31": "-355.00000", "2006-12-31": "-363.00000", "2006-09-30": "", "2006-06-30": "", "2006-03-31": "", "2005-12-31": "-81.00000", "2005-09-30": "", "2005-06-30": "", "2005-03-31": ""}, "Other Share Holders Equity": {"2020-12-31": "", "2020-09-30": "", "2020-06-30": "", "2020-03-31": "", "2019-12-31": "", "2019-09-30": "", "2019-06-30": "", "2019-03-31": "", "2018-12-31": "", "2018-09-30": "", "2018-06-30": "", "2018-03-31": "", "2017-12-31": "", "2017-09-30": "", "2017-06-30": "", "2017-03-31": "", "2016-12-31": "", "2016-09-30": "", "2016-06-30": "", "2016-03-31": "", "2015-12-31": "", "2015-09-30": "", "2015-06-30": "", "2015-03-31": "", "2014-12-31": "", "2014-09-30": "", "2014-06-30": "", "2014-03-31": "", "2013-12-31": "", "2013-09-30": "", "2013-06-30": "", "2013-03-31": "", "2012-12-31": "", "2012-09-30": "", "2012-06-30": "", "2012-03-31": "", "2011-12-31": "", "2011-09-30": "", "2011-06-30": "", "2011-03-31": "", "2010-12-31": "", "2010-09-30": "", "2010-06-30": "", "2010-03-31": "", "2009-12-31": "", "2009-09-30": "", "2009-06-30": "", "2009-03-31": "", "2008-12-31": "", "2008-09-30": "", "2008-06-30": "", "2008-03-31": "", "2007-12-31": "", "2007-09-30": "", "2007-06-30": "", "2007-03-31": "", "2006-12-31": "", "2006-09-30": "-45.00000", "2006-06-30": "-89.00000", "2006-03-31": "-82.00000", "2005-12-31": "", "2005-09-30": "-173.00000", "2005-06-30": "-174.00000", "2005-03-31": "-191.00000"}, "Share Holder Equity": {"2020-12-31": "9187.00000", "2020-09-30": "8325.00000", "2020-06-30": "7644.00000", "2020-03-31": "7734.00000", "2019-12-31": "8907.00000", "2019-09-30": "8985.00000", "2019-06-30": "8486.00000", "2019-03-31": "8519.00000", "2018-12-31": "8994.00000", "2018-09-30": "10516.00000", "2018-06-30": "10634.00000", "2018-03-31": "10642.00000", "2017-12-31": "10337.00000", "2017-09-30": "10988.00000", "2017-06-30": "10708.00000", "2017-03-31": "10639.00000", "2016-12-31": "10473.00000", "2016-09-30": "10286.00000", "2016-06-30": "9962.00000", "2016-03-31": "9782.00000", "2015-12-31": "9946.00000", "2015-09-30": "9970.00000", "2015-06-30": "10205.00000", "2015-03-31": "10369.00000", "2014-12-31": "10390.00000", "2014-09-30": "10471.00000", "2014-06-30": "10466.00000", "2014-03-31": "10620.00000", "2013-12-31": "10807.00000", "2013-09-30": "11051.00000", "2013-06-30": "11068.00000", "2013-03-31": "10952.00000", "2012-12-31": "10961.00000", "2012-09-30": "11403.00000", "2012-06-30": "11158.00000", "2012-03-31": "11071.00000", "2011-12-31": "10952.00000", "2011-09-30": "11026.00000", "2011-06-30": "10903.00000", "2011-03-31": "10574.00000", "2010-12-31": "10437.00000", "2010-09-30": "9962.00000", "2010-06-30": "9755.00000", "2010-03-31": "9805.00000", "2009-12-31": "9722.00000", "2009-09-30": "9438.00000", "2009-06-30": "9213.00000", "2009-03-31": "9210.00000", "2008-12-31": "9326.00000", "2008-09-30": "10094.00000", "2008-06-30": "9984.00000", "2008-03-31": "9857.00000", "2007-12-31": "9975.00000", "2007-09-30": "11137.00000", "2007-06-30": "11494.00000", "2007-03-31": "11283.00000", "2006-12-31": "11360.00000", "2006-09-30": "12027.00000", "2006-06-30": "12788.00000", "2006-03-31": "11238.00000", "2005-12-31": "11937.00000", "2005-09-30": "11873.00000", "2005-06-30": "11463.00000", "2005-03-31": "11904.00000"}, "Total Liabilities And Share Holders Equity": {"2020-12-31": "19351.00000", "2020-09-30": "18207.00000", "2020-06-30": "17445.00000", "2020-03-31": "17283.00000", "2019-12-31": "18018.00000", "2019-09-30": "17992.00000", "2019-06-30": "17384.00000", "2019-03-31": "17443.00000", "2018-12-31": "17137.00000", "2018-09-30": "18573.00000", "2018-06-30": "18527.00000", "2018-03-31": "17507.00000", "2017-12-31": "17642.00000", "2017-09-30": "16929.00000", "2017-06-30": "16438.00000", "2017-03-31": "15978.00000", "2016-12-31": "16431.00000", "2016-09-30": "16216.00000", "2016-06-30": "15693.00000", "2016-03-31": "15686.00000", "2015-12-31": "16230.00000", "2015-09-30": "16540.00000", "2015-06-30": "17532.00000", "2015-03-31": "17346.00000", "2014-12-31": "17372.00000", "2014-09-30": "17900.00000", "2014-06-30": "17810.00000", "2014-03-31": "18935.00000", "2013-12-31": "18938.00000", "2013-09-30": "19244.00000", "2013-06-30": "19398.00000", "2013-03-31": "19701.00000", "2012-12-31": "20021.00000", "2012-09-30": "20514.00000", "2012-06-30": "19521.00000", "2012-03-31": "20009.00000", "2011-12-31": "20497.00000", "2011-09-30": "20907.00000", "2011-06-30": "17098.00000", "2011-03-31": "13310.00000", "2010-12-31": "13401.00000", "2010-09-30": "12649.00000", "2010-06-30": "12164.00000", "2010-03-31": "12370.00000", "2009-12-31": "12119.00000", "2009-09-30": "11903.00000", "2009-06-30": "11510.00000", "2009-03-31": "11520.00000", "2008-12-31": "11923.00000", "2008-09-30": "12466.00000", "2008-06-30": "12382.00000", "2008-03-31": "12338.00000", "2007-12-31": "12667.00000", "2007-09-30": "13724.00000", "2007-06-30": "14020.00000", "2007-03-31": "13750.00000", "2006-12-31": "13930.00000", "2006-09-30": "14785.00000", "2006-06-30": "15928.00000", "2006-03-31": "14038.00000", "2005-12-31": "15063.00000", "2005-09-30": "14984.00000", "2005-06-30": "14486.00000", "2005-03-31": "15045.00000"}}, "cash flow statement": {"Net Income/Loss": {"2020-12-31": "5595.00000", "2019-12-31": "5017.00000", "2018-12-31": "5580.00000", "2017-12-31": "3682.00000", "2016-12-31": "3595.00000", "2015-12-31": "2986.00000", "2014-12-31": "2821.00000", "2013-12-31": "2162.00000", "2012-12-31": "1759.00000", "2011-12-31": "2236.00000", "2010-12-31": "3228.00000", "2009-12-31": "1470.00000", "2008-12-31": "1920.00000", "2007-12-31": "2657.00000", "2006-12-31": "4341.00000", "2005-12-31": "2324.00000"}, "Total Depreciation And Amortization - Cash Flow": {"2020-12-31": "992.00000", "2019-12-31": "1050.00000", "2018-12-31": "954.00000", "2017-12-31": "904.00000", "2016-12-31": "955.00000", "2015-12-31": "1133.00000", "2014-12-31": "1230.00000", "2013-12-31": "1297.00000", "2012-12-31": "1401.00000", "2011-12-31": "1108.00000", "2010-12-31": "913.00000", "2009-12-31": "925.00000", "2008-12-31": "1059.00000", "2007-12-31": "1070.00000", "2006-12-31": "1111.00000", "2005-12-31": "1401.00000"}, "Other Non-Cash Items": {"2020-12-31": "83.00000", "2019-12-31": "275.00000", "2018-12-31": "124.00000", "2017-12-31": "354.00000", "2016-12-31": "10.00000", "2015-12-31": "146.00000", "2014-12-31": "143.00000", "2013-12-31": "331.00000", "2012-12-31": "249.00000", "2011-12-31": "319.00000", "2010-12-31": "-142.00000", "2009-12-31": "332.00000", "2008-12-31": "31.00000", "2007-12-31": "259.00000", "2006-12-31": "-1571.00000", "2005-12-31": "-349.00000"}, "Total Non-Cash Items": {"2020-12-31": "1075.00000", "2019-12-31": "1325.00000", "2018-12-31": "1078.00000", "2017-12-31": "1258.00000", "2016-12-31": "965.00000", "2015-12-31": "1279.00000", "2014-12-31": "1373.00000", "2013-12-31": "1628.00000", "2012-12-31": "1650.00000", "2011-12-31": "1427.00000", "2010-12-31": "771.00000", "2009-12-31": "1257.00000", "2008-12-31": "1090.00000", "2007-12-31": "1329.00000", "2006-12-31": "-460.00000", "2005-12-31": "1052.00000"}, "Change In Accounts Receivable": {"2020-12-31": "-340.00000", "2019-12-31": "133.00000", "2018-12-31": "71.00000", "2017-12-31": "-7.00000", "2016-12-31": "-108.00000", "2015-12-31": "77.00000", "2014-12-31": "-49.00000", "2013-12-31": "16.00000", "2012-12-31": "311.00000", "2011-12-31": "112.00000", "2010-12-31": "-231.00000", "2009-12-31": "-364.00000", "2008-12-31": "865.00000", "2007-12-31": "40.00000", "2006-12-31": "-116.00000", "2005-12-31": "-127.00000"}, "Change In Inventories": {"2020-12-31": "46.00000", "2019-12-31": "216.00000", "2018-12-31": "-282.00000", "2017-12-31": "-167.00000", "2016-12-31": "-99.00000", "2015-12-31": "93.00000", "2014-12-31": "-53.00000", "2013-12-31": "26.00000", "2012-12-31": "5.00000", "2011-12-31": "-17.00000", "2010-12-31": "-304.00000", "2009-12-31": "177.00000", "2008-12-31": "43.00000", "2007-12-31": "11.00000", "2006-12-31": "-248.00000", "2005-12-31": "-23.00000"}, "Change In Accounts Payable": {"2020-12-31": "63.00000", "2019-12-31": "-93.00000", "2018-12-31": "-7.00000", "2017-12-31": "", "2016-12-31": "72.00000", "2015-12-31": "", "2014-12-31": "", "2013-12-31": "", "2012-12-31": "", "2011-12-31": "", "2010-12-31": "", "2009-12-31": "", "2008-12-31": "", "2007-12-31": "", "2006-12-31": "", "2005-12-31": ""}, "Change In Assets/Liabilities": {"2020-12-31": "-88.00000", "2019-12-31": "294.00000", "2018-12-31": "705.00000", "2017-12-31": "97.00000", "2016-12-31": "-154.00000", "2015-12-31": "71.00000", "2014-12-31": "7.00000", "2013-12-31": "-108.00000", "2012-12-31": "-36.00000", "2011-12-31": "-210.00000", "2010-12-31": "18.00000", "2009-12-31": "115.00000", "2008-12-31": "-160.00000", "2007-12-31": "-44.00000", "2006-12-31": "-369.00000", "2005-12-31": "233.00000"}, "Total Change In Assets/Liabilities": {"2020-12-31": "-437.00000", "2019-12-31": "342.00000", "2018-12-31": "638.00000", "2017-12-31": "439.00000", "2016-12-31": "80.00000", "2015-12-31": "117.00000", "2014-12-31": "-219.00000", "2013-12-31": "-254.00000", "2012-12-31": "68.00000", "2011-12-31": "-275.00000", "2010-12-31": "-233.00000", "2009-12-31": "-18.00000", "2008-12-31": "320.00000", "2007-12-31": "421.00000", "2006-12-31": "-1425.00000", "2005-12-31": "232.00000"}, "Cash Flow From Operating Activities": {"2020-12-31": "6139.00000", "2019-12-31": "6649.00000", "2018-12-31": "7189.00000", "2017-12-31": "5363.00000", "2016-12-31": "4614.00000", "2015-12-31": "4397.00000", "2014-12-31": "4054.00000", "2013-12-31": "3384.00000", "2012-12-31": "3414.00000", "2011-12-31": "3256.00000", "2010-12-31": "3820.00000", "2009-12-31": "2643.00000", "2008-12-31": "3330.00000", "2007-12-31": "4407.00000", "2006-12-31": "2456.00000", "2005-12-31": "3608.00000"}, "Net Change In Property, Plant, And Equipment": {"2020-12-31": "-645.00000", "2019-12-31": "-817.00000", "2018-12-31": "-1122.00000", "2017-12-31": "-655.00000", "2016-12-31": "-531.00000", "2015-12-31": "-441.00000", "2014-12-31": "-243.00000", "2013-12-31": "-391.00000", "2012-12-31": "-495.00000", "2011-12-31": "-800.00000", "2010-12-31": "-1051.00000", "2009-12-31": "-753.00000", "2008-12-31": "-763.00000", "2007-12-31": "-625.00000", "2006-12-31": "1728.00000", "2005-12-31": "-1246.00000"}, "Net Change In Intangible Assets": {"2020-12-31": "", "2019-12-31": "", "2018-12-31": "", "2017-12-31": "", "2016-12-31": "", "2015-12-31": "", "2014-12-31": "", "2013-12-31": "", "2012-12-31": "", "2011-12-31": "", "2010-12-31": "", "2009-12-31": "", "2008-12-31": "", "2007-12-31": "", "2006-12-31": "", "2005-12-31": ""}, "Net Acquisitions/Divestitures": {"2020-12-31": "", "2019-12-31": "", "2018-12-31": "", "2017-12-31": "", "2016-12-31": "", "2015-12-31": "", "2014-12-31": "", "2013-12-31": "", "2012-12-31": "", "2011-12-31": "-5425.00000", "2010-12-31": "-199.00000", "2009-12-31": "-155.00000", "2008-12-31": "-19.00000", "2007-12-31": "-87.00000", "2006-12-31": "-205.00000", "2005-12-31": ""}, "Net Change In Short-term Investments": {"2020-12-31": "-241.00000", "2019-12-31": "-1135.00000", "2018-12-31": "1067.00000", "2017-12-31": "-460.00000", "2016-12-31": "-113.00000", "2015-12-31": "125.00000", "2014-12-31": "-141.00000", "2013-12-31": "342.00000", "2012-12-31": "-604.00000", "2011-12-31": "-98.00000", "2010-12-31": "54.00000", "2009-12-31": "-243.00000", "2008-12-31": "-446.00000", "2007-12-31": "946.00000", "2006-12-31": "1597.00000", "2005-12-31": "-421.00000"}, "Net Change In Long-Term Investments": {"2020-12-31": "", "2019-12-31": "", "2018-12-31": "", "2017-12-31": "", "2016-12-31": "", "2015-12-31": "", "2014-12-31": "", "2013-12-31": "", "2012-12-31": "", "2011-12-31": "", "2010-12-31": "139.00000", "2009-12-31": "55.00000", "2008-12-31": "46.00000", "2007-12-31": "-19.00000", "2006-12-31": "-29.00000", "2005-12-31": "36.00000"}, "Net Change In Investments - Total": {"2020-12-31": "-241.00000", "2019-12-31": "-1135.00000", "2018-12-31": "1067.00000", "2017-12-31": "-460.00000", "2016-12-31": "-113.00000", "2015-12-31": "125.00000", "2014-12-31": "-141.00000", "2013-12-31": "342.00000", "2012-12-31": "-604.00000", "2011-12-31": "-98.00000", "2010-12-31": "193.00000", "2009-12-31": "-188.00000", "2008-12-31": "-400.00000", "2007-12-31": "927.00000", "2006-12-31": "1568.00000", "2005-12-31": "-385.00000"}, "Investing Activities - Other": {"2020-12-31": "-36.00000", "2019-12-31": "32.00000", "2018-12-31": "-23.00000", "2017-12-31": "-12.00000", "2016-12-31": "-6.00000", "2015-12-31": "14.00000", "2014-12-31": "7.00000", "2013-12-31": "46.00000", "2012-12-31": "60.00000", "2011-12-31": "151.00000", "2010-12-31": "", "2009-12-31": "", "2008-12-31": "", "2007-12-31": "", "2006-12-31": "", "2005-12-31": ""}, "Cash Flow From Investing Activities": {"2020-12-31": "-922.00000", "2019-12-31": "-1920.00000", "2018-12-31": "-78.00000", "2017-12-31": "-1127.00000", "2016-12-31": "-650.00000", "2015-12-31": "-302.00000", "2014-12-31": "-377.00000", "2013-12-31": "-3.00000", "2012-12-31": "-1039.00000", "2011-12-31": "-6172.00000", "2010-12-31": "-1057.00000", "2009-12-31": "-1096.00000", "2008-12-31": "-1182.00000", "2007-12-31": "215.00000", "2006-12-31": "3091.00000", "2005-12-31": "-1631.00000"}, "Net Long-Term Debt": {"2020-12-31": "998.00000", "2019-12-31": "741.00000", "2018-12-31": "1000.00000", "2017-12-31": "474.00000", "2016-12-31": "-501.00000", "2015-12-31": "-502.00000", "2014-12-31": "-502.00000", "2013-12-31": "-514.00000", "2012-12-31": "117.00000", "2011-12-31": "4497.00000", "2010-12-31": "", "2009-12-31": "", "2008-12-31": "", "2007-12-31": "-43.00000", "2006-12-31": "-586.00000", "2005-12-31": "-11.00000"}, "Net Current Debt": {"2020-12-31": "", "2019-12-31": "", "2018-12-31": "", "2017-12-31": "", "2016-12-31": "", "2015-12-31": "", "2014-12-31": "", "2013-12-31": "", "2012-12-31": "", "2011-12-31": "", "2010-12-31": "", "2009-12-31": "", "2008-12-31": "", "2007-12-31": "", "2006-12-31": "", "2005-12-31": "275.00000"}, "Debt Issuance/Retirement Net - Total": {"2020-12-31": "998.00000", "2019-12-31": "741.00000", "2018-12-31": "1000.00000", "2017-12-31": "474.00000", "2016-12-31": "-501.00000", "2015-12-31": "-502.00000", "2014-12-31": "-502.00000", "2013-12-31": "-514.00000", "2012-12-31": "117.00000", "2011-12-31": "4497.00000", "2010-12-31": "", "2009-12-31": "", "2008-12-31": "", "2007-12-31": "-43.00000", "2006-12-31": "-586.00000", "2005-12-31": "264.00000"}, "Net Common Equity Issued/Repurchased": {"2020-12-31": "-2083.00000", "2019-12-31": "-2421.00000", "2018-12-31": "-4727.00000", "2017-12-31": "-2073.00000", "2016-12-31": "-1660.00000", "2015-12-31": "-2345.00000", "2014-12-31": "-2277.00000", "2013-12-31": "-1554.00000", "2012-12-31": "-1277.00000", "2011-12-31": "-1283.00000", "2010-12-31": "-2047.00000", "2009-12-31": "-845.00000", "2008-12-31": "-1912.00000", "2007-12-31": "-4125.00000", "2006-12-31": "-4884.00000", "2005-12-31": "-3690.00000"}, "Net Total Equity Issued/Repurchased": {"2020-12-31": "-2083.00000", "2019-12-31": "-2421.00000", "2018-12-31": "-4727.00000", "2017-12-31": "-2073.00000", "2016-12-31": "-1660.00000", "2015-12-31": "-2345.00000", "2014-12-31": "-2277.00000", "2013-12-31": "-1554.00000", "2012-12-31": "-1277.00000", "2011-12-31": "-1283.00000", "2010-12-31": "-2047.00000", "2009-12-31": "-845.00000", "2008-12-31": "-1912.00000", "2007-12-31": "-4125.00000", "2006-12-31": "-4884.00000", "2005-12-31": "-3690.00000"}, "Total Common And Preferred Stock Dividends Paid": {"2020-12-31": "-3426.00000", "2019-12-31": "-3008.00000", "2018-12-31": "-2555.00000", "2017-12-31": "-2104.00000", "2016-12-31": "-1646.00000", "2015-12-31": "-1444.00000", "2014-12-31": "-1323.00000", "2013-12-31": "-1175.00000", "2012-12-31": "-819.00000", "2011-12-31": "-644.00000", "2010-12-31": "-592.00000", "2009-12-31": "-567.00000", "2008-12-31": "-537.00000", "2007-12-31": "-425.00000", "2006-12-31": "-199.00000", "2005-12-31": "-173.00000"}, "Financial Activities - Other": {"2020-12-31": "-36.00000", "2019-12-31": "-42.00000", "2018-12-31": "-47.00000", "2017-12-31": "-31.00000", "2016-12-31": "-3.00000", "2015-12-31": "-3.00000", "2014-12-31": "-3.00000", "2013-12-31": "73.00000", "2012-12-31": "28.00000", "2011-12-31": "19.00000", "2010-12-31": "13.00000", "2009-12-31": "1.00000", "2008-12-31": "19.00000", "2007-12-31": "116.00000", "2006-12-31": "100.00000", "2005-12-31": "59.00000"}, "Cash Flow From Financial Activities": {"2020-12-31": "-4547.00000", "2019-12-31": "-4730.00000", "2018-12-31": "-6329.00000", "2017-12-31": "-3734.00000", "2016-12-31": "-3810.00000", "2015-12-31": "-4294.00000", "2014-12-31": "-4105.00000", "2013-12-31": "-3170.00000", "2012-12-31": "-1951.00000", "2011-12-31": "2589.00000", "2010-12-31": "-2626.00000", "2009-12-31": "-1411.00000", "2008-12-31": "-2430.00000", "2007-12-31": "-4477.00000", "2006-12-31": "-5569.00000", "2005-12-31": "-3540.00000"}, "Net Cash Flow": {"2020-12-31": "670.00000", "2019-12-31": "-1.00000", "2018-12-31": "782.00000", "2017-12-31": "502.00000", "2016-12-31": "154.00000", "2015-12-31": "-199.00000", "2014-12-31": "-428.00000", "2013-12-31": "211.00000", "2012-12-31": "424.00000", "2011-12-31": "-327.00000", "2010-12-31": "137.00000", "2009-12-31": "136.00000", "2008-12-31": "-282.00000", "2007-12-31": "145.00000", "2006-12-31": "-31.00000", "2005-12-31": "-1449.00000"}, "Stock-Based Compensation": {"2020-12-31": "224.00000", "2019-12-31": "217.00000", "2018-12-31": "232.00000", "2017-12-31": "242.00000", "2016-12-31": "252.00000", "2015-12-31": "286.00000", "2014-12-31": "277.00000", "2013-12-31": "287.00000", "2012-12-31": "263.00000", "2011-12-31": "269.00000", "2010-12-31": "190.00000", "2009-12-31": "186.00000", "2008-12-31": "213.00000", "2007-12-31": "280.00000", "2006-12-31": "332.00000", "2005-12-31": "175.00000"}, "Common Stock Dividends Paid": {"2020-12-31": "-3426.00000", "2019-12-31": "-3008.00000", "2018-12-31": "-2555.00000", "2017-12-31": "-2104.00000", "2016-12-31": "-1646.00000", "2015-12-31": "-1444.00000", "2014-12-31": "-1323.00000", "2013-12-31": "-1175.00000", "2012-12-31": "-819.00000", "2011-12-31": "-644.00000", "2010-12-31": "-592.00000", "2009-12-31": "-567.00000", "2008-12-31": "-537.00000", "2007-12-31": "-425.00000", "2006-12-31": "-199.00000", "2005-12-31": "-173.00000"}}, "cash flow statement, quarterly": {"Net Income/Loss": {"2020-12-31": 1688, "2020-09-30": 1353, "2020-06-30": 1380, "2020-03-31": "1174.00000", "2019-12-31": 1070, "2019-09-30": 1425, "2019-06-30": 1305, "2019-03-31": "1217.00000", "2018-12-31": 1239, "2018-09-30": 1570, "2018-06-30": 1405, "2018-03-31": "1366.00000", "2017-12-31": 344, "2017-09-30": 1285, "2017-06-30": 1056, "2017-03-31": "997.00000", "2016-12-31": 1047, "2016-09-30": 1018, "2016-06-30": 819, "2016-03-31": "711.00000", "2015-12-31": 836, "2015-09-30": 798, "2015-06-30": 696, "2015-03-31": "656.00000", "2014-12-31": 825, "2014-09-30": 826, "2014-06-30": 683, "2014-03-31": "487.00000", "2013-12-31": 511, "2013-09-30": 629, "2013-06-30": 660, "2013-03-31": "362.00000", "2012-12-31": 264, "2012-09-30": 784, "2012-06-30": 446, "2012-03-31": "265.00000", "2011-12-31": 298, "2011-09-30": 600, "2011-06-30": 672, "2011-03-31": "666.00000", "2010-12-31": 942, "2010-09-30": 859, "2010-06-30": 769, "2010-03-31": "658.00000", "2009-12-31": 655, "2009-09-30": 538, "2009-06-30": 260, "2009-03-31": "17.00000", "2008-12-31": 107, "2008-09-30": 562, "2008-06-30": 589, "2008-03-31": "662.00000", "2007-12-31": 755, "2007-09-30": 776, "2007-06-30": 610, "2007-03-31": "516.00000", "2006-12-31": 668, "2006-09-30": 701, "2006-06-30": 2387, "2006-03-31": "585.00000", "2005-12-31": 655, "2005-09-30": 631, "2005-06-30": 627, "2005-03-31": "411.00000"}, "Total Depreciation And Amortization - Cash Flow": {"2020-12-31": 243, "2020-09-30": 250, "2020-06-30": 249, "2020-03-31": "250.00000", "2019-12-31": 250, "2019-09-30": 275, "2019-06-30": 267, "2019-03-31": "258.00000", "2018-12-31": 249, "2018-09-30": 243, "2018-06-30": 233, "2018-03-31": "229.00000", "2017-12-31": 224, "2017-09-30": 225, "2017-06-30": 225, "2017-03-31": "230.00000", "2016-12-31": 227, "2016-09-30": 237, "2016-06-30": 242, "2016-03-31": "249.00000", "2015-12-31": 261, "2015-09-30": 285, "2015-06-30": 291, "2015-03-31": "296.00000", "2014-12-31": 305, "2014-09-30": 308, "2014-06-30": 307, "2014-03-31": "310.00000", "2013-12-31": 313, "2013-09-30": 318, "2013-06-30": 321, "2013-03-31": "345.00000", "2012-12-31": 419, "2012-09-30": 327, "2012-06-30": 326, "2012-03-31": "329.00000", "2011-12-31": 425, "2011-09-30": 226, "2011-06-30": 226, "2011-03-31": "231.00000", "2010-12-31": 238, "2010-09-30": 224, "2010-06-30": 227, "2010-03-31": "224.00000", "2009-12-31": 223, "2009-09-30": 229, "2009-06-30": 233, "2009-03-31": "240.00000", "2008-12-31": 293, "2008-09-30": 260, "2008-06-30": 255, "2008-03-31": "251.00000", "2007-12-31": 262, "2007-09-30": 272, "2007-06-30": 270, "2007-03-31": "266.00000", "2006-12-31": 177, "2006-09-30": 307, "2006-06-30": 311, "2006-03-31": "316.00000", "2005-12-31": 256, "2005-09-30": 377, "2005-06-30": 383, "2005-03-31": "385.00000"}, "Other Non-Cash Items": {"2020-12-31": 19, "2020-09-30": -3, "2020-06-30": 38, "2020-03-31": "29.00000", "2019-12-31": 91, "2019-09-30": 44, "2019-06-30": 77, "2019-03-31": "63.00000", "2018-12-31": 16, "2018-09-30": -6, "2018-06-30": 75, "2018-03-31": "39.00000", "2017-12-31": 204, "2017-09-30": 52, "2017-06-30": 21, "2017-03-31": "77.00000", "2016-12-31": -34, "2016-09-30": -69, "2016-06-30": 17, "2016-03-31": "96.00000", "2015-12-31": 27, "2015-09-30": 16, "2015-06-30": 25, "2015-03-31": "78.00000", "2014-12-31": 54, "2014-09-30": 30, "2014-06-30": 18, "2014-03-31": "41.00000", "2013-12-31": 118, "2013-09-30": 80, "2013-06-30": 35, "2013-03-31": "98.00000", "2012-12-31": 58, "2012-09-30": 41, "2012-06-30": 85, "2012-03-31": "65.00000", "2011-12-31": 130, "2011-09-30": 94, "2011-06-30": 7, "2011-03-31": "88.00000", "2010-12-31": -240, "2010-09-30": 20, "2010-06-30": 42, "2010-03-31": "36.00000", "2009-12-31": 109, "2009-09-30": 117, "2009-06-30": 53, "2009-03-31": "53.00000", "2008-12-31": 28, "2008-09-30": -30, "2008-06-30": 47, "2008-03-31": "-14.00000", "2007-12-31": 70, "2007-09-30": 45, "2007-06-30": 69, "2007-03-31": "75.00000", "2006-12-31": 257, "2006-09-30": -61, "2006-06-30": -1688, "2006-03-31": "-79.00000", "2005-12-31": -130, "2005-09-30": 75, "2005-06-30": -195, "2005-03-31": "-99.00000"}, "Total Non-Cash Items": {"2020-12-31": 262, "2020-09-30": 247, "2020-06-30": 287, "2020-03-31": "279.00000", "2019-12-31": 341, "2019-09-30": 319, "2019-06-30": 344, "2019-03-31": "321.00000", "2018-12-31": 265, "2018-09-30": 237, "2018-06-30": 308, "2018-03-31": "268.00000", "2017-12-31": 428, "2017-09-30": 277, "2017-06-30": 246, "2017-03-31": "307.00000", "2016-12-31": 193, "2016-09-30": 168, "2016-06-30": 259, "2016-03-31": "345.00000", "2015-12-31": 288, "2015-09-30": 301, "2015-06-30": 316, "2015-03-31": "374.00000", "2014-12-31": 359, "2014-09-30": 338, "2014-06-30": 325, "2014-03-31": "351.00000", "2013-12-31": 431, "2013-09-30": 398, "2013-06-30": 356, "2013-03-31": "443.00000", "2012-12-31": 477, "2012-09-30": 368, "2012-06-30": 411, "2012-03-31": "394.00000", "2011-12-31": 555, "2011-09-30": 320, "2011-06-30": 233, "2011-03-31": "319.00000", "2010-12-31": -2, "2010-09-30": 244, "2010-06-30": 269, "2010-03-31": "260.00000", "2009-12-31": 332, "2009-09-30": 346, "2009-06-30": 286, "2009-03-31": "293.00000", "2008-12-31": 321, "2008-09-30": 230, "2008-06-30": 302, "2008-03-31": "237.00000", "2007-12-31": 332, "2007-09-30": 317, "2007-06-30": 339, "2007-03-31": "341.00000", "2006-12-31": 434, "2006-09-30": 246, "2006-06-30": -1377, "2006-03-31": "237.00000", "2005-12-31": 126, "2005-09-30": 452, "2005-06-30": 188, "2005-03-31": "286.00000"}, "Change In Accounts Receivable": {"2020-12-31": -22, "2020-09-30": -216, "2020-06-30": 140, "2020-03-31": "-242.00000", "2019-12-31": 268, "2019-09-30": 77, "2019-06-30": 21, "2019-03-31": "-233.00000", "2018-12-31": 378, "2018-09-30": -34, "2018-06-30": -97, "2018-03-31": "-176.00000", "2017-12-31": 299, "2017-09-30": -106, "2017-06-30": -132, "2017-03-31": "-68.00000", "2016-12-31": 166, "2016-09-30": -98, "2016-06-30": -76, "2016-03-31": "-100.00000", "2015-12-31": 318, "2015-09-30": -47, "2015-06-30": -40, "2015-03-31": "-154.00000", "2014-12-31": 223, "2014-09-30": 42, "2014-06-30": -165, "2014-03-31": "-149.00000", "2013-12-31": 318, "2013-09-30": -30, "2013-06-30": -160, "2013-03-31": "-112.00000", "2012-12-31": 381, "2012-09-30": 18, "2012-06-30": -151, "2012-03-31": "63.00000", "2011-12-31": 236, "2011-09-30": 22, "2011-06-30": -102, "2011-03-31": "-44.00000", "2010-12-31": 237, "2010-09-30": -29, "2010-06-30": -188, "2010-03-31": "-251.00000", "2009-12-31": 156, "2009-09-30": -186, "2009-06-30": -116, "2009-03-31": "-218.00000", "2008-12-31": 889, "2008-09-30": 36, "2008-06-30": -149, "2008-03-31": "89.00000", "2007-12-31": 284, "2007-09-30": -117, "2007-06-30": -144, "2007-03-31": "17.00000", "2006-12-31": 315, "2006-09-30": -149, "2006-06-30": -138, "2006-03-31": "-144.00000", "2005-12-31": 105, "2005-09-30": -19, "2005-06-30": -220, "2005-03-31": "7.00000"}, "Change In Inventories": {"2020-12-31": 117, "2020-09-30": 64, "2020-06-30": -133, "2020-03-31": "-2.00000", "2019-12-31": 39, "2019-09-30": 39, "2019-06-30": 52, "2019-03-31": "86.00000", "2018-12-31": -101, "2018-09-30": -26, "2018-06-30": -58, "2018-03-31": "-97.00000", "2017-12-31": -49, "2017-09-30": 39, "2017-06-30": -104, "2017-03-31": "-53.00000", "2016-12-31": 18, "2016-09-30": 68, "2016-06-30": -71, "2016-03-31": "-114.00000", "2015-12-31": 80, "2015-09-30": 114, "2015-06-30": -41, "2015-03-31": "-60.00000", "2014-12-31": -33, "2014-09-30": -7, "2014-06-30": -30, "2014-03-31": "17.00000", "2013-12-31": -5, "2013-09-30": -6, "2013-06-30": -20, "2013-03-31": "57.00000", "2012-12-31": 91, "2012-09-30": 37, "2012-06-30": -32, "2012-03-31": "-91.00000", "2011-12-31": 203, "2011-09-30": 22, "2011-06-30": -84, "2011-03-31": "-158.00000", "2010-12-31": -91, "2010-09-30": -66, "2010-06-30": -73, "2010-03-31": "-74.00000", "2009-12-31": -86, "2009-09-30": -53, "2009-06-30": 37, "2009-03-31": "279.00000", "2008-12-31": 200, "2008-09-30": 76, "2008-06-30": -73, "2008-03-31": "-160.00000", "2007-12-31": 32, "2007-09-30": -34, "2007-06-30": -15, "2007-03-31": "28.00000", "2006-12-31": 54, "2006-09-30": -156, "2006-06-30": -89, "2006-03-31": "-57.00000", "2005-12-31": -111, "2005-09-30": 42, "2005-06-30": 40, "2005-03-31": "6.00000"}, "Change In Accounts Payable": {"2020-12-31": 63, "2020-09-30": -73, "2020-06-30": 73, "2020-03-31": "", "2019-12-31": -93, "2019-09-30": 93, "2019-06-30": -93, "2019-03-31": "", "2018-12-31": -7, "2018-09-30": 0, "2018-06-30": 0, "2018-03-31": "", "2017-12-31": 19, "2017-09-30": -19, "2017-06-30": 0, "2017-03-31": "", "2016-12-31": 72, "2016-09-30": 0, "2016-06-30": 0, "2016-03-31": "", "2015-12-31": 0, "2015-09-30": 0, "2015-06-30": 0, "2015-03-31": "", "2014-12-31": 0, "2014-09-30": 0, "2014-06-30": 0, "2014-03-31": "", "2013-12-31": 0, "2013-09-30": 0, "2013-06-30": 0, "2013-03-31": "", "2012-12-31": 123, "2012-09-30": -9, "2012-06-30": -77, "2012-03-31": "-37.00000", "2011-12-31": -70, "2011-09-30": 95, "2011-06-30": 58, "2011-03-31": "-83.00000", "2010-12-31": -97, "2010-09-30": 115, "2010-06-30": 8, "2010-03-31": "-26.00000", "2009-12-31": -36, "2009-09-30": 54, "2009-06-30": 101, "2009-03-31": "-119.00000", "2008-12-31": 171, "2008-09-30": -24, "2008-06-30": 32, "2008-03-31": "-179.00000", "2007-12-31": -97, "2007-09-30": 154, "2007-06-30": 110, "2007-03-31": "-167.00000", "2006-12-31": -104, "2006-09-30": 81, "2006-06-30": 129, "2006-03-31": "-106.00000", "2005-12-31": -278, "2005-09-30": 247, "2005-06-30": 11, "2005-03-31": "20.00000"}, "Change In Assets/Liabilities": {"2020-12-31": -104, "2020-09-30": 24, "2020-06-30": 53, "2020-03-31": "-61.00000", "2019-12-31": -17, "2019-09-30": 61, "2019-06-30": 20, "2019-03-31": "230.00000", "2018-12-31": 111, "2018-09-30": 163, "2018-06-30": 90, "2018-03-31": "341.00000", "2017-12-31": 18, "2017-09-30": 62, "2017-06-30": 102, "2017-03-31": "-85.00000", "2016-12-31": -340, "2016-09-30": 119, "2016-06-30": 6, "2016-03-31": "61.00000", "2015-12-31": -83, "2015-09-30": 64, "2015-06-30": 17, "2015-03-31": "73.00000", "2014-12-31": -147, "2014-09-30": 128, "2014-06-30": 33, "2014-03-31": "-7.00000", "2013-12-31": -129, "2013-09-30": 277, "2013-06-30": -295, "2013-03-31": "39.00000", "2012-12-31": -175, "2012-09-30": 31, "2012-06-30": 77, "2012-03-31": "31.00000", "2011-12-31": -190, "2011-09-30": -8, "2011-06-30": -3, "2011-03-31": "-9.00000", "2010-12-31": -12, "2010-09-30": 23, "2010-06-30": -8, "2010-03-31": "15.00000", "2009-12-31": 40, "2009-09-30": 13, "2009-06-30": 15, "2009-03-31": "47.00000", "2008-12-31": -195, "2008-09-30": 100, "2008-06-30": -22, "2008-03-31": "-43.00000", "2007-12-31": 36, "2007-09-30": -4, "2007-06-30": -6, "2007-03-31": "-70.00000", "2006-12-31": -258, "2006-09-30": 25, "2006-06-30": 17, "2006-03-31": "-153.00000", "2005-12-31": 129, "2005-09-30": 140, "2005-06-30": 67, "2005-03-31": "-103.00000"}, "Total Change In Assets/Liabilities": {"2020-12-31": 240, "2020-09-30": -192, "2020-06-30": 26, "2020-03-31": "-511.00000", "2019-12-31": 368, "2019-09-30": 242, "2019-06-30": 183, "2019-03-31": "-451.00000", "2018-12-31": 627, "2018-09-30": 313, "2018-06-30": 184, "2018-03-31": "-486.00000", "2017-12-31": 1114, "2017-09-30": 192, "2017-06-30": -376, "2017-03-31": "-491.00000", "2016-12-31": 145, "2016-09-30": 299, "2016-06-30": 21, "2016-03-31": "-385.00000", "2015-12-31": 397, "2015-09-30": 314, "2015-06-30": -198, "2015-03-31": "-396.00000", "2014-12-31": 182, "2014-09-30": 200, "2014-06-30": -236, "2014-03-31": "-365.00000", "2013-12-31": 285, "2013-09-30": 147, "2013-06-30": -301, "2013-03-31": "-385.00000", "2012-12-31": 426, "2012-09-30": 31, "2012-06-30": -211, "2012-03-31": "-178.00000", "2011-12-31": 250, "2011-09-30": 204, "2011-06-30": -291, "2011-03-31": "-438.00000", "2010-12-31": 236, "2010-09-30": 215, "2010-06-30": -476, "2010-03-31": "-208.00000", "2009-12-31": 80, "2009-09-30": -50, "2009-06-30": 11, "2009-03-31": "-59.00000", "2008-12-31": 686, "2008-09-30": 254, "2008-06-30": -370, "2008-03-31": "-250.00000", "2007-12-31": 337, "2007-09-30": 438, "2007-06-30": -85, "2007-03-31": "-269.00000", "2006-12-31": -7, "2006-09-30": -600, "2006-06-30": -427, "2006-03-31": "-391.00000", "2005-12-31": 189, "2005-09-30": 303, "2005-06-30": -56, "2005-03-31": "-204.00000"}, "Cash Flow From Operating Activities": {"2020-12-31": 2125, "2020-09-30": 1443, "2020-06-30": 1720, "2020-03-31": "851.00000", "2019-12-31": 1754, "2019-09-30": 1992, "2019-06-30": 1796, "2019-03-31": "1107.00000", "2018-12-31": 2145, "2018-09-30": 2106, "2018-06-30": 1826, "2018-03-31": "1112.00000", "2017-12-31": 1929, "2017-09-30": 1722, "2017-06-30": 917, "2017-03-31": "795.00000", "2016-12-31": 1387, "2016-09-30": 1465, "2016-06-30": 1109, "2016-03-31": "653.00000", "2015-12-31": 1559, "2015-09-30": 1409, "2015-06-30": 820, "2015-03-31": "609.00000", "2014-12-31": 1434, "2014-09-30": 1383, "2014-06-30": 775, "2014-03-31": "462.00000", "2013-12-31": 1199, "2013-09-30": 1150, "2013-06-30": 675, "2013-03-31": "360.00000", "2012-12-31": 1085, "2012-09-30": 1205, "2012-06-30": 675, "2012-03-31": "449.00000", "2011-12-31": 971, "2011-09-30": 1140, "2011-06-30": 629, "2011-03-31": "516.00000", "2010-12-31": 1230, "2010-09-30": 1318, "2010-06-30": 562, "2010-03-31": "710.00000", "2009-12-31": 1001, "2009-09-30": 834, "2009-06-30": 557, "2009-03-31": "251.00000", "2008-12-31": 1114, "2008-09-30": 1046, "2008-06-30": 521, "2008-03-31": "649.00000", "2007-12-31": 1424, "2007-09-30": 1531, "2007-06-30": 898, "2007-03-31": "554.00000", "2006-12-31": 841, "2006-09-30": 426, "2006-06-30": 667, "2006-03-31": "522.00000", "2005-12-31": 880, "2005-09-30": 1466, "2005-06-30": 764, "2005-03-31": "498.00000"}, "Net Change In Property, Plant, And Equipment": {"2020-12-31": -211, "2020-09-30": -144, "2020-06-30": -129, "2020-03-31": "-161.00000", "2019-12-31": -163, "2019-09-30": -149, "2019-06-30": -256, "2019-03-31": "-249.00000", "2018-12-31": -314, "2018-09-30": -370, "2018-06-30": -249, "2018-03-31": "-189.00000", "2017-12-31": -231, "2017-09-30": -186, "2017-06-30": -151, "2017-03-31": "-87.00000", "2016-12-31": -110, "2016-09-30": -139, "2016-06-30": -158, "2016-03-31": "-124.00000", "2015-12-31": -64, "2015-09-30": -139, "2015-06-30": -116, "2015-03-31": "-122.00000", "2014-12-31": -29, "2014-09-30": -97, "2014-06-30": -77, "2014-03-31": "-40.00000", "2013-12-31": -107, "2013-09-30": -120, "2013-06-30": -98, "2013-03-31": "-66.00000", "2012-12-31": -96, "2012-09-30": -150, "2012-06-30": -146, "2012-03-31": "-103.00000", "2011-12-31": -153, "2011-09-30": -179, "2011-06-30": -274, "2011-03-31": "-194.00000", "2010-12-31": -153, "2010-09-30": -396, "2010-06-30": -283, "2010-03-31": "-219.00000", "2009-12-31": -436, "2009-09-30": -226, "2009-06-30": -48, "2009-03-31": "-43.00000", "2008-12-31": -77, "2008-09-30": -197, "2008-06-30": -270, "2008-03-31": "-219.00000", "2007-12-31": -181, "2007-09-30": -91, "2007-06-30": -174, "2007-03-31": "-179.00000", "2006-12-31": -200, "2006-09-30": -276, "2006-06-30": 2608, "2006-03-31": "-404.00000", "2005-12-31": -334, "2005-09-30": -440, "2005-06-30": -247, "2005-03-31": "-225.00000"}, "Net Change In Intangible Assets": {"2020-12-31": 0, "2020-09-30": 0, "2020-06-30": 0, "2020-03-31": "", "2019-12-31": 0, "2019-09-30": 0, "2019-06-30": 0, "2019-03-31": "", "2018-12-31": 0, "2018-09-30": 0, "2018-06-30": 0, "2018-03-31": "", "2017-12-31": 0, "2017-09-30": 0, "2017-06-30": 0, "2017-03-31": "", "2016-12-31": 0, "2016-09-30": 0, "2016-06-30": 0, "2016-03-31": "", "2015-12-31": 0, "2015-09-30": 0, "2015-06-30": 0, "2015-03-31": "", "2014-12-31": 0, "2014-09-30": 0, "2014-06-30": 0, "2014-03-31": "", "2013-12-31": 0, "2013-09-30": 0, "2013-06-30": 0, "2013-03-31": "", "2012-12-31": 0, "2012-09-30": 0, "2012-06-30": 0, "2012-03-31": "", "2011-12-31": 0, "2011-09-30": 0, "2011-06-30": 0, "2011-03-31": "", "2010-12-31": 0, "2010-09-30": 0, "2010-06-30": 0, "2010-03-31": "", "2009-12-31": 0, "2009-09-30": 0, "2009-06-30": 0, "2009-03-31": "", "2008-12-31": 0, "2008-09-30": 0, "2008-06-30": 0, "2008-03-31": "", "2007-12-31": 0, "2007-09-30": 0, "2007-06-30": 0, "2007-03-31": "", "2006-12-31": 0, "2006-09-30": 0, "2006-06-30": 0, "2006-03-31": "", "2005-12-31": 0, "2005-09-30": 0, "2005-06-30": 0, "2005-03-31": ""}, "Net Acquisitions/Divestitures": {"2020-12-31": 0, "2020-09-30": 0, "2020-06-30": 0, "2020-03-31": "", "2019-12-31": 0, "2019-09-30": 0, "2019-06-30": 0, "2019-03-31": "", "2018-12-31": 0, "2018-09-30": 0, "2018-06-30": 0, "2018-03-31": "", "2017-12-31": 0, "2017-09-30": 0, "2017-06-30": 0, "2017-03-31": "", "2016-12-31": 0, "2016-09-30": 0, "2016-06-30": 0, "2016-03-31": "", "2015-12-31": 0, "2015-09-30": 0, "2015-06-30": 0, "2015-03-31": "", "2014-12-31": 0, "2014-09-30": 0, "2014-06-30": 0, "2014-03-31": "", "2013-12-31": 0, "2013-09-30": 0, "2013-06-30": 0, "2013-03-31": "", "2012-12-31": 0, "2012-09-30": 0, "2012-06-30": 0, "2012-03-31": "", "2011-12-31": -35, "2011-09-30": -5390, "2011-06-30": 0, "2011-03-31": "", "2010-12-31": -140, "2010-09-30": -59, "2010-06-30": 0, "2010-03-31": "", "2009-12-31": 0, "2009-09-30": 0, "2009-06-30": -51, "2009-03-31": "-104.00000", "2008-12-31": 0, "2008-09-30": 0, "2008-06-30": -19, "2008-03-31": "", "2007-12-31": -56, "2007-09-30": -4, "2007-06-30": 0, "2007-03-31": "-27.00000", "2006-12-31": 0, "2006-09-30": 0, "2006-06-30": -28, "2006-03-31": "-177.00000", "2005-12-31": 0, "2005-09-30": 0, "2005-06-30": 0, "2005-03-31": ""}, "Net Change In Short-term Investments": {"2020-12-31": -764, "2020-09-30": -2030, "2020-06-30": 1561, "2020-03-31": "992.00000", "2019-12-31": -1765, "2019-09-30": -766, "2019-06-30": -39, "2019-03-31": "1435.00000", "2018-12-31": 1830, "2018-09-30": -1384, "2018-06-30": 162, "2018-03-31": "459.00000", "2017-12-31": -660, "2017-09-30": -298, "2017-06-30": 135, "2017-03-31": "363.00000", "2016-12-31": -567, "2016-09-30": -463, "2016-06-30": 217, "2016-03-31": "700.00000", "2015-12-31": -617, "2015-09-30": 521, "2015-06-30": -59, "2015-03-31": "280.00000", "2014-12-31": -462, "2014-09-30": -292, "2014-06-30": 879, "2014-03-31": "-266.00000", "2013-12-31": -45, "2013-09-30": -94, "2013-06-30": 402, "2013-03-31": "79.00000", "2012-12-31": -102, "2012-09-30": -1311, "2012-06-30": 438, "2012-03-31": "371.00000", "2011-12-31": -889, "2011-09-30": 863, "2011-06-30": -311, "2011-03-31": "239.00000", "2010-12-31": -310, "2010-09-30": -225, "2010-06-30": 420, "2010-03-31": "169.00000", "2009-12-31": -213, "2009-09-30": -740, "2009-06-30": 201, "2009-03-31": "509.00000", "2008-12-31": -1202, "2008-09-30": 49, "2008-06-30": 111, "2008-03-31": "596.00000", "2007-12-31": 1273, "2007-09-30": -542, "2007-06-30": 50, "2007-03-31": "165.00000", "2006-12-31": 1597, "2006-09-30": -4324, "2006-06-30": 1983, "2006-03-31": "2341.00000", "2005-12-31": -421, "2005-09-30": -2396, "2005-06-30": 1192, "2005-03-31": "1204.00000"}, "Net Change In Long-Term Investments": {"2020-12-31": 0, "2020-09-30": 0, "2020-06-30": 0, "2020-03-31": "", "2019-12-31": 0, "2019-09-30": 0, "2019-06-30": 0, "2019-03-31": "", "2018-12-31": 0, "2018-09-30": 0, "2018-06-30": 0, "2018-03-31": "", "2017-12-31": 0, "2017-09-30": 0, "2017-06-30": 0, "2017-03-31": "", "2016-12-31": 0, "2016-09-30": 0, "2016-06-30": 0, "2016-03-31": "", "2015-12-31": 0, "2015-09-30": 0, "2015-06-30": 0, "2015-03-31": "", "2014-12-31": 0, "2014-09-30": 0, "2014-06-30": 0, "2014-03-31": "", "2013-12-31": 0, "2013-09-30": 0, "2013-06-30": 0, "2013-03-31": "", "2012-12-31": -51, "2012-09-30": 20, "2012-06-30": 29, "2012-03-31": "2.00000", "2011-12-31": -71, "2011-09-30": 10, "2011-06-30": 43, "2011-03-31": "18.00000", "2010-12-31": 55, "2010-09-30": 18, "2010-06-30": 67, "2010-03-31": "-1.00000", "2009-12-31": -2, "2009-09-30": 16, "2009-06-30": 40, "2009-03-31": "1.00000", "2008-12-31": 6, "2008-09-30": 29, "2008-06-30": -3, "2008-03-31": "14.00000", "2007-12-31": -2, "2007-09-30": -11, "2007-06-30": -3, "2007-03-31": "-3.00000", "2006-12-31": -1368, "2006-09-30": 5568, "2006-06-30": -3078, "2006-03-31": "-1151.00000", "2005-12-31": -372, "2005-09-30": 1482, "2005-06-30": -254, "2005-03-31": "-820.00000"}, "Net Change In Investments - Total": {"2020-12-31": -764, "2020-09-30": -2030, "2020-06-30": 1561, "2020-03-31": "992.00000", "2019-12-31": -1765, "2019-09-30": -766, "2019-06-30": -39, "2019-03-31": "1435.00000", "2018-12-31": 1830, "2018-09-30": -1384, "2018-06-30": 162, "2018-03-31": "459.00000", "2017-12-31": -660, "2017-09-30": -298, "2017-06-30": 135, "2017-03-31": "363.00000", "2016-12-31": -567, "2016-09-30": -463, "2016-06-30": 217, "2016-03-31": "700.00000", "2015-12-31": -617, "2015-09-30": 521, "2015-06-30": -59, "2015-03-31": "280.00000", "2014-12-31": -462, "2014-09-30": -292, "2014-06-30": 879, "2014-03-31": "-266.00000", "2013-12-31": -45, "2013-09-30": -94, "2013-06-30": 402, "2013-03-31": "79.00000", "2012-12-31": -153, "2012-09-30": -1291, "2012-06-30": 467, "2012-03-31": "373.00000", "2011-12-31": -960, "2011-09-30": 873, "2011-06-30": -268, "2011-03-31": "257.00000", "2010-12-31": -255, "2010-09-30": -207, "2010-06-30": 487, "2010-03-31": "168.00000", "2009-12-31": -215, "2009-09-30": -724, "2009-06-30": 241, "2009-03-31": "510.00000", "2008-12-31": -1196, "2008-09-30": 78, "2008-06-30": 108, "2008-03-31": "610.00000", "2007-12-31": 1271, "2007-09-30": -553, "2007-06-30": 47, "2007-03-31": "162.00000", "2006-12-31": 229, "2006-09-30": 1244, "2006-06-30": -1095, "2006-03-31": "1190.00000", "2005-12-31": -793, "2005-09-30": -914, "2005-06-30": 938, "2005-03-31": "384.00000"}, "Investing Activities - Other": {"2020-12-31": -21, "2020-09-30": -15, "2020-06-30": 5, "2020-03-31": "-5.00000", "2019-12-31": 7, "2019-09-30": 1, "2019-06-30": 37, "2019-03-31": "-13.00000", "2018-12-31": -11, "2018-09-30": -14, "2018-06-30": 6, "2018-03-31": "-4.00000", "2017-12-31": -7, "2017-09-30": -4, "2017-06-30": 8, "2017-03-31": "-9.00000", "2016-12-31": -8, "2016-09-30": -1, "2016-06-30": 6, "2016-03-31": "-3.00000", "2015-12-31": 6, "2015-09-30": 7, "2015-06-30": 1, "2015-03-31": "", "2014-12-31": 0, "2014-09-30": 6, "2014-06-30": 0, "2014-03-31": "1.00000", "2013-12-31": 29, "2013-09-30": 3, "2013-06-30": 5, "2013-03-31": "9.00000", "2012-12-31": 60, "2012-09-30": 0, "2012-06-30": 0, "2012-03-31": "", "2011-12-31": 151, "2011-09-30": 0, "2011-06-30": 0, "2011-03-31": "", "2010-12-31": 0, "2010-09-30": 0, "2010-06-30": 0, "2010-03-31": "", "2009-12-31": 0, "2009-09-30": 0, "2009-06-30": 0, "2009-03-31": "", "2008-12-31": 0, "2008-09-30": 0, "2008-06-30": 0, "2008-03-31": "", "2007-12-31": 0, "2007-09-30": 0, "2007-06-30": 0, "2007-03-31": "", "2006-12-31": 0, "2006-09-30": 0, "2006-06-30": 0, "2006-03-31": "", "2005-12-31": 0, "2005-09-30": 0, "2005-06-30": 0, "2005-03-31": ""}, "Cash Flow From Investing Activities": {"2020-12-31": -996, "2020-09-30": -2189, "2020-06-30": 1437, "2020-03-31": "826.00000", "2019-12-31": -1921, "2019-09-30": -914, "2019-06-30": -258, "2019-03-31": "1173.00000", "2018-12-31": 1505, "2018-09-30": -1768, "2018-06-30": -81, "2018-03-31": "266.00000", "2017-12-31": -898, "2017-09-30": -488, "2017-06-30": -8, "2017-03-31": "267.00000", "2016-12-31": -685, "2016-09-30": -603, "2016-06-30": 65, "2016-03-31": "573.00000", "2015-12-31": -675, "2015-09-30": 389, "2015-06-30": -174, "2015-03-31": "158.00000", "2014-12-31": -491, "2014-09-30": -383, "2014-06-30": 802, "2014-03-31": "-305.00000", "2013-12-31": -123, "2013-09-30": -211, "2013-06-30": 309, "2013-03-31": "22.00000", "2012-12-31": -189, "2012-09-30": -1441, "2012-06-30": 321, "2012-03-31": "270.00000", "2011-12-31": -997, "2011-09-30": -4696, "2011-06-30": -542, "2011-03-31": "63.00000", "2010-12-31": -548, "2010-09-30": -662, "2010-06-30": 204, "2010-03-31": "-51.00000", "2009-12-31": -651, "2009-09-30": -950, "2009-06-30": 142, "2009-03-31": "363.00000", "2008-12-31": -1273, "2008-09-30": -119, "2008-06-30": -181, "2008-03-31": "391.00000", "2007-12-31": 1034, "2007-09-30": -648, "2007-06-30": -127, "2007-03-31": "-44.00000", "2006-12-31": 29, "2006-09-30": 968, "2006-06-30": 1485, "2006-03-31": "609.00000", "2005-12-31": -1127, "2005-09-30": -1354, "2005-06-30": 691, "2005-03-31": "159.00000"}, "Net Long-Term Debt": {"2020-12-31": 0, "2020-09-30": 0, "2020-06-30": 249, "2020-03-31": "749.00000", "2019-12-31": 0, "2019-09-30": -2, "2019-06-30": 0, "2019-03-31": "743.00000", "2018-12-31": 0, "2018-09-30": 0, "2018-06-30": 1000, "2018-03-31": "", "2017-12-31": 494, "2017-09-30": 0, "2017-06-30": 230, "2017-03-31": "-250.00000", "2016-12-31": 0, "2016-09-30": 0, "2016-06-30": -501, "2016-03-31": "", "2015-12-31": 0, "2015-09-30": -750, "2015-06-30": 248, "2015-03-31": "", "2014-12-31": 0, "2014-09-30": 0, "2014-06-30": -1000, "2014-03-31": "498.00000", "2013-12-31": 0, "2013-09-30": 0, "2013-06-30": -514, "2013-03-31": "", "2012-12-31": -1375, "2012-09-30": 1492, "2012-06-30": 0, "2012-03-31": "", "2011-12-31": -188, "2011-09-30": 1200, "2011-06-30": 3485, "2011-03-31": "", "2010-12-31": 0, "2010-09-30": 0, "2010-06-30": 0, "2010-03-31": "", "2009-12-31": 0, "2009-09-30": 0, "2009-06-30": 0, "2009-03-31": "", "2008-12-31": 0, "2008-09-30": 0, "2008-06-30": 0, "2008-03-31": "", "2007-12-31": 0, "2007-09-30": 0, "2007-06-30": -43, "2007-03-31": "", "2006-12-31": 0, "2006-09-30": -586, "2006-06-30": 0, "2006-03-31": "", "2005-12-31": -1, "2005-09-30": -10, "2005-06-30": 0, "2005-03-31": ""}, "Net Current Debt": {"2020-12-31": 0, "2020-09-30": 0, "2020-06-30": 0, "2020-03-31": "", "2019-12-31": 0, "2019-09-30": 0, "2019-06-30": 0, "2019-03-31": "", "2018-12-31": 0, "2018-09-30": 0, "2018-06-30": 0, "2018-03-31": "", "2017-12-31": 0, "2017-09-30": 0, "2017-06-30": 0, "2017-03-31": "", "2016-12-31": 0, "2016-09-30": 0, "2016-06-30": 0, "2016-03-31": "", "2015-12-31": 0, "2015-09-30": 0, "2015-06-30": 0, "2015-03-31": "", "2014-12-31": 0, "2014-09-30": 0, "2014-06-30": 0, "2014-03-31": "", "2013-12-31": 0, "2013-09-30": 0, "2013-06-30": 0, "2013-03-31": "", "2012-12-31": 1375, "2012-09-30": -500, "2012-06-30": -575, "2012-03-31": "-300.00000", "2011-12-31": 0, "2011-09-30": 0, "2011-06-30": 0, "2011-03-31": "", "2010-12-31": 0, "2010-09-30": 0, "2010-06-30": 0, "2010-03-31": "", "2009-12-31": 0, "2009-09-30": 0, "2009-06-30": 0, "2009-03-31": "", "2008-12-31": 0, "2008-09-30": 0, "2008-06-30": 0, "2008-03-31": "", "2007-12-31": 0, "2007-09-30": 0, "2007-06-30": 0, "2007-03-31": "", "2006-12-31": 0, "2006-09-30": 586, "2006-06-30": -275, "2006-03-31": "-311.00000", "2005-12-31": 275, "2005-09-30": 10, "2005-06-30": -10, "2005-03-31": ""}, "Debt Issuance/Retirement Net - Total": {"2020-12-31": 0, "2020-09-30": 0, "2020-06-30": 249, "2020-03-31": "749.00000", "2019-12-31": 0, "2019-09-30": -2, "2019-06-30": 0, "2019-03-31": "743.00000", "2018-12-31": 0, "2018-09-30": 0, "2018-06-30": 1000, "2018-03-31": "", "2017-12-31": 494, "2017-09-30": 0, "2017-06-30": 230, "2017-03-31": "-250.00000", "2016-12-31": 0, "2016-09-30": 0, "2016-06-30": -501, "2016-03-31": "", "2015-12-31": 0, "2015-09-30": -750, "2015-06-30": 248, "2015-03-31": "", "2014-12-31": 0, "2014-09-30": 0, "2014-06-30": -1000, "2014-03-31": "498.00000", "2013-12-31": 0, "2013-09-30": 0, "2013-06-30": -514, "2013-03-31": "", "2012-12-31": 0, "2012-09-30": 992, "2012-06-30": -575, "2012-03-31": "-300.00000", "2011-12-31": -188, "2011-09-30": 1200, "2011-06-30": 3485, "2011-03-31": "", "2010-12-31": 0, "2010-09-30": 0, "2010-06-30": 0, "2010-03-31": "", "2009-12-31": 0, "2009-09-30": 0, "2009-06-30": 0, "2009-03-31": "", "2008-12-31": 0, "2008-09-30": 0, "2008-06-30": 0, "2008-03-31": "", "2007-12-31": 0, "2007-09-30": 0, "2007-06-30": -43, "2007-03-31": "", "2006-12-31": 0, "2006-09-30": 0, "2006-06-30": -275, "2006-03-31": "-311.00000", "2005-12-31": 274, "2005-09-30": 0, "2005-06-30": -10, "2005-03-31": ""}, "Net Common Equity Issued/Repurchased": {"2020-12-31": 99, "2020-09-30": 108, "2020-06-30": -795, "2020-03-31": "-1495.00000", "2019-12-31": -441, "2019-09-30": -262, "2019-06-30": -717, "2019-03-31": "-1001.00000", "2018-12-31": -1971, "2018-09-30": -1145, "2018-06-30": -916, "2018-03-31": "-695.00000", "2017-12-31": -544, "2017-09-30": -574, "2017-06-30": -566, "2017-03-31": "-389.00000", "2016-12-31": -418, "2016-09-30": -346, "2016-06-30": -334, "2016-03-31": "-562.00000", "2015-12-31": -563, "2015-09-30": -755, "2015-06-30": -603, "2015-03-31": "-424.00000", "2014-12-31": -620, "2014-09-30": -602, "2014-06-30": -618, "2014-03-31": "-437.00000", "2013-12-31": -566, "2013-09-30": -385, "2013-06-30": -378, "2013-03-31": "-225.00000", "2012-12-31": -467, "2012-09-30": -537, "2012-06-30": -232, "2012-03-31": "-41.00000", "2011-12-31": -173, "2011-09-30": -417, "2011-06-30": -272, "2011-03-31": "-421.00000", "2010-12-31": -313, "2010-09-30": -559, "2010-06-30": -700, "2010-03-31": "-475.00000", "2009-12-31": -314, "2009-09-30": -217, "2009-06-30": -231, "2009-03-31": "-83.00000", "2008-12-31": -371, "2008-09-30": -399, "2008-06-30": -344, "2008-03-31": "-798.00000", "2007-12-31": -1811, "2007-09-30": -1243, "2007-06-30": -368, "2007-03-31": "-703.00000", "2006-12-31": -1073, "2006-09-30": -1613, "2006-06-30": -900, "2006-03-31": "-1298.00000", "2005-12-31": -742, "2005-09-30": -336, "2005-06-30": -1176, "2005-03-31": "-1436.00000"}, "Net Total Equity Issued/Repurchased": {"2020-12-31": 99, "2020-09-30": 108, "2020-06-30": -795, "2020-03-31": "-1495.00000", "2019-12-31": -441, "2019-09-30": -262, "2019-06-30": -717, "2019-03-31": "-1001.00000", "2018-12-31": -1971, "2018-09-30": -1145, "2018-06-30": -916, "2018-03-31": "-695.00000", "2017-12-31": -544, "2017-09-30": -574, "2017-06-30": -566, "2017-03-31": "-389.00000", "2016-12-31": -418, "2016-09-30": -346, "2016-06-30": -334, "2016-03-31": "-562.00000", "2015-12-31": -563, "2015-09-30": -755, "2015-06-30": -603, "2015-03-31": "-424.00000", "2014-12-31": -620, "2014-09-30": -602, "2014-06-30": -618, "2014-03-31": "-437.00000", "2013-12-31": -566, "2013-09-30": -385, "2013-06-30": -378, "2013-03-31": "-225.00000", "2012-12-31": -467, "2012-09-30": -537, "2012-06-30": -232, "2012-03-31": "-41.00000", "2011-12-31": -173, "2011-09-30": -417, "2011-06-30": -272, "2011-03-31": "-421.00000", "2010-12-31": -313, "2010-09-30": -559, "2010-06-30": -700, "2010-03-31": "-475.00000", "2009-12-31": -314, "2009-09-30": -217, "2009-06-30": -231, "2009-03-31": "-83.00000", "2008-12-31": -371, "2008-09-30": -399, "2008-06-30": -344, "2008-03-31": "-798.00000", "2007-12-31": -1811, "2007-09-30": -1243, "2007-06-30": -368, "2007-03-31": "-703.00000", "2006-12-31": -1073, "2006-09-30": -1613, "2006-06-30": -900, "2006-03-31": "-1298.00000", "2005-12-31": -742, "2005-09-30": -336, "2005-06-30": -1176, "2005-03-31": "-1436.00000"}, "Total Common And Preferred Stock Dividends Paid": {"2020-12-31": -937, "2020-09-30": -825, "2020-06-30": -823, "2020-03-31": "-841.00000", "2019-12-31": -841, "2019-09-30": -721, "2019-06-30": -722, "2019-03-31": "-724.00000", "2018-12-31": -736, "2018-09-30": -602, "2018-06-30": -606, "2018-03-31": "-611.00000", "2017-12-31": -611, "2017-09-30": -495, "2017-06-30": -498, "2017-03-31": "-500.00000", "2016-12-31": -499, "2016-09-30": -382, "2016-06-30": -382, "2016-03-31": "-383.00000", "2015-12-31": -386, "2015-09-30": -348, "2015-06-30": -354, "2015-03-31": "-356.00000", "2014-12-31": -356, "2014-09-30": -319, "2014-06-30": -323, "2014-03-31": "-325.00000", "2013-12-31": -326, "2013-09-30": -308, "2013-06-30": -309, "2013-03-31": "-232.00000", "2012-12-31": -235, "2012-09-30": -194, "2012-06-30": -195, "2012-03-31": "-195.00000", "2011-12-31": -193, "2011-09-30": -148, "2011-06-30": -150, "2011-03-31": "-153.00000", "2010-12-31": -153, "2010-09-30": -143, "2010-06-30": -147, "2010-03-31": "-149.00000", "2009-12-31": -149, "2009-09-30": -138, "2009-06-30": -139, "2009-03-31": "-141.00000", "2008-12-31": -141, "2008-09-30": -131, "2008-06-30": -132, "2008-03-31": "-133.00000", "2007-12-31": -138, "2007-09-30": -114, "2007-06-30": -115, "2007-03-31": "-58.00000", "2006-12-31": -58, "2006-09-30": -46, "2006-06-30": -47, "2006-03-31": "-48.00000", "2005-12-31": -48, "2005-09-30": -41, "2005-06-30": -41, "2005-03-31": "-43.00000"}, "Financial Activities - Other": {"2020-12-31": -6, "2020-09-30": -9, "2020-06-30": -12, "2020-03-31": "-9.00000", "2019-12-31": -7, "2019-09-30": -13, "2019-06-30": -6, "2019-03-31": "-16.00000", "2018-12-31": -7, "2018-09-30": -8, "2018-06-30": -21, "2018-03-31": "-11.00000", "2017-12-31": -10, "2017-09-30": -9, "2017-06-30": -8, "2017-03-31": "-4.00000", "2016-12-31": 0, "2016-09-30": 0, "2016-06-30": -3, "2016-03-31": "", "2015-12-31": -68, "2015-09-30": 4, "2015-06-30": 5, "2015-03-31": "56.00000", "2014-12-31": -74, "2014-09-30": 11, "2014-06-30": 15, "2014-03-31": "45.00000", "2013-12-31": 8, "2013-09-30": 9, "2013-06-30": 4, "2013-03-31": "52.00000", "2012-12-31": 12, "2012-09-30": -7, "2012-06-30": 5, "2012-03-31": "18.00000", "2011-12-31": -9, "2011-09-30": 1, "2011-06-30": 8, "2011-03-31": "19.00000", "2010-12-31": 10, "2010-09-30": 1, "2010-06-30": 2, "2010-03-31": "", "2009-12-31": 1, "2009-09-30": 0, "2009-06-30": 0, "2009-03-31": "", "2008-12-31": 2, "2008-09-30": 1, "2008-06-30": 3, "2008-03-31": "13.00000", "2007-12-31": 10, "2007-09-30": 16, "2007-06-30": 56, "2007-03-31": "34.00000", "2006-12-31": 15, "2006-09-30": 21, "2006-06-30": 57, "2006-03-31": "7.00000", "2005-12-31": 17, "2005-09-30": 42, "2005-06-30": 0, "2005-03-31": ""}, "Cash Flow From Financial Activities": {"2020-12-31": -844, "2020-09-30": -726, "2020-06-30": -1381, "2020-03-31": "-1596.00000", "2019-12-31": -1289, "2019-09-30": -998, "2019-06-30": -1445, "2019-03-31": "-998.00000", "2018-12-31": -2714, "2018-09-30": -1755, "2018-06-30": -543, "2018-03-31": "-1317.00000", "2017-12-31": -671, "2017-09-30": -1078, "2017-06-30": -842, "2017-03-31": "-1143.00000", "2016-12-31": -917, "2016-09-30": -728, "2016-06-30": -1220, "2016-03-31": "-945.00000", "2015-12-31": -1017, "2015-09-30": -1849, "2015-06-30": -704, "2015-03-31": "-724.00000", "2014-12-31": -1050, "2014-09-30": -910, "2014-06-30": -1926, "2014-03-31": "-219.00000", "2013-12-31": -884, "2013-09-30": -684, "2013-06-30": -1197, "2013-03-31": "-405.00000", "2012-12-31": -690, "2012-09-30": 254, "2012-06-30": -997, "2012-03-31": "-518.00000", "2011-12-31": -563, "2011-09-30": 636, "2011-06-30": 3071, "2011-03-31": "-555.00000", "2010-12-31": -456, "2010-09-30": -701, "2010-06-30": -845, "2010-03-31": "-624.00000", "2009-12-31": -462, "2009-09-30": -355, "2009-06-30": -370, "2009-03-31": "-224.00000", "2008-12-31": -510, "2008-09-30": -529, "2008-06-30": -473, "2008-03-31": "-918.00000", "2007-12-31": -1939, "2007-09-30": -1341, "2007-06-30": -470, "2007-03-31": "-727.00000", "2006-12-31": -1116, "2006-09-30": -1638, "2006-06-30": -1165, "2006-03-31": "-1650.00000", "2005-12-31": -499, "2005-09-30": -335, "2005-06-30": -1227, "2005-03-31": "-1479.00000"}, "Net Cash Flow": {"2020-12-31": 285, "2020-09-30": -1472, "2020-06-30": 1776, "2020-03-31": "81.00000", "2019-12-31": -1456, "2019-09-30": 80, "2019-06-30": 93, "2019-03-31": "1282.00000", "2018-12-31": 936, "2018-09-30": -1417, "2018-06-30": 1202, "2018-03-31": "61.00000", "2017-12-31": 360, "2017-09-30": 156, "2017-06-30": 67, "2017-03-31": "-81.00000", "2016-12-31": -215, "2016-09-30": 134, "2016-06-30": -46, "2016-03-31": "281.00000", "2015-12-31": -133, "2015-09-30": -51, "2015-06-30": -58, "2015-03-31": "43.00000", "2014-12-31": -107, "2014-09-30": 90, "2014-06-30": -349, "2014-03-31": "-62.00000", "2013-12-31": 192, "2013-09-30": 255, "2013-06-30": -213, "2013-03-31": "-23.00000", "2012-12-31": 206, "2012-09-30": 18, "2012-06-30": -1, "2012-03-31": "201.00000", "2011-12-31": -589, "2011-09-30": -2920, "2011-06-30": 3158, "2011-03-31": "24.00000", "2010-12-31": 226, "2010-09-30": -45, "2010-06-30": -79, "2010-03-31": "35.00000", "2009-12-31": -112, "2009-09-30": -471, "2009-06-30": 329, "2009-03-31": "390.00000", "2008-12-31": -669, "2008-09-30": 398, "2008-06-30": -133, "2008-03-31": "122.00000", "2007-12-31": 521, "2007-09-30": -459, "2007-06-30": 301, "2007-03-31": "-218.00000", "2006-12-31": -247, "2006-09-30": -248, "2006-06-30": 956, "2006-03-31": "-492.00000", "2005-12-31": -727, "2005-09-30": -187, "2005-06-30": 277, "2005-03-31": "-812.00000"}, "Stock-Based Compensation": {"2020-12-31": 42, "2020-09-30": 50, "2020-06-30": 69, "2020-03-31": "63.00000", "2019-12-31": 41, "2019-09-30": 48, "2019-06-30": 67, "2019-03-31": "61.00000", "2018-12-31": 42, "2018-09-30": 46, "2018-06-30": 74, "2018-03-31": "70.00000", "2017-12-31": 45, "2017-09-30": 54, "2017-06-30": 75, "2017-03-31": "68.00000", "2016-12-31": 48, "2016-09-30": 56, "2016-06-30": 76, "2016-03-31": "72.00000", "2015-12-31": 58, "2015-09-30": 66, "2015-06-30": 84, "2015-03-31": "78.00000", "2014-12-31": 60, "2014-09-30": 62, "2014-06-30": 77, "2014-03-31": "78.00000", "2013-12-31": 66, "2013-09-30": 71, "2013-06-30": 75, "2013-03-31": "75.00000", "2012-12-31": 64, "2012-09-30": 66, "2012-06-30": 64, "2012-03-31": "69.00000", "2011-12-31": 66, "2011-09-30": 93, "2011-06-30": 53, "2011-03-31": "57.00000", "2010-12-31": 47, "2010-09-30": 47, "2010-06-30": 49, "2010-03-31": "47.00000", "2009-12-31": 43, "2009-09-30": 46, "2009-06-30": 47, "2009-03-31": "50.00000", "2008-12-31": 51, "2008-09-30": 54, "2008-06-30": 54, "2008-03-31": "54.00000", "2007-12-31": 68, "2007-09-30": 66, "2007-06-30": 68, "2007-03-31": "78.00000", "2006-12-31": 332, "2006-09-30": 0, "2006-06-30": 0, "2006-03-31": "", "2005-12-31": 175, "2005-09-30": 0, "2005-06-30": 0, "2005-03-31": ""}, "Common Stock Dividends Paid": {"2020-12-31": -937, "2020-09-30": -825, "2020-06-30": -823, "2020-03-31": "-841.00000", "2019-12-31": -841, "2019-09-30": -721, "2019-06-30": -722, "2019-03-31": "-724.00000", "2018-12-31": -736, "2018-09-30": -602, "2018-06-30": -606, "2018-03-31": "-611.00000", "2017-12-31": -611, "2017-09-30": -495, "2017-06-30": -498, "2017-03-31": "-500.00000", "2016-12-31": -499, "2016-09-30": -382, "2016-06-30": -382, "2016-03-31": "-383.00000", "2015-12-31": -386, "2015-09-30": -348, "2015-06-30": -354, "2015-03-31": "-356.00000", "2014-12-31": -356, "2014-09-30": -319, "2014-06-30": -323, "2014-03-31": "-325.00000", "2013-12-31": -326, "2013-09-30": -308, "2013-06-30": -309, "2013-03-31": "-232.00000", "2012-12-31": -235, "2012-09-30": -194, "2012-06-30": -195, "2012-03-31": "-195.00000", "2011-12-31": -193, "2011-09-30": -148, "2011-06-30": -150, "2011-03-31": "-153.00000", "2010-12-31": -153, "2010-09-30": -143, "2010-06-30": -147, "2010-03-31": "-149.00000", "2009-12-31": -149, "2009-09-30": -138, "2009-06-30": -139, "2009-03-31": "-141.00000", "2008-12-31": -141, "2008-09-30": -131, "2008-06-30": -132, "2008-03-31": "-133.00000", "2007-12-31": -138, "2007-09-30": -114, "2007-06-30": -115, "2007-03-31": "-58.00000", "2006-12-31": -58, "2006-09-30": -46, "2006-06-30": -47, "2006-03-31": "-48.00000", "2005-12-31": -48, "2005-09-30": -41, "2005-06-30": -41, "2005-03-31": "-43.00000"}}, "financial ratios": {"Current Ratio": {"2020-12-31": "4.28410", "2019-12-31": "4.12670", "2018-12-31": "3.27280", "2017-12-31": "3.86800", "2016-12-31": "3.29370", "2015-12-31": "2.76870", "2014-12-31": "2.79190", "2013-12-31": "2.91920", "2012-12-31": "2.39940", "2011-12-31": "2.23720", "2010-12-31": "3.56390", "2009-12-31": "3.85260", "2008-12-31": "3.77940", "2007-12-31": "3.41630", "2006-12-31": "3.77960", "2005-12-31": "3.95960"}, "Long-term Debt / Capital": {"2020-12-31": "0.40480", "2019-12-31": "0.37320", "2018-12-31": "0.32440", "2017-12-31": "0.25710", "2016-12-31": "0.22140", "2015-12-31": "0.23880", "2014-12-31": "0.25890", "2013-12-31": "0.27780", "2012-12-31": "0.27640", "2011-12-31": "0.27770", "2010-12-31": "", "2009-12-31": "", "2008-12-31": "", "2007-12-31": "", "2006-12-31": "", "2005-12-31": "0.02680"}, "Debt/Equity Ratio": {"2020-12-31": "0.74000", "2019-12-31": "0.65150", "2018-12-31": "0.56350", "2017-12-31": "0.39440", "2016-12-31": "0.34460", "2015-12-31": "0.41420", "2014-12-31": "0.44570", "2013-12-31": "0.47730", "2012-12-31": "0.51870", "2011-12-31": "0.51060", "2010-12-31": "", "2009-12-31": "", "2008-12-31": "", "2007-12-31": "", "2006-12-31": "0.00380", "2005-12-31": "0.05280"}, "Gross Margin": {"2020-12-31": "64.09650", "2019-12-31": "63.71410", "2018-12-31": "65.11020", "2017-12-31": "64.26040", "2016-12-31": "61.75770", "2015-12-31": "58.26920", "2014-12-31": "56.93370", "2013-12-31": "52.14260", "2012-12-31": "49.65300", "2011-12-31": "49.30470", "2010-12-31": "53.64460", "2009-12-31": "47.94280", "2008-12-31": "49.95600", "2007-12-31": "53.26350", "2006-12-31": "50.92250", "2005-12-31": "48.77180"}, "Operating Margin": {"2020-12-31": "40.75790", "2019-12-31": "39.79000", "2018-12-31": "42.53040", "2017-12-31": "40.65910", "2016-12-31": "36.31260", "2015-12-31": "33.24620", "2014-12-31": "30.25680", "2013-12-31": "23.20360", "2012-12-31": "15.38400", "2011-12-31": "21.78380", "2010-12-31": "32.32140", "2009-12-31": "19.09470", "2008-12-31": "19.49440", "2007-12-31": "25.27650", "2006-12-31": "23.61980", "2005-12-31": "20.74590"}, "EBIT Margin": {"2020-12-31": "40.75790", "2019-12-31": "39.79000", "2018-12-31": "42.53040", "2017-12-31": "40.65910", "2016-12-31": "36.31260", "2015-12-31": "33.24620", "2014-12-31": "30.25680", "2013-12-31": "23.20360", "2012-12-31": "15.38400", "2011-12-31": "21.78380", "2010-12-31": "32.32140", "2009-12-31": "19.09470", "2008-12-31": "19.49440", "2007-12-31": "25.27650", "2006-12-31": "23.61980", "2005-12-31": "20.74590"}, "EBITDA Margin": {"2020-12-31": "47.61770", "2019-12-31": "47.09030", "2018-12-31": "48.57450", "2017-12-31": "46.70140", "2016-12-31": "43.45550", "2015-12-31": "41.96150", "2014-12-31": "39.68570", "2013-12-31": "33.83040", "2012-12-31": "26.30800", "2011-12-31": "29.85080", "2010-12-31": "38.85870", "2009-12-31": "27.96590", "2008-12-31": "27.96580", "2007-12-31": "33.01050", "2006-12-31": "31.41350", "2005-12-31": "32.10380"}, "Pre-Tax Profit Margin": {"2020-12-31": "41.60850", "2019-12-31": "39.82480", "2018-12-31": "42.35940", "2017-12-31": "40.63900", "2016-12-31": "36.87360", "2015-12-31": "32.43080", "2014-12-31": "29.69720", "2013-12-31": "22.56450", "2012-12-31": "15.08770", "2011-12-31": "21.51440", "2010-12-31": "32.58630", "2009-12-31": "19.34400", "2008-12-31": "19.84640", "2007-12-31": "26.68590", "2006-12-31": "25.42970", "2005-12-31": "22.33480"}, "Net Profit Margin": {"2020-12-31": "38.69030", "2019-12-31": "34.88150", "2018-12-31": "35.35230", "2017-12-31": "24.38340", "2016-12-31": "26.88860", "2015-12-31": "22.96920", "2014-12-31": "21.28790", "2013-12-31": "17.41090", "2012-12-31": "13.47370", "2011-12-31": "16.02480", "2010-12-31": "22.79820", "2009-12-31": "13.96380", "2008-12-31": "15.35880", "2007-12-31": "19.20490", "2006-12-31": "30.45250", "2005-12-31": "18.84070"}, "Asset Turnover": {"2020-12-31": "0.74730", "2019-12-31": "0.79830", "2018-12-31": "0.92100", "2017-12-31": "0.84800", "2016-12-31": "0.81370", "2015-12-31": "0.80100", "2014-12-31": "0.75090", "2013-12-31": "0.64450", "2012-12-31": "0.64060", "2011-12-31": "0.67010", "2010-12-31": "1.04220", "2009-12-31": "0.86040", "2008-12-31": "1.04850", "2007-12-31": "1.09220", "2006-12-31": "1.02330", "2005-12-31": "0.81890"}, "Inventory Turnover Ratio": {"2020-12-31": "2.65580", "2019-12-31": "2.60820", "2018-12-31": "2.48400", "2017-12-31": "2.73220", "2016-12-31": "2.85640", "2015-12-31": "3.20820", "2014-12-31": "3.14910", "2013-12-31": "3.37440", "2012-12-31": "3.67500", "2011-12-31": "3.89430", "2010-12-31": "4.25920", "2009-12-31": "4.51580", "2008-12-31": "4.54980", "2007-12-31": "4.55990", "2006-12-31": "4.86850", "2005-12-31": "5.33250"}, "Receiveable Turnover": {"2020-12-31": "10.22700", "2019-12-31": "13.39200", "2018-12-31": "13.07710", "2017-12-31": "11.70660", "2016-12-31": "10.55250", "2015-12-31": "11.15880", "2014-12-31": "10.46950", "2013-12-31": "10.14550", "2012-12-31": "10.42680", "2011-12-31": "8.89000", "2010-12-31": "9.20030", "2009-12-31": "8.16520", "2008-12-31": "13.69220", "2007-12-31": "7.94200", "2006-12-31": "8.03550", "2005-12-31": "7.48480"}, "Days Sales In Receivables": {"2020-12-31": "35.68980", "2019-12-31": "27.25510", "2018-12-31": "27.91150", "2017-12-31": "31.17910", "2016-12-31": "34.58900", "2015-12-31": "32.70960", "2014-12-31": "34.86320", "2013-12-31": "35.97670", "2012-12-31": "35.00590", "2011-12-31": "41.05750", "2010-12-31": "39.67280", "2009-12-31": "44.70170", "2008-12-31": "26.65750", "2007-12-31": "45.95810", "2006-12-31": "45.42340", "2005-12-31": "48.76530"}, "ROE - Return On Equity": {"2020-12-31": "60.90130", "2019-12-31": "56.32650", "2018-12-31": "62.04140", "2017-12-31": "35.61960", "2016-12-31": "34.32640", "2015-12-31": "30.02210", "2014-12-31": "27.15110", "2013-12-31": "20.00560", "2012-12-31": "16.04780", "2011-12-31": "20.41640", "2010-12-31": "30.92840", "2009-12-31": "15.12040", "2008-12-31": "20.58760", "2007-12-31": "26.47620", "2006-12-31": "23.22180", "2005-12-31": "18.20390"}, "Return On Tangible Equity": {"2020-12-31": "119.73040", "2019-12-31": "119.31030", "2018-12-31": "139.36060", "2017-12-31": "73.21540", "2016-12-31": "74.16960", "2015-12-31": "74.63130", "2014-12-31": "68.37130", "2013-12-31": "51.20800", "2012-12-31": "43.52880", "2011-12-31": "62.11110", "2010-12-31": "34.20580", "2009-12-31": "16.95110", "2008-12-31": "22.87080", "2007-12-31": "29.27290", "2006-12-31": "25.24400", "2005-12-31": "19.40180"}, "ROA - Return On Assets": {"2020-12-31": "28.91320", "2019-12-31": "27.84440", "2018-12-31": "32.56110", "2017-12-31": "20.87070", "2016-12-31": "21.87940", "2015-12-31": "18.39800", "2014-12-31": "16.23880", "2013-12-31": "11.41620", "2012-12-31": "8.78580", "2011-12-31": "10.90890", "2010-12-31": "24.08780", "2009-12-31": "12.12970", "2008-12-31": "16.10330", "2007-12-31": "20.84950", "2006-12-31": "18.93750", "2005-12-31": "14.42610"}, "ROI - Return On Investment": {"2020-12-31": "36.24880", "2019-12-31": "35.30610", "2018-12-31": "41.91390", "2017-12-31": "26.46260", "2016-12-31": "26.72660", "2015-12-31": "22.85320", "2014-12-31": "20.12130", "2013-12-31": "14.44700", "2012-12-31": "11.61290", "2011-12-31": "14.74640", "2010-12-31": "30.92840", "2009-12-31": "15.12040", "2008-12-31": "20.58760", "2007-12-31": "26.47620", "2006-12-31": "23.22180", "2005-12-31": "17.71560"}, "Book Value Per Share": {"2020-12-31": "9.99290", "2019-12-31": "9.55650", "2018-12-31": "9.51590", "2017-12-31": "10.51410", "2016-12-31": "10.51520", "2015-12-31": "9.83520", "2014-12-31": "9.92710", "2013-12-31": "9.98060", "2012-12-31": "9.89100", "2011-12-31": "9.61120", "2010-12-31": "8.94000", "2009-12-31": "7.83960", "2008-12-31": "7.29790", "2007-12-31": "7.42620", "2006-12-31": "7.83430", "2005-12-31": "7.47660"}, "Operating Cash Flow Per Share": {"2020-12-31": -0.4043, "2019-12-31": -0.2774, "2018-12-31": 1.9622, "2017-12-31": 0.7803, "2016-12-31": 0.3034, "2015-12-31": 0.462, "2014-12-31": 0.7133, "2013-12-31": 0.0613, "2012-12-31": 0.1986, "2011-12-31": -0.3687, "2010-12-31": 1.0665, "2009-12-31": -0.4381, "2008-12-31": -0.5311, "2007-12-31": 1.4775, "2006-12-31": -0.5848, "2005-12-31": 2.1592}, "Free Cash Flow Per Share": {"2020-12-31": -0.2376, "2019-12-31": -0.0022, "2018-12-31": 1.4761, "2017-12-31": 0.6532, "2016-12-31": 0.2061, "2015-12-31": 0.2642, "2014-12-31": 0.8396, "2013-12-31": 0.142, "2012-12-31": 0.4497, "2011-12-31": -0.1854, "2010-12-31": 0.7934, "2009-12-31": -0.4538, "2008-12-31": -0.6759, "2007-12-31": -0.063, "2006-12-31": 1.2686, "2005-12-31": 1.4135}}, "financial ratios, quarterly": {"Current Ratio": {"2020-12-31": "4.28410", "2020-09-30": "4.23750", "2020-06-30": "3.92420", "2020-03-31": "3.49010", "2019-12-31": "4.12670", "2019-09-30": "4.34130", "2019-06-30": "3.00680", "2019-03-31": "3.68270", "2018-12-31": "3.27280", "2018-09-30": "3.97480", "2018-06-30": "6.54300", "2018-03-31": "4.61830", "2017-12-31": "3.86800", "2017-09-30": "3.88860", "2017-06-30": "4.00160", "2017-03-31": "4.39450", "2016-12-31": "3.29370", "2016-09-30": "3.30920", "2016-06-30": "3.35960", "2016-03-31": "2.75170", "2015-12-31": "2.76870", "2015-09-30": "2.91560", "2015-06-30": "2.52430", "2015-03-31": "3.36480", "2014-12-31": "2.79190", "2014-09-30": "2.93450", "2014-06-30": "4.13530", "2014-03-31": "3.38320", "2013-12-31": "2.91920", "2013-09-30": "2.97500", "2013-06-30": "2.86870", "2013-03-31": "2.63830", "2012-12-31": "2.39940", "2012-09-30": "2.50630", "2012-06-30": "1.92440", "2012-03-31": "2.60950", "2011-12-31": "2.23720", "2011-09-30": "2.10360", "2011-06-30": "6.19510", "2011-03-31": "3.92860", "2010-12-31": "3.56390", "2010-09-30": "3.51900", "2010-06-30": "3.98570", "2010-03-31": "3.67830", "2009-12-31": "3.85260", "2009-09-30": "3.69310", "2009-06-30": "3.91010", "2009-03-31": "4.29840", "2008-12-31": "3.77940", "2008-09-30": "3.57420", "2008-06-30": "3.41480", "2008-03-31": "3.23320", "2007-12-31": "3.41630", "2007-09-30": "3.96500", "2007-06-30": "4.20460", "2007-03-31": "4.33480", "2006-12-31": "3.77960", "2006-09-30": "3.54920", "2006-06-30": "3.51850", "2006-03-31": "3.85540", "2005-12-31": "3.95960", "2005-09-30": "4.06550", "2005-06-30": "4.02800", "2005-03-31": "4.13630"}, "Long-term Debt / Capital": {"2020-12-31": "0.40480", "2020-09-30": "0.42870", "2020-06-30": "0.44960", "2020-03-31": "0.41560", "2019-12-31": "0.37320", "2019-09-30": "0.37110", "2019-06-30": "0.34940", "2019-03-31": "0.37250", "2018-12-31": "0.32440", "2018-09-30": "0.29110", "2018-06-30": "0.32270", "2018-03-31": "0.25160", "2017-12-31": "0.25710", "2017-09-30": "0.21920", "2017-06-30": "0.22360", "2017-03-31": "0.21880", "2016-12-31": "0.22140", "2016-09-30": "0.22450", "2016-06-30": "0.23000", "2016-03-31": "0.22680", "2015-12-31": "0.23880", "2015-09-30": "0.23900", "2015-06-30": "0.23500", "2015-03-31": "0.25970", "2014-12-31": "0.25890", "2014-09-30": "0.25810", "2014-06-30": "0.29570", "2014-03-31": "0.30460", "2013-12-31": "0.27780", "2013-09-30": "0.27350", "2013-06-30": "0.27340", "2013-03-31": "0.27640", "2012-12-31": "0.27640", "2012-09-30": "0.26870", "2012-06-30": "0.19500", "2012-03-31": "0.27540", "2011-12-31": "0.27770", "2011-09-30": "0.27660", "2011-06-30": "0.24290", "2011-03-31": "", "2010-12-31": "", "2010-09-30": "", "2010-06-30": "", "2010-03-31": "", "2009-12-31": "", "2009-09-30": "", "2009-06-30": "", "2009-03-31": "", "2008-12-31": "", "2008-09-30": "", "2008-06-30": "", "2008-03-31": "", "2007-12-31": "", "2007-09-30": "", "2007-06-30": "", "2007-03-31": "", "2006-12-31": "", "2006-09-30": "", "2006-06-30": "", "2006-03-31": "0.02750", "2005-12-31": "0.02680", "2005-09-30": "0.00460", "2005-06-30": "0.00480", "2005-03-31": "0.00460"}, "Debt/Equity Ratio": {"2020-12-31": "0.74000", "2020-09-30": "0.81650", "2020-06-30": "0.88910", "2020-03-31": "0.84690", "2019-12-31": "0.65150", "2019-09-30": "0.64560", "2019-06-30": "0.68430", "2019-03-31": "0.68170", "2018-12-31": "0.56350", "2018-09-30": "0.48180", "2018-06-30": "0.47640", "2018-03-31": "0.38320", "2017-12-31": "0.39440", "2017-09-30": "0.32610", "2017-06-30": "0.33460", "2017-03-31": "0.31560", "2016-12-31": "0.34460", "2016-09-30": "0.35110", "2016-06-30": "0.36260", "2016-03-31": "0.42100", "2015-12-31": "0.41420", "2015-09-30": "0.41440", "2015-06-30": "0.47860", "2015-03-31": "0.44730", "2014-12-31": "0.44570", "2014-09-30": "0.44360", "2014-06-30": "0.44410", "2014-03-31": "0.53220", "2013-12-31": "0.47730", "2013-09-30": "0.46700", "2013-06-30": "0.46670", "2013-03-31": "0.51890", "2012-12-31": "0.51870", "2012-09-30": "0.49900", "2012-06-30": "0.42150", "2012-03-31": "0.47740", "2011-12-31": "0.51060", "2011-09-30": "0.52610", "2011-06-30": "0.32080", "2011-03-31": "", "2010-12-31": "", "2010-09-30": "", "2010-06-30": "", "2010-03-31": "", "2009-12-31": "", "2009-09-30": "", "2009-06-30": "", "2009-03-31": "", "2008-12-31": "", "2008-09-30": "", "2008-06-30": "", "2008-03-31": "", "2007-12-31": "", "2007-09-30": "", "2007-06-30": "", "2007-03-31": "0.00380", "2006-12-31": "0.00380", "2006-09-30": "0.00360", "2006-06-30": "0.00340", "2006-03-31": "0.02830", "2005-12-31": "0.05280", "2005-09-30": "0.03020", "2005-06-30": "0.03150", "2005-03-31": "0.03130"}, "Gross Margin": {"2020-12-31": "64.91660", "2020-09-30": "64.26510", "2020-06-30": "64.27910", "2020-03-31": "62.72150", "2019-12-31": "62.59700", "2019-09-30": "64.86340", "2019-06-30": "64.34020", "2019-03-31": "62.91040", "2018-12-31": "64.75650", "2018-09-30": "65.80620", "2018-06-30": "65.19790", "2018-03-31": "64.58170", "2017-12-31": "65.06670", "2017-09-30": "64.52870", "2017-06-30": "64.28380", "2017-03-31": "63.02180", "2016-12-31": "62.59520", "2016-09-30": "62.14970", "2016-06-30": "61.31990", "2016-03-31": "60.80450", "2015-12-31": "58.98400", "2015-09-30": "58.23860", "2015-06-30": "58.19930", "2015-03-31": "57.65080", "2014-12-31": "57.96880", "2014-09-30": "58.38330", "2014-06-30": "57.13850", "2014-03-31": "53.87190", "2013-12-31": "54.17630", "2013-09-30": "54.83970", "2013-06-30": "51.52610", "2013-03-31": "47.62570", "2012-12-31": "48.53980", "2012-09-30": "51.32740", "2012-06-30": "49.50530", "2012-03-31": "49.05480", "2011-12-31": "45.24720", "2011-09-30": "50.31740", "2011-06-30": "50.69400", "2011-03-31": "50.94340", "2010-12-31": "53.04970", "2010-09-30": "54.51870", "2010-06-30": "54.17620", "2010-03-31": "52.69890", "2009-12-31": "52.86290", "2009-09-30": "51.42360", "2009-06-30": "45.74690", "2009-03-31": "38.63850", "2008-12-31": "44.03850", "2008-09-30": "48.50900", "2008-06-30": "52.19340", "2008-03-31": "53.66750", "2007-12-31": "55.21510", "2007-09-30": "54.16330", "2007-06-30": "52.10280", "2007-03-31": "51.30050", "2006-12-31": "50.47650", "2006-09-30": "51.36930", "2006-06-30": "51.58240", "2006-03-31": "50.15000", "2005-12-31": "49.83450", "2005-09-30": "50.61400", "2005-06-30": "47.99730", "2005-03-31": "46.04000"}, "Operating Margin": {"2020-12-31": "44.47990", "2020-09-30": "42.15350", "2020-06-30": "37.91290", "2020-03-31": "37.36860", "2019-12-31": "37.28360", "2019-09-30": "42.13740", "2019-06-30": "41.05780", "2019-03-31": "38.36950", "2018-12-31": "40.78560", "2018-09-30": "45.45880", "2018-06-30": "42.61890", "2018-03-31": "40.85510", "2017-12-31": "41.68000", "2017-09-30": "43.44020", "2017-06-30": "40.07580", "2017-03-31": "36.80190", "2016-12-31": "39.01580", "2016-09-30": "38.31290", "2016-06-30": "34.55550", "2016-03-31": "32.71280", "2015-12-31": "37.31580", "2015-09-30": "33.94580", "2015-06-30": "31.25000", "2015-03-31": "30.41270", "2014-12-31": "33.64940", "2014-09-30": "33.56180", "2014-06-30": "29.82990", "2014-03-31": "23.13110", "2013-12-31": "22.68080", "2013-09-30": "26.01730", "2013-06-30": "29.73420", "2013-03-31": "13.69150", "2012-12-31": "4.63240", "2012-09-30": "24.77880", "2012-06-30": "17.93100", "2012-03-31": "12.72030", "2011-12-31": "10.67560", "2011-09-30": "23.48530", "2011-06-30": "26.17120", "2011-03-31": "26.76890", "2010-12-31": "34.89360", "2010-09-30": "32.80750", "2010-06-30": "31.66480", "2010-03-31": "29.64120", "2009-12-31": "29.12780", "2009-09-30": "26.49310", "2009-06-30": "13.96010", "2009-03-31": "0.47940", "2008-12-31": "2.04740", "2008-09-30": "22.02540", "2008-06-30": "24.85830", "2008-03-31": "24.66380", "2007-12-31": "27.97300", "2007-09-30": "27.65490", "2007-06-30": "23.62730", "2007-03-31": "21.30990", "2006-12-31": "22.11960", "2006-09-30": "24.72750", "2006-06-30": "25.77770", "2006-03-31": "21.53570", "2005-12-31": "22.87090", "2005-09-30": "22.79130", "2005-06-30": "20.26250", "2005-03-31": "16.13620"}, "EBIT Margin": {"2020-12-31": "44.47990", "2020-09-30": "42.15350", "2020-06-30": "37.91290", "2020-03-31": "37.36860", "2019-12-31": "37.28360", "2019-09-30": "42.13740", "2019-06-30": "41.05780", "2019-03-31": "38.36950", "2018-12-31": "40.78560", "2018-09-30": "45.45880", "2018-06-30": "42.61890", "2018-03-31": "40.85510", "2017-12-31": "41.68000", "2017-09-30": "43.44020", "2017-06-30": "40.07580", "2017-03-31": "36.80190", "2016-12-31": "39.01580", "2016-09-30": "38.31290", "2016-06-30": "34.55550", "2016-03-31": "32.71280", "2015-12-31": "37.31580", "2015-09-30": "33.94580", "2015-06-30": "31.25000", "2015-03-31": "30.41270", "2014-12-31": "33.64940", "2014-09-30": "33.56180", "2014-06-30": "29.82990", "2014-03-31": "23.13110", "2013-12-31": "22.68080", "2013-09-30": "26.01730", "2013-06-30": "29.73420", "2013-03-31": "13.69150", "2012-12-31": "4.63240", "2012-09-30": "24.77880", "2012-06-30": "17.93100", "2012-03-31": "12.72030", "2011-12-31": "10.67560", "2011-09-30": "23.48530", "2011-06-30": "26.17120", "2011-03-31": "26.76890", "2010-12-31": "34.89360", "2010-09-30": "32.80750", "2010-06-30": "31.66480", "2010-03-31": "29.64120", "2009-12-31": "29.12780", "2009-09-30": "26.49310", "2009-06-30": "13.96010", "2009-03-31": "0.47940", "2008-12-31": "2.04740", "2008-09-30": "22.02540", "2008-06-30": "24.85830", "2008-03-31": "24.66380", "2007-12-31": "27.97300", "2007-09-30": "27.65490", "2007-06-30": "23.62730", "2007-03-31": "21.30990", "2006-12-31": "22.11960", "2006-09-30": "24.72750", "2006-06-30": "25.77770", "2006-03-31": "21.53570", "2005-12-31": "22.87090", "2005-09-30": "22.79130", "2005-06-30": "20.26250", "2005-03-31": "16.13620"}, "EBITDA Margin": {"2020-12-31": "", "2020-09-30": "", "2020-06-30": "", "2020-03-31": "", "2019-12-31": "", "2019-09-30": "", "2019-06-30": "", "2019-03-31": "", "2018-12-31": "", "2018-09-30": "", "2018-06-30": "", "2018-03-31": "", "2017-12-31": "", "2017-09-30": "", "2017-06-30": "", "2017-03-31": "", "2016-12-31": "", "2016-09-30": "", "2016-06-30": "", "2016-03-31": "", "2015-12-31": "", "2015-09-30": "", "2015-06-30": "", "2015-03-31": "", "2014-12-31": "", "2014-09-30": "", "2014-06-30": "", "2014-03-31": "", "2013-12-31": "", "2013-09-30": "", "2013-06-30": "", "2013-03-31": "", "2012-12-31": "", "2012-09-30": "", "2012-06-30": "", "2012-03-31": "", "2011-12-31": "", "2011-09-30": "", "2011-06-30": "", "2011-03-31": "", "2010-12-31": "", "2010-09-30": "", "2010-06-30": "", "2010-03-31": "", "2009-12-31": "", "2009-09-30": "", "2009-06-30": "", "2009-03-31": "", "2008-12-31": "", "2008-09-30": "", "2008-06-30": "", "2008-03-31": "", "2007-12-31": "", "2007-09-30": "", "2007-06-30": "", "2007-03-31": "", "2006-12-31": "", "2006-09-30": "", "2006-06-30": "", "2006-03-31": "", "2005-12-31": "", "2005-09-30": "", "2005-06-30": "", "2005-03-31": ""}, "Pre-Tax Profit Margin": {"2020-12-31": "47.27670", "2020-09-30": "41.57720", "2020-06-30": "39.48750", "2020-03-31": "36.76780", "2019-12-31": "37.52240", "2019-09-30": "41.89870", "2019-06-30": "41.27590", "2019-03-31": "38.31390", "2018-12-31": "40.43580", "2018-09-30": "45.15370", "2018-06-30": "42.46950", "2018-03-31": "40.98710", "2017-12-31": "41.33330", "2017-09-30": "43.46450", "2017-06-30": "40.23830", "2017-03-31": "36.89010", "2016-12-31": "43.84890", "2016-09-30": "37.57820", "2016-06-30": "33.66940", "2016-03-31": "31.58250", "2015-12-31": "35.71650", "2015-09-30": "33.47920", "2015-06-30": "30.60030", "2015-03-31": "29.84130", "2014-12-31": "33.25180", "2014-09-30": "32.99060", "2014-06-30": "29.19200", "2014-03-31": "22.49410", "2013-12-31": "22.51570", "2013-09-30": "25.15410", "2013-06-30": "28.94650", "2013-03-31": "12.96360", "2012-12-31": "5.16950", "2012-09-30": "24.86730", "2012-06-30": "17.27140", "2012-03-31": "11.59890", "2011-12-31": "10.17840", "2011-09-30": "22.50430", "2011-06-30": "26.28690", "2011-03-31": "27.06370", "2010-12-31": "35.40430", "2010-09-30": "33.02140", "2010-06-30": "31.77920", "2010-03-31": "29.85960", "2009-12-31": "29.32760", "2009-09-30": "26.56250", "2009-06-30": "14.48920", "2009-03-31": "0.71910", "2008-12-31": "1.40510", "2008-09-30": "22.32060", "2008-06-30": "25.36560", "2008-03-31": "25.67240", "2007-12-31": "29.29440", "2007-09-30": "29.10180", "2007-06-30": "25.26290", "2007-03-31": "22.53210", "2006-12-31": "24.11200", "2006-09-30": "26.16330", "2006-06-30": "28.10390", "2006-03-31": "23.00540", "2005-12-31": "24.34550", "2005-09-30": "24.19890", "2005-06-30": "22.08010", "2005-03-31": "17.83860"}, "Net Profit Margin": {"2020-12-31": "41.56040", "2020-09-30": "35.44670", "2020-06-30": "42.60570", "2020-03-31": "35.08560", "2019-12-31": "32.17910", "2019-09-30": "37.78840", "2019-06-30": "35.57800", "2019-03-31": "33.63940", "2018-12-31": "33.33330", "2018-09-30": "36.84580", "2018-06-30": "34.97640", "2018-03-31": "36.05170", "2017-12-31": "8.26670", "2017-09-30": "31.21960", "2017-06-30": "28.59460", "2017-03-31": "29.30630", "2016-12-31": "30.66780", "2016-09-30": "27.70070", "2016-06-30": "25.02290", "2016-03-31": "23.63700", "2015-12-31": "26.21510", "2015-09-30": "23.27210", "2015-06-30": "21.53470", "2015-03-31": "20.82540", "2014-12-31": "24.80880", "2014-09-30": "23.22190", "2014-06-30": "20.44350", "2014-03-31": "16.09120", "2013-12-31": "16.60610", "2013-09-30": "19.05060", "2013-06-30": "21.29960", "2013-03-31": "12.30500", "2012-12-31": "8.72780", "2012-09-30": "22.68440", "2012-06-30": "13.13340", "2012-03-31": "8.36270", "2011-12-31": "8.56980", "2011-09-30": "17.05140", "2011-06-30": "19.11510", "2011-03-31": "19.33960", "2010-12-31": "26.15600", "2010-09-30": "22.62030", "2010-06-30": "21.68190", "2010-03-31": "20.53040", "2009-12-31": "21.33820", "2009-09-30": "18.68060", "2009-06-30": "10.58200", "2009-03-31": "0.81500", "2008-12-31": "4.29550", "2008-09-30": "16.62240", "2008-06-30": "17.54700", "2008-03-31": "20.23230", "2007-12-31": "21.22580", "2007-09-30": "21.18480", "2007-06-30": "17.81540", "2007-03-31": "16.17050", "2006-12-31": "19.26080", "2006-09-30": "18.66530", "2006-06-30": "64.56590", "2006-03-31": "17.54650", "2005-12-31": "19.68100", "2005-09-30": "18.89790", "2005-06-30": "21.13770", "2005-03-31": "15.21100"}, "Asset Turnover": {"2020-12-31": "0.21060", "2020-09-30": "0.20960", "2020-06-30": "0.18570", "2020-03-31": "0.19260", "2019-12-31": "0.18590", "2019-09-30": "0.20960", "2019-06-30": "0.21100", "2019-03-31": "0.20600", "2018-12-31": "0.21690", "2018-09-30": "0.22940", "2018-06-30": "0.21680", "2018-03-31": "0.21640", "2017-12-31": "0.21260", "2017-09-30": "0.24310", "2017-06-30": "0.22470", "2017-03-31": "0.21290", "2016-12-31": "0.20780", "2016-09-30": "0.22660", "2016-06-30": "0.20860", "2016-03-31": "0.19180", "2015-12-31": "0.19650", "2015-09-30": "0.20730", "2015-06-30": "0.18430", "2015-03-31": "0.18160", "2014-12-31": "0.18820", "2014-09-30": "0.19560", "2014-06-30": "0.18480", "2014-03-31": "0.15750", "2013-12-31": "0.15990", "2013-09-30": "0.16860", "2013-06-30": "0.15710", "2013-03-31": "0.14640", "2012-12-31": "0.14880", "2012-09-30": "0.16530", "2012-06-30": "0.17080", "2012-03-31": "0.15600", "2011-12-31": "0.16680", "2011-09-30": "0.16580", "2011-06-30": "0.20220", "2011-03-31": "0.25480", "2010-12-31": "0.26300", "2010-09-30": "0.29570", "2010-06-30": "0.28740", "2010-03-31": "0.25910", "2009-12-31": "0.24790", "2009-09-30": "0.24200", "2009-06-30": "0.21350", "2009-03-31": "0.18110", "2008-12-31": "0.20890", "2008-09-30": "0.27170", "2008-06-30": "0.27060", "2008-03-31": "0.26520", "2007-12-31": "0.28080", "2007-09-30": "0.26690", "2007-06-30": "0.24420", "2007-03-31": "0.23210", "2006-12-31": "0.24860", "2006-09-30": "0.25440", "2006-06-30": "0.23210", "2006-03-31": "0.23750", "2005-12-31": "0.22060", "2005-09-30": "0.22280", "2005-06-30": "0.20510", "2005-03-31": "0.17960"}, "Inventory Turnover Ratio": {"2020-12-31": "0.73150", "2020-09-30": "0.65830", "2020-06-30": "0.54170", "2020-03-31": "0.61960", "2019-12-31": "0.62620", "2019-09-30": "0.64950", "2019-06-30": "0.62910", "2019-03-31": "0.62550", "2018-12-31": "0.59090", "2018-09-30": "0.68860", "2018-06-30": "0.66890", "2018-03-31": "0.66040", "2017-12-31": "0.66940", "2017-09-30": "0.76520", "2017-06-30": "0.67750", "2017-03-31": "0.68260", "2016-12-31": "0.71340", "2016-09-30": "0.76940", "2016-06-30": "0.67480", "2016-03-31": "0.65320", "2015-12-31": "0.77350", "2015-09-30": "0.80860", "2015-06-30": "0.71670", "2015-03-31": "0.72340", "2014-12-31": "0.77020", "2014-09-30": "0.83210", "2014-06-30": "0.80910", "2014-03-31": "0.80280", "2013-12-31": "0.80180", "2013-09-30": "0.84880", "2013-06-30": "0.85870", "2013-03-31": "0.88880", "2012-12-31": "0.87250", "2012-09-30": "0.89290", "2012-06-30": "0.89340", "2012-03-31": "0.85810", "2011-12-31": "1.04700", "2011-09-30": "0.87630", "2011-06-30": "0.96770", "2011-03-31": "0.99170", "2010-12-31": "1.08880", "2010-09-30": "1.19450", "2010-06-30": "1.18750", "2010-03-31": "1.18810", "2009-12-31": "1.17800", "2009-09-30": "1.25360", "2009-06-30": "1.25400", "2009-03-31": "1.16580", "2008-12-31": "1.01380", "2008-09-30": "1.10730", "2008-06-30": "0.97030", "2008-03-31": "0.96070", "2007-12-31": "1.12340", "2007-09-30": "1.15790", "2007-06-30": "1.15170", "2007-03-31": "1.10290", "2006-12-31": "1.19350", "2006-09-30": "1.22670", "2006-06-30": "1.34080", "2006-03-31": "1.33390", "2005-12-31": "1.40680", "2005-09-30": "1.42400", "2005-06-30": "1.28540", "2005-03-31": "1.17110"}, "Receiveable Turnover": {"2020-12-31": "2.88260", "2020-09-30": "2.74210", "2020-06-30": "2.75430", "2020-03-31": "2.52960", "2019-12-31": "3.11920", "2019-09-30": "2.81000", "2019-06-30": "2.58490", "2019-03-31": "2.49580", "2018-12-31": "3.07950", "2018-09-30": "2.68830", "2018-06-30": "2.58990", "2018-03-31": "2.60590", "2017-12-31": "2.93430", "2017-09-30": "2.61170", "2017-06-30": "2.51400", "2017-03-31": "2.54450", "2016-12-31": "2.69460", "2016-09-30": "2.53970", "2016-06-30": "2.42800", "2016-03-31": "2.37040", "2015-12-31": "2.73730", "2015-09-30": "2.31530", "2015-06-30": "2.25380", "2015-03-31": "2.25970", "2014-12-31": "2.62360", "2014-09-30": "2.37030", "2014-06-30": "2.15590", "2014-03-31": "2.20150", "2013-12-31": "2.51790", "2013-09-30": "2.12860", "2013-06-30": "2.04360", "2013-03-31": "2.16430", "2012-12-31": "2.42200", "2012-09-30": "2.08870", "2012-06-30": "2.04730", "2012-03-31": "2.11160", "2011-12-31": "2.21290", "2011-09-30": "1.94280", "2011-06-30": "2.06820", "2011-03-31": "2.16330", "2010-12-31": "2.32210", "2010-09-30": "2.13230", "2010-06-30": "2.03850", "2010-03-31": "2.10030", "2009-12-31": "2.35240", "2009-09-30": "2.00700", "2009-06-30": "1.97510", "2009-03-31": "1.85420", "2008-12-31": "2.72840", "2008-09-30": "1.90920", "2008-06-30": "1.85040", "2008-03-31": "1.96050", "2007-12-31": "2.04190", "2007-09-30": "1.81070", "2007-06-30": "1.80500", "2007-03-31": "1.81720", "2006-12-31": "1.95210", "2006-09-30": "1.80040", "2006-06-30": "1.91650", "2006-03-31": "1.85430", "2005-12-31": "2.01640", "2005-09-30": "1.74360", "2005-06-30": "1.56200", "2005-03-31": "1.59320"}, "Days Sales In Receivables": {"2020-12-31": "31.22180", "2020-09-30": "32.82160", "2020-06-30": "32.67680", "2020-03-31": "35.57830", "2019-12-31": "28.85370", "2019-09-30": "32.02860", "2019-06-30": "34.81730", "2019-03-31": "36.06010", "2018-12-31": "29.22520", "2018-09-30": "33.47810", "2018-06-30": "34.74980", "2018-03-31": "34.53680", "2017-12-31": "30.67200", "2017-09-30": "34.46060", "2017-06-30": "35.80020", "2017-03-31": "35.37040", "2016-12-31": "33.40070", "2016-09-30": "35.43670", "2016-06-30": "37.06690", "2016-03-31": "37.96880", "2015-12-31": "32.87870", "2015-09-30": "38.87140", "2015-06-30": "39.93190", "2015-03-31": "39.82860", "2014-12-31": "34.30410", "2014-09-30": "37.96920", "2014-06-30": "41.74670", "2014-03-31": "40.88170", "2013-12-31": "35.74450", "2013-09-30": "42.28110", "2013-06-30": "44.04000", "2013-03-31": "41.58410", "2012-12-31": "37.16010", "2012-09-30": "43.08850", "2012-06-30": "43.96100", "2012-03-31": "42.62100", "2011-12-31": "40.66980", "2011-09-30": "46.32430", "2011-06-30": "43.51650", "2011-03-31": "41.60380", "2010-12-31": "38.75750", "2010-09-30": "42.20860", "2010-06-30": "44.15050", "2010-03-31": "42.85180", "2009-12-31": "38.25900", "2009-09-30": "44.84380", "2009-06-30": "45.56780", "2009-03-31": "48.53790", "2008-12-31": "32.98680", "2008-09-30": "47.13910", "2008-06-30": "48.63920", "2008-03-31": "45.90770", "2007-12-31": "44.07650", "2007-09-30": "49.70520", "2007-06-30": "49.86270", "2007-03-31": "49.52680", "2006-12-31": "46.10450", "2006-09-30": "49.98940", "2006-06-30": "46.95970", "2006-03-31": "48.53630", "2005-12-31": "44.63440", "2005-09-30": "51.61730", "2005-06-30": "57.61700", "2005-03-31": "56.49150"}, "ROE - Return On Equity": {"2020-12-31": "18.37380", "2020-09-30": "16.25230", "2020-06-30": "18.05340", "2020-03-31": "15.17970", "2019-12-31": "12.01300", "2019-09-30": "15.85980", "2019-06-30": "15.37830", "2019-03-31": "14.28570", "2018-12-31": "13.77590", "2018-09-30": "14.92960", "2018-06-30": "13.21230", "2018-03-31": "12.83590", "2017-12-31": "3.32790", "2017-09-30": "11.69460", "2017-06-30": "9.86180", "2017-03-31": "9.37120", "2016-12-31": "9.99710", "2016-09-30": "9.89690", "2016-06-30": "8.22120", "2016-03-31": "7.26850", "2015-12-31": "8.40540", "2015-09-30": "8.00400", "2015-06-30": "6.82020", "2015-03-31": "6.32660", "2014-12-31": "7.94030", "2014-09-30": "7.88850", "2014-06-30": "6.52590", "2014-03-31": "4.58570", "2013-12-31": "4.72840", "2013-09-30": "5.69180", "2013-06-30": "5.96310", "2013-03-31": "3.30530", "2012-12-31": "2.40850", "2012-09-30": "6.87540", "2012-06-30": "3.99710", "2012-03-31": "2.39360", "2011-12-31": "2.71180", "2011-09-30": "5.45080", "2011-06-30": "6.16340", "2011-03-31": "6.29850", "2010-12-31": "9.02560", "2010-09-30": "8.62280", "2010-06-30": "7.88310", "2010-03-31": "6.71090", "2009-12-31": "6.73730", "2009-09-30": "5.70040", "2009-06-30": "2.82210", "2009-03-31": "0.18460", "2008-12-31": "1.14730", "2008-09-30": "5.57760", "2008-06-30": "5.88940", "2008-03-31": "6.71600", "2007-12-31": "7.54890", "2007-09-30": "6.80610", "2007-06-30": "5.34190", "2007-03-31": "4.57330", "2006-12-31": "5.90670", "2006-09-30": "5.70380", "2006-06-30": "5.77890", "2006-03-31": "4.82290", "2005-12-31": "5.21070", "2005-09-30": "5.01980", "2005-06-30": "5.09470", "2005-03-31": "3.11660"}, "Return On Tangible Equity": {"2020-12-31": "36.12240", "2020-09-30": "35.85060", "2020-06-30": "45.36490", "2020-03-31": "38.09220", "2019-12-31": "25.44590", "2019-09-30": "33.66410", "2019-06-30": "35.70450", "2019-03-31": "33.73060", "2018-12-31": "30.94410", "2018-09-30": "28.82320", "2018-06-30": "25.61530", "2018-03-31": "25.23090", "2017-12-31": "6.84030", "2017-09-30": "22.94230", "2017-06-30": "20.14880", "2017-03-31": "19.57590", "2016-12-31": "21.60100", "2016-09-30": "22.22710", "2016-06-30": "19.61210", "2016-03-31": "18.15170", "2015-12-31": "20.89480", "2015-09-30": "20.22300", "2015-06-30": "16.97150", "2015-03-31": "15.67500", "2014-12-31": "19.99520", "2014-09-30": "20.01450", "2014-06-30": "16.89760", "2014-03-31": "11.83190", "2013-12-31": "12.10330", "2013-09-30": "14.34760", "2013-06-30": "15.28490", "2013-03-31": "8.79280", "2012-12-31": "6.53300", "2012-09-30": "18.19870", "2012-06-30": "11.21450", "2012-03-31": "6.96640", "2011-12-31": "8.25000", "2011-09-30": "16.92480", "2011-06-30": "6.77690", "2011-03-31": "6.95130", "2010-12-31": "9.98200", "2010-09-30": "9.59780", "2010-06-30": "8.80670", "2010-03-31": "7.50460", "2009-12-31": "7.55300", "2009-09-30": "6.42460", "2009-06-30": "3.19530", "2009-03-31": "0.20790", "2008-12-31": "1.27460", "2008-09-30": "6.14960", "2008-06-30": "6.50730", "2008-03-31": "7.42650", "2007-12-31": "8.34630", "2007-09-30": "7.40740", "2007-06-30": "5.80070", "2007-03-31": "4.98070", "2006-12-31": "6.42110", "2006-09-30": "6.17800", "2006-06-30": "6.22110", "2006-03-31": "5.25500", "2005-12-31": "5.55360", "2005-09-30": "5.37470", "2005-06-30": "5.47380", "2005-03-31": "3.34080"}, "ROA - Return On Assets": {"2020-12-31": "8.72310", "2020-09-30": "7.43120", "2020-06-30": "7.91060", "2020-03-31": "6.79280", "2019-12-31": "5.93850", "2019-09-30": "7.92020", "2019-06-30": "7.50690", "2019-03-31": "6.97700", "2018-12-31": "7.23000", "2018-09-30": "8.45310", "2018-06-30": "7.58350", "2018-03-31": "7.80260", "2017-12-31": "1.94990", "2017-09-30": "7.59050", "2017-06-30": "6.42410", "2017-03-31": "6.23980", "2016-12-31": "6.37210", "2016-09-30": "6.27780", "2016-06-30": "5.21890", "2016-03-31": "4.53270", "2015-12-31": "5.15100", "2015-09-30": "4.82470", "2015-06-30": "3.96990", "2015-03-31": "3.78190", "2014-12-31": "4.74900", "2014-09-30": "4.61450", "2014-06-30": "3.83490", "2014-03-31": "2.57200", "2013-12-31": "2.69830", "2013-09-30": "3.26860", "2013-06-30": "3.40240", "2013-03-31": "1.83750", "2012-12-31": "1.31860", "2012-09-30": "3.82180", "2012-06-30": "2.28470", "2012-03-31": "1.32440", "2011-12-31": "1.44900", "2011-09-30": "2.87460", "2011-06-30": "3.93030", "2011-03-31": "5.00380", "2010-12-31": "7.02930", "2010-09-30": "6.79110", "2010-06-30": "6.32190", "2010-03-31": "5.31930", "2009-12-31": "5.40470", "2009-09-30": "4.51990", "2009-06-30": "2.25890", "2009-03-31": "0.14760", "2008-12-31": "0.89740", "2008-09-30": "4.51630", "2008-06-30": "4.74880", "2008-03-31": "5.36550", "2007-12-31": "5.94460", "2007-09-30": "5.52320", "2007-06-30": "4.37950", "2007-03-31": "3.75270", "2006-12-31": "4.81690", "2006-09-30": "4.63980", "2006-06-30": "4.63960", "2006-03-31": "3.86090", "2005-12-31": "4.12930", "2005-09-30": "3.97760", "2005-06-30": "4.03150", "2005-03-31": "2.46590"}, "ROI - Return On Investment": {"2020-12-31": "10.93620", "2020-09-30": "9.28490", "2020-06-30": "9.93590", "2020-03-31": "8.87180", "2019-12-31": "7.52990", "2019-09-30": "9.97410", "2019-06-30": "10.00460", "2019-03-31": "8.96430", "2018-12-31": "9.30670", "2018-09-30": "10.58380", "2018-06-30": "8.94900", "2018-03-31": "9.60620", "2017-12-31": "2.47230", "2017-09-30": "9.13160", "2017-06-30": "7.65660", "2017-03-31": "7.32070", "2016-12-31": "7.78380", "2016-09-30": "7.67550", "2016-06-30": "6.33070", "2016-03-31": "5.62010", "2015-12-31": "6.39830", "2015-09-30": "6.09070", "2015-06-30": "5.21780", "2015-03-31": "4.68340", "2014-12-31": "5.88450", "2014-09-30": "5.85230", "2014-06-30": "4.59620", "2014-03-31": "3.18880", "2013-12-31": "3.41460", "2013-09-30": "4.13490", "2013-06-30": "4.33270", "2013-03-31": "2.39180", "2012-12-31": "1.74290", "2012-09-30": "5.02790", "2012-06-30": "3.21770", "2012-03-31": "1.73450", "2011-12-31": "1.95870", "2011-09-30": "3.94330", "2011-06-30": "4.66630", "2011-03-31": "6.29850", "2010-12-31": "9.02560", "2010-09-30": "8.62280", "2010-06-30": "7.88310", "2010-03-31": "6.71090", "2009-12-31": "6.73730", "2009-09-30": "5.70040", "2009-06-30": "2.82210", "2009-03-31": "0.18460", "2008-12-31": "1.14730", "2008-09-30": "5.57760", "2008-06-30": "5.88940", "2008-03-31": "6.71600", "2007-12-31": "7.54890", "2007-09-30": "6.80610", "2007-06-30": "5.34190", "2007-03-31": "4.57330", "2006-12-31": "5.90670", "2006-09-30": "5.70380", "2006-06-30": "5.77890", "2006-03-31": "4.69020", "2005-12-31": "5.07090", "2005-09-30": "4.99660", "2005-06-30": "5.07030", "2005-03-31": "3.10230"}, "Book Value Per Share": {"2020-12-31": "9.99290", "2020-09-30": "9.07220", "2020-06-30": "8.34870", "2020-03-31": "8.39300", "2019-12-31": "9.55650", "2019-09-30": "9.60780", "2019-06-30": "9.08020", "2019-03-31": "9.07440", "2018-12-31": "9.51590", "2018-09-30": "10.89900", "2018-06-30": "10.91380", "2018-03-31": "10.84020", "2017-12-31": "10.51410", "2017-09-30": "11.14000", "2017-06-30": "10.79740", "2017-03-31": "10.66320", "2016-12-31": "10.51520", "2016-09-30": "10.27450", "2016-06-30": "9.92880", "2016-03-31": "9.71810", "2015-12-31": "9.83520", "2015-09-30": "9.77810", "2015-06-30": "9.86850", "2015-03-31": "9.92810", "2014-12-31": "9.92710", "2014-09-30": "9.91290", "2014-06-30": "9.80370", "2014-03-31": "9.83920", "2013-12-31": "9.98060", "2013-09-30": "10.09630", "2013-06-30": "10.05110", "2013-03-31": "9.87420", "2012-12-31": "9.89100", "2012-09-30": "10.17400", "2012-06-30": "9.80700", "2012-03-31": "9.67450", "2011-12-31": "9.61120", "2011-09-30": "9.64950", "2011-06-30": "9.43720", "2011-03-31": "9.10630", "2010-12-31": "8.94000", "2010-09-30": "8.48440", "2010-06-30": "8.16180", "2010-03-31": "8.02220", "2009-12-31": "7.83960", "2009-09-30": "7.53310", "2009-06-30": "7.30370", "2009-03-31": "7.23230", "2008-12-31": "7.29790", "2008-09-30": "7.78600", "2008-06-30": "7.61630", "2008-03-31": "7.45200", "2007-12-31": "7.42620", "2007-09-30": "7.96520", "2007-06-30": "8.04290", "2007-03-31": "7.86980", "2006-12-31": "7.83430", "2006-09-30": "8.10500", "2006-06-30": "8.34410", "2006-03-31": "7.21290", "2005-12-31": "7.47660", "2005-09-30": "7.33780", "2005-06-30": "7.06260", "2005-03-31": "7.16170"}, "Operating Cash Flow Per Share": {"2020-12-31": 2.2591, "2020-09-30": 1.5473, "2020-06-30": 1.8711, "2020-03-31": "0.90240", "2019-12-31": 1.8316, "2019-09-30": 2.1064, "2019-06-30": 1.8882, "2019-03-31": "1.15800", "2018-12-31": 2.1615, "2018-09-30": 2.1533, "2018-06-30": 1.8403, "2018-03-31": "1.10650", "2017-12-31": 1.8927, "2017-09-30": 1.72, "2017-06-30": 0.9065, "2017-03-31": "0.78020", "2016-12-31": 1.3647, "2016-09-30": 1.4269, "2016-06-30": 1.0886, "2016-03-31": "0.63890", "2015-12-31": 1.4737, "2015-09-30": 1.3823, "2015-06-30": 0.7857, "2015-03-31": "0.57400", "2014-12-31": 1.3142, "2014-09-30": 1.3005, "2014-06-30": 0.7175, "2014-03-31": "0.42150", "2013-12-31": 1.0737, "2013-09-30": 1.0401, "2013-06-30": 0.606, "2013-03-31": "0.32060", "2012-12-31": 0.9379, "2012-09-30": 1.0672, "2012-06-30": 0.5886, "2012-03-31": "0.38540", "2011-12-31": 0.8056, "2011-09-30": 1.0046, "2011-06-30": 0.5381, "2011-03-31": "0.43220", "2010-12-31": 0.9836, "2010-09-30": 1.1238, "2010-06-30": 0.472, "2010-03-31": "0.56980", "2009-12-31": 0.7877, "2009-09-30": 0.6598, "2009-06-30": 0.4386, "2009-03-31": "0.19660", "2008-12-31": 0.8356, "2008-09-30": 0.8108, "2008-06-30": 0.3919, "2008-03-31": "0.48250", "2007-12-31": 0.9918, "2007-09-30": 1.0717, "2007-06-30": 0.6115, "2007-03-31": "0.37690", "2006-12-31": 0.5237, "2006-09-30": 0.301, "2006-06-30": 0.4271, "2006-03-31": "0.32260", "2005-12-31": 0.5188, "2005-09-30": 0.8843, "2005-06-30": 0.4691, "2005-03-31": "0.28700"}, "Free Cash Flow Per Share": {"2020-12-31": 2.0349, "2020-09-30": 1.393, "2020-06-30": 1.7289, "2020-03-31": "0.73170", "2019-12-31": 1.6619, "2019-09-30": 1.9479, "2019-06-30": 1.6188, "2019-03-31": "0.89750", "2018-12-31": 1.8452, "2018-09-30": 1.7756, "2018-06-30": 1.5891, "2018-03-31": "0.91840", "2017-12-31": 1.6661, "2017-09-30": 1.5339, "2017-06-30": 0.7574, "2017-03-31": "0.69480", "2016-12-31": 1.2561, "2016-09-30": 1.2919, "2016-06-30": 0.9334, "2016-03-31": "0.51760", "2015-12-31": 1.4151, "2015-09-30": 1.2446, "2015-06-30": 0.6742, "2015-03-31": "0.45900", "2014-12-31": 1.2885, "2014-09-30": 1.2089, "2014-06-30": 0.6463, "2014-03-31": "0.38500", "2013-12-31": 0.978, "2013-09-30": 0.9313, "2013-06-30": 0.518, "2013-03-31": "0.26180", "2012-12-31": 0.8556, "2012-09-30": 0.9333, "2012-06-30": 0.4612, "2012-03-31": "0.29700", "2011-12-31": 0.6817, "2011-09-30": 0.842, "2011-06-30": 0.304, "2011-03-31": "0.26970", "2010-12-31": 0.8681, "2010-09-30": 0.7841, "2010-06-30": 0.2365, "2010-03-31": "0.39410", "2009-12-31": 0.4444, "2009-09-30": 0.4813, "2009-06-30": 0.4008, "2009-03-31": "0.16290", "2008-12-31": 0.7797, "2008-09-30": 0.6545, "2008-06-30": 0.1893, "2008-03-31": "0.31970", "2007-12-31": 0.8656, "2007-09-30": 1.0054, "2007-06-30": 0.493, "2007-03-31": "0.25510", "2006-12-31": 0.377, "2006-09-30": 0.1658, "2006-06-30": 2.0664, "2006-03-31": "0.07290", "2005-12-31": 0.3215, "2005-09-30": 0.6187, "2005-06-30": 0.316, "2005-03-31": "0.15730"}}, "revenue": {"Texas Instruments Annual Revenue (Millions of US $)": {"2020": "$14,461", "2019": "$14,383", "2018": "$15,784", "2017": "$14,961", "2016": "$13,370", "2015": "$13,000", "2014": "$13,045", "2013": "$12,205", "2012": "$12,825", "2011": "$13,735", "2010": "$13,966", "2009": "$10,427", "2008": "$12,501", "2007": "$13,835", "2006": "$14,255", "2005": "$12,335"}, "Texas Instruments Quarterly Revenue (Millions of US $)": {"2020-12-31": "$4,076", "2020-09-30": "$3,817", "2020-06-30": "$3,239", "2020-03-31": "$3,329", "2019-12-31": "$3,350", "2019-09-30": "$3,771", "2019-06-30": "$3,668", "2019-03-31": "$3,594", "2018-12-31": "$3,717", "2018-09-30": "$4,261", "2018-06-30": "$4,017", "2018-03-31": "$3,789", "2017-12-31": "$3,750", "2017-09-30": "$4,116", "2017-06-30": "$3,693", "2017-03-31": "$3,402", "2016-12-31": "$3,414", "2016-09-30": "$3,675", "2016-06-30": "$3,273", "2016-03-31": "$3,008", "2015-12-31": "$3,189", "2015-09-30": "$3,429", "2015-06-30": "$3,232", "2015-03-31": "$3,150", "2014-12-31": "$3,269", "2014-09-30": "$3,501", "2014-06-30": "$3,292", "2014-03-31": "$2,983", "2013-12-31": "$3,029", "2013-09-30": "$3,244", "2013-06-30": "$3,047", "2013-03-31": "$2,885", "2012-12-31": "$2,979", "2012-09-30": "$3,390", "2012-06-30": "$3,335", "2012-03-31": "$3,121", "2011-12-31": "$3,419", "2011-09-30": "$3,466", "2011-06-30": "$3,458", "2011-03-31": "$3,392", "2010-12-31": "$3,525", "2010-09-30": "$3,740", "2010-06-30": "$3,496", "2010-03-31": "$3,205", "2009-12-31": "$3,004", "2009-09-30": "$2,880", "2009-06-30": "$2,457", "2009-03-31": "$2,086", "2008-12-31": "$2,491", "2008-09-30": "$3,387", "2008-06-30": "$3,351", "2008-03-31": "$3,272", "2007-12-31": "$3,557", "2007-09-30": "$3,663", "2007-06-30": "$3,424", "2007-03-31": "$3,191", "2006-12-31": "$3,463", "2006-09-30": "$3,761", "2006-06-30": "$3,697", "2006-03-31": "$3,334", "2005-12-31": "$3,323", "2005-09-30": "$3,339", "2005-06-30": "$2,971", "2005-03-31": "$2,702"}}, "gross-profit": {"Texas Instruments Annual Gross Profit (Millions of US $)": {"2020": "$9,269", "2019": "$9,164", "2018": "$10,277", "2017": "$9,614", "2016": "$8,257", "2015": "$7,575", "2014": "$7,427", "2013": "$6,364", "2012": "$6,368", "2011": "$6,772", "2010": "$7,492", "2009": "$4,999", "2008": "$6,245", "2007": "$7,369", "2006": "$7,259", "2005": "$6,016"}, "Texas Instruments Quarterly Gross Profit (Millions of US $)": {"2020-12-31": "$2,646", "2020-09-30": "$2,453", "2020-06-30": "$2,082", "2020-03-31": "$2,088", "2019-12-31": "$2,097", "2019-09-30": "$2,446", "2019-06-30": "$2,360", "2019-03-31": "$2,261", "2018-12-31": "$2,407", "2018-09-30": "$2,804", "2018-06-30": "$2,619", "2018-03-31": "$2,447", "2017-12-31": "$2,440", "2017-09-30": "$2,656", "2017-06-30": "$2,374", "2017-03-31": "$2,144", "2016-12-31": "$2,137", "2016-09-30": "$2,284", "2016-06-30": "$2,007", "2016-03-31": "$1,829", "2015-12-31": "$1,881", "2015-09-30": "$1,997", "2015-06-30": "$1,881", "2015-03-31": "$1,816", "2014-12-31": "$1,895", "2014-09-30": "$2,044", "2014-06-30": "$1,881", "2014-03-31": "$1,607", "2013-12-31": "$1,641", "2013-09-30": "$1,779", "2013-06-30": "$1,570", "2013-03-31": "$1,374", "2012-12-31": "$1,446", "2012-09-30": "$1,740", "2012-06-30": "$1,651", "2012-03-31": "$1,531", "2011-12-31": "$1,547", "2011-09-30": "$1,744", "2011-06-30": "$1,753", "2011-03-31": "$1,728", "2010-12-31": "$1,870", "2010-09-30": "$2,039", "2010-06-30": "$1,894", "2010-03-31": "$1,689", "2009-12-31": "$1,588", "2009-09-30": "$1,481", "2009-06-30": "$1,124", "2009-03-31": "$806", "2008-12-31": "$1,097", "2008-09-30": "$1,643", "2008-06-30": "$1,749", "2008-03-31": "$1,756", "2007-12-31": "$1,964", "2007-09-30": "$1,984", "2007-06-30": "$1,784", "2007-03-31": "$1,637", "2006-12-31": "$1,748", "2006-09-30": "$1,932", "2006-06-30": "$1,907", "2006-03-31": "$1,672", "2005-12-31": "$1,656", "2005-09-30": "$1,690", "2005-06-30": "$1,426", "2005-03-31": "$1,244"}}, "operating-income": {"Texas Instruments Annual Operating Income (Millions of US $)": {"2020": "$5,894", "2019": "$5,723", "2018": "$6,713", "2017": "$6,083", "2016": "$4,855", "2015": "$4,322", "2014": "$3,947", "2013": "$2,832", "2012": "$1,973", "2011": "$2,992", "2010": "$4,514", "2009": "$1,991", "2008": "$2,437", "2007": "$3,497", "2006": "$3,367", "2005": "$2,559"}, "Texas Instruments Quarterly Operating Income (Millions of US $)": {"2020-12-31": "$1,813", "2020-09-30": "$1,609", "2020-06-30": "$1,228", "2020-03-31": "$1,244", "2019-12-31": "$1,249", "2019-09-30": "$1,589", "2019-06-30": "$1,506", "2019-03-31": "$1,379", "2018-12-31": "$1,516", "2018-09-30": "$1,937", "2018-06-30": "$1,712", "2018-03-31": "$1,548", "2017-12-31": "$1,563", "2017-09-30": "$1,788", "2017-06-30": "$1,480", "2017-03-31": "$1,252", "2016-12-31": "$1,332", "2016-09-30": "$1,408", "2016-06-30": "$1,131", "2016-03-31": "$984", "2015-12-31": "$1,190", "2015-09-30": "$1,164", "2015-06-30": "$1,010", "2015-03-31": "$958", "2014-12-31": "$1,100", "2014-09-30": "$1,175", "2014-06-30": "$982", "2014-03-31": "$690", "2013-12-31": "$687", "2013-09-30": "$844", "2013-06-30": "$906", "2013-03-31": "$395", "2012-12-31": "$138", "2012-09-30": "$840", "2012-06-30": "$598", "2012-03-31": "$397", "2011-12-31": "$365", "2011-09-30": "$814", "2011-06-30": "$905", "2011-03-31": "$908", "2010-12-31": "$1,230", "2010-09-30": "$1,227", "2010-06-30": "$1,107", "2010-03-31": "$950", "2009-12-31": "$875", "2009-09-30": "$763", "2009-06-30": "$343", "2009-03-31": "$10", "2008-12-31": "$51", "2008-09-30": "$746", "2008-06-30": "$833", "2008-03-31": "$807", "2007-12-31": "$995", "2007-09-30": "$1,013", "2007-06-30": "$809", "2007-03-31": "$680", "2006-12-31": "$766", "2006-09-30": "$930", "2006-06-30": "$953", "2006-03-31": "$718", "2005-12-31": "$760", "2005-09-30": "$761", "2005-06-30": "$602", "2005-03-31": "$436"}}, "ebitda": {"Texas Instruments Annual EBITDA (Millions of US $)": {"2020": "$6,886", "2019": "$6,773", "2018": "$7,667", "2017": "$6,987", "2016": "$5,810", "2015": "$5,455", "2014": "$5,177", "2013": "$4,129", "2012": "$3,374", "2011": "$4,100", "2010": "$5,427", "2009": "$2,916", "2008": "$3,496", "2007": "$4,567", "2006": "$4,478", "2005": "$3,960"}, "Texas Instruments Quarterly EBITDA (Millions of US $)": {"2020-12-31": "$2,056", "2020-09-30": "$1,859", "2020-06-30": "$1,477", "2020-03-31": "$1,494", "2019-12-31": "$1,499", "2019-09-30": "$1,864", "2019-06-30": "$1,773", "2019-03-31": "$1,637", "2018-12-31": "$1,765", "2018-09-30": "$2,180", "2018-06-30": "$1,945", "2018-03-31": "$1,777", "2017-12-31": "$1,787", "2017-09-30": "$2,013", "2017-06-30": "$1,705", "2017-03-31": "$1,482", "2016-12-31": "$1,559", "2016-09-30": "$1,645", "2016-06-30": "$1,373", "2016-03-31": "$1,233", "2015-12-31": "$1,451", "2015-09-30": "$1,449", "2015-06-30": "$1,301", "2015-03-31": "$1,254", "2014-12-31": "$1,405", "2014-09-30": "$1,483", "2014-06-30": "$1,289", "2014-03-31": "$1,000", "2013-12-31": "$1,000", "2013-09-30": "$1,162", "2013-06-30": "$1,227", "2013-03-31": "$740", "2012-12-31": "$557", "2012-09-30": "$1,167", "2012-06-30": "$924", "2012-03-31": "$726", "2011-12-31": "$790", "2011-09-30": "$1,040", "2011-06-30": "$1,131", "2011-03-31": "$1,139", "2010-12-31": "$1,468", "2010-09-30": "$1,451", "2010-06-30": "$1,334", "2010-03-31": "$1,174", "2009-12-31": "$1,098", "2009-09-30": "$992", "2009-06-30": "$576", "2009-03-31": "$250", "2008-12-31": "$344", "2008-09-30": "$1,006", "2008-06-30": "$1,088", "2008-03-31": "$1,058", "2007-12-31": "$1,257", "2007-09-30": "$1,285", "2007-06-30": "$1,079", "2007-03-31": "$946", "2006-12-31": "$943", "2006-09-30": "$1,237", "2006-06-30": "$1,264", "2006-03-31": "$1,034", "2005-12-31": "$1,016", "2005-09-30": "$1,138", "2005-06-30": "$985", "2005-03-31": "$821"}}, "net-income": {"Texas Instruments Annual Net Income (Millions of US $)": {"2020": "$5,595", "2019": "$5,017", "2018": "$5,580", "2017": "$3,648", "2016": "$3,595", "2015": "$2,986", "2014": "$2,777", "2013": "$2,125", "2012": "$1,728", "2011": "$2,201", "2010": "$3,184", "2009": "$1,456", "2008": "$1,920", "2007": "$2,657", "2006": "$4,341", "2005": "$2,324"}, "Texas Instruments Quarterly Net Income (Millions of US $)": {"2020-12-31": "$1,694", "2020-09-30": "$1,353", "2020-06-30": "$1,380", "2020-03-31": "$1,168", "2019-12-31": "$1,078", "2019-09-30": "$1,425", "2019-06-30": "$1,305", "2019-03-31": "$1,209", "2018-12-31": "$1,239", "2018-09-30": "$1,570", "2018-06-30": "$1,405", "2018-03-31": "$1,366", "2017-12-31": "$310", "2017-09-30": "$1,285", "2017-06-30": "$1,056", "2017-03-31": "$997", "2016-12-31": "$1,047", "2016-09-30": "$1,018", "2016-06-30": "$819", "2016-03-31": "$711", "2015-12-31": "$836", "2015-09-30": "$798", "2015-06-30": "$696", "2015-03-31": "$656", "2014-12-31": "$811", "2014-09-30": "$813", "2014-06-30": "$673", "2014-03-31": "$480", "2013-12-31": "$503", "2013-09-30": "$618", "2013-06-30": "$649", "2013-03-31": "$355", "2012-12-31": "$260", "2012-09-30": "$769", "2012-06-30": "$438", "2012-03-31": "$261", "2011-12-31": "$293", "2011-09-30": "$591", "2011-06-30": "$661", "2011-03-31": "$656", "2010-12-31": "$922", "2010-09-30": "$846", "2010-06-30": "$758", "2010-03-31": "$658", "2009-12-31": "$641", "2009-09-30": "$538", "2009-06-30": "$260", "2009-03-31": "$17", "2008-12-31": "$107", "2008-09-30": "$563", "2008-06-30": "$588", "2008-03-31": "$662", "2007-12-31": "$755", "2007-09-30": "$776", "2007-06-30": "$610", "2007-03-31": "$516", "2006-12-31": "$667", "2006-09-30": "$702", "2006-06-30": "$2,387", "2006-03-31": "$585", "2005-12-31": "$654", "2005-09-30": "$631", "2005-06-30": "$628", "2005-03-31": "$411"}}, "eps-earnings-per-share-diluted": {"Texas Instruments Annual EPS": {"2020": "$5.97", "2019": "$5.24", "2018": "$5.59", "2017": "$3.61", "2016": "$3.48", "2015": "$2.82", "2014": "$2.57", "2013": "$1.91", "2012": "$1.51", "2011": "$1.88", "2010": "$2.62", "2009": "$1.15", "2008": "$1.44", "2007": "$1.83", "2006": "$2.78", "2005": "$1.39"}, "Texas Instruments Quarterly EPS": {"2020-12-31": "$1.80", "2020-09-30": "$1.45", "2020-06-30": "$1.48", "2020-03-31": "$1.24", "2019-12-31": "$1.13", "2019-09-30": "$1.49", "2019-06-30": "$1.36", "2019-03-31": "$1.26", "2018-12-31": "$1.26", "2018-09-30": "$1.58", "2018-06-30": "$1.40", "2018-03-31": "$1.35", "2017-12-31": "$0.35", "2017-09-30": "$1.26", "2017-06-30": "$1.03", "2017-03-31": "$0.97", "2016-12-31": "$1.02", "2016-09-30": "$0.98", "2016-06-30": "$0.79", "2016-03-31": "$0.69", "2015-12-31": "$0.80", "2015-09-30": "$0.76", "2015-06-30": "$0.65", "2015-03-31": "$0.61", "2014-12-31": "$0.75", "2014-09-30": "$0.76", "2014-06-30": "$0.62", "2014-03-31": "$0.44", "2013-12-31": "$0.45", "2013-09-30": "$0.56", "2013-06-30": "$0.58", "2013-03-31": "$0.32", "2012-12-31": "$0.24", "2012-09-30": "$0.67", "2012-06-30": "$0.38", "2012-03-31": "$0.22", "2011-12-31": "$0.26", "2011-09-30": "$0.51", "2011-06-30": "$0.56", "2011-03-31": "$0.55", "2010-12-31": "$0.77", "2010-09-30": "$0.71", "2010-06-30": "$0.62", "2010-03-31": "$0.52", "2009-12-31": "$0.52", "2009-09-30": "$0.42", "2009-06-30": "$0.20", "2009-03-31": "$0.01", "2008-12-31": "$0.08", "2008-09-30": "$0.43", "2008-06-30": "$0.44", "2008-03-31": "$0.49", "2007-12-31": "$0.52", "2007-09-30": "$0.54", "2007-06-30": "$0.42", "2007-03-31": "$0.35", "2006-12-31": "$0.46", "2006-09-30": "$0.46", "2006-06-30": "$1.50", "2006-03-31": "$0.36", "2005-12-31": "$0.39", "2005-09-30": "$0.38", "2005-06-30": "$0.38", "2005-03-31": "$0.24"}}, "shares-outstanding": {"Texas Instruments Annual Shares Outstanding (Millions of Shares)": {"2020": "933", "2019": "952", "2018": "990", "2017": "1,012", "2016": "1,021", "2015": "1,043", "2014": "1,080", "2013": "1,113", "2012": "1,146", "2011": "1,171", "2010": "1,213", "2009": "1,269", "2008": "1,321", "2007": "1,444", "2006": "1,560", "2005": "1,671"}, "Texas Instruments Quarterly Shares Outstanding (Millions of Shares)": {"2020-12-31": "933", "2020-09-30": "929", "2020-06-30": "927", "2020-03-31": "943", "2019-12-31": "952", "2019-09-30": "950", "2019-06-30": "953", "2019-03-31": "956", "2018-12-31": "990", "2018-09-30": "989", "2018-06-30": "997", "2018-03-31": "1,005", "2017-12-31": "1,012", "2017-09-30": "1,008", "2017-06-30": "1,015", "2017-03-31": "1,019", "2016-12-31": "1,021", "2016-09-30": "1,023", "2016-06-30": "1,020", "2016-03-31": "1,022", "2015-12-31": "1,043", "2015-09-30": "1,035", "2015-06-30": "1,051", "2015-03-31": "1,061", "2014-12-31": "1,080", "2014-09-30": "1,074", "2014-06-30": "1,086", "2014-03-31": "1,096", "2013-12-31": "1,113", "2013-09-30": "1,111", "2013-06-30": "1,117", "2013-03-31": "1,123", "2012-12-31": "1,146", "2012-09-30": "1,141", "2012-06-30": "1,154", "2012-03-31": "1,165", "2011-12-31": "1,171", "2011-09-30": "1,157", "2011-06-30": "1,180", "2011-03-31": "1,194", "2010-12-31": "1,213", "2010-09-30": "1,196", "2010-06-30": "1,221", "2010-03-31": "1,246", "2009-12-31": "1,269", "2009-09-30": "1,268", "2009-06-30": "1,272", "2009-03-31": "1,277", "2008-12-31": "1,321", "2008-09-30": "1,315", "2008-06-30": "1,338", "2008-03-31": "1,345", "2007-12-31": "1,444", "2007-09-30": "1,448", "2007-06-30": "1,469", "2007-03-31": "1,470", "2006-12-31": "1,560", "2006-09-30": "1,537", "2006-06-30": "1,586", "2006-03-31": "1,618", "2005-12-31": "1,671", "2005-09-30": "1,663", "2005-06-30": "1,669", "2005-03-31": "1,735"}}, "total-assets": {"Texas Instruments Annual Total Assets (Millions of US $)": {"2020": "$19,351", "2019": "$18,018", "2018": "$17,137", "2017": "$17,642", "2016": "$16,431", "2015": "$16,230", "2014": "$17,372", "2013": "$18,938", "2012": "$20,021", "2011": "$20,497", "2010": "$13,401", "2009": "$12,119", "2008": "$11,923", "2007": "$12,667", "2006": "$13,930", "2005": "$15,063"}, "Texas Instruments Quarterly Total Assets (Millions of US $)": {"2020-12-31": "$19,351", "2020-09-30": "$18,207", "2020-06-30": "$17,445", "2020-03-31": "$17,283", "2019-12-31": "$18,018", "2019-09-30": "$17,992", "2019-06-30": "$17,384", "2019-03-31": "$17,443", "2018-12-31": "$17,137", "2018-09-30": "$18,573", "2018-06-30": "$18,527", "2018-03-31": "$17,507", "2017-12-31": "$17,642", "2017-09-30": "$16,929", "2017-06-30": "$16,438", "2017-03-31": "$15,978", "2016-12-31": "$16,431", "2016-09-30": "$16,216", "2016-06-30": "$15,693", "2016-03-31": "$15,686", "2015-12-31": "$16,230", "2015-09-30": "$16,540", "2015-06-30": "$17,532", "2015-03-31": "$17,346", "2014-12-31": "$17,372", "2014-09-30": "$17,900", "2014-06-30": "$17,810", "2014-03-31": "$18,935", "2013-12-31": "$18,938", "2013-09-30": "$19,244", "2013-06-30": "$19,398", "2013-03-31": "$19,701", "2012-12-31": "$20,021", "2012-09-30": "$20,514", "2012-06-30": "$19,521", "2012-03-31": "$20,009", "2011-12-31": "$20,497", "2011-09-30": "$20,907", "2011-06-30": "$17,098", "2011-03-31": "$13,310", "2010-12-31": "$13,401", "2010-09-30": "$12,649", "2010-06-30": "$12,164", "2010-03-31": "$12,370", "2009-12-31": "$12,119", "2009-09-30": "$11,903", "2009-06-30": "$11,510", "2009-03-31": "$11,520", "2008-12-31": "$11,923", "2008-09-30": "$12,466", "2008-06-30": "$12,382", "2008-03-31": "$12,338", "2007-12-31": "$12,667", "2007-09-30": "$13,724", "2007-06-30": "$14,020", "2007-03-31": "$13,750", "2006-12-31": "$13,930", "2006-09-30": "$14,785", "2006-06-30": "$15,928", "2006-03-31": "$14,038", "2005-12-31": "$15,063", "2005-09-30": "$14,984", "2005-06-30": "$14,486", "2005-03-31": "$15,045"}}, "cash-on-hand": {"Texas Instruments Annual Cash on Hand (Millions of US $)": {"2020": "$6,568", "2019": "$5,387", "2018": "$4,233", "2017": "$4,469", "2016": "$3,490", "2015": "$3,218", "2014": "$3,541", "2013": "$3,829", "2012": "$3,965", "2011": "$2,935", "2010": "$3,072", "2009": "$2,925", "2008": "$2,540", "2007": "$2,924", "2006": "$3,717", "2005": "$5,330"}, "Texas Instruments Quarterly Cash on Hand (Millions of US $)": {"2020-12-31": "$6,568", "2020-09-30": "$5,518", "2020-06-30": "$4,960", "2020-03-31": "$4,742", "2019-12-31": "$5,387", "2019-09-30": "$5,067", "2019-06-30": "$4,218", "2019-03-31": "$4,086", "2018-12-31": "$4,233", "2018-09-30": "$5,113", "2018-06-30": "$5,130", "2018-03-31": "$4,079", "2017-12-31": "$4,469", "2017-09-30": "$3,444", "2017-06-30": "$2,984", "2017-03-31": "$3,049", "2016-12-31": "$3,490", "2016-09-30": "$3,137", "2016-06-30": "$2,539", "2016-03-31": "$2,800", "2015-12-31": "$3,218", "2015-09-30": "$2,735", "2015-06-30": "$3,306", "2015-03-31": "$3,304", "2014-12-31": "$3,541", "2014-09-30": "$3,186", "2014-06-30": "$2,804", "2014-03-31": "$4,032", "2013-12-31": "$3,829", "2013-09-30": "$3,593", "2013-06-30": "$3,244", "2013-03-31": "$3,862", "2012-12-31": "$3,965", "2012-09-30": "$3,661", "2012-06-30": "$2,333", "2012-03-31": "$2,765", "2011-12-31": "$2,935", "2011-09-30": "$2,618", "2011-06-30": "$6,400", "2011-03-31": "$2,857", "2010-12-31": "$3,072", "2010-09-30": "$2,510", "2010-06-30": "$2,305", "2010-03-31": "$2,791", "2009-12-31": "$2,925", "2009-09-30": "$2,827", "2009-06-30": "$2,557", "2009-03-31": "$2,426", "2008-12-31": "$2,540", "2008-09-30": "$1,993", "2008-06-30": "$1,648", "2008-03-31": "$1,876", "2007-12-31": "$2,924", "2007-09-30": "$3,669", "2007-06-30": "$3,581", "2007-03-31": "$3,336", "2006-12-31": "$3,717", "2006-09-30": "$4,184", "2006-06-30": "$5,670", "2006-03-31": "$3,664", "2005-12-31": "$5,330", "2005-09-30": "$5,251", "2005-06-30": "$4,478", "2005-03-31": "$5,140"}}, "long-term-debt": {"Texas Instruments Annual Long Term Debt (Millions of US $)": {"2020": "$6,248", "2019": "$5,303", "2018": "$4,319", "2017": "$3,577", "2016": "$2,978", "2015": "$3,120", "2014": "$3,630", "2013": "$4,158", "2012": "$4,186", "2011": "$4,211", "2010": "$", "2009": "$", "2008": "$", "2007": "$", "2006": "$", "2005": "$329"}, "Texas Instruments Quarterly Long Term Debt (Millions of US $)": {"2020-12-31": "$6,248", "2020-09-30": "$6,247", "2020-06-30": "$6,245", "2020-03-31": "$5,499", "2019-12-31": "$5,303", "2019-09-30": "$5,302", "2019-06-30": "$4,558", "2019-03-31": "$5,057", "2018-12-31": "$4,319", "2018-09-30": "$4,318", "2018-06-30": "$5,066", "2018-03-31": "$3,578", "2017-12-31": "$3,577", "2017-09-30": "$3,084", "2017-06-30": "$3,084", "2017-03-31": "$2,980", "2016-12-31": "$2,978", "2016-09-30": "$2,977", "2016-06-30": "$2,975", "2016-03-31": "$2,869", "2015-12-31": "$3,120", "2015-09-30": "$3,132", "2015-06-30": "$3,134", "2015-03-31": "$3,638", "2014-12-31": "$3,630", "2014-09-30": "$3,643", "2014-06-30": "$4,394", "2014-03-31": "$4,652", "2013-12-31": "$4,158", "2013-09-30": "$4,161", "2013-06-30": "$4,165", "2013-03-31": "$4,183", "2012-12-31": "$4,186", "2012-09-30": "$4,190", "2012-06-30": "$2,703", "2012-03-31": "$4,207", "2011-12-31": "$4,211", "2011-09-30": "$4,215", "2011-06-30": "$3,498", "2011-03-31": "", "2010-12-31": "", "2010-09-30": "", "2010-06-30": "", "2010-03-31": "", "2009-12-31": "", "2009-09-30": "", "2009-06-30": "", "2009-03-31": "", "2008-12-31": "", "2008-09-30": "", "2008-06-30": "", "2008-03-31": "", "2007-12-31": "", "2007-09-30": "", "2007-06-30": "", "2007-03-31": "", "2006-12-31": "", "2006-09-30": "", "2006-06-30": "", "2006-03-31": "$318", "2005-12-31": "$329", "2005-09-30": "$55", "2005-06-30": "$55", "2005-03-31": "$55"}}, "total-liabilities": {"Texas Instruments Annual Total Liabilities (Millions of US $)": {"2020": "$10,164", "2019": "$9,111", "2018": "$8,143", "2017": "$7,305", "2016": "$5,958", "2015": "$6,284", "2014": "$6,982", "2013": "$8,131", "2012": "$9,060", "2011": "$9,545", "2010": "$2,964", "2009": "$2,397", "2008": "$2,597", "2007": "$2,692", "2006": "$2,570", "2005": "$3,126"}, "Texas Instruments Quarterly Total Liabilities (Millions of US $)": {"2020-12-31": "$10,164", "2020-09-30": "$9,882", "2020-06-30": "$9,801", "2020-03-31": "$9,549", "2019-12-31": "$9,111", "2019-09-30": "$9,007", "2019-06-30": "$8,898", "2019-03-31": "$8,924", "2018-12-31": "$8,143", "2018-09-30": "$8,057", "2018-06-30": "$7,893", "2018-03-31": "$6,865", "2017-12-31": "$7,305", "2017-09-30": "$5,941", "2017-06-30": "$5,730", "2017-03-31": "$5,339", "2016-12-31": "$5,958", "2016-09-30": "$5,930", "2016-06-30": "$5,731", "2016-03-31": "$5,904", "2015-12-31": "$6,284", "2015-09-30": "$6,570", "2015-06-30": "$7,327", "2015-03-31": "$6,977", "2014-12-31": "$6,982", "2014-09-30": "$7,429", "2014-06-30": "$7,344", "2014-03-31": "$8,315", "2013-12-31": "$8,131", "2013-09-30": "$8,193", "2013-06-30": "$8,330", "2013-03-31": "$8,749", "2012-12-31": "$9,060", "2012-09-30": "$9,111", "2012-06-30": "$8,363", "2012-03-31": "$8,938", "2011-12-31": "$9,545", "2011-09-30": "$9,881", "2011-06-30": "$6,195", "2011-03-31": "$2,736", "2010-12-31": "$2,964", "2010-09-30": "$2,687", "2010-06-30": "$2,409", "2010-03-31": "$2,565", "2009-12-31": "$2,397", "2009-09-30": "$2,465", "2009-06-30": "$2,297", "2009-03-31": "$2,310", "2008-12-31": "$2,597", "2008-09-30": "$2,372", "2008-06-30": "$2,398", "2008-03-31": "$2,481", "2007-12-31": "$2,692", "2007-09-30": "$2,587", "2007-06-30": "$2,526", "2007-03-31": "$2,467", "2006-12-31": "$2,570", "2006-09-30": "$2,758", "2006-06-30": "$3,140", "2006-03-31": "$2,800", "2005-12-31": "$3,126", "2005-09-30": "$3,111", "2005-06-30": "$3,023", "2005-03-31": "$3,141"}}, "total-share-holder-equity": {"Texas Instruments Annual Share Holder Equity (Millions of US $)": {"2020": "$9,187", "2019": "$8,907", "2018": "$8,994", "2017": "$10,337", "2016": "$10,473", "2015": "$9,946", "2014": "$10,390", "2013": "$10,807", "2012": "$10,961", "2011": "$10,952", "2010": "$10,437", "2009": "$9,722", "2008": "$9,326", "2007": "$9,975", "2006": "$11,360", "2005": "$11,937"}, "Texas Instruments Quarterly Share Holder Equity (Millions of US $)": {"2020-12-31": "$9,187", "2020-09-30": "$8,325", "2020-06-30": "$7,644", "2020-03-31": "$7,734", "2019-12-31": "$8,907", "2019-09-30": "$8,985", "2019-06-30": "$8,486", "2019-03-31": "$8,519", "2018-12-31": "$8,994", "2018-09-30": "$10,516", "2018-06-30": "$10,634", "2018-03-31": "$10,642", "2017-12-31": "$10,337", "2017-09-30": "$10,988", "2017-06-30": "$10,708", "2017-03-31": "$10,639", "2016-12-31": "$10,473", "2016-09-30": "$10,286", "2016-06-30": "$9,962", "2016-03-31": "$9,782", "2015-12-31": "$9,946", "2015-09-30": "$9,970", "2015-06-30": "$10,205", "2015-03-31": "$10,369", "2014-12-31": "$10,390", "2014-09-30": "$10,471", "2014-06-30": "$10,466", "2014-03-31": "$10,620", "2013-12-31": "$10,807", "2013-09-30": "$11,051", "2013-06-30": "$11,068", "2013-03-31": "$10,952", "2012-12-31": "$10,961", "2012-09-30": "$11,403", "2012-06-30": "$11,158", "2012-03-31": "$11,071", "2011-12-31": "$10,952", "2011-09-30": "$11,026", "2011-06-30": "$10,903", "2011-03-31": "$10,574", "2010-12-31": "$10,437", "2010-09-30": "$9,962", "2010-06-30": "$9,755", "2010-03-31": "$9,805", "2009-12-31": "$9,722", "2009-09-30": "$9,438", "2009-06-30": "$9,213", "2009-03-31": "$9,210", "2008-12-31": "$9,326", "2008-09-30": "$10,094", "2008-06-30": "$9,984", "2008-03-31": "$9,857", "2007-12-31": "$9,975", "2007-09-30": "$11,137", "2007-06-30": "$11,494", "2007-03-31": "$11,283", "2006-12-31": "$11,360", "2006-09-30": "$12,027", "2006-06-30": "$12,788", "2006-03-31": "$11,238", "2005-12-31": "$11,937", "2005-09-30": "$11,873", "2005-06-30": "$11,463", "2005-03-31": "$11,904"}}, "profit-margins": {"current": "38.69%"}, "gross margin": {"2020-12-31": "64.10%", "2020-09-30": "63.49%", "2020-06-30": "63.65%", "2020-03-31": "63.68%", "2019-12-31": "63.71%", "2019-09-30": "64.23%", "2019-06-30": "64.51%", "2019-03-31": "64.73%", "2018-12-31": "65.11%", "2018-09-30": "65.18%", "2018-06-30": "64.84%", "2018-03-31": "64.61%", "2017-12-31": "64.26%", "2017-09-30": "63.66%", "2017-06-30": "63.02%", "2017-03-31": "62.28%", "2016-12-31": "61.76%", "2016-09-30": "60.87%", "2016-06-30": "59.80%", "2016-03-31": "59.01%", "2015-12-31": "58.27%", "2015-09-30": "58.02%", "2015-06-30": "58.06%", "2015-03-31": "57.80%", "2014-12-31": "56.93%", "2014-09-30": "56.02%", "2014-06-30": "55.05%", "2014-03-31": "53.62%", "2013-12-31": "52.14%", "2013-09-30": "50.75%", "2013-06-30": "49.83%", "2013-03-31": "49.34%", "2012-12-31": "49.65%", "2012-09-30": "48.77%", "2012-06-30": "48.52%", "2012-03-31": "48.83%", "2011-12-31": "49.30%", "2011-09-30": "51.26%", "2011-06-30": "52.36%", "2011-03-31": "53.21%", "2010-12-31": "53.64%", "2010-09-30": "53.63%", "2010-06-30": "52.86%", "2010-03-31": "50.94%", "2009-12-31": "47.94%", "2009-09-30": "45.47%", "2009-06-30": "44.81%", "2009-03-31": "46.80%", "2008-12-31": "49.96%", "2008-09-30": "52.42%", "2008-06-30": "53.84%", "2008-03-31": "53.81%", "2007-12-31": "53.26%", "2007-09-30": "52.06%", "2007-06-30": "51.31%", "2007-03-31": "51.19%", "2006-12-31": "50.92%", "2006-09-30": "50.78%", "2006-06-30": "50.57%", "2006-03-31": "49.70%", "2005-12-31": "48.77%"}, "operating margin": {"2020-12-31": "40.76%", "2020-09-30": "38.81%", "2020-06-30": "38.79%", "2020-03-31": "39.58%", "2019-12-31": "39.79%", "2019-09-30": "40.61%", "2019-06-30": "41.59%", "2019-03-31": "41.98%", "2018-12-31": "42.53%", "2018-09-30": "42.74%", "2018-06-30": "42.18%", "2018-03-31": "41.56%", "2017-12-31": "40.66%", "2017-09-30": "40.01%", "2017-06-30": "38.58%", "2017-03-31": "37.22%", "2016-12-31": "36.31%", "2016-09-30": "35.85%", "2016-06-30": "34.65%", "2016-03-31": "33.82%", "2015-12-31": "33.25%", "2015-09-30": "32.35%", "2015-06-30": "32.26%", "2015-03-31": "31.90%", "2014-12-31": "30.26%", "2014-09-30": "27.60%", "2014-06-30": "25.53%", "2014-03-31": "25.42%", "2013-12-31": "23.20%", "2013-09-30": "18.78%", "2013-06-30": "18.53%", "2013-03-31": "15.66%", "2012-12-31": "15.38%", "2012-09-30": "16.58%", "2012-06-30": "16.30%", "2012-03-31": "18.43%", "2011-12-31": "21.78%", "2011-09-30": "27.87%", "2011-06-30": "30.25%", "2011-03-31": "31.60%", "2010-12-31": "32.32%", "2010-09-30": "30.93%", "2010-06-30": "29.36%", "2010-03-31": "25.39%", "2009-12-31": "19.09%", "2009-09-30": "11.77%", "2009-06-30": "11.04%", "2009-03-31": "14.49%", "2008-12-31": "19.49%", "2008-09-30": "24.92%", "2008-06-30": "26.35%", "2008-03-31": "26.04%", "2007-12-31": "25.28%", "2007-09-30": "23.78%", "2007-06-30": "23.01%", "2007-03-31": "23.59%", "2006-12-31": "23.62%", "2006-09-30": "23.81%", "2006-06-30": "23.31%", "2006-03-31": "21.91%", "2005-12-31": "20.75%"}, "ebitda margin": {"2020-12-31": "47.62%", "2020-09-30": "46.08%", "2020-06-30": "46.27%", "2020-03-31": "46.96%", "2019-12-31": "47.09%", "2019-09-30": "47.72%", "2019-06-30": "48.26%", "2019-03-31": "48.28%", "2018-12-31": "48.57%", "2018-09-30": "48.61%", "2018-06-30": "48.00%", "2018-03-31": "47.45%", "2017-12-31": "46.70%", "2017-09-30": "46.22%", "2017-06-30": "45.06%", "2017-03-31": "44.02%", "2016-12-31": "43.46%", "2016-09-30": "43.38%", "2016-06-30": "42.69%", "2016-03-31": "42.26%", "2015-12-31": "41.96%", "2015-09-30": "41.35%", "2015-06-30": "41.39%", "2015-03-31": "41.11%", "2014-12-31": "39.69%", "2014-09-30": "37.27%", "2014-06-30": "35.47%", "2014-03-31": "35.67%", "2013-12-31": "33.83%", "2013-09-30": "30.32%", "2013-06-30": "30.01%", "2013-03-31": "26.91%", "2012-12-31": "26.31%", "2012-09-30": "27.19%", "2012-06-30": "26.09%", "2012-03-31": "27.38%", "2011-12-31": "29.85%", "2011-09-30": "34.52%", "2011-06-30": "36.76%", "2011-03-31": "38.10%", "2010-12-31": "38.86%", "2010-09-30": "37.61%", "2010-06-30": "36.54%", "2010-03-31": "33.26%", "2009-12-31": "27.97%", "2009-09-30": "21.81%", "2009-06-30": "20.88%", "2009-03-31": "23.76%", "2008-12-31": "27.97%", "2008-09-30": "32.50%", "2008-06-30": "33.87%", "2008-03-31": "33.62%", "2007-12-31": "33.01%", "2007-09-30": "30.95%", "2007-06-30": "30.39%", "2007-03-31": "31.11%", "2006-12-31": "31.41%", "2006-09-30": "32.24%", "2006-06-30": "32.51%", "2006-03-31": "32.18%", "2005-12-31": "32.10%"}, "pre tax profit margin": {"2020-12-31": "41.61%", "2020-09-30": "38.93%", "2020-06-30": "39.01%", "2020-03-31": "39.49%", "2019-12-31": "39.82%", "2019-09-30": "40.50%", "2019-06-30": "41.46%", "2019-03-31": "41.76%", "2018-12-31": "42.36%", "2018-09-30": "42.57%", "2018-06-30": "42.10%", "2018-03-31": "41.56%", "2017-12-31": "40.64%", "2017-09-30": "41.21%", "2017-06-30": "39.62%", "2017-03-31": "38.03%", "2016-12-31": "36.87%", "2016-09-30": "34.78%", "2016-06-30": "33.64%", "2016-03-31": "32.87%", "2015-12-31": "32.43%", "2015-09-30": "31.83%", "2015-06-30": "31.71%", "2015-03-31": "31.36%", "2014-12-31": "29.70%", "2014-09-30": "27.09%", "2014-06-30": "24.94%", "2014-03-31": "24.80%", "2013-12-31": "22.56%", "2013-09-30": "18.31%", "2013-06-30": "18.32%", "2013-03-31": "15.47%", "2012-12-31": "15.09%", "2012-09-30": "16.05%", "2012-06-30": "15.49%", "2012-03-31": "17.82%", "2011-12-31": "21.51%", "2011-09-30": "27.85%", "2011-06-30": "30.53%", "2011-03-31": "31.88%", "2010-12-31": "32.59%", "2010-09-30": "31.12%", "2010-06-30": "29.51%", "2010-03-31": "25.63%", "2009-12-31": "19.34%", "2009-09-30": "11.81%", "2009-06-30": "11.15%", "2009-03-31": "14.64%", "2008-12-31": "19.85%", "2008-09-30": "25.71%", "2008-06-30": "27.44%", "2008-03-31": "27.40%", "2007-12-31": "26.69%", "2007-09-30": "25.36%", "2007-06-30": "24.59%", "2007-03-31": "25.35%", "2006-12-31": "25.43%", "2006-09-30": "25.50%", "2006-06-30": "25.00%", "2006-03-31": "23.44%", "2005-12-31": "22.33%"}, "net profit margin": {"2020-12-31": "38.69%", "2020-09-30": "36.25%", "2020-06-30": "36.90%", "2020-03-31": "35.25%", "2019-12-31": "34.88%", "2019-09-30": "35.11%", "2019-06-30": "34.93%", "2019-03-31": "34.79%", "2018-12-31": "35.35%", "2018-09-30": "29.41%", "2018-06-30": "27.86%", "2018-03-31": "26.17%", "2017-12-31": "24.38%", "2017-09-30": "29.98%", "2017-06-30": "29.03%", "2017-03-31": "28.20%", "2016-12-31": "26.89%", "2016-09-30": "25.74%", "2016-06-30": "24.53%", "2016-03-31": "23.65%", "2015-12-31": "22.97%", "2015-09-30": "22.64%", "2015-06-30": "22.63%", "2015-03-31": "22.35%", "2014-12-31": "21.29%", "2014-09-30": "19.28%", "2014-06-30": "18.12%", "2014-03-31": "18.29%", "2013-12-31": "17.41%", "2013-09-30": "15.48%", "2013-06-30": "16.53%", "2013-03-31": "14.47%", "2012-12-31": "13.47%", "2012-09-30": "13.28%", "2012-06-30": "11.87%", "2012-03-31": "13.41%", "2011-12-31": "16.02%", "2011-09-30": "20.45%", "2011-06-30": "21.86%", "2011-03-31": "22.48%", "2010-12-31": "22.80%", "2010-09-30": "21.59%", "2010-06-30": "20.62%", "2010-03-31": "18.16%", "2009-12-31": "13.96%", "2009-09-30": "9.30%", "2009-06-30": "9.09%", "2009-03-31": "11.27%", "2008-12-31": "15.36%", "2008-09-30": "18.93%", "2008-06-30": "20.09%", "2008-03-31": "20.14%", "2007-12-31": "19.20%", "2007-09-30": "18.70%", "2007-06-30": "18.03%", "2007-03-31": "30.27%", "2006-12-31": "30.45%", "2006-09-30": "30.66%", "2006-06-30": "31.09%", "2006-03-31": "19.26%", "2005-12-31": "18.84%"}, "pe ratio": {"current": "29.09", "2021-02-11": "30.02", "2020-12-31": "27.32", "2020-09-30": "26.64", "2020-06-30": "23.35", "2020-03-31": "18.65", "2019-12-31": "23.68", "2019-09-30": "23.01", "2019-06-30": "19.98", "2019-03-31": "18.33", "2018-12-31": "15.95", "2018-09-30": "21.53", "2018-06-30": "23.62", "2018-03-31": "24.19", "2017-12-31": "26.73", "2017-09-30": "19.17", "2017-06-30": "17.68", "2017-03-31": "19.74", "2016-12-31": "19.46", "2016-09-30": "19.87", "2016-06-30": "18.71", "2016-03-31": "17.70", "2015-12-31": "17.01", "2015-09-30": "15.49", "2015-06-30": "16.00", "2015-03-31": "17.84", "2014-12-31": "17.67", "2014-09-30": "17.71", "2014-06-30": "19.33", "2014-03-31": "19.32", "2013-12-31": "18.98", "2013-09-30": "19.65", "2013-06-30": "15.84", "2013-03-31": "17.89", "2012-12-31": "16.50", "2012-09-30": "14.42", "2012-06-30": "16.66", "2012-03-31": "17.27", "2011-12-31": "12.26", "2011-09-30": "8.70", "2011-06-30": "9.85", "2011-03-31": "10.09", "2010-12-31": "9.57", "2010-09-30": "8.83", "2010-06-30": "8.58", "2010-03-31": "11.26", "2009-12-31": "17.21", "2009-09-30": "25.21", "2009-06-30": "22.25", "2009-03-31": "12.85", "2008-12-31": "8.00", "2008-09-30": "8.35", "2008-06-30": "10.29", "2008-03-31": "10.40", "2007-12-31": "13.18", "2007-09-30": "15.13", "2007-06-30": "16.26", "2007-03-31": "7.90", "2006-12-31": "7.52"}, "price sales": {"2021-02-11": "11.56", "2020-12-31": "10.52", "2020-09-30": "9.62", "2020-06-30": "8.58", "2020-03-31": "6.53", "2019-12-31": "8.20", "2019-09-30": "8.07", "2019-06-30": "6.97", "2019-03-31": "6.37", "2018-12-31": "5.63", "2018-09-30": "6.36", "2018-06-30": "6.59", "2018-03-31": "6.33", "2017-12-31": "6.52", "2017-09-30": "5.70", "2017-06-30": "5.03", "2017-03-31": "5.40", "2016-12-31": "5.01", "2016-09-30": "4.89", "2016-06-30": "4.44", "2016-03-31": "4.09", "2015-12-31": "3.86", "2015-09-30": "3.48", "2015-06-30": "3.61", "2015-03-31": "3.99", "2014-12-31": "3.79", "2014-09-30": "3.44", "2014-06-30": "3.53", "2014-03-31": "3.55", "2013-12-31": "3.33", "2013-09-30": "3.07", "2013-06-30": "2.62", "2013-03-31": "2.61", "2012-12-31": "2.24", "2012-09-30": "1.93", "2012-06-30": "1.99", "2012-03-31": "2.31", "2011-12-31": "1.96", "2011-09-30": "1.79", "2011-06-30": "2.17", "2011-03-31": "2.29", "2010-12-31": "2.19", "2010-09-30": "1.91", "2010-06-30": "1.77", "2010-03-31": "2.04", "2009-12-31": "2.41", "2009-09-30": "2.32", "2009-06-30": "2.00", "2009-03-31": "1.44", "2008-12-31": "1.23", "2008-09-30": "1.59", "2008-06-30": "2.08", "2008-03-31": "2.12", "2007-12-31": "2.57", "2007-09-30": "2.88", "2007-06-30": "2.98", "2007-03-31": "2.38", "2006-12-31": "2.30"}, "price book": {"current": "17.40", "2021-02-11": "17.93", "2020-12-31": "16.32", "2020-09-30": "15.53", "2020-06-30": "14.91", "2020-03-31": "11.58", "2019-12-31": "12.96", "2019-09-30": "12.88", "2019-06-30": "12.03", "2019-03-31": "11.13", "2018-12-31": "9.39", "2018-09-30": "9.23", "2018-06-30": "9.42", "2018-03-31": "8.88", "2017-12-31": "9.15", "2017-09-30": "7.37", "2017-06-30": "6.48", "2017-03-31": "6.83", "2016-12-31": "6.24", "2016-09-30": "6.09", "2016-06-30": "5.60", "2016-03-31": "5.21", "2015-12-31": "4.88", "2015-09-30": "4.40", "2015-06-30": "4.51", "2015-03-31": "4.94", "2014-12-31": "4.59", "2014-09-30": "4.07", "2014-06-30": "4.10", "2014-03-31": "4.01", "2013-12-31": "3.65", "2013-09-30": "3.29", "2013-06-30": "2.84", "2013-03-31": "2.92", "2012-12-31": "2.52", "2012-09-30": "2.17", "2012-06-30": "2.33", "2012-03-31": "2.75", "2011-12-31": "2.38", "2011-09-30": "2.16", "2011-06-30": "2.71", "2011-03-31": "2.95", "2010-12-31": "2.81", "2010-09-30": "2.47", "2010-06-30": "2.19", "2010-03-31": "2.33", "2009-12-31": "2.52", "2009-09-30": "2.38", "2009-06-30": "2.19", "2009-03-31": "1.71", "2008-12-31": "1.58", "2008-09-30": "2.04", "2008-06-30": "2.72", "2008-03-31": "2.78", "2007-12-31": "3.28", "2007-09-30": "3.34", "2007-06-30": "3.40", "2007-03-31": "2.77", "2006-12-31": "2.66", "2006-09-30": "2.96", "2006-06-30": "2.62", "2006-03-31": "3.25"}, "price fcf": {"2021-02-11": "", "2020-12-31": "$5.89", "2020-09-30": "$5.52", "2020-06-30": "$6.07", "2020-03-31": "$5.96", "2019-12-31": "$6.13", "2019-09-30": "$6.31", "2019-06-30": "$6.14", "2019-03-31": "$6.11", "2018-12-31": "$6.13", "2018-09-30": "$5.95", "2018-06-30": "$5.71", "2018-03-31": "$4.88", "2017-12-31": "$4.65", "2017-09-30": "$4.24", "2017-06-30": "$4.00", "2017-03-31": "$4.18", "2016-12-31": "$4.00", "2016-09-30": "$4.16", "2016-06-30": "$4.11", "2016-03-31": "$3.85", "2015-12-31": "$3.79", "2015-09-30": "$3.67", "2015-06-30": "$3.63", "2015-03-31": "$3.60", "2014-12-31": "$3.53", "2014-09-30": "$3.22", "2014-06-30": "$2.94", "2014-03-31": "$2.81", "2013-12-31": "$2.69", "2013-09-30": "$2.57", "2013-06-30": "$2.57", "2013-03-31": "$2.51", "2012-12-31": "$2.55", "2012-09-30": "$2.37", "2012-06-30": "$2.28", "2012-03-31": "$2.12", "2011-12-31": "$2.10", "2011-09-30": "$2.28", "2011-06-30": "$2.23", "2011-03-31": "$2.16", "2010-12-31": "$2.28", "2010-09-30": "$1.86", "2010-06-30": "$1.56", "2010-03-31": "$1.72", "2009-12-31": "$1.49", "2009-09-30": "$1.82", "2009-06-30": "$2.00", "2009-03-31": "$1.79", "2008-12-31": "$1.94", "2008-09-30": "$2.03", "2008-06-30": "$2.38", "2008-03-31": "$2.68", "2007-12-31": "$2.62", "2007-09-30": "$2.13", "2007-06-30": "$1.29", "2007-03-31": "$2.86", "2006-12-31": "$2.68"}, "net worth": {"value": "$159.84B"}, "current ratio": {"current": "4.28", "2020-12-31": "4.28", "2020-09-30": "4.24", "2020-06-30": "3.92", "2020-03-31": "3.49", "2019-12-31": "4.13", "2019-09-30": "4.34", "2019-06-30": "3.01", "2019-03-31": "3.68", "2018-12-31": "3.27", "2018-09-30": "3.98", "2018-06-30": "6.54", "2018-03-31": "4.62", "2017-12-31": "3.87", "2017-09-30": "3.89", "2017-06-30": "4.00", "2017-03-31": "4.40", "2016-12-31": "3.29", "2016-09-30": "3.31", "2016-06-30": "3.36", "2016-03-31": "2.75", "2015-12-31": "2.77", "2015-09-30": "2.92", "2015-06-30": "2.52", "2015-03-31": "3.37", "2014-12-31": "2.79", "2014-09-30": "2.94", "2014-06-30": "4.14", "2014-03-31": "3.38", "2013-12-31": "2.92", "2013-09-30": "2.98", "2013-06-30": "2.87", "2013-03-31": "2.64", "2012-12-31": "2.40", "2012-09-30": "2.51", "2012-06-30": "1.92", "2012-03-31": "2.61", "2011-12-31": "2.24", "2011-09-30": "2.10", "2011-06-30": "6.20", "2011-03-31": "3.93", "2010-12-31": "3.56", "2010-09-30": "3.52", "2010-06-30": "3.99", "2010-03-31": "3.68", "2009-12-31": "3.85", "2009-09-30": "3.69", "2009-06-30": "3.91", "2009-03-31": "4.30", "2008-12-31": "3.78", "2008-09-30": "3.57", "2008-06-30": "3.42", "2008-03-31": "3.23", "2007-12-31": "3.42", "2007-09-30": "3.97", "2007-06-30": "4.21", "2007-03-31": "4.34", "2006-12-31": "3.78", "2006-09-30": "3.55", "2006-06-30": "3.52", "2006-03-31": "3.86", "2005-12-31": "3.96", "2005-09-30": "4.07", "2005-06-30": "4.03", "2005-03-31": "4.14"}, "quick ratio": {"2020-12-31": "3.47", "2020-09-30": "3.29", "2020-06-30": "2.94", "2020-03-31": "2.65", "2019-12-31": "3.18", "2019-09-30": "3.33", "2019-06-30": "2.22", "2019-03-31": "2.70", "2018-12-31": "2.38", "2018-09-30": "3.09", "2018-06-30": "5.12", "2018-03-31": "3.53", "2017-12-31": "3.00", "2017-09-30": "2.96", "2017-06-30": "2.96", "2017-03-31": "3.24", "2016-12-31": "2.50", "2016-09-30": "2.48", "2016-06-30": "2.42", "2016-03-31": "2.01", "2015-12-31": "2.11", "2015-09-30": "2.21", "2015-06-30": "1.93", "2015-03-31": "2.56", "2014-12-31": "2.12", "2014-09-30": "2.27", "2014-06-30": "3.17", "2014-03-31": "2.69", "2013-12-31": "2.29", "2013-09-30": "2.34", "2013-06-30": "2.26", "2013-03-31": "2.09", "2012-12-31": "1.89", "2012-09-30": "1.97", "2012-06-30": "1.43", "2012-03-31": "1.97", "2011-12-31": "1.73", "2011-09-30": "1.57", "2011-06-30": "5.19", "2011-03-31": "2.99", "2010-12-31": "2.80", "2010-09-30": "2.74", "2010-06-30": "3.11", "2010-03-31": "2.94", "2009-12-31": "3.10", "2009-09-30": "3.02", "2009-06-30": "3.19", "2009-03-31": "3.45", "2008-12-31": "2.88", "2008-09-30": "2.67", "2008-06-30": "2.48", "2008-03-31": "2.38", "2007-12-31": "2.72", "2007-09-30": "3.25", "2007-06-30": "3.48", "2007-03-31": "3.56", "2006-12-31": "3.09", "2006-09-30": "2.94", "2006-06-30": "3.04", "2006-03-31": "3.26", "2005-12-31": "3.46", "2005-09-30": "3.55", "2005-06-30": "3.46", "2005-03-31": "3.57"}, "debt equity ratio": {"current": "0.68", "2020-12-31": "1.11", "2020-09-30": "1.19", "2020-06-30": "1.28", "2020-03-31": "1.24", "2019-12-31": "1.02", "2019-09-30": "1.00", "2019-06-30": "1.05", "2019-03-31": "1.05", "2018-12-31": "0.91", "2018-09-30": "0.77", "2018-06-30": "0.74", "2018-03-31": "0.65", "2017-12-31": "0.71", "2017-09-30": "0.54", "2017-06-30": "0.54", "2017-03-31": "0.50", "2016-12-31": "0.57", "2016-09-30": "0.58", "2016-06-30": "0.58", "2016-03-31": "0.60", "2015-12-31": "0.63", "2015-09-30": "0.66", "2015-06-30": "0.72", "2015-03-31": "0.67", "2014-12-31": "0.67", "2014-09-30": "0.71", "2014-06-30": "0.70", "2014-03-31": "0.78", "2013-12-31": "0.75", "2013-09-30": "0.74", "2013-06-30": "0.75", "2013-03-31": "0.80", "2012-12-31": "0.83", "2012-09-30": "0.80", "2012-06-30": "0.75", "2012-03-31": "0.81", "2011-12-31": "0.87", "2011-09-30": "0.90", "2011-06-30": "0.57", "2011-03-31": "0.26", "2010-12-31": "0.28", "2010-09-30": "0.27", "2010-06-30": "0.25", "2010-03-31": "0.26", "2009-12-31": "0.25", "2009-09-30": "0.26", "2009-06-30": "0.25", "2009-03-31": "0.25", "2008-12-31": "0.28", "2008-09-30": "0.24", "2008-06-30": "0.24", "2008-03-31": "0.25", "2007-12-31": "0.27", "2007-09-30": "0.23", "2007-06-30": "0.22", "2007-03-31": "0.22", "2006-12-31": "0.23", "2006-09-30": "0.23", "2006-06-30": "0.25", "2006-03-31": "0.25", "2005-12-31": "0.26", "2005-09-30": "0.26", "2005-06-30": "0.26", "2005-03-31": "0.26"}, "return on equity": {"2020-12-31": "68.04%", "2020-09-30": "61.07%", "2020-06-30": "60.73%", "2020-03-31": "58.35%", "2019-12-31": "57.51%", "2019-09-30": "59.20%", "2019-06-30": "58.31%", "2019-03-31": "56.11%", "2018-12-31": "54.72%", "2018-09-30": "44.16%", "2018-06-30": "40.99%", "2018-03-31": "37.65%", "2017-12-31": "34.20%", "2017-09-30": "40.97%", "2017-06-30": "39.12%", "2017-03-31": "37.53%", "2016-12-31": "35.50%", "2016-09-30": "33.86%", "2016-06-30": "31.91%", "2016-03-31": "30.48%", "2015-12-31": "29.50%", "2015-09-30": "28.93%", "2015-06-30": "28.73%", "2015-03-31": "28.33%", "2014-12-31": "26.48%", "2014-09-30": "23.31%", "2014-06-30": "21.18%", "2014-03-31": "20.67%", "2013-12-31": "19.37%", "2013-09-30": "17.10%", "2013-06-30": "18.32%", "2013-03-31": "16.39%", "2012-12-31": "15.50%", "2012-09-30": "15.80%", "2012-06-30": "14.32%", "2012-03-31": "16.44%", "2011-12-31": "20.26%", "2011-09-30": "26.36%", "2011-06-30": "29.47%", "2011-03-31": "31.25%", "2010-12-31": "31.87%", "2010-09-30": "29.59%", "2010-06-30": "26.81%", "2010-03-31": "21.97%", "2009-12-31": "15.50%", "2009-09-30": "9.92%", "2009-06-30": "10.01%", "2009-03-31": "13.21%", "2008-12-31": "19.56%", "2008-09-30": "25.74%", "2008-06-30": "27.16%", "2008-03-31": "26.40%", "2007-12-31": "24.22%", "2007-09-30": "22.70%", "2007-06-30": "21.62%", "2007-03-31": "36.01%", "2006-12-31": "36.62%", "2006-09-30": "36.07%", "2006-06-30": "35.60%", "2006-03-31": "21.48%", "2005-12-31": "19.70%"}, "return on assets": {"2020-12-31": "30.96%", "2020-09-30": "28.07%", "2020-06-30": "28.56%", "2020-03-31": "28.16%", "2019-12-31": "28.33%", "2019-09-30": "29.61%", "2019-06-30": "30.19%", "2019-03-31": "30.26%", "2018-12-31": "31.11%", "2018-09-30": "25.75%", "2018-06-30": "24.73%", "2018-03-31": "23.45%", "2017-12-31": "21.78%", "2017-09-30": "26.67%", "2017-06-30": "25.32%", "2017-03-31": "24.14%", "2016-12-31": "22.46%", "2016-09-30": "21.21%", "2016-06-30": "19.73%", "2016-03-31": "18.43%", "2015-12-31": "17.66%", "2015-09-30": "17.22%", "2015-06-30": "16.97%", "2015-03-31": "16.77%", "2014-12-31": "15.42%", "2014-09-30": "13.42%", "2014-06-30": "12.14%", "2014-03-31": "11.76%", "2013-12-31": "11.00%", "2013-09-30": "9.61%", "2013-06-30": "10.21%", "2013-03-31": "9.14%", "2012-12-31": "8.63%", "2012-09-30": "8.75%", "2012-06-30": "7.82%", "2012-03-31": "9.20%", "2011-12-31": "12.26%", "2011-09-30": "17.49%", "2011-06-30": "21.86%", "2011-03-31": "24.70%", "2010-12-31": "25.18%", "2010-09-30": "23.55%", "2010-06-30": "21.38%", "2010-03-31": "17.51%", "2009-12-31": "12.38%", "2009-09-30": "7.87%", "2009-06-30": "7.99%", "2009-03-31": "10.56%", "2008-12-31": "15.64%", "2008-09-30": "20.60%", "2008-06-30": "21.76%", "2008-03-31": "21.26%", "2007-12-31": "19.62%", "2007-09-30": "18.54%", "2007-06-30": "17.67%", "2007-03-31": "29.26%", "2006-12-31": "29.59%", "2006-09-30": "28.94%", "2006-06-30": "28.37%", "2006-03-31": "17.06%", "2005-12-31": "15.60%"}, "return on investments": {"2020-12-31": "41.27%", "2020-09-30": "38.14%", "2020-06-30": "38.19%", "2020-03-31": "40.81%", "2019-12-31": "41.53%", "2019-09-30": "44.19%", "2019-06-30": "46.29%", "2019-03-31": "45.58%", "2018-12-31": "46.24%", "2018-09-30": "46.09%", "2018-06-30": "45.67%", "2018-03-31": "45.57%", "2017-12-31": "43.92%", "2017-09-30": "42.61%", "2017-06-30": "40.44%", "2017-03-31": "38.47%", "2016-12-31": "37.13%", "2016-09-30": "36.31%", "2016-06-30": "34.54%", "2016-03-31": "33.34%", "2015-12-31": "32.31%", "2015-09-30": "31.08%", "2015-06-30": "30.59%", "2015-03-31": "29.58%", "2014-12-31": "27.10%", "2014-09-30": "23.87%", "2014-06-30": "21.24%", "2014-03-31": "20.61%", "2013-12-31": "18.71%", "2013-09-30": "15.04%", "2013-06-30": "14.92%", "2013-03-31": "13.20%", "2012-12-31": "13.18%", "2012-09-30": "14.69%", "2012-06-30": "14.60%", "2012-03-31": "16.52%", "2011-12-31": "26.71%", "2011-09-30": "52.05%", "2011-06-30": "118.60%", "2011-03-31": "inf%", "2010-12-31": "inf%", "2010-09-30": "inf%", "2010-06-30": "inf%", "2010-03-31": "inf%", "2009-12-31": "inf%", "2009-09-30": "inf%", "2009-06-30": "inf%", "2009-03-31": "inf%", "2008-12-31": "inf%", "2008-09-30": "inf%", "2008-06-30": "inf%", "2008-03-31": "inf%", "2007-12-31": "inf%", "2007-09-30": "inf%", "2007-06-30": "inf%", "2007-03-31": "inf%", "2006-12-31": "116.55%", "2006-09-30": "56.44%", "2006-06-30": "35.71%", "2006-03-31": "24.04%", "2005-12-31": "21.47%"}, "return on tangible equity": {"2020-12-31": "153.59%", "2020-09-30": "141.22%", "2020-06-30": "138.74%", "2020-03-31": "131.16%", "2019-12-31": "127.81%", "2019-09-30": "133.63%", "2019-06-30": "127.39%", "2019-03-31": "116.98%", "2018-12-31": "109.68%", "2018-09-30": "87.04%", "2018-06-30": "81.12%", "2018-03-31": "75.49%", "2017-12-31": "69.61%", "2017-09-30": "84.40%", "2017-06-30": "83.36%", "2017-03-31": "83.03%", "2016-12-31": "82.08%", "2016-09-30": "81.18%", "2016-06-30": "78.90%", "2016-03-31": "76.19%", "2015-12-31": "73.58%", "2015-09-30": "72.40%", "2015-06-30": "71.98%", "2015-03-31": "71.67%", "2014-12-31": "67.69%", "2014-09-30": "59.83%", "2014-06-30": "54.26%", "2014-03-31": "52.82%", "2013-12-31": "49.88%", "2013-09-30": "44.65%", "2013-06-30": "48.45%", "2013-03-31": "44.32%", "2012-12-31": "42.85%", "2012-09-30": "44.90%", "2012-06-30": "42.41%", "2012-03-31": "34.61%", "2011-12-31": "33.04%", "2011-09-30": "34.85%", "2011-06-30": "32.57%", "2011-03-31": "34.68%", "2010-12-31": "35.49%", "2010-09-30": "33.06%", "2010-06-30": "30.05%", "2010-03-31": "24.71%", "2009-12-31": "17.46%", "2009-09-30": "11.15%", "2009-06-30": "11.19%", "2009-03-31": "14.67%", "2008-12-31": "21.63%", "2008-09-30": "28.43%", "2008-06-30": "29.90%", "2008-03-31": "28.93%", "2007-12-31": "26.44%", "2007-09-30": "24.69%", "2007-06-30": "23.48%", "2007-03-31": "39.02%", "2006-12-31": "39.69%", "2006-09-30": "38.91%", "2006-06-30": "38.28%", "2006-03-31": "23.09%", "2005-12-31": "21.10%"}, "dividend yield history": {"last payout": "$4.08", "last yield": "2.35%"}}