{"ticker": "TXT", "price": {"title": "Textron Historical Annual Stock Price Data", "value": 50.64, "historical": {"2021": {"Average Stock Price": "48.2857", "Year Open": "46.3800", "Year High": "50.6400", "Year Low": "45.2600", "Year Close": "50.6400", "Annual % Change": "4.78%"}, "2020": {"Average Stock Price": "37.0632", "Year Open": "45.4800", "Year High": "50.9300", "Year Low": "21.6600", "Year Close": "48.3300", "Annual % Change": "8.36%"}, "2019": {"Average Stock Price": "49.3211", "Year Open": "46.0900", "Year High": "55.1500", "Year Low": "42.7700", "Year Close": "44.6000", "Annual % Change": "-3.02%"}, "2018": {"Average Stock Price": "61.9701", "Year Open": "57.3000", "Year High": "72.3000", "Year Low": "44.1600", "Year Close": "45.9900", "Annual % Change": "-18.73%"}, "2017": {"Average Stock Price": "49.8580", "Year Open": "49.2500", "Year High": "57.1800", "Year Low": "45.3700", "Year Close": "56.5900", "Annual % Change": "16.54%"}, "2016": {"Average Stock Price": "39.0537", "Year Open": "41.5000", "Year High": "49.0400", "Year Low": "31.1100", "Year Close": "48.5600", "Annual % Change": "15.59%"}, "2015": {"Average Stock Price": "42.9063", "Year Open": "42.1700", "Year High": "46.8600", "Year Low": "37.0000", "Year Close": "42.0100", "Annual % Change": "-0.24%"}, "2014": {"Average Stock Price": "38.5632", "Year Open": "36.2900", "Year High": "44.2300", "Year Low": "32.2800", "Year Close": "42.1100", "Annual % Change": "14.55%"}, "2013": {"Average Stock Price": "28.5869", "Year Open": "25.4800", "Year High": "37.2900", "Year Low": "24.8800", "Year Close": "36.7600", "Annual % Change": "48.29%"}, "2012": {"Average Stock Price": "25.2950", "Year Open": "18.6400", "Year High": "28.8900", "Year Low": "18.6400", "Year Close": "24.7900", "Annual % Change": "34.07%"}, "2011": {"Average Stock Price": "21.9537", "Year Open": "24.0100", "Year High": "28.5000", "Year Low": "14.8800", "Year Close": "18.4900", "Annual % Change": "-21.79%"}, "2010": {"Average Stock Price": "20.7603", "Year Open": "19.0400", "Year High": "24.5500", "Year Low": "16.0700", "Year Close": "23.6400", "Annual % Change": "25.68%"}, "2009": {"Average Stock Price": "13.3967", "Year Open": "15.3700", "Year High": "20.7300", "Year Low": "3.7500", "Year Close": "18.8100", "Annual % Change": "35.62%"}, "2008": {"Average Stock Price": "42.7955", "Year Open": "66.8100", "Year High": "67.8100", "Year Low": "11.6900", "Year Close": "13.8700", "Annual % Change": "-80.55%"}, "2007": {"Average Stock Price": "56.0566", "Year Open": "47.6250", "Year High": "73.3800", "Year Low": "44.0800", "Year Close": "71.3000", "Annual % Change": "52.07%"}, "2006": {"Average Stock Price": "44.5314", "Year Open": "38.7500", "Year High": "49.1900", "Year Low": "37.8800", "Year Close": "46.8850", "Annual % Change": "21.81%"}, "2005": {"Average Stock Price": "37.3217", "Year Open": "36.1600", "Year High": "40.0250", "Year Low": "32.9250", "Year Close": "38.4900", "Annual % Change": "4.31%"}, "2004": {"Average Stock Price": "30.3258", "Year Open": "28.5950", "Year High": "37.3150", "Year Low": "25.4200", "Year Close": "36.9000", "Annual % Change": "29.34%"}, "2003": {"Average Stock Price": "20.3114", "Year Open": "22.4500", "Year High": "28.8500", "Year Low": "13.4250", "Year Close": "28.5300", "Annual % Change": "32.73%"}, "2002": {"Average Stock Price": "21.6156", "Year Open": "21.2550", "Year High": "26.5850", "Year Low": "16.2450", "Year Close": "21.4950", "Annual % Change": "3.69%"}, "2001": {"Average Stock Price": "24.7311", "Year Open": "23.5000", "Year High": "29.9450", "Year Low": "15.8250", "Year Close": "20.7300", "Annual % Change": "-10.84%"}, "2000": {"Average Stock Price": "28.2502", "Year Open": "37.4700", "Year High": "37.4700", "Year Low": "20.7200", "Year Close": "23.2500", "Annual % Change": "-39.37%"}, "1999": {"Average Stock Price": "40.0729", "Year Open": "38.1250", "Year High": "48.5000", "Year Low": "34.2200", "Year Close": "38.3450", "Annual % Change": "0.99%"}, "1998": {"Average Stock Price": "35.5481", "Year Open": "31.3150", "Year High": "40.3450", "Year Low": "27.4400", "Year Close": "37.9700", "Annual % Change": "21.50%"}, "1997": {"Average Stock Price": "29.2309", "Year Open": "22.9075", "Year High": "35.0300", "Year Low": "22.9075", "Year Close": "31.2500", "Annual % Change": "32.63%"}, "1996": {"Average Stock Price": "20.9504", "Year Open": "17.5000", "Year High": "23.9688", "Year Low": "17.5000", "Year Close": "23.5625", "Annual % Change": "39.63%"}, "1995": {"Average Stock Price": "15.5094", "Year Open": "12.3750", "Year High": "19.1875", "Year Low": "12.1575", "Year Close": "16.8750", "Annual % Change": "33.98%"}, "1994": {"Average Stock Price": "13.4246", "Year Open": "14.4700", "Year High": "15.1250", "Year Low": "11.6575", "Year Close": "12.5950", "Annual % Change": "-13.51%"}, "1993": {"Average Stock Price": "12.8791", "Year Open": "11.0625", "Year High": "14.6250", "Year Low": "10.4375", "Year Close": "14.5625", "Annual % Change": "30.17%"}, "1992": {"Average Stock Price": "9.4118", "Year Open": "9.7825", "Year High": "11.1875", "Year Low": "8.4375", "Year Close": "11.1875", "Annual % Change": "12.92%"}, "1991": {"Average Stock Price": "8.1862", "Year Open": "6.4700", "Year High": "9.9700", "Year Low": "6.2500", "Year Close": "9.9075", "Annual % Change": "44.74%"}, "1990": {"Average Stock Price": "5.7900", "Year Open": "6.2500", "Year High": "6.8750", "Year Low": "4.8450", "Year Close": "6.8450", "Annual % Change": "11.21%"}, "1989": {"Average Stock Price": "6.6124", "Year Open": "5.8450", "Year High": "7.1550", "Year Low": "5.7500", "Year Close": "6.1550", "Annual % Change": "3.66%"}, "1988": {"Average Stock Price": "6.0758", "Year Open": "5.6550", "Year High": "7.3125", "Year Low": "5.3750", "Year Close": "5.9375", "Annual % Change": "5.00%"}, "1987": {"Average Stock Price": "7.6054", "Year Open": "7.9688", "Year High": "9.5300", "Year Low": "4.6250", "Year Close": "5.6550", "Annual % Change": "-28.19%"}, "1986": {"Average Stock Price": "7.2736", "Year Open": "6.0938", "Year High": "8.7350", "Year Low": "6.0938", "Year Close": "7.8750", "Annual % Change": "28.57%"}, "1985": {"Average Stock Price": "5.9485", "Year Open": "4.1725", "Year High": "7.4225", "Year Low": "4.0625", "Year Close": "6.1250", "Annual % Change": "44.63%"}}}, "market cap": {"value": "$11.28B"}, "income statement": {"Revenue": {"2020-12-31": "11651.00000", "2019-12-31": "13630.00000", "2018-12-31": "13972.00000", "2017-12-31": "14198.00000", "2016-12-31": "13788.00000", "2015-12-31": "13423.00000", "2014-12-31": "13878.00000", "2013-12-31": "12104.00000", "2012-12-31": "12237.00000", "2011-12-31": "11275.00000", "2010-12-31": "10525.00000", "2009-12-31": "10500.00000", "2008-12-31": "14010.00000", "2007-12-31": "12395.00000", "2006-12-31": "10973.00000", "2005-12-31": "10043.00000"}, "Cost Of Goods Sold": {"2020-12-31": "", "2019-12-31": "11406.00000", "2018-12-31": "11594.00000", "2017-12-31": "11827.00000", "2016-12-31": "11337.00000", "2015-12-31": "10979.00000", "2014-12-31": "11421.00000", "2013-12-31": "10131.00000", "2012-12-31": "10019.00000", "2011-12-31": "9308.00000", "2010-12-31": "8605.00000", "2009-12-31": "8468.00000", "2008-12-31": "10583.00000", "2007-12-31": "9099.00000", "2006-12-31": "8145.00000", "2005-12-31": "7464.00000"}, "Gross Profit": {"2020-12-31": "11651.00000", "2019-12-31": "2224.00000", "2018-12-31": "2378.00000", "2017-12-31": "2371.00000", "2016-12-31": "2451.00000", "2015-12-31": "2444.00000", "2014-12-31": "2457.00000", "2013-12-31": "1973.00000", "2012-12-31": "2218.00000", "2011-12-31": "1967.00000", "2010-12-31": "1920.00000", "2009-12-31": "2032.00000", "2008-12-31": "3427.00000", "2007-12-31": "3296.00000", "2006-12-31": "2828.00000", "2005-12-31": "2579.00000"}, "Research And Development Expenses": {"2020-12-31": "", "2019-12-31": "", "2018-12-31": "", "2017-12-31": "", "2016-12-31": "", "2015-12-31": "", "2014-12-31": "", "2013-12-31": "", "2012-12-31": "", "2011-12-31": "", "2010-12-31": "", "2009-12-31": "", "2008-12-31": "", "2007-12-31": "", "2006-12-31": "", "2005-12-31": ""}, "SG&A Expenses": {"2020-12-31": "", "2019-12-31": "1152.00000", "2018-12-31": "1275.00000", "2017-12-31": "1334.00000", "2016-12-31": "1317.00000", "2015-12-31": "1304.00000", "2014-12-31": "1361.00000", "2013-12-31": "1126.00000", "2012-12-31": "1165.00000", "2011-12-31": "1195.00000", "2010-12-31": "1231.00000", "2009-12-31": "1338.00000", "2008-12-31": "1590.00000", "2007-12-31": "1545.00000", "2006-12-31": "1407.00000", "2005-12-31": "1403.00000"}, "Other Operating Income Or Expenses": {"2020-12-31": "", "2019-12-31": "", "2018-12-31": "", "2017-12-31": "", "2016-12-31": "", "2015-12-31": "", "2014-12-31": "", "2013-12-31": "", "2012-12-31": "", "2011-12-31": "", "2010-12-31": "", "2009-12-31": "", "2008-12-31": "", "2007-12-31": "", "2006-12-31": "", "2005-12-31": ""}, "Operating Expenses": {"2020-12-31": "122.00000", "2019-12-31": "12558.00000", "2018-12-31": "12869.00000", "2017-12-31": "13161.00000", "2016-12-31": "12654.00000", "2015-12-31": "12283.00000", "2014-12-31": "12782.00000", "2013-12-31": "11257.00000", "2012-12-31": "11184.00000", "2011-12-31": "10503.00000", "2010-12-31": "9836.00000", "2009-12-31": "9806.00000", "2008-12-31": "12173.00000", "2007-12-31": "10644.00000", "2006-12-31": "9552.00000", "2005-12-31": "8867.00000"}, "Operating Income": {"2020-12-31": "11529.00000", "2019-12-31": "1072.00000", "2018-12-31": "1103.00000", "2017-12-31": "1037.00000", "2016-12-31": "1134.00000", "2015-12-31": "1140.00000", "2014-12-31": "1096.00000", "2013-12-31": "847.00000", "2012-12-31": "1053.00000", "2011-12-31": "772.00000", "2010-12-31": "689.00000", "2009-12-31": "694.00000", "2008-12-31": "1837.00000", "2007-12-31": "1751.00000", "2006-12-31": "1421.00000", "2005-12-31": "1176.00000"}, "Total Non-Operating Income/Expense": {"2020-12-31": "-53.00000", "2019-12-31": "-130.00000", "2018-12-31": "281.00000", "2017-12-31": "-275.00000", "2016-12-31": "-258.00000", "2015-12-31": "-169.00000", "2014-12-31": "-243.00000", "2013-12-31": "-173.00000", "2012-12-31": "-212.00000", "2011-12-31": "-435.00000", "2010-12-31": "-603.00000", "2009-12-31": "-843.00000", "2008-12-31": "-1208.00000", "2007-12-31": "-517.00000", "2006-12-31": "-464.00000", "2005-12-31": "-437.00000"}, "Pre-Tax Income": {"2020-12-31": "282.00000", "2019-12-31": "942.00000", "2018-12-31": "1384.00000", "2017-12-31": "762.00000", "2016-12-31": "876.00000", "2015-12-31": "971.00000", "2014-12-31": "853.00000", "2013-12-31": "674.00000", "2012-12-31": "841.00000", "2011-12-31": "337.00000", "2010-12-31": "86.00000", "2009-12-31": "-149.00000", "2008-12-31": "629.00000", "2007-12-31": "1234.00000", "2006-12-31": "957.00000", "2005-12-31": "739.00000"}, "Income Taxes": {"2020-12-31": "-27.00000", "2019-12-31": "127.00000", "2018-12-31": "162.00000", "2017-12-31": "456.00000", "2016-12-31": "33.00000", "2015-12-31": "273.00000", "2014-12-31": "248.00000", "2013-12-31": "176.00000", "2012-12-31": "260.00000", "2011-12-31": "95.00000", "2010-12-31": "-6.00000", "2009-12-31": "-76.00000", "2008-12-31": "305.00000", "2007-12-31": "368.00000", "2006-12-31": "264.00000", "2005-12-31": "223.00000"}, "Income After Taxes": {"2020-12-31": "309.00000", "2019-12-31": "815.00000", "2018-12-31": "1222.00000", "2017-12-31": "306.00000", "2016-12-31": "843.00000", "2015-12-31": "698.00000", "2014-12-31": "605.00000", "2013-12-31": "498.00000", "2012-12-31": "581.00000", "2011-12-31": "242.00000", "2010-12-31": "92.00000", "2009-12-31": "-73.00000", "2008-12-31": "324.00000", "2007-12-31": "866.00000", "2006-12-31": "693.00000", "2005-12-31": "516.00000"}, "Other Income": {"2020-12-31": "", "2019-12-31": "", "2018-12-31": "", "2017-12-31": "", "2016-12-31": "", "2015-12-31": "", "2014-12-31": "", "2013-12-31": "", "2012-12-31": "", "2011-12-31": "", "2010-12-31": "", "2009-12-31": "", "2008-12-31": "", "2007-12-31": "", "2006-12-31": "", "2005-12-31": ""}, "Income From Continuous Operations": {"2020-12-31": "309.00000", "2019-12-31": "815.00000", "2018-12-31": "1222.00000", "2017-12-31": "306.00000", "2016-12-31": "843.00000", "2015-12-31": "698.00000", "2014-12-31": "605.00000", "2013-12-31": "498.00000", "2012-12-31": "581.00000", "2011-12-31": "242.00000", "2010-12-31": "92.00000", "2009-12-31": "-73.00000", "2008-12-31": "324.00000", "2007-12-31": "866.00000", "2006-12-31": "693.00000", "2005-12-31": "516.00000"}, "Income From Discontinued Operations": {"2020-12-31": "", "2019-12-31": "", "2018-12-31": "", "2017-12-31": "1.00000", "2016-12-31": "119.00000", "2015-12-31": "-1.00000", "2014-12-31": "-5.00000", "2013-12-31": "0.00000", "2012-12-31": "8.00000", "2011-12-31": "", "2010-12-31": "-6.00000", "2009-12-31": "42.00000", "2008-12-31": "162.00000", "2007-12-31": "51.00000", "2006-12-31": "-92.00000", "2005-12-31": "-313.00000"}, "Net Income": {"2020-12-31": "309.00000", "2019-12-31": "815.00000", "2018-12-31": "1222.00000", "2017-12-31": "307.00000", "2016-12-31": "962.00000", "2015-12-31": "697.00000", "2014-12-31": "600.00000", "2013-12-31": "498.00000", "2012-12-31": "589.00000", "2011-12-31": "242.00000", "2010-12-31": "86.00000", "2009-12-31": "-31.00000", "2008-12-31": "486.00000", "2007-12-31": "917.00000", "2006-12-31": "601.00000", "2005-12-31": "203.00000"}, "EBITDA": {"2020-12-31": "11920.00000", "2019-12-31": "1488.00000", "2018-12-31": "1540.00000", "2017-12-31": "1484.00000", "2016-12-31": "1583.00000", "2015-12-31": "1601.00000", "2014-12-31": "1555.00000", "2013-12-31": "1236.00000", "2012-12-31": "1436.00000", "2011-12-31": "1175.00000", "2010-12-31": "1082.00000", "2009-12-31": "1103.00000", "2008-12-31": "2237.00000", "2007-12-31": "2073.00000", "2006-12-31": "1700.00000", "2005-12-31": "1479.00000"}, "EBIT": {"2020-12-31": "11529.00000", "2019-12-31": "1072.00000", "2018-12-31": "1103.00000", "2017-12-31": "1037.00000", "2016-12-31": "1134.00000", "2015-12-31": "1140.00000", "2014-12-31": "1096.00000", "2013-12-31": "847.00000", "2012-12-31": "1053.00000", "2011-12-31": "772.00000", "2010-12-31": "689.00000", "2009-12-31": "694.00000", "2008-12-31": "1837.00000", "2007-12-31": "1751.00000", "2006-12-31": "1421.00000", "2005-12-31": "1176.00000"}, "Basic Shares Outstanding": {"2020-12-31": "", "2019-12-31": "231.31500", "2018-12-31": "250.19600", "2017-12-31": "266.38000", "2016-12-31": "270.77400", "2015-12-31": "276.68200", "2014-12-31": "279.40900", "2013-12-31": "279.29900", "2012-12-31": "280.18200", "2011-12-31": "277.68400", "2010-12-31": "274.45200", "2009-12-31": "262.92300", "2008-12-31": "246.20800", "2007-12-31": "249.79200", "2006-12-31": "255.09800", "2005-12-31": "267.06200"}, "Shares Outstanding": {"2020-12-31": "228.97900", "2019-12-31": "232.70900", "2018-12-31": "253.23700", "2017-12-31": "268.75000", "2016-12-31": "272.36500", "2015-12-31": "278.72700", "2014-12-31": "281.79000", "2013-12-31": "284.42800", "2012-12-31": "294.66300", "2011-12-31": "307.25500", "2010-12-31": "302.55500", "2009-12-31": "262.92300", "2008-12-31": "250.33800", "2007-12-31": "254.82600", "2006-12-31": "260.44400", "2005-12-31": "272.89200"}, "Basic EPS": {"2020-12-31": "", "2019-12-31": "3.52000", "2018-12-31": "4.88000", "2017-12-31": "1.15000", "2016-12-31": "3.55000", "2015-12-31": "2.52000", "2014-12-31": "2.15000", "2013-12-31": "1.78000", "2012-12-31": "2.10000", "2011-12-31": "0.87000", "2010-12-31": "0.31000", "2009-12-31": "-0.12000", "2008-12-31": "1.97000", "2007-12-31": "3.67000", "2006-12-31": "2.35000", "2005-12-31": "0.76000"}, "EPS - Earnings Per Share": {"2020-12-31": "1.35000", "2019-12-31": "3.50000", "2018-12-31": "4.83000", "2017-12-31": "1.14000", "2016-12-31": "3.53000", "2015-12-31": "2.50000", "2014-12-31": "2.13000", "2013-12-31": "1.75000", "2012-12-31": "2.00000", "2011-12-31": "0.79000", "2010-12-31": "0.28000", "2009-12-31": "-0.12000", "2008-12-31": "1.94000", "2007-12-31": "3.60000", "2006-12-31": "2.31000", "2005-12-31": "0.74000"}}, "income statement, quarterly": {"Revenue": {"2020-12-31": "3667.00000", "2020-09-30": "2735.00000", "2020-06-30": "2472.00000", "2020-03-31": "2777.00000", "2019-12-31": "4035.00000", "2019-09-30": "3259.00000", "2019-06-30": "3227.00000", "2019-03-31": "3109.00000", "2018-12-31": "3750.00000", "2018-09-30": "3200.00000", "2018-06-30": "3726.00000", "2018-03-31": "3296.00000", "2017-12-31": "4017.00000", "2017-09-30": "3484.00000", "2017-06-30": "3604.00000", "2017-03-31": "3093.00000", "2016-12-31": "3825.00000", "2016-09-30": "3251.00000", "2016-06-30": "3511.00000", "2016-03-31": "3201.00000", "2015-12-31": "3923.00000", "2015-09-30": "3180.00000", "2015-06-30": "3247.00000", "2015-03-31": "3073.00000", "2014-12-31": "4096.00000", "2014-09-30": "3430.00000", "2014-06-30": "3505.00000", "2014-03-31": "2847.00000", "2013-12-31": "3506.00000", "2013-09-30": "2904.00000", "2013-06-30": "2839.00000", "2013-03-31": "2855.00000", "2012-12-31": "3362.00000", "2012-09-30": "3000.00000", "2012-06-30": "3019.00000", "2012-03-31": "2856.00000", "2011-12-31": "3254.00000", "2011-09-30": "2814.00000", "2011-06-30": "2728.00000", "2011-03-31": "2479.00000", "2010-12-31": "3127.00000", "2010-09-30": "2479.00000", "2010-06-30": "2709.00000", "2010-03-31": "2210.00000", "2009-12-31": "2813.00000", "2009-09-30": "2549.00000", "2009-06-30": "2612.00000", "2009-03-31": "2526.00000", "2008-12-31": "3549.00000", "2008-09-30": "3471.00000", "2008-06-30": "3684.00000", "2008-03-31": "3306.00000", "2007-12-31": "3086.00000", "2007-09-30": "3110.00000", "2007-06-30": "3235.00000", "2007-03-31": "2964.00000", "2006-12-31": "2684.00000", "2006-09-30": "2837.00000", "2006-06-30": "2820.00000", "2006-03-31": "2632.00000", "2005-12-31": "2701.00000", "2005-09-30": "2405.00000", "2005-06-30": "2667.00000", "2005-03-31": "2270.00000"}, "Cost Of Goods Sold": {"2020-12-31": "", "2020-09-30": "2332.00000", "2020-06-30": "2251.00000", "2020-03-31": "2387.00000", "2019-12-31": "3441.00000", "2019-09-30": "2747.00000", "2019-06-30": "2641.00000", "2019-03-31": "2577.00000", "2018-12-31": "3105.00000", "2018-09-30": "2687.00000", "2018-06-30": "3073.00000", "2018-03-31": "2729.00000", "2017-12-31": "3355.00000", "2017-09-30": "2884.00000", "2017-06-30": "2996.00000", "2017-03-31": "2592.00000", "2016-12-31": "3152.00000", "2016-09-30": "2661.00000", "2016-06-30": "2889.00000", "2016-03-31": "2635.00000", "2015-12-31": "3251.00000", "2015-09-30": "2584.00000", "2015-06-30": "2635.00000", "2015-03-31": "2509.00000", "2014-12-31": "3344.00000", "2014-09-30": "2845.00000", "2014-06-30": "2875.00000", "2014-03-31": "2357.00000", "2013-12-31": "2938.00000", "2013-09-30": "2473.00000", "2013-06-30": "2338.00000", "2013-03-31": "2382.00000", "2012-12-31": "2797.00000", "2012-09-30": "2475.00000", "2012-06-30": "2435.00000", "2012-03-31": "2312.00000", "2011-12-31": "2715.00000", "2011-09-30": "2313.00000", "2011-06-30": "2225.00000", "2011-03-31": "2055.00000", "2010-12-31": "2604.00000", "2010-09-30": "2037.00000", "2010-06-30": "2188.00000", "2010-03-31": "1776.00000", "2009-12-31": "2323.00000", "2009-09-30": "2047.00000", "2009-06-30": "2099.00000", "2009-03-31": "1999.00000", "2008-12-31": "2779.00000", "2008-09-30": "2595.00000", "2008-06-30": "2775.00000", "2008-03-31": "2434.00000", "2007-12-31": "2270.00000", "2007-09-30": "2275.00000", "2007-06-30": "2374.00000", "2007-03-31": "2180.00000", "2006-12-31": "2010.00000", "2006-09-30": "2099.00000", "2006-06-30": "2081.00000", "2006-03-31": "1955.00000", "2005-12-31": "1981.00000", "2005-09-30": "1787.00000", "2005-06-30": "2029.00000", "2005-03-31": "1667.00000"}, "Gross Profit": {"2020-12-31": "3667.00000", "2020-09-30": "403.00000", "2020-06-30": "221.00000", "2020-03-31": "390.00000", "2019-12-31": "594.00000", "2019-09-30": "512.00000", "2019-06-30": "586.00000", "2019-03-31": "532.00000", "2018-12-31": "645.00000", "2018-09-30": "513.00000", "2018-06-30": "653.00000", "2018-03-31": "567.00000", "2017-12-31": "662.00000", "2017-09-30": "600.00000", "2017-06-30": "608.00000", "2017-03-31": "501.00000", "2016-12-31": "673.00000", "2016-09-30": "590.00000", "2016-06-30": "622.00000", "2016-03-31": "566.00000", "2015-12-31": "672.00000", "2015-09-30": "596.00000", "2015-06-30": "612.00000", "2015-03-31": "564.00000", "2014-12-31": "752.00000", "2014-09-30": "585.00000", "2014-06-30": "630.00000", "2014-03-31": "490.00000", "2013-12-31": "568.00000", "2013-09-30": "431.00000", "2013-06-30": "501.00000", "2013-03-31": "473.00000", "2012-12-31": "565.00000", "2012-09-30": "525.00000", "2012-06-30": "584.00000", "2012-03-31": "544.00000", "2011-12-31": "539.00000", "2011-09-30": "501.00000", "2011-06-30": "503.00000", "2011-03-31": "424.00000", "2010-12-31": "523.00000", "2010-09-30": "442.00000", "2010-06-30": "521.00000", "2010-03-31": "434.00000", "2009-12-31": "490.00000", "2009-09-30": "502.00000", "2009-06-30": "513.00000", "2009-03-31": "527.00000", "2008-12-31": "770.00000", "2008-09-30": "876.00000", "2008-06-30": "909.00000", "2008-03-31": "872.00000", "2007-12-31": "816.00000", "2007-09-30": "835.00000", "2007-06-30": "861.00000", "2007-03-31": "784.00000", "2006-12-31": "674.00000", "2006-09-30": "738.00000", "2006-06-30": "739.00000", "2006-03-31": "677.00000", "2005-12-31": "720.00000", "2005-09-30": "618.00000", "2005-06-30": "638.00000", "2005-03-31": "603.00000"}, "Research And Development Expenses": {"2020-12-31": "", "2020-09-30": "", "2020-06-30": "", "2020-03-31": "", "2019-12-31": "", "2019-09-30": "", "2019-06-30": "", "2019-03-31": "", "2018-12-31": "", "2018-09-30": "", "2018-06-30": "", "2018-03-31": "", "2017-12-31": "", "2017-09-30": "", "2017-06-30": "", "2017-03-31": "", "2016-12-31": "", "2016-09-30": "", "2016-06-30": "", "2016-03-31": "", "2015-12-31": "", "2015-09-30": "", "2015-06-30": "", "2015-03-31": "", "2014-12-31": "", "2014-09-30": "", "2014-06-30": "", "2014-03-31": "", "2013-12-31": "", "2013-09-30": "", "2013-06-30": "", "2013-03-31": "", "2012-12-31": "", "2012-09-30": "", "2012-06-30": "", "2012-03-31": "", "2011-12-31": "", "2011-09-30": "", "2011-06-30": "", "2011-03-31": "", "2010-12-31": "", "2010-09-30": "", "2010-06-30": "", "2010-03-31": "", "2009-12-31": "", "2009-09-30": "", "2009-06-30": "", "2009-03-31": "", "2008-12-31": "", "2008-09-30": "", "2008-06-30": "", "2008-03-31": "", "2007-12-31": "", "2007-09-30": "", "2007-06-30": "", "2007-03-31": "", "2006-12-31": "", "2006-09-30": "", "2006-06-30": "", "2006-03-31": "", "2005-12-31": "", "2005-09-30": "", "2005-06-30": "", "2005-03-31": ""}, "SG&A Expenses": {"2020-12-31": "", "2020-09-30": "258.00000", "2020-06-30": "239.00000", "2020-03-31": "263.00000", "2019-12-31": "298.00000", "2019-09-30": "255.00000", "2019-06-30": "292.00000", "2019-03-31": "307.00000", "2018-12-31": "271.00000", "2018-09-30": "307.00000", "2018-06-30": "370.00000", "2018-03-31": "327.00000", "2017-12-31": "347.00000", "2017-09-30": "335.00000", "2017-06-30": "343.00000", "2017-03-31": "309.00000", "2016-12-31": "368.00000", "2016-09-30": "323.00000", "2016-06-30": "318.00000", "2016-03-31": "308.00000", "2015-12-31": "335.00000", "2015-09-30": "303.00000", "2015-06-30": "329.00000", "2015-03-31": "337.00000", "2014-12-31": "402.00000", "2014-09-30": "304.00000", "2014-06-30": "353.00000", "2014-03-31": "302.00000", "2013-12-31": "306.00000", "2013-09-30": "245.00000", "2013-06-30": "296.00000", "2013-03-31": "279.00000", "2012-12-31": "313.00000", "2012-09-30": "264.00000", "2012-06-30": "276.00000", "2012-03-31": "312.00000", "2011-12-31": "345.00000", "2011-09-30": "251.00000", "2011-06-30": "295.00000", "2011-03-31": "304.00000", "2010-12-31": "346.00000", "2010-09-30": "301.00000", "2010-06-30": "299.00000", "2010-03-31": "285.00000", "2009-12-31": "304.00000", "2009-09-30": "348.00000", "2009-06-30": "340.00000", "2009-03-31": "346.00000", "2008-12-31": "387.00000", "2008-09-30": "419.00000", "2008-06-30": "393.00000", "2008-03-31": "391.00000", "2007-12-31": "361.00000", "2007-09-30": "383.00000", "2007-06-30": "429.00000", "2007-03-31": "372.00000", "2006-12-31": "301.00000", "2006-09-30": "369.00000", "2006-06-30": "376.00000", "2006-03-31": "361.00000", "2005-12-31": "377.00000", "2005-09-30": "350.00000", "2005-06-30": "336.00000", "2005-03-31": "340.00000"}, "Other Operating Income Or Expenses": {"2020-12-31": "", "2020-09-30": "", "2020-06-30": "", "2020-03-31": "", "2019-12-31": "", "2019-09-30": "", "2019-06-30": "", "2019-03-31": "", "2018-12-31": "", "2018-09-30": "", "2018-06-30": "", "2018-03-31": "", "2017-12-31": "", "2017-09-30": "7.00000", "2017-06-30": "6.00000", "2017-03-31": "", "2016-12-31": "", "2016-09-30": "", "2016-06-30": "", "2016-03-31": "", "2015-12-31": "", "2015-09-30": "", "2015-06-30": "", "2015-03-31": "", "2014-12-31": "", "2014-09-30": "", "2014-06-30": "", "2014-03-31": "", "2013-12-31": "", "2013-09-30": "", "2013-06-30": "", "2013-03-31": "", "2012-12-31": "", "2012-09-30": "", "2012-06-30": "", "2012-03-31": "", "2011-12-31": "", "2011-09-30": "", "2011-06-30": "", "2011-03-31": "", "2010-12-31": "", "2010-09-30": "", "2010-06-30": "", "2010-03-31": "", "2009-12-31": "", "2009-09-30": "", "2009-06-30": "", "2009-03-31": "", "2008-12-31": "", "2008-09-30": "", "2008-06-30": "", "2008-03-31": "", "2007-12-31": "", "2007-09-30": "", "2007-06-30": "", "2007-03-31": "", "2006-12-31": "", "2006-09-30": "", "2006-06-30": "", "2006-03-31": "", "2005-12-31": "", "2005-09-30": "", "2005-06-30": "", "2005-03-31": ""}, "Operating Expenses": {"2020-12-31": "50.00000", "2020-09-30": "2590.00000", "2020-06-30": "2490.00000", "2020-03-31": "2650.00000", "2019-12-31": "3739.00000", "2019-09-30": "3002.00000", "2019-06-30": "2933.00000", "2019-03-31": "2884.00000", "2018-12-31": "3376.00000", "2018-09-30": "2994.00000", "2018-06-30": "3443.00000", "2018-03-31": "3056.00000", "2017-12-31": "3715.00000", "2017-09-30": "3212.00000", "2017-06-30": "3333.00000", "2017-03-31": "2901.00000", "2016-12-31": "3520.00000", "2016-09-30": "2984.00000", "2016-06-30": "3207.00000", "2016-03-31": "2943.00000", "2015-12-31": "3586.00000", "2015-09-30": "2887.00000", "2015-06-30": "2964.00000", "2015-03-31": "2846.00000", "2014-12-31": "3707.00000", "2014-09-30": "3152.00000", "2014-06-30": "3248.00000", "2014-03-31": "2675.00000", "2013-12-31": "3244.00000", "2013-09-30": "2718.00000", "2013-06-30": "2634.00000", "2013-03-31": "2661.00000", "2012-12-31": "3110.00000", "2012-09-30": "2739.00000", "2012-06-30": "2711.00000", "2012-03-31": "2624.00000", "2011-12-31": "3060.00000", "2011-09-30": "2564.00000", "2011-06-30": "2520.00000", "2011-03-31": "2359.00000", "2010-12-31": "2950.00000", "2010-09-30": "2338.00000", "2010-06-30": "2487.00000", "2010-03-31": "2061.00000", "2009-12-31": "2627.00000", "2009-09-30": "2395.00000", "2009-06-30": "2439.00000", "2009-03-31": "2345.00000", "2008-12-31": "3166.00000", "2008-09-30": "3014.00000", "2008-06-30": "3168.00000", "2008-03-31": "2825.00000", "2007-12-31": "2631.00000", "2007-09-30": "2658.00000", "2007-06-30": "2803.00000", "2007-03-31": "2552.00000", "2006-12-31": "2311.00000", "2006-09-30": "2468.00000", "2006-06-30": "2457.00000", "2006-03-31": "2316.00000", "2005-12-31": "2358.00000", "2005-09-30": "2137.00000", "2005-06-30": "2365.00000", "2005-03-31": "2007.00000"}, "Operating Income": {"2020-12-31": "3617.00000", "2020-09-30": "145.00000", "2020-06-30": "-18.00000", "2020-03-31": "127.00000", "2019-12-31": "296.00000", "2019-09-30": "257.00000", "2019-06-30": "294.00000", "2019-03-31": "225.00000", "2018-12-31": "374.00000", "2018-09-30": "206.00000", "2018-06-30": "283.00000", "2018-03-31": "240.00000", "2017-12-31": "302.00000", "2017-09-30": "272.00000", "2017-06-30": "271.00000", "2017-03-31": "192.00000", "2016-12-31": "305.00000", "2016-09-30": "267.00000", "2016-06-30": "304.00000", "2016-03-31": "258.00000", "2015-12-31": "337.00000", "2015-09-30": "293.00000", "2015-06-30": "283.00000", "2015-03-31": "227.00000", "2014-12-31": "389.00000", "2014-09-30": "278.00000", "2014-06-30": "257.00000", "2014-03-31": "172.00000", "2013-12-31": "262.00000", "2013-09-30": "186.00000", "2013-06-30": "205.00000", "2013-03-31": "194.00000", "2012-12-31": "252.00000", "2012-09-30": "261.00000", "2012-06-30": "308.00000", "2012-03-31": "232.00000", "2011-12-31": "194.00000", "2011-09-30": "250.00000", "2011-06-30": "208.00000", "2011-03-31": "120.00000", "2010-12-31": "177.00000", "2010-09-30": "141.00000", "2010-06-30": "222.00000", "2010-03-31": "149.00000", "2009-12-31": "186.00000", "2009-09-30": "154.00000", "2009-06-30": "173.00000", "2009-03-31": "181.00000", "2008-12-31": "383.00000", "2008-09-30": "457.00000", "2008-06-30": "516.00000", "2008-03-31": "481.00000", "2007-12-31": "455.00000", "2007-09-30": "452.00000", "2007-06-30": "432.00000", "2007-03-31": "412.00000", "2006-12-31": "373.00000", "2006-09-30": "369.00000", "2006-06-30": "363.00000", "2006-03-31": "316.00000", "2005-12-31": "343.00000", "2005-09-30": "268.00000", "2005-06-30": "302.00000", "2005-03-31": "263.00000"}, "Total Non-Operating Income/Expense": {"2020-12-31": "-13.00000", "2020-09-30": "-29.00000", "2020-06-30": "-100.00000", "2020-03-31": "-58.00000", "2019-12-31": "-86.00000", "2019-09-30": "-16.00000", "2019-06-30": "-15.00000", "2019-03-31": "-13.00000", "2018-12-31": "-96.00000", "2018-09-30": "422.00000", "2018-06-30": "-23.00000", "2018-03-31": "-22.00000", "2017-12-31": "-79.00000", "2017-09-30": "-69.00000", "2017-06-30": "-56.00000", "2017-03-31": "-71.00000", "2016-12-31": "-11.00000", "2016-09-30": "-160.00000", "2016-06-30": "-44.00000", "2016-03-31": "-43.00000", "2015-12-31": "-43.00000", "2015-09-30": "-41.00000", "2015-06-30": "-42.00000", "2015-03-31": "-43.00000", "2014-12-31": "-102.00000", "2014-09-30": "-47.00000", "2014-06-30": "-47.00000", "2014-03-31": "-47.00000", "2013-12-31": "-39.00000", "2013-09-30": "-41.00000", "2013-06-30": "-42.00000", "2013-03-31": "-51.00000", "2012-12-31": "-52.00000", "2012-09-30": "-52.00000", "2012-06-30": "-53.00000", "2012-03-31": "-55.00000", "2011-12-31": "-224.00000", "2011-09-30": "-64.00000", "2011-06-30": "-73.00000", "2011-03-31": "-74.00000", "2010-12-31": "-132.00000", "2010-09-30": "-210.00000", "2010-06-30": "-123.00000", "2010-03-31": "-138.00000", "2009-12-31": "-251.00000", "2009-09-30": "-159.00000", "2009-06-30": "-293.00000", "2009-03-31": "-140.00000", "2008-12-31": "-789.00000", "2008-09-30": "-136.00000", "2008-06-30": "-141.00000", "2008-03-31": "-142.00000", "2007-12-31": "-131.00000", "2007-09-30": "-123.00000", "2007-06-30": "-135.00000", "2007-03-31": "-128.00000", "2006-12-31": "-126.00000", "2006-09-30": "-127.00000", "2006-06-30": "-108.00000", "2006-03-31": "-103.00000", "2005-12-31": "-119.00000", "2005-09-30": "-70.00000", "2005-06-30": "-114.00000", "2005-03-31": "-134.00000"}, "Pre-Tax Income": {"2020-12-31": "215.00000", "2020-09-30": "116.00000", "2020-06-30": "-118.00000", "2020-03-31": "69.00000", "2019-12-31": "210.00000", "2019-09-30": "241.00000", "2019-06-30": "279.00000", "2019-03-31": "212.00000", "2018-12-31": "278.00000", "2018-09-30": "628.00000", "2018-06-30": "260.00000", "2018-03-31": "218.00000", "2017-12-31": "223.00000", "2017-09-30": "203.00000", "2017-06-30": "215.00000", "2017-03-31": "121.00000", "2016-12-31": "294.00000", "2016-09-30": "107.00000", "2016-06-30": "260.00000", "2016-03-31": "215.00000", "2015-12-31": "294.00000", "2015-09-30": "252.00000", "2015-06-30": "241.00000", "2015-03-31": "184.00000", "2014-12-31": "287.00000", "2014-09-30": "231.00000", "2014-06-30": "210.00000", "2014-03-31": "125.00000", "2013-12-31": "223.00000", "2013-09-30": "145.00000", "2013-06-30": "163.00000", "2013-03-31": "143.00000", "2012-12-31": "200.00000", "2012-09-30": "209.00000", "2012-06-30": "255.00000", "2012-03-31": "177.00000", "2011-12-31": "-30.00000", "2011-09-30": "186.00000", "2011-06-30": "135.00000", "2011-03-31": "46.00000", "2010-12-31": "45.00000", "2010-09-30": "-69.00000", "2010-06-30": "99.00000", "2010-03-31": "11.00000", "2009-12-31": "-65.00000", "2009-09-30": "-5.00000", "2009-06-30": "-120.00000", "2009-03-31": "41.00000", "2008-12-31": "-406.00000", "2008-09-30": "321.00000", "2008-06-30": "375.00000", "2008-03-31": "339.00000", "2007-12-31": "324.00000", "2007-09-30": "329.00000", "2007-06-30": "297.00000", "2007-03-31": "284.00000", "2006-12-31": "247.00000", "2006-09-30": "242.00000", "2006-06-30": "255.00000", "2006-03-31": "213.00000", "2005-12-31": "224.00000", "2005-09-30": "198.00000", "2005-06-30": "188.00000", "2005-03-31": "129.00000"}, "Income Taxes": {"2020-12-31": "-21.00000", "2020-09-30": "1.00000", "2020-06-30": "-26.00000", "2020-03-31": "19.00000", "2019-12-31": "11.00000", "2019-09-30": "21.00000", "2019-06-30": "62.00000", "2019-03-31": "33.00000", "2018-12-31": "32.00000", "2018-09-30": "65.00000", "2018-06-30": "36.00000", "2018-03-31": "29.00000", "2017-12-31": "329.00000", "2017-09-30": "44.00000", "2017-06-30": "62.00000", "2017-03-31": "21.00000", "2016-12-31": "79.00000", "2016-09-30": "-192.00000", "2016-06-30": "82.00000", "2016-03-31": "64.00000", "2015-12-31": "69.00000", "2015-09-30": "76.00000", "2015-06-30": "72.00000", "2015-03-31": "56.00000", "2014-12-31": "74.00000", "2014-09-30": "71.00000", "2014-06-30": "65.00000", "2014-03-31": "38.00000", "2013-12-31": "52.00000", "2013-09-30": "47.00000", "2013-06-30": "49.00000", "2013-03-31": "28.00000", "2012-12-31": "54.00000", "2012-09-30": "67.00000", "2012-06-30": "82.00000", "2012-03-31": "57.00000", "2011-12-31": "-13.00000", "2011-09-30": "50.00000", "2011-06-30": "43.00000", "2011-03-31": "15.00000", "2010-12-31": "-18.00000", "2010-09-30": "-21.00000", "2010-06-30": "18.00000", "2010-03-31": "15.00000", "2009-12-31": "-5.00000", "2009-09-30": "-11.00000", "2009-06-30": "-58.00000", "2009-03-31": "-2.00000", "2008-12-31": "-50.00000", "2008-09-30": "116.00000", "2008-06-30": "125.00000", "2008-03-31": "114.00000", "2007-12-31": "96.00000", "2007-09-30": "104.00000", "2007-06-30": "82.00000", "2007-03-31": "86.00000", "2006-12-31": "64.00000", "2006-09-30": "67.00000", "2006-06-30": "78.00000", "2006-03-31": "55.00000", "2005-12-31": "56.00000", "2005-09-30": "52.00000", "2005-06-30": "70.00000", "2005-03-31": "45.00000"}, "Income After Taxes": {"2020-12-31": "236.00000", "2020-09-30": "115.00000", "2020-06-30": "-92.00000", "2020-03-31": "50.00000", "2019-12-31": "199.00000", "2019-09-30": "220.00000", "2019-06-30": "217.00000", "2019-03-31": "179.00000", "2018-12-31": "246.00000", "2018-09-30": "563.00000", "2018-06-30": "224.00000", "2018-03-31": "189.00000", "2017-12-31": "-106.00000", "2017-09-30": "159.00000", "2017-06-30": "153.00000", "2017-03-31": "100.00000", "2016-12-31": "215.00000", "2016-09-30": "299.00000", "2016-06-30": "178.00000", "2016-03-31": "151.00000", "2015-12-31": "225.00000", "2015-09-30": "176.00000", "2015-06-30": "169.00000", "2015-03-31": "128.00000", "2014-12-31": "213.00000", "2014-09-30": "160.00000", "2014-06-30": "145.00000", "2014-03-31": "87.00000", "2013-12-31": "171.00000", "2013-09-30": "98.00000", "2013-06-30": "114.00000", "2013-03-31": "115.00000", "2012-12-31": "146.00000", "2012-09-30": "142.00000", "2012-06-30": "173.00000", "2012-03-31": "120.00000", "2011-12-31": "-17.00000", "2011-09-30": "136.00000", "2011-06-30": "92.00000", "2011-03-31": "31.00000", "2010-12-31": "63.00000", "2010-09-30": "-48.00000", "2010-06-30": "81.00000", "2010-03-31": "-4.00000", "2009-12-31": "-60.00000", "2009-09-30": "6.00000", "2009-06-30": "-62.00000", "2009-03-31": "43.00000", "2008-12-31": "-356.00000", "2008-09-30": "205.00000", "2008-06-30": "250.00000", "2008-03-31": "225.00000", "2007-12-31": "228.00000", "2007-09-30": "225.00000", "2007-06-30": "215.00000", "2007-03-31": "198.00000", "2006-12-31": "183.00000", "2006-09-30": "175.00000", "2006-06-30": "177.00000", "2006-03-31": "158.00000", "2005-12-31": "168.00000", "2005-09-30": "146.00000", "2005-06-30": "118.00000", "2005-03-31": "84.00000"}, "Other Income": {"2020-12-31": "", "2020-09-30": "", "2020-06-30": "", "2020-03-31": "", "2019-12-31": "", "2019-09-30": "", "2019-06-30": "", "2019-03-31": "", "2018-12-31": "", "2018-09-30": "", "2018-06-30": "", "2018-03-31": "", "2017-12-31": "", "2017-09-30": "", "2017-06-30": "", "2017-03-31": "", "2016-12-31": "", "2016-09-30": "", "2016-06-30": "", "2016-03-31": "", "2015-12-31": "", "2015-09-30": "", "2015-06-30": "", "2015-03-31": "", "2014-12-31": "", "2014-09-30": "", "2014-06-30": "", "2014-03-31": "", "2013-12-31": "", "2013-09-30": "", "2013-06-30": "", "2013-03-31": "", "2012-12-31": "", "2012-09-30": "", "2012-06-30": "", "2012-03-31": "", "2011-12-31": "", "2011-09-30": "", "2011-06-30": "", "2011-03-31": "", "2010-12-31": "", "2010-09-30": "", "2010-06-30": "", "2010-03-31": "", "2009-12-31": "", "2009-09-30": "", "2009-06-30": "", "2009-03-31": "", "2008-12-31": "", "2008-09-30": "", "2008-06-30": "", "2008-03-31": "", "2007-12-31": "", "2007-09-30": "", "2007-06-30": "", "2007-03-31": "", "2006-12-31": "", "2006-09-30": "", "2006-06-30": "", "2006-03-31": "", "2005-12-31": "", "2005-09-30": "", "2005-06-30": "", "2005-03-31": ""}, "Income From Continuous Operations": {"2020-12-31": "236.00000", "2020-09-30": "115.00000", "2020-06-30": "-92.00000", "2020-03-31": "50.00000", "2019-12-31": "199.00000", "2019-09-30": "220.00000", "2019-06-30": "217.00000", "2019-03-31": "179.00000", "2018-12-31": "246.00000", "2018-09-30": "563.00000", "2018-06-30": "224.00000", "2018-03-31": "189.00000", "2017-12-31": "-106.00000", "2017-09-30": "159.00000", "2017-06-30": "153.00000", "2017-03-31": "100.00000", "2016-12-31": "215.00000", "2016-09-30": "299.00000", "2016-06-30": "178.00000", "2016-03-31": "151.00000", "2015-12-31": "225.00000", "2015-09-30": "176.00000", "2015-06-30": "169.00000", "2015-03-31": "128.00000", "2014-12-31": "213.00000", "2014-09-30": "160.00000", "2014-06-30": "145.00000", "2014-03-31": "87.00000", "2013-12-31": "171.00000", "2013-09-30": "98.00000", "2013-06-30": "114.00000", "2013-03-31": "115.00000", "2012-12-31": "146.00000", "2012-09-30": "142.00000", "2012-06-30": "173.00000", "2012-03-31": "120.00000", "2011-12-31": "-17.00000", "2011-09-30": "136.00000", "2011-06-30": "92.00000", "2011-03-31": "31.00000", "2010-12-31": "63.00000", "2010-09-30": "-48.00000", "2010-06-30": "81.00000", "2010-03-31": "-4.00000", "2009-12-31": "-60.00000", "2009-09-30": "6.00000", "2009-06-30": "-62.00000", "2009-03-31": "43.00000", "2008-12-31": "-356.00000", "2008-09-30": "205.00000", "2008-06-30": "250.00000", "2008-03-31": "225.00000", "2007-12-31": "228.00000", "2007-09-30": "225.00000", "2007-06-30": "215.00000", "2007-03-31": "198.00000", "2006-12-31": "183.00000", "2006-09-30": "175.00000", "2006-06-30": "177.00000", "2006-03-31": "158.00000", "2005-12-31": "168.00000", "2005-09-30": "146.00000", "2005-06-30": "118.00000", "2005-03-31": "84.00000"}, "Income From Discontinued Operations": {"2020-12-31": "", "2020-09-30": "", "2020-06-30": "", "2020-03-31": "", "2019-12-31": "", "2019-09-30": "", "2019-06-30": "", "2019-03-31": "", "2018-12-31": "", "2018-09-30": "", "2018-06-30": "", "2018-03-31": "", "2017-12-31": "", "2017-09-30": "", "2017-06-30": "", "2017-03-31": "1.00000", "2016-12-31": "-1.00000", "2016-09-30": "122.00000", "2016-06-30": "-1.00000", "2016-03-31": "-1.00000", "2015-12-31": "1.00000", "2015-09-30": "0.00000", "2015-06-30": "-2.00000", "2015-03-31": "0.00000", "2014-12-31": "-1.00000", "2014-09-30": "-1.00000", "2014-06-30": "-1.00000", "2014-03-31": "-2.00000", "2013-12-31": "-4.00000", "2013-09-30": "1.00000", "2013-06-30": "-1.00000", "2013-03-31": "4.00000", "2012-12-31": "2.00000", "2012-09-30": "9.00000", "2012-06-30": "-1.00000", "2012-03-31": "-2.00000", "2011-12-31": "", "2011-09-30": "6.00000", "2011-06-30": "-2.00000", "2011-03-31": "-2.00000", "2010-12-31": "-3.00000", "2010-09-30": "0.00000", "2010-06-30": "1.00000", "2010-03-31": "-4.00000", "2009-12-31": "-3.00000", "2009-09-30": "-2.00000", "2009-06-30": "4.00000", "2009-03-31": "43.00000", "2008-12-31": "147.00000", "2008-09-30": "1.00000", "2008-06-30": "8.00000", "2008-03-31": "6.00000", "2007-12-31": "28.00000", "2007-09-30": "30.00000", "2007-06-30": "-5.00000", "2007-03-31": "-2.00000", "2006-12-31": "12.00000", "2006-09-30": "-6.00000", "2006-06-30": "-108.00000", "2006-03-31": "10.00000", "2005-12-31": "-50.00000", "2005-09-30": "-310.00000", "2005-06-30": "5.00000", "2005-03-31": "42.00000"}, "Net Income": {"2020-12-31": "236.00000", "2020-09-30": "115.00000", "2020-06-30": "-92.00000", "2020-03-31": "50.00000", "2019-12-31": "199.00000", "2019-09-30": "220.00000", "2019-06-30": "217.00000", "2019-03-31": "179.00000", "2018-12-31": "246.00000", "2018-09-30": "563.00000", "2018-06-30": "224.00000", "2018-03-31": "189.00000", "2017-12-31": "-106.00000", "2017-09-30": "159.00000", "2017-06-30": "153.00000", "2017-03-31": "101.00000", "2016-12-31": "214.00000", "2016-09-30": "421.00000", "2016-06-30": "177.00000", "2016-03-31": "150.00000", "2015-12-31": "226.00000", "2015-09-30": "176.00000", "2015-06-30": "167.00000", "2015-03-31": "128.00000", "2014-12-31": "212.00000", "2014-09-30": "159.00000", "2014-06-30": "144.00000", "2014-03-31": "85.00000", "2013-12-31": "167.00000", "2013-09-30": "99.00000", "2013-06-30": "113.00000", "2013-03-31": "119.00000", "2012-12-31": "148.00000", "2012-09-30": "151.00000", "2012-06-30": "172.00000", "2012-03-31": "118.00000", "2011-12-31": "-19.00000", "2011-09-30": "142.00000", "2011-06-30": "90.00000", "2011-03-31": "29.00000", "2010-12-31": "60.00000", "2010-09-30": "-48.00000", "2010-06-30": "82.00000", "2010-03-31": "-8.00000", "2009-12-31": "-63.00000", "2009-09-30": "4.00000", "2009-06-30": "-58.00000", "2009-03-31": "86.00000", "2008-12-31": "-209.00000", "2008-09-30": "206.00000", "2008-06-30": "258.00000", "2008-03-31": "231.00000", "2007-12-31": "256.00000", "2007-09-30": "255.00000", "2007-06-30": "210.00000", "2007-03-31": "196.00000", "2006-12-31": "195.00000", "2006-09-30": "169.00000", "2006-06-30": "69.00000", "2006-03-31": "168.00000", "2005-12-31": "118.00000", "2005-09-30": "-164.00000", "2005-06-30": "123.00000", "2005-03-31": "126.00000"}, "EBITDA": {"2020-12-31": "", "2020-09-30": "240.00000", "2020-06-30": "80.00000", "2020-03-31": "217.00000", "2019-12-31": "410.00000", "2019-09-30": "357.00000", "2019-06-30": "394.00000", "2019-03-31": "327.00000", "2018-12-31": "489.00000", "2018-09-30": "312.00000", "2018-06-30": "394.00000", "2018-03-31": "345.00000", "2017-12-31": "417.00000", "2017-09-30": "386.00000", "2017-06-30": "383.00000", "2017-03-31": "298.00000", "2016-12-31": "423.00000", "2016-09-30": "375.00000", "2016-06-30": "418.00000", "2016-03-31": "367.00000", "2015-12-31": "466.00000", "2015-09-30": "405.00000", "2015-06-30": "393.00000", "2015-03-31": "337.00000", "2014-12-31": "523.00000", "2014-09-30": "389.00000", "2014-06-30": "373.00000", "2014-03-31": "270.00000", "2013-12-31": "366.00000", "2013-09-30": "279.00000", "2013-06-30": "300.00000", "2013-03-31": "291.00000", "2012-12-31": "358.00000", "2012-09-30": "355.00000", "2012-06-30": "400.00000", "2012-03-31": "323.00000", "2011-12-31": "308.00000", "2011-09-30": "344.00000", "2011-06-30": "308.00000", "2011-03-31": "215.00000", "2010-12-31": "288.00000", "2010-09-30": "236.00000", "2010-06-30": "319.00000", "2010-03-31": "239.00000", "2009-12-31": "298.00000", "2009-09-30": "254.00000", "2009-06-30": "274.00000", "2009-03-31": "277.00000", "2008-12-31": "490.00000", "2008-09-30": "551.00000", "2008-06-30": "616.00000", "2008-03-31": "580.00000", "2007-12-31": "547.00000", "2007-09-30": "529.00000", "2007-06-30": "511.00000", "2007-03-31": "486.00000", "2006-12-31": "442.00000", "2006-09-30": "441.00000", "2006-06-30": "435.00000", "2006-03-31": "382.00000", "2005-12-31": "425.00000", "2005-09-30": "343.00000", "2005-06-30": "377.00000", "2005-03-31": "334.00000"}, "EBIT": {"2020-12-31": "3617.00000", "2020-09-30": "145.00000", "2020-06-30": "-18.00000", "2020-03-31": "127.00000", "2019-12-31": "296.00000", "2019-09-30": "257.00000", "2019-06-30": "294.00000", "2019-03-31": "225.00000", "2018-12-31": "374.00000", "2018-09-30": "206.00000", "2018-06-30": "283.00000", "2018-03-31": "240.00000", "2017-12-31": "302.00000", "2017-09-30": "272.00000", "2017-06-30": "271.00000", "2017-03-31": "192.00000", "2016-12-31": "305.00000", "2016-09-30": "267.00000", "2016-06-30": "304.00000", "2016-03-31": "258.00000", "2015-12-31": "337.00000", "2015-09-30": "293.00000", "2015-06-30": "283.00000", "2015-03-31": "227.00000", "2014-12-31": "389.00000", "2014-09-30": "278.00000", "2014-06-30": "257.00000", "2014-03-31": "172.00000", "2013-12-31": "262.00000", "2013-09-30": "186.00000", "2013-06-30": "205.00000", "2013-03-31": "194.00000", "2012-12-31": "252.00000", "2012-09-30": "261.00000", "2012-06-30": "308.00000", "2012-03-31": "232.00000", "2011-12-31": "194.00000", "2011-09-30": "250.00000", "2011-06-30": "208.00000", "2011-03-31": "120.00000", "2010-12-31": "177.00000", "2010-09-30": "141.00000", "2010-06-30": "222.00000", "2010-03-31": "149.00000", "2009-12-31": "186.00000", "2009-09-30": "154.00000", "2009-06-30": "173.00000", "2009-03-31": "181.00000", "2008-12-31": "383.00000", "2008-09-30": "457.00000", "2008-06-30": "516.00000", "2008-03-31": "481.00000", "2007-12-31": "455.00000", "2007-09-30": "452.00000", "2007-06-30": "432.00000", "2007-03-31": "412.00000", "2006-12-31": "373.00000", "2006-09-30": "369.00000", "2006-06-30": "363.00000", "2006-03-31": "316.00000", "2005-12-31": "343.00000", "2005-09-30": "268.00000", "2005-06-30": "302.00000", "2005-03-31": "263.00000"}, "Basic Shares Outstanding": {"2020-12-31": "", "2020-09-30": "228.91800", "2020-06-30": "228.24700", "2020-03-31": "228.31100", "2019-12-31": "231.31500", "2019-09-30": "229.75500", "2019-06-30": "232.01300", "2019-03-31": "234.83900", "2018-12-31": "250.19600", "2018-09-30": "246.13600", "2018-06-30": "253.90400", "2018-03-31": "260.49700", "2017-12-31": "266.38000", "2017-09-30": "264.62400", "2017-06-30": "267.11400", "2017-03-31": "270.48900", "2016-12-31": "270.77400", "2016-09-30": "270.56000", "2016-06-30": "269.88800", "2016-03-31": "271.66000", "2015-12-31": "276.68200", "2015-09-30": "276.33400", "2015-06-30": "277.71500", "2015-03-31": "277.90200", "2014-12-31": "279.40900", "2014-09-30": "278.86000", "2014-06-30": "280.28000", "2014-03-31": "281.09400", "2013-12-31": "279.29900", "2013-09-30": "281.52500", "2013-06-30": "280.16300", "2013-03-31": "273.20000", "2012-12-31": "280.18200", "2012-09-30": "281.81300", "2012-06-30": "281.11400", "2012-03-31": "280.02200", "2011-12-31": "277.68400", "2011-09-30": "278.09000", "2011-06-30": "277.40600", "2011-03-31": "276.35800", "2010-12-31": "274.45200", "2010-09-30": "274.89600", "2010-06-30": "274.09800", "2010-03-31": "273.17400", "2009-12-31": "262.92300", "2009-09-30": "271.22400", "2009-06-30": "264.09100", "2009-03-31": "243.98800", "2008-12-31": "246.20800", "2008-09-30": "243.75300", "2008-06-30": "250.03900", "2008-03-31": "249.31500", "2007-12-31": "249.79200", "2007-09-30": "249.33200", "2007-06-30": "249.70300", "2007-03-31": "250.09500", "2006-12-31": "255.09800", "2006-09-30": "251.61800", "2006-06-30": "256.90600", "2006-03-31": "260.18600", "2005-12-31": "267.06200", "2005-09-30": "265.82000", "2005-06-30": "269.20600", "2005-03-31": "270.25400"}, "Shares Outstanding": {"2020-12-31": "229.36500", "2020-09-30": "229.27900", "2020-06-30": "228.24700", "2020-03-31": "228.92700", "2019-12-31": "232.70900", "2019-09-30": "231.09700", "2019-06-30": "233.54500", "2019-03-31": "236.43700", "2018-12-31": "253.23700", "2018-09-30": "249.37800", "2018-06-30": "257.17700", "2018-03-31": "263.67200", "2017-12-31": "268.75000", "2017-09-30": "266.98900", "2017-06-30": "269.29900", "2017-03-31": "272.83000", "2016-12-31": "272.36500", "2016-09-30": "272.09900", "2016-06-30": "271.31600", "2016-03-31": "273.02200", "2015-12-31": "278.72700", "2015-09-30": "278.03900", "2015-06-30": "279.93500", "2015-03-31": "280.07700", "2014-12-31": "281.79000", "2014-09-30": "281.03000", "2014-06-30": "282.76400", "2014-03-31": "283.32700", "2013-12-31": "284.42800", "2013-09-30": "281.71000", "2013-06-30": "283.82400", "2013-03-31": "288.97800", "2012-12-31": "294.66300", "2012-09-30": "296.92000", "2012-06-30": "295.54700", "2012-03-31": "294.63200", "2011-12-31": "307.25500", "2011-09-30": "300.86600", "2011-06-30": "315.20800", "2011-03-31": "319.11900", "2010-12-31": "302.55500", "2010-09-30": "274.89600", "2010-06-30": "302.39700", "2010-03-31": "273.17400", "2009-12-31": "262.92300", "2009-09-30": "278.42900", "2009-06-30": "264.09100", "2009-03-31": "244.95600", "2008-12-31": "250.33800", "2008-09-30": "247.18200", "2008-06-30": "254.58000", "2008-03-31": "254.50000", "2007-12-31": "254.82600", "2007-09-30": "254.32100", "2007-06-30": "254.27100", "2007-03-31": "254.87300", "2006-12-31": "260.44400", "2006-09-30": "256.75900", "2006-06-30": "262.58800", "2006-03-31": "265.71200", "2005-12-31": "272.89200", "2005-09-30": "271.25800", "2005-06-30": "275.16400", "2005-03-31": "276.56600"}, "Basic EPS": {"2020-12-31": "", "2020-09-30": "0.50000", "2020-06-30": "-0.40310", "2020-03-31": "0.22000", "2019-12-31": "0.86470", "2019-09-30": "0.96000", "2019-06-30": "0.93530", "2019-03-31": "0.76000", "2018-12-31": "0.98000", "2018-09-30": "2.29000", "2018-06-30": "0.88000", "2018-03-31": "0.73000", "2017-12-31": "-0.39000", "2017-09-30": "0.60000", "2017-06-30": "0.57000", "2017-03-31": "0.37000", "2016-12-31": "0.78000", "2016-09-30": "1.56000", "2016-06-30": "0.66000", "2016-03-31": "0.55000", "2015-12-31": "0.82000", "2015-09-30": "0.64000", "2015-06-30": "0.60000", "2015-03-31": "0.46000", "2014-12-31": "0.76000", "2014-09-30": "0.57000", "2014-06-30": "0.52000", "2014-03-31": "0.30000", "2013-12-31": "0.59000", "2013-09-30": "0.35000", "2013-06-30": "0.40000", "2013-03-31": "0.44000", "2012-12-31": "0.53000", "2012-09-30": "0.54000", "2012-06-30": "0.61000", "2012-03-31": "0.42000", "2011-12-31": "-0.06000", "2011-09-30": "0.51000", "2011-06-30": "0.32000", "2011-03-31": "0.10000", "2010-12-31": "0.21000", "2010-09-30": "-0.17000", "2010-06-30": "0.30000", "2010-03-31": "-0.03000", "2009-12-31": "-0.26000", "2009-09-30": "0.01000", "2009-06-30": "-0.22000", "2009-03-31": "0.35000", "2008-12-31": "-0.84000", "2008-09-30": "0.85000", "2008-06-30": "1.03000", "2008-03-31": "0.93000", "2007-12-31": "1.03000", "2007-09-30": "1.02000", "2007-06-30": "0.84000", "2007-03-31": "0.78000", "2006-12-31": "0.76500", "2006-09-30": "0.67000", "2006-06-30": "0.27000", "2006-03-31": "0.64500", "2005-12-31": "0.45000", "2005-09-30": "-0.61500", "2005-06-30": "0.46000", "2005-03-31": "0.46500"}, "EPS - Earnings Per Share": {"2020-12-31": "1.03000", "2020-09-30": "0.50000", "2020-06-30": "-0.40000", "2020-03-31": "0.22000", "2019-12-31": "0.86000", "2019-09-30": "0.95000", "2019-06-30": "0.93000", "2019-03-31": "0.76000", "2018-12-31": "0.98000", "2018-09-30": "2.26000", "2018-06-30": "0.87000", "2018-03-31": "0.72000", "2017-12-31": "-0.40000", "2017-09-30": "0.60000", "2017-06-30": "0.57000", "2017-03-31": "0.37000", "2016-12-31": "0.78000", "2016-09-30": "1.55000", "2016-06-30": "0.65000", "2016-03-31": "0.55000", "2015-12-31": "0.81000", "2015-09-30": "0.63000", "2015-06-30": "0.60000", "2015-03-31": "0.46000", "2014-12-31": "0.75000", "2014-09-30": "0.57000", "2014-06-30": "0.51000", "2014-03-31": "0.30000", "2013-12-31": "0.59000", "2013-09-30": "0.35000", "2013-06-30": "0.40000", "2013-03-31": "0.41000", "2012-12-31": "0.51000", "2012-09-30": "0.51000", "2012-06-30": "0.58000", "2012-03-31": "0.40000", "2011-12-31": "-0.06000", "2011-09-30": "0.47000", "2011-06-30": "0.29000", "2011-03-31": "0.09000", "2010-12-31": "0.21000", "2010-09-30": "-0.17000", "2010-06-30": "0.27000", "2010-03-31": "-0.03000", "2009-12-31": "-0.26000", "2009-09-30": "0.01000", "2009-06-30": "-0.22000", "2009-03-31": "0.35000", "2008-12-31": "-0.81000", "2008-09-30": "0.83000", "2008-06-30": "1.01000", "2008-03-31": "0.91000", "2007-12-31": "1.00000", "2007-09-30": "1.00000", "2007-06-30": "0.83000", "2007-03-31": "0.77000", "2006-12-31": "0.75500", "2006-09-30": "0.66000", "2006-06-30": "0.26500", "2006-03-31": "0.63000", "2005-12-31": "0.45500", "2005-09-30": "-0.61500", "2005-06-30": "0.44500", "2005-03-31": "0.45500"}}, "balance sheet": {"Cash On Hand": {"2020-12-31": "2146.00000", "2019-12-31": "1357.00000", "2018-12-31": "1107.00000", "2017-12-31": "1262.00000", "2016-12-31": "1298.00000", "2015-12-31": "1005.00000", "2014-12-31": "822.00000", "2013-12-31": "1211.00000", "2012-12-31": "1413.00000", "2011-12-31": "885.00000", "2010-12-31": "931.00000", "2009-12-31": "1892.00000", "2008-12-31": "547.00000", "2007-12-31": "531.00000", "2006-12-31": "780.00000", "2005-12-31": "796.00000"}, "Receivables": {"2020-12-31": "787.00000", "2019-12-31": "921.00000", "2018-12-31": "1024.00000", "2017-12-31": "1363.00000", "2016-12-31": "1064.00000", "2015-12-31": "1047.00000", "2014-12-31": "1035.00000", "2013-12-31": "979.00000", "2012-12-31": "829.00000", "2011-12-31": "856.00000", "2010-12-31": "892.00000", "2009-12-31": "894.00000", "2008-12-31": "894.00000", "2007-12-31": "958.00000", "2006-12-31": "964.00000", "2005-12-31": "891.00000"}, "Inventory": {"2020-12-31": "3513.00000", "2019-12-31": "4069.00000", "2018-12-31": "3818.00000", "2017-12-31": "4150.00000", "2016-12-31": "4464.00000", "2015-12-31": "4144.00000", "2014-12-31": "3928.00000", "2013-12-31": "2963.00000", "2012-12-31": "2712.00000", "2011-12-31": "2402.00000", "2010-12-31": "2277.00000", "2009-12-31": "2273.00000", "2008-12-31": "3093.00000", "2007-12-31": "2593.00000", "2006-12-31": "2069.00000", "2005-12-31": "1712.00000"}, "Pre-Paid Expenses": {"2020-12-31": "", "2019-12-31": "", "2018-12-31": "", "2017-12-31": "", "2016-12-31": "", "2015-12-31": "", "2014-12-31": "", "2013-12-31": "", "2012-12-31": "", "2011-12-31": "", "2010-12-31": "", "2009-12-31": "", "2008-12-31": "", "2007-12-31": "", "2006-12-31": "", "2005-12-31": ""}, "Other Current Assets": {"2020-12-31": "950.00000", "2019-12-31": "894.00000", "2018-12-31": "785.00000", "2017-12-31": "435.00000", "2016-12-31": "388.00000", "2015-12-31": "341.00000", "2014-12-31": "320.00000", "2013-12-31": "467.00000", "2012-12-31": "470.00000", "2011-12-31": "1134.00000", "2010-12-31": "980.00000", "2009-12-31": "985.00000", "2008-12-31": "584.00000", "2007-12-31": "540.00000", "2006-12-31": "448.00000", "2005-12-31": "464.00000"}, "Total Current Assets": {"2020-12-31": "7396.00000", "2019-12-31": "7923.00000", "2018-12-31": "7494.00000", "2017-12-31": "8029.00000", "2016-12-31": "8149.00000", "2015-12-31": "7624.00000", "2014-12-31": "7343.00000", "2013-12-31": "7113.00000", "2012-12-31": "7414.00000", "2011-12-31": "8016.00000", "2010-12-31": "9364.00000", "2009-12-31": "12728.00000", "2008-12-31": "13834.00000", "2007-12-31": "13743.00000", "2006-12-31": "12551.00000", "2005-12-31": "11652.00000"}, "Property, Plant, And Equipment": {"2020-12-31": "2516.00000", "2019-12-31": "2527.00000", "2018-12-31": "2615.00000", "2017-12-31": "2721.00000", "2016-12-31": "2581.00000", "2015-12-31": "2492.00000", "2014-12-31": "2497.00000", "2013-12-31": "2215.00000", "2012-12-31": "2149.00000", "2011-12-31": "1996.00000", "2010-12-31": "1932.00000", "2009-12-31": "1968.00000", "2008-12-31": "2088.00000", "2007-12-31": "1918.00000", "2006-12-31": "1773.00000", "2005-12-31": "1574.00000"}, "Long-Term Investments": {"2020-12-31": "", "2019-12-31": "", "2018-12-31": "", "2017-12-31": "", "2016-12-31": "", "2015-12-31": "", "2014-12-31": "", "2013-12-31": "", "2012-12-31": "", "2011-12-31": "", "2010-12-31": "", "2009-12-31": "", "2008-12-31": "", "2007-12-31": "", "2006-12-31": "", "2005-12-31": ""}, "Goodwill And Intangible Assets": {"2020-12-31": "2157.00000", "2019-12-31": "2150.00000", "2018-12-31": "2218.00000", "2017-12-31": "2364.00000", "2016-12-31": "2113.00000", "2015-12-31": "2023.00000", "2014-12-31": "2027.00000", "2013-12-31": "1735.00000", "2012-12-31": "1649.00000", "2011-12-31": "1635.00000", "2010-12-31": "1632.00000", "2009-12-31": "1622.00000", "2008-12-31": "1698.00000", "2007-12-31": "2085.00000", "2006-12-31": "1426.00000", "2005-12-31": "1148.00000"}, "Other Long-Term Assets": {"2020-12-31": "3331.00000", "2019-12-31": "2418.00000", "2018-12-31": "1937.00000", "2017-12-31": "2226.00000", "2016-12-31": "2515.00000", "2015-12-31": "2569.00000", "2014-12-31": "2738.00000", "2013-12-31": "1881.00000", "2012-12-31": "1821.00000", "2011-12-31": "1968.00000", "2010-12-31": "2354.00000", "2009-12-31": "2622.00000", "2008-12-31": "2411.00000", "2007-12-31": "2245.00000", "2006-12-31": "1800.00000", "2005-12-31": "2125.00000"}, "Total Long-Term Assets": {"2020-12-31": "8004.00000", "2019-12-31": "7095.00000", "2018-12-31": "6770.00000", "2017-12-31": "7311.00000", "2016-12-31": "7209.00000", "2015-12-31": "7084.00000", "2014-12-31": "7262.00000", "2013-12-31": "5831.00000", "2012-12-31": "5619.00000", "2011-12-31": "5599.00000", "2010-12-31": "5918.00000", "2009-12-31": "6212.00000", "2008-12-31": "6197.00000", "2007-12-31": "6248.00000", "2006-12-31": "4999.00000", "2005-12-31": "4847.00000"}, "Total Assets": {"2020-12-31": "15400.00000", "2019-12-31": "15018.00000", "2018-12-31": "14264.00000", "2017-12-31": "15340.00000", "2016-12-31": "15358.00000", "2015-12-31": "14708.00000", "2014-12-31": "14605.00000", "2013-12-31": "12944.00000", "2012-12-31": "13033.00000", "2011-12-31": "13615.00000", "2010-12-31": "15282.00000", "2009-12-31": "18940.00000", "2008-12-31": "20031.00000", "2007-12-31": "19991.00000", "2006-12-31": "17550.00000", "2005-12-31": "16499.00000"}, "Total Current Liabilities": {"2020-12-31": "3270.00000", "2019-12-31": "3846.00000", "2018-12-31": "3506.00000", "2017-12-31": "3660.00000", "2016-12-31": "3893.00000", "2015-12-31": "3792.00000", "2014-12-31": "3638.00000", "2013-12-31": "3003.00000", "2012-12-31": "3512.00000", "2011-12-31": "2931.00000", "2010-12-31": "2657.00000", "2009-12-31": "2742.00000", "2008-12-31": "4781.00000", "2007-12-31": "4277.00000", "2006-12-31": "2994.00000", "2005-12-31": "3147.00000"}, "Long Term Debt": {"2020-12-31": "3198.00000", "2019-12-31": "3249.00000", "2018-12-31": "3526.00000", "2017-12-31": "3898.00000", "2016-12-31": "3317.00000", "2015-12-31": "3348.00000", "2014-12-31": "3866.00000", "2013-12-31": "3179.00000", "2012-12-31": "3452.00000", "2011-12-31": "4287.00000", "2010-12-31": "5943.00000", "2009-12-31": "9117.00000", "2008-12-31": "9081.00000", "2007-12-31": "9102.00000", "2006-12-31": "8582.00000", "2005-12-31": "7079.00000"}, "Other Non-Current Liabilities": {"2020-12-31": "3087.00000", "2019-12-31": "2405.00000", "2018-12-31": "2040.00000", "2017-12-31": "2135.00000", "2016-12-31": "2574.00000", "2015-12-31": "2604.00000", "2014-12-31": "2829.00000", "2013-12-31": "2378.00000", "2012-12-31": "3078.00000", "2011-12-31": "3652.00000", "2010-12-31": "3710.00000", "2009-12-31": "4255.00000", "2008-12-31": "3466.00000", "2007-12-31": "2633.00000", "2006-12-31": "2828.00000", "2005-12-31": "2536.00000"}, "Total Long Term Liabilities": {"2020-12-31": "6285.00000", "2019-12-31": "5654.00000", "2018-12-31": "5566.00000", "2017-12-31": "6033.00000", "2016-12-31": "5891.00000", "2015-12-31": "5952.00000", "2014-12-31": "6695.00000", "2013-12-31": "5557.00000", "2012-12-31": "6530.00000", "2011-12-31": "7939.00000", "2010-12-31": "9653.00000", "2009-12-31": "13372.00000", "2008-12-31": "12884.00000", "2007-12-31": "12207.00000", "2006-12-31": "11907.00000", "2005-12-31": "10076.00000"}, "Total Liabilities": {"2020-12-31": "9555.00000", "2019-12-31": "9500.00000", "2018-12-31": "9072.00000", "2017-12-31": "9693.00000", "2016-12-31": "9784.00000", "2015-12-31": "9744.00000", "2014-12-31": "10333.00000", "2013-12-31": "8560.00000", "2012-12-31": "10042.00000", "2011-12-31": "10870.00000", "2010-12-31": "12310.00000", "2009-12-31": "16114.00000", "2008-12-31": "17665.00000", "2007-12-31": "16484.00000", "2006-12-31": "14901.00000", "2005-12-31": "13223.00000"}, "Common Stock Net": {"2020-12-31": "", "2019-12-31": "29.00000", "2018-12-31": "30.00000", "2017-12-31": "33.00000", "2016-12-31": "34.00000", "2015-12-31": "36.00000", "2014-12-31": "36.00000", "2013-12-31": "35.00000", "2012-12-31": "35.00000", "2011-12-31": "35.00000", "2010-12-31": "35.00000", "2009-12-31": "35.00000", "2008-12-31": "32.00000", "2007-12-31": "32.00000", "2006-12-31": "26.00000", "2005-12-31": "26.00000"}, "Retained Earnings (Accumulated Deficit)": {"2020-12-31": "", "2019-12-31": "5682.00000", "2018-12-31": "5407.00000", "2017-12-31": "5368.00000", "2016-12-31": "5546.00000", "2015-12-31": "5298.00000", "2014-12-31": "4623.00000", "2013-12-31": "4045.00000", "2012-12-31": "3824.00000", "2011-12-31": "3257.00000", "2010-12-31": "3037.00000", "2009-12-31": "2973.00000", "2008-12-31": "3025.00000", "2007-12-31": "2766.00000", "2006-12-31": "6211.00000", "2005-12-31": "5808.00000"}, "Comprehensive Income": {"2020-12-31": "", "2019-12-31": "-1847.00000", "2018-12-31": "-1762.00000", "2017-12-31": "-1375.00000", "2016-12-31": "-1605.00000", "2015-12-31": "-1398.00000", "2014-12-31": "-1506.00000", "2013-12-31": "-1027.00000", "2012-12-31": "-1770.00000", "2011-12-31": "-1625.00000", "2010-12-31": "-1316.00000", "2009-12-31": "-1321.00000", "2008-12-31": "-1422.00000", "2007-12-31": "-400.00000", "2006-12-31": "-644.00000", "2005-12-31": "-78.00000"}, "Other Share Holders Equity": {"2020-12-31": "", "2019-12-31": "", "2018-12-31": "", "2017-12-31": "", "2016-12-31": "", "2015-12-31": "", "2014-12-31": "", "2013-12-31": "", "2012-12-31": "", "2011-12-31": "", "2010-12-31": "", "2009-12-31": "", "2008-12-31": "", "2007-12-31": "", "2006-12-31": "", "2005-12-31": ""}, "Share Holder Equity": {"2020-12-31": "5845.00000", "2019-12-31": "5518.00000", "2018-12-31": "5192.00000", "2017-12-31": "5647.00000", "2016-12-31": "5574.00000", "2015-12-31": "4964.00000", "2014-12-31": "4272.00000", "2013-12-31": "4384.00000", "2012-12-31": "2991.00000", "2011-12-31": "2745.00000", "2010-12-31": "2972.00000", "2009-12-31": "2826.00000", "2008-12-31": "2366.00000", "2007-12-31": "3507.00000", "2006-12-31": "2649.00000", "2005-12-31": "3276.00000"}, "Total Liabilities And Share Holders Equity": {"2020-12-31": "15400.00000", "2019-12-31": "15018.00000", "2018-12-31": "14264.00000", "2017-12-31": "15340.00000", "2016-12-31": "15358.00000", "2015-12-31": "14708.00000", "2014-12-31": "14605.00000", "2013-12-31": "12944.00000", "2012-12-31": "13033.00000", "2011-12-31": "13615.00000", "2010-12-31": "15282.00000", "2009-12-31": "18940.00000", "2008-12-31": "20031.00000", "2007-12-31": "19991.00000", "2006-12-31": "17550.00000", "2005-12-31": "16499.00000"}}, "balance sheet, quarterly": {"Cash On Hand": {"2020-12-31": "2146.00000", "2020-09-30": "2670.00000", "2020-06-30": "2346.00000", "2020-03-31": "2446.00000", "2019-12-31": "1357.00000", "2019-09-30": "1053.00000", "2019-06-30": "857.00000", "2019-03-31": "742.00000", "2018-12-31": "1107.00000", "2018-09-30": "1293.00000", "2018-06-30": "731.00000", "2018-03-31": "836.00000", "2017-12-31": "1262.00000", "2017-09-30": "1294.00000", "2017-06-30": "1129.00000", "2017-03-31": "997.00000", "2016-12-31": "1298.00000", "2016-09-30": "739.00000", "2016-06-30": "743.00000", "2016-03-31": "778.00000", "2015-12-31": "1005.00000", "2015-09-30": "614.00000", "2015-06-30": "792.00000", "2015-03-31": "708.00000", "2014-12-31": "822.00000", "2014-09-30": "511.00000", "2014-06-30": "815.00000", "2014-03-31": "780.00000", "2013-12-31": "1211.00000", "2013-09-30": "637.00000", "2013-06-30": "571.00000", "2013-03-31": "791.00000", "2012-12-31": "1413.00000", "2012-09-30": "1238.00000", "2012-06-30": "911.00000", "2012-03-31": "646.00000", "2011-12-31": "885.00000", "2011-09-30": "1542.00000", "2011-06-30": "651.00000", "2011-03-31": "1022.00000", "2010-12-31": "931.00000", "2010-09-30": "991.00000", "2010-06-30": "1191.00000", "2010-03-31": "1509.00000", "2009-12-31": "1892.00000", "2009-09-30": "2576.00000", "2009-06-30": "1885.00000", "2009-03-31": "1691.00000", "2008-12-31": "547.00000", "2008-09-30": "357.00000", "2008-06-30": "480.00000", "2008-03-31": "361.00000", "2007-12-31": "531.00000", "2007-09-30": "942.00000", "2007-06-30": "697.00000", "2007-03-31": "585.00000", "2006-12-31": "780.00000", "2006-09-30": "822.00000", "2006-06-30": "325.00000", "2006-03-31": "545.00000", "2005-12-31": "796.00000", "2005-09-30": "601.00000", "2005-06-30": "661.00000", "2005-03-31": "560.00000"}, "Receivables": {"2020-12-31": "787.00000", "2020-09-30": "872.00000", "2020-06-30": "764.00000", "2020-03-31": "870.00000", "2019-12-31": "921.00000", "2019-09-30": "1018.00000", "2019-06-30": "989.00000", "2019-03-31": "1059.00000", "2018-12-31": "1024.00000", "2018-09-30": "1026.00000", "2018-06-30": "1121.00000", "2018-03-31": "1110.00000", "2017-12-31": "1363.00000", "2017-09-30": "1344.00000", "2017-06-30": "1236.00000", "2017-03-31": "1198.00000", "2016-12-31": "1064.00000", "2016-09-30": "1139.00000", "2016-06-30": "1144.00000", "2016-03-31": "1209.00000", "2015-12-31": "1047.00000", "2015-09-30": "1159.00000", "2015-06-30": "1163.00000", "2015-03-31": "1133.00000", "2014-12-31": "1035.00000", "2014-09-30": "1150.00000", "2014-06-30": "1200.00000", "2014-03-31": "1141.00000", "2013-12-31": "979.00000", "2013-09-30": "1024.00000", "2013-06-30": "1007.00000", "2013-03-31": "954.00000", "2012-12-31": "829.00000", "2012-09-30": "914.00000", "2012-06-30": "917.00000", "2012-03-31": "937.00000", "2011-12-31": "856.00000", "2011-09-30": "927.00000", "2011-06-30": "874.00000", "2011-03-31": "910.00000", "2010-12-31": "892.00000", "2010-09-30": "899.00000", "2010-06-30": "970.00000", "2010-03-31": "959.00000", "2009-12-31": "894.00000", "2009-09-30": "926.00000", "2009-06-30": "839.00000", "2009-03-31": "854.00000", "2008-12-31": "894.00000", "2008-09-30": "1045.00000", "2008-06-30": "1209.00000", "2008-03-31": "1181.00000", "2007-12-31": "958.00000", "2007-09-30": "1082.00000", "2007-06-30": "1075.00000", "2007-03-31": "1079.00000", "2006-12-31": "964.00000", "2006-09-30": "962.00000", "2006-06-30": "1024.00000", "2006-03-31": "1006.00000", "2005-12-31": "891.00000", "2005-09-30": "1290.00000", "2005-06-30": "1315.00000", "2005-03-31": "1327.00000"}, "Inventory": {"2020-12-31": "3513.00000", "2020-09-30": "4252.00000", "2020-06-30": "4262.00000", "2020-03-31": "4385.00000", "2019-12-31": "4069.00000", "2019-09-30": "4436.00000", "2019-06-30": "4311.00000", "2019-03-31": "4047.00000", "2018-12-31": "3818.00000", "2018-09-30": "4030.00000", "2018-06-30": "3925.00000", "2018-03-31": "4090.00000", "2017-12-31": "4150.00000", "2017-09-30": "4518.00000", "2017-06-30": "4655.00000", "2017-03-31": "4709.00000", "2016-12-31": "4464.00000", "2016-09-30": "4791.00000", "2016-06-30": "4595.00000", "2016-03-31": "4477.00000", "2015-12-31": "4144.00000", "2015-09-30": "4574.00000", "2015-06-30": "4437.00000", "2015-03-31": "4236.00000", "2014-12-31": "3928.00000", "2014-09-30": "4081.00000", "2014-06-30": "4017.00000", "2014-03-31": "3909.00000", "2013-12-31": "2963.00000", "2013-09-30": "3220.00000", "2013-06-30": "3203.00000", "2013-03-31": "2972.00000", "2012-12-31": "2712.00000", "2012-09-30": "2831.00000", "2012-06-30": "2759.00000", "2012-03-31": "2593.00000", "2011-12-31": "2402.00000", "2011-09-30": "2607.00000", "2011-06-30": "2562.00000", "2011-03-31": "2453.00000", "2010-12-31": "2277.00000", "2010-09-30": "2647.00000", "2010-06-30": "2480.00000", "2010-03-31": "2475.00000", "2009-12-31": "2273.00000", "2009-09-30": "2716.00000", "2009-06-30": "3001.00000", "2009-03-31": "3323.00000", "2008-12-31": "3093.00000", "2008-09-30": "3276.00000", "2008-06-30": "3291.00000", "2008-03-31": "3074.00000", "2007-12-31": "2593.00000", "2007-09-30": "2634.00000", "2007-06-30": "2518.00000", "2007-03-31": "2342.00000", "2006-12-31": "2069.00000", "2006-09-30": "2128.00000", "2006-06-30": "2072.00000", "2006-03-31": "1925.00000", "2005-12-31": "1712.00000", "2005-09-30": "1947.00000", "2005-06-30": "1846.00000", "2005-03-31": "1833.00000"}, "Pre-Paid Expenses": {"2020-12-31": "", "2020-09-30": "", "2020-06-30": "", "2020-03-31": "", "2019-12-31": "", "2019-09-30": "", "2019-06-30": "", "2019-03-31": "", "2018-12-31": "", "2018-09-30": "", "2018-06-30": "", "2018-03-31": "", "2017-12-31": "", "2017-09-30": "", "2017-06-30": "", "2017-03-31": "", "2016-12-31": "", "2016-09-30": "", "2016-06-30": "", "2016-03-31": "", "2015-12-31": "", "2015-09-30": "", "2015-06-30": "", "2015-03-31": "", "2014-12-31": "", "2014-09-30": "", "2014-06-30": "", "2014-03-31": "", "2013-12-31": "", "2013-09-30": "", "2013-06-30": "", "2013-03-31": "", "2012-12-31": "", "2012-09-30": "", "2012-06-30": "", "2012-03-31": "", "2011-12-31": "", "2011-09-30": "", "2011-06-30": "", "2011-03-31": "", "2010-12-31": "", "2010-09-30": "", "2010-06-30": "", "2010-03-31": "", "2009-12-31": "", "2009-09-30": "", "2009-06-30": "", "2009-03-31": "", "2008-12-31": "", "2008-09-30": "", "2008-06-30": "", "2008-03-31": "", "2007-12-31": "", "2007-09-30": "", "2007-06-30": "", "2007-03-31": "", "2006-12-31": "", "2006-09-30": "", "2006-06-30": "", "2006-03-31": "", "2005-12-31": "", "2005-09-30": "", "2005-06-30": "", "2005-03-31": ""}, "Other Current Assets": {"2020-12-31": "950.00000", "2020-09-30": "825.00000", "2020-06-30": "863.00000", "2020-03-31": "984.00000", "2019-12-31": "894.00000", "2019-09-30": "856.00000", "2019-06-30": "839.00000", "2019-03-31": "835.00000", "2018-12-31": "785.00000", "2018-09-30": "706.00000", "2018-06-30": "1170.00000", "2018-03-31": "933.00000", "2017-12-31": "435.00000", "2017-09-30": "408.00000", "2017-06-30": "357.00000", "2017-03-31": "361.00000", "2016-12-31": "388.00000", "2016-09-30": "348.00000", "2016-06-30": "370.00000", "2016-03-31": "328.00000", "2015-12-31": "341.00000", "2015-09-30": "507.00000", "2015-06-30": "512.00000", "2015-03-31": "563.00000", "2014-12-31": "320.00000", "2014-09-30": "539.00000", "2014-06-30": "578.00000", "2014-03-31": "603.00000", "2013-12-31": "467.00000", "2013-09-30": "501.00000", "2013-06-30": "489.00000", "2013-03-31": "445.00000", "2012-12-31": "470.00000", "2012-09-30": "549.00000", "2012-06-30": "704.00000", "2012-03-31": "1032.00000", "2011-12-31": "1134.00000", "2011-09-30": "1094.00000", "2011-06-30": "1395.00000", "2011-03-31": "1050.00000", "2010-12-31": "980.00000", "2010-09-30": "798.00000", "2010-06-30": "1125.00000", "2010-03-31": "1155.00000", "2009-12-31": "985.00000", "2009-09-30": "493.00000", "2009-06-30": "471.00000", "2009-03-31": "453.00000", "2008-12-31": "584.00000", "2008-09-30": "427.00000", "2008-06-30": "482.00000", "2008-03-31": "483.00000", "2007-12-31": "540.00000", "2007-09-30": "567.00000", "2007-06-30": "510.00000", "2007-03-31": "462.00000", "2006-12-31": "448.00000", "2006-09-30": "404.00000", "2006-06-30": "451.00000", "2006-03-31": "444.00000", "2005-12-31": "464.00000", "2005-09-30": "548.00000", "2005-06-30": "554.00000", "2005-03-31": "574.00000"}, "Total Current Assets": {"2020-12-31": "7396.00000", "2020-09-30": "9312.00000", "2020-06-30": "8926.00000", "2020-03-31": "9366.00000", "2019-12-31": "7923.00000", "2019-09-30": "8093.00000", "2019-06-30": "7772.00000", "2019-03-31": "7439.00000", "2018-12-31": "7494.00000", "2018-09-30": "7841.00000", "2018-06-30": "7710.00000", "2018-03-31": "7750.00000", "2017-12-31": "8029.00000", "2017-09-30": "8388.00000", "2017-06-30": "8217.00000", "2017-03-31": "8165.00000", "2016-12-31": "8149.00000", "2016-09-30": "7986.00000", "2016-06-30": "7837.00000", "2016-03-31": "7858.00000", "2015-12-31": "7624.00000", "2015-09-30": "7992.00000", "2015-06-30": "8066.00000", "2015-03-31": "7843.00000", "2014-12-31": "7343.00000", "2014-09-30": "7589.00000", "2014-06-30": "7977.00000", "2014-03-31": "7867.00000", "2013-12-31": "7113.00000", "2013-09-30": "6909.00000", "2013-06-30": "6886.00000", "2013-03-31": "6996.00000", "2012-12-31": "7414.00000", "2012-09-30": "7585.00000", "2012-06-30": "7541.00000", "2012-03-31": "7700.00000", "2011-12-31": "8016.00000", "2011-09-30": "9441.00000", "2011-06-30": "9007.00000", "2011-03-31": "9238.00000", "2010-12-31": "9364.00000", "2010-09-30": "9965.00000", "2010-06-30": "11026.00000", "2010-03-31": "12019.00000", "2009-12-31": "12728.00000", "2009-09-30": "13565.00000", "2009-06-30": "13420.00000", "2009-03-31": "14313.00000", "2008-12-31": "13834.00000", "2008-09-30": "14166.00000", "2008-06-30": "13936.00000", "2008-03-31": "13733.00000", "2007-12-31": "13743.00000", "2007-09-30": "13309.00000", "2007-06-30": "13053.00000", "2007-03-31": "12636.00000", "2006-12-31": "12551.00000", "2006-09-30": "12499.00000", "2006-06-30": "12419.00000", "2006-03-31": "12188.00000", "2005-12-31": "11652.00000", "2005-09-30": "10740.00000", "2005-06-30": "10398.00000", "2005-03-31": "10447.00000"}, "Property, Plant, And Equipment": {"2020-12-31": "2516.00000", "2020-09-30": "2438.00000", "2020-06-30": "2446.00000", "2020-03-31": "2483.00000", "2019-12-31": "2527.00000", "2019-09-30": "2497.00000", "2019-06-30": "2517.00000", "2019-03-31": "2523.00000", "2018-12-31": "2615.00000", "2018-09-30": "2593.00000", "2018-06-30": "2608.00000", "2018-03-31": "2711.00000", "2017-12-31": "2721.00000", "2017-09-30": "2701.00000", "2017-06-30": "2669.00000", "2017-03-31": "2637.00000", "2016-12-31": "2581.00000", "2016-09-30": "2568.00000", "2016-06-30": "2582.00000", "2016-03-31": "2560.00000", "2015-12-31": "2492.00000", "2015-09-30": "2488.00000", "2015-06-30": "2462.00000", "2015-03-31": "2460.00000", "2014-12-31": "2497.00000", "2014-09-30": "2442.00000", "2014-06-30": "2463.00000", "2014-03-31": "2456.00000", "2013-12-31": "2215.00000", "2013-09-30": "2163.00000", "2013-06-30": "2141.00000", "2013-03-31": "2134.00000", "2012-12-31": "2149.00000", "2012-09-30": "2078.00000", "2012-06-30": "2027.00000", "2012-03-31": "2003.00000", "2011-12-31": "1996.00000", "2011-09-30": "1957.00000", "2011-06-30": "1964.00000", "2011-03-31": "1950.00000", "2010-12-31": "1932.00000", "2010-09-30": "1907.00000", "2010-06-30": "1900.00000", "2010-03-31": "1940.00000", "2009-12-31": "1968.00000", "2009-09-30": "1988.00000", "2009-06-30": "2005.00000", "2009-03-31": "2068.00000", "2008-12-31": "2088.00000", "2008-09-30": "1979.00000", "2008-06-30": "2040.00000", "2008-03-31": "2001.00000", "2007-12-31": "1918.00000", "2007-09-30": "1832.00000", "2007-06-30": "1807.00000", "2007-03-31": "1776.00000", "2006-12-31": "1773.00000", "2006-09-30": "1630.00000", "2006-06-30": "1597.00000", "2006-03-31": "1577.00000", "2005-12-31": "1574.00000", "2005-09-30": "1841.00000", "2005-06-30": "1842.00000", "2005-03-31": "1873.00000"}, "Long-Term Investments": {"2020-12-31": "", "2020-09-30": "", "2020-06-30": "", "2020-03-31": "", "2019-12-31": "", "2019-09-30": "", "2019-06-30": "", "2019-03-31": "", "2018-12-31": "", "2018-09-30": "", "2018-06-30": "", "2018-03-31": "", "2017-12-31": "", "2017-09-30": "", "2017-06-30": "", "2017-03-31": "", "2016-12-31": "", "2016-09-30": "", "2016-06-30": "", "2016-03-31": "", "2015-12-31": "", "2015-09-30": "", "2015-06-30": "", "2015-03-31": "", "2014-12-31": "", "2014-09-30": "", "2014-06-30": "", "2014-03-31": "", "2013-12-31": "", "2013-09-30": "", "2013-06-30": "", "2013-03-31": "", "2012-12-31": "", "2012-09-30": "", "2012-06-30": "", "2012-03-31": "", "2011-12-31": "", "2011-09-30": "", "2011-06-30": "", "2011-03-31": "", "2010-12-31": "", "2010-09-30": "", "2010-06-30": "", "2010-03-31": "", "2009-12-31": "", "2009-09-30": "", "2009-06-30": "", "2009-03-31": "", "2008-12-31": "", "2008-09-30": "", "2008-06-30": "", "2008-03-31": "", "2007-12-31": "", "2007-09-30": "", "2007-06-30": "", "2007-03-31": "", "2006-12-31": "", "2006-09-30": "", "2006-06-30": "", "2006-03-31": "", "2005-12-31": "", "2005-09-30": "", "2005-06-30": "", "2005-03-31": ""}, "Goodwill And Intangible Assets": {"2020-12-31": "2157.00000", "2020-09-30": "2159.00000", "2020-06-30": "2153.00000", "2020-03-31": "2150.00000", "2019-12-31": "2150.00000", "2019-09-30": "2142.00000", "2019-06-30": "2147.00000", "2019-03-31": "2141.00000", "2018-12-31": "2218.00000", "2018-09-30": "2209.00000", "2018-06-30": "2207.00000", "2018-03-31": "2368.00000", "2017-12-31": "2364.00000", "2017-09-30": "2354.00000", "2017-06-30": "2340.00000", "2017-03-31": "2332.00000", "2016-12-31": "2113.00000", "2016-09-30": "2121.00000", "2016-06-30": "2118.00000", "2016-03-31": "2114.00000", "2015-12-31": "2023.00000", "2015-09-30": "2026.00000", "2015-06-30": "2015.00000", "2015-03-31": "2013.00000", "2014-12-31": "2027.00000", "2014-09-30": "2020.00000", "2014-06-30": "2006.00000", "2014-03-31": "1980.00000", "2013-12-31": "1735.00000", "2013-09-30": "1675.00000", "2013-06-30": "1670.00000", "2013-03-31": "1645.00000", "2012-12-31": "1649.00000", "2012-09-30": "1645.00000", "2012-06-30": "1630.00000", "2012-03-31": "1639.00000", "2011-12-31": "1635.00000", "2011-09-30": "1642.00000", "2011-06-30": "1651.00000", "2011-03-31": "1643.00000", "2010-12-31": "1632.00000", "2010-09-30": "1627.00000", "2010-06-30": "1616.00000", "2010-03-31": "1612.00000", "2009-12-31": "1622.00000", "2009-09-30": "1703.00000", "2009-06-30": "1697.00000", "2009-03-31": "1688.00000", "2008-12-31": "1698.00000", "2008-09-30": "2038.00000", "2008-06-30": "2276.00000", "2008-03-31": "2321.00000", "2007-12-31": "2085.00000", "2007-09-30": "1442.00000", "2007-06-30": "1431.00000", "2007-03-31": "1426.00000", "2006-12-31": "1426.00000", "2006-09-30": "1201.00000", "2006-06-30": "1190.00000", "2006-03-31": "1180.00000", "2005-12-31": "1148.00000", "2005-09-30": "1273.00000", "2005-06-30": "1608.00000", "2005-03-31": "1636.00000"}, "Other Long-Term Assets": {"2020-12-31": "3331.00000", "2020-09-30": "1952.00000", "2020-06-30": "1946.00000", "2020-03-31": "1947.00000", "2019-12-31": "2418.00000", "2019-09-30": "2330.00000", "2019-06-30": "2360.00000", "2019-03-31": "2377.00000", "2018-12-31": "1937.00000", "2018-09-30": "2026.00000", "2018-06-30": "2033.00000", "2018-03-31": "2139.00000", "2017-12-31": "2226.00000", "2017-09-30": "2432.00000", "2017-06-30": "2549.00000", "2017-03-31": "2569.00000", "2016-12-31": "2515.00000", "2016-09-30": "2492.00000", "2016-06-30": "2497.00000", "2016-03-31": "2567.00000", "2015-12-31": "2569.00000", "2015-09-30": "2392.00000", "2015-06-30": "2405.00000", "2015-03-31": "2422.00000", "2014-12-31": "2738.00000", "2014-09-30": "2688.00000", "2014-06-30": "2689.00000", "2014-03-31": "2660.00000", "2013-12-31": "1881.00000", "2013-09-30": "1710.00000", "2013-06-30": "1743.00000", "2013-03-31": "1782.00000", "2012-12-31": "1821.00000", "2012-09-30": "1757.00000", "2012-06-30": "1870.00000", "2012-03-31": "1938.00000", "2011-12-31": "1968.00000", "2011-09-30": "2241.00000", "2011-06-30": "2217.00000", "2011-03-31": "2228.00000", "2010-12-31": "2354.00000", "2010-09-30": "2514.00000", "2010-06-30": "2581.00000", "2010-03-31": "2539.00000", "2009-12-31": "2622.00000", "2009-09-30": "2702.00000", "2009-06-30": "2722.00000", "2009-03-31": "2447.00000", "2008-12-31": "2411.00000", "2008-09-30": "2503.00000", "2008-06-30": "2444.00000", "2008-03-31": "2711.00000", "2007-12-31": "2245.00000", "2007-09-30": "1853.00000", "2007-06-30": "1832.00000", "2007-03-31": "1864.00000", "2006-12-31": "1800.00000", "2006-09-30": "2112.00000", "2006-06-30": "2144.00000", "2006-03-31": "2105.00000", "2005-12-31": "2125.00000", "2005-09-30": "2047.00000", "2005-06-30": "2073.00000", "2005-03-31": "2129.00000"}, "Total Long-Term Assets": {"2020-12-31": "8004.00000", "2020-09-30": "6549.00000", "2020-06-30": "6545.00000", "2020-03-31": "6580.00000", "2019-12-31": "7095.00000", "2019-09-30": "6969.00000", "2019-06-30": "7024.00000", "2019-03-31": "7041.00000", "2018-12-31": "6770.00000", "2018-09-30": "6828.00000", "2018-06-30": "6848.00000", "2018-03-31": "7218.00000", "2017-12-31": "7311.00000", "2017-09-30": "7487.00000", "2017-06-30": "7558.00000", "2017-03-31": "7538.00000", "2016-12-31": "7209.00000", "2016-09-30": "7181.00000", "2016-06-30": "7197.00000", "2016-03-31": "7241.00000", "2015-12-31": "7084.00000", "2015-09-30": "6906.00000", "2015-06-30": "6882.00000", "2015-03-31": "6895.00000", "2014-12-31": "7262.00000", "2014-09-30": "7150.00000", "2014-06-30": "7158.00000", "2014-03-31": "7096.00000", "2013-12-31": "5831.00000", "2013-09-30": "5548.00000", "2013-06-30": "5554.00000", "2013-03-31": "5561.00000", "2012-12-31": "5619.00000", "2012-09-30": "5480.00000", "2012-06-30": "5527.00000", "2012-03-31": "5580.00000", "2011-12-31": "5599.00000", "2011-09-30": "5840.00000", "2011-06-30": "5832.00000", "2011-03-31": "5821.00000", "2010-12-31": "5918.00000", "2010-09-30": "6048.00000", "2010-06-30": "6097.00000", "2010-03-31": "6091.00000", "2009-12-31": "6212.00000", "2009-09-30": "6393.00000", "2009-06-30": "6424.00000", "2009-03-31": "6203.00000", "2008-12-31": "6197.00000", "2008-09-30": "6520.00000", "2008-06-30": "6760.00000", "2008-03-31": "7033.00000", "2007-12-31": "6248.00000", "2007-09-30": "5127.00000", "2007-06-30": "5070.00000", "2007-03-31": "5066.00000", "2006-12-31": "4999.00000", "2006-09-30": "4943.00000", "2006-06-30": "4931.00000", "2006-03-31": "4862.00000", "2005-12-31": "4847.00000", "2005-09-30": "5161.00000", "2005-06-30": "5523.00000", "2005-03-31": "5638.00000"}, "Total Assets": {"2020-12-31": "15400.00000", "2020-09-30": "15861.00000", "2020-06-30": "15471.00000", "2020-03-31": "15946.00000", "2019-12-31": "15018.00000", "2019-09-30": "15062.00000", "2019-06-30": "14796.00000", "2019-03-31": "14480.00000", "2018-12-31": "14264.00000", "2018-09-30": "14669.00000", "2018-06-30": "14558.00000", "2018-03-31": "14968.00000", "2017-12-31": "15340.00000", "2017-09-30": "15875.00000", "2017-06-30": "15775.00000", "2017-03-31": "15703.00000", "2016-12-31": "15358.00000", "2016-09-30": "15167.00000", "2016-06-30": "15034.00000", "2016-03-31": "15099.00000", "2015-12-31": "14708.00000", "2015-09-30": "14898.00000", "2015-06-30": "14948.00000", "2015-03-31": "14738.00000", "2014-12-31": "14605.00000", "2014-09-30": "14739.00000", "2014-06-30": "15135.00000", "2014-03-31": "14963.00000", "2013-12-31": "12944.00000", "2013-09-30": "12457.00000", "2013-06-30": "12440.00000", "2013-03-31": "12557.00000", "2012-12-31": "13033.00000", "2012-09-30": "13065.00000", "2012-06-30": "13068.00000", "2012-03-31": "13280.00000", "2011-12-31": "13615.00000", "2011-09-30": "15281.00000", "2011-06-30": "14839.00000", "2011-03-31": "15059.00000", "2010-12-31": "15282.00000", "2010-09-30": "16013.00000", "2010-06-30": "17123.00000", "2010-03-31": "18110.00000", "2009-12-31": "18940.00000", "2009-09-30": "19958.00000", "2009-06-30": "19844.00000", "2009-03-31": "20516.00000", "2008-12-31": "20031.00000", "2008-09-30": "20686.00000", "2008-06-30": "20696.00000", "2008-03-31": "20766.00000", "2007-12-31": "19991.00000", "2007-09-30": "18436.00000", "2007-06-30": "18123.00000", "2007-03-31": "17702.00000", "2006-12-31": "17550.00000", "2006-09-30": "17442.00000", "2006-06-30": "17350.00000", "2006-03-31": "17050.00000", "2005-12-31": "16499.00000", "2005-09-30": "15901.00000", "2005-06-30": "15921.00000", "2005-03-31": "16085.00000"}, "Total Current Liabilities": {"2020-12-31": "3270.00000", "2020-09-30": "3991.00000", "2020-06-30": "4072.00000", "2020-03-31": "4515.00000", "2019-12-31": "3846.00000", "2019-09-30": "3766.00000", "2019-06-30": "3579.00000", "2019-03-31": "3432.00000", "2018-12-31": "3506.00000", "2018-09-30": "3423.00000", "2018-06-30": "3397.00000", "2018-03-31": "3349.00000", "2017-12-31": "3660.00000", "2017-09-30": "4041.00000", "2017-06-30": "4005.00000", "2017-03-31": "4023.00000", "2016-12-31": "3893.00000", "2016-09-30": "3620.00000", "2016-06-30": "3698.00000", "2016-03-31": "3877.00000", "2015-12-31": "3792.00000", "2015-09-30": "4189.00000", "2015-06-30": "4063.00000", "2015-03-31": "3734.00000", "2014-12-31": "3638.00000", "2014-09-30": "3893.00000", "2014-06-30": "3957.00000", "2014-03-31": "3938.00000", "2013-12-31": "3003.00000", "2013-09-30": "5387.00000", "2013-06-30": "2989.00000", "2013-03-31": "3202.00000", "2012-12-31": "3512.00000", "2012-09-30": "3215.00000", "2012-06-30": "3230.00000", "2012-03-31": "3171.00000", "2011-12-31": "2931.00000", "2011-09-30": "6159.00000", "2011-06-30": "3008.00000", "2011-03-31": "2793.00000", "2010-12-31": "2657.00000", "2010-09-30": "2658.00000", "2010-06-30": "2653.00000", "2010-03-31": "2719.00000", "2009-12-31": "2742.00000", "2009-09-30": "3125.00000", "2009-06-30": "3039.00000", "2009-03-31": "3605.00000", "2008-12-31": "4781.00000", "2008-09-30": "4765.00000", "2008-06-30": "4447.00000", "2008-03-31": "4256.00000", "2007-12-31": "4277.00000", "2007-09-30": "3427.00000", "2007-06-30": "3157.00000", "2007-03-31": "3082.00000", "2006-12-31": "2994.00000", "2006-09-30": "2826.00000", "2006-06-30": "3291.00000", "2006-03-31": "3150.00000", "2005-12-31": "3147.00000", "2005-09-30": "2624.00000", "2005-06-30": "2585.00000", "2005-03-31": "2545.00000"}, "Long Term Debt": {"2020-12-31": "3198.00000", "2020-09-30": "3865.00000", "2020-06-30": "3625.00000", "2020-03-31": "3638.00000", "2019-12-31": "3249.00000", "2019-09-30": "3604.00000", "2019-06-30": "3613.00000", "2019-03-31": "3523.00000", "2018-12-31": "3526.00000", "2018-09-30": "3857.00000", "2018-06-30": "3879.00000", "2018-03-31": "3902.00000", "2017-12-31": "3898.00000", "2017-09-30": "3919.00000", "2017-06-30": "3642.00000", "2017-03-31": "3653.00000", "2016-12-31": "3317.00000", "2016-09-30": "3696.00000", "2016-06-30": "3634.00000", "2016-03-31": "3688.00000", "2015-12-31": "3348.00000", "2015-09-30": "3358.00000", "2015-06-30": "3621.00000", "2015-03-31": "3811.00000", "2014-12-31": "3866.00000", "2014-09-30": "3585.00000", "2014-06-30": "3899.00000", "2014-03-31": "3929.00000", "2013-12-31": "3179.00000", "2013-09-30": "3194.00000", "2013-06-30": "3235.00000", "2013-03-31": "3307.00000", "2012-12-31": "3452.00000", "2012-09-30": "3552.00000", "2012-06-30": "3619.00000", "2012-03-31": "3850.00000", "2011-12-31": "4287.00000", "2011-09-30": "4844.00000", "2011-06-30": "4691.00000", "2011-03-31": "5485.00000", "2010-12-31": "5943.00000", "2010-09-30": "6351.00000", "2010-06-30": "7147.00000", "2010-03-31": "8233.00000", "2009-12-31": "9117.00000", "2009-09-30": "10292.00000", "2009-06-30": "10411.00000", "2009-03-31": "10824.00000", "2008-12-31": "9081.00000", "2008-09-30": "9384.00000", "2008-06-30": "9352.00000", "2008-03-31": "9737.00000", "2007-12-31": "9102.00000", "2007-09-30": "8451.00000", "2007-06-30": "8646.00000", "2007-03-31": "8677.00000", "2006-12-31": "8582.00000", "2006-09-30": "8406.00000", "2006-06-30": "7952.00000", "2006-03-31": "7505.00000", "2005-12-31": "7079.00000", "2005-09-30": "6854.00000", "2005-06-30": "6646.00000", "2005-03-31": "6827.00000"}, "Other Non-Current Liabilities": {"2020-12-31": "3087.00000", "2020-09-30": "2264.00000", "2020-06-30": "2247.00000", "2020-03-31": "2259.00000", "2019-12-31": "2405.00000", "2019-09-30": "2240.00000", "2019-06-30": "2268.00000", "2019-03-31": "2292.00000", "2018-12-31": "2040.00000", "2018-09-30": "1846.00000", "2018-06-30": "1920.00000", "2018-03-31": "2025.00000", "2017-12-31": "2135.00000", "2017-09-30": "2097.00000", "2017-06-30": "2446.00000", "2017-03-31": "2445.00000", "2016-12-31": "2574.00000", "2016-09-30": "2200.00000", "2016-06-30": "2516.00000", "2016-03-31": "2545.00000", "2015-12-31": "2604.00000", "2015-09-30": "2655.00000", "2015-06-30": "2662.00000", "2015-03-31": "2803.00000", "2014-12-31": "2829.00000", "2014-09-30": "2689.00000", "2014-06-30": "2701.00000", "2014-03-31": "2733.00000", "2013-12-31": "2378.00000", "2013-09-30": "296.00000", "2013-06-30": "2836.00000", "2013-03-31": "2900.00000", "2012-12-31": "3078.00000", "2012-09-30": "2990.00000", "2012-06-30": "3117.00000", "2012-03-31": "3344.00000", "2011-12-31": "3652.00000", "2011-09-30": "966.00000", "2011-06-30": "3966.00000", "2011-03-31": "3729.00000", "2010-12-31": "3710.00000", "2010-09-30": "4018.00000", "2010-06-30": "4259.00000", "2010-03-31": "4212.00000", "2009-12-31": "4255.00000", "2009-09-30": "3353.00000", "2009-06-30": "3268.00000", "2009-03-31": "3407.00000", "2008-12-31": "3466.00000", "2008-09-30": "2553.00000", "2008-06-30": "2678.00000", "2008-03-31": "2705.00000", "2007-12-31": "2633.00000", "2007-09-30": "2918.00000", "2007-06-30": "2895.00000", "2007-03-31": "2784.00000", "2006-12-31": "2828.00000", "2006-09-30": "2175.00000", "2006-06-30": "2103.00000", "2006-03-31": "2091.00000", "2005-12-31": "2536.00000", "2005-09-30": "2108.00000", "2005-06-30": "2069.00000", "2005-03-31": "2059.00000"}, "Total Long Term Liabilities": {"2020-12-31": "6285.00000", "2020-09-30": "6129.00000", "2020-06-30": "5872.00000", "2020-03-31": "5897.00000", "2019-12-31": "5654.00000", "2019-09-30": "5844.00000", "2019-06-30": "5881.00000", "2019-03-31": "5815.00000", "2018-12-31": "5566.00000", "2018-09-30": "5703.00000", "2018-06-30": "5799.00000", "2018-03-31": "5927.00000", "2017-12-31": "6033.00000", "2017-09-30": "6016.00000", "2017-06-30": "6088.00000", "2017-03-31": "6098.00000", "2016-12-31": "5891.00000", "2016-09-30": "5896.00000", "2016-06-30": "6150.00000", "2016-03-31": "6233.00000", "2015-12-31": "5952.00000", "2015-09-30": "6013.00000", "2015-06-30": "6283.00000", "2015-03-31": "6614.00000", "2014-12-31": "6695.00000", "2014-09-30": "6274.00000", "2014-06-30": "6600.00000", "2014-03-31": "6662.00000", "2013-12-31": "5557.00000", "2013-09-30": "3490.00000", "2013-06-30": "6071.00000", "2013-03-31": "6207.00000", "2012-12-31": "6530.00000", "2012-09-30": "6542.00000", "2012-06-30": "6736.00000", "2012-03-31": "7194.00000", "2011-12-31": "7939.00000", "2011-09-30": "5810.00000", "2011-06-30": "8657.00000", "2011-03-31": "9214.00000", "2010-12-31": "9653.00000", "2010-09-30": "10369.00000", "2010-06-30": "11556.00000", "2010-03-31": "12550.00000", "2009-12-31": "13372.00000", "2009-09-30": "13871.00000", "2009-06-30": "13885.00000", "2009-03-31": "14443.00000", "2008-12-31": "12884.00000", "2008-09-30": "12382.00000", "2008-06-30": "12461.00000", "2008-03-31": "12916.00000", "2007-12-31": "12207.00000", "2007-09-30": "11864.00000", "2007-06-30": "12033.00000", "2007-03-31": "11942.00000", "2006-12-31": "11907.00000", "2006-09-30": "11575.00000", "2006-06-30": "11037.00000", "2006-03-31": "10573.00000", "2005-12-31": "10076.00000", "2005-09-30": "9992.00000", "2005-06-30": "9732.00000", "2005-03-31": "9899.00000"}, "Total Liabilities": {"2020-12-31": "9555.00000", "2020-09-30": "10120.00000", "2020-06-30": "9944.00000", "2020-03-31": "10412.00000", "2019-12-31": "9500.00000", "2019-09-30": "9610.00000", "2019-06-30": "9460.00000", "2019-03-31": "9247.00000", "2018-12-31": "9072.00000", "2018-09-30": "9126.00000", "2018-06-30": "9196.00000", "2018-03-31": "9276.00000", "2017-12-31": "9693.00000", "2017-09-30": "10057.00000", "2017-06-30": "10093.00000", "2017-03-31": "10121.00000", "2016-12-31": "9784.00000", "2016-09-30": "9516.00000", "2016-06-30": "9848.00000", "2016-03-31": "10110.00000", "2015-12-31": "9744.00000", "2015-09-30": "10202.00000", "2015-06-30": "10346.00000", "2015-03-31": "10348.00000", "2014-12-31": "10333.00000", "2014-09-30": "10167.00000", "2014-06-30": "10557.00000", "2014-03-31": "10600.00000", "2013-12-31": "8560.00000", "2013-09-30": "8877.00000", "2013-06-30": "9060.00000", "2013-03-31": "9409.00000", "2012-12-31": "10042.00000", "2012-09-30": "9757.00000", "2012-06-30": "9966.00000", "2012-03-31": "10365.00000", "2011-12-31": "10870.00000", "2011-09-30": "11969.00000", "2011-06-30": "11665.00000", "2011-03-31": "12007.00000", "2010-12-31": "12310.00000", "2010-09-30": "13027.00000", "2010-06-30": "14209.00000", "2010-03-31": "15269.00000", "2009-12-31": "16114.00000", "2009-09-30": "16996.00000", "2009-06-30": "16924.00000", "2009-03-31": "18048.00000", "2008-12-31": "17665.00000", "2008-09-30": "17147.00000", "2008-06-30": "16908.00000", "2008-03-31": "17172.00000", "2007-12-31": "16484.00000", "2007-09-30": "15291.00000", "2007-06-30": "15190.00000", "2007-03-31": "15024.00000", "2006-12-31": "14901.00000", "2006-09-30": "14401.00000", "2006-06-30": "14328.00000", "2006-03-31": "13723.00000", "2005-12-31": "13223.00000", "2005-09-30": "12616.00000", "2005-06-30": "12317.00000", "2005-03-31": "12444.00000"}, "Common Stock Net": {"2020-12-31": "", "2020-09-30": "29.00000", "2020-06-30": "29.00000", "2020-03-31": "29.00000", "2019-12-31": "29.00000", "2019-09-30": "30.00000", "2019-06-30": "30.00000", "2019-03-31": "30.00000", "2018-12-31": "30.00000", "2018-09-30": "33.00000", "2018-06-30": "33.00000", "2018-03-31": "33.00000", "2017-12-31": "33.00000", "2017-09-30": "34.00000", "2017-06-30": "34.00000", "2017-03-31": "34.00000", "2016-12-31": "34.00000", "2016-09-30": "36.00000", "2016-06-30": "36.00000", "2016-03-31": "36.00000", "2015-12-31": "36.00000", "2015-09-30": "36.00000", "2015-06-30": "36.00000", "2015-03-31": "36.00000", "2014-12-31": "36.00000", "2014-09-30": "36.00000", "2014-06-30": "35.00000", "2014-03-31": "35.00000", "2013-12-31": "35.00000", "2013-09-30": "37.00000", "2013-06-30": "37.00000", "2013-03-31": "35.00000", "2012-12-31": "35.00000", "2012-09-30": "35.00000", "2012-06-30": "35.00000", "2012-03-31": "35.00000", "2011-12-31": "35.00000", "2011-09-30": "35.00000", "2011-06-30": "35.00000", "2011-03-31": "35.00000", "2010-12-31": "35.00000", "2010-09-30": "35.00000", "2010-06-30": "35.00000", "2010-03-31": "35.00000", "2009-12-31": "35.00000", "2009-09-30": "35.00000", "2009-06-30": "35.00000", "2009-03-31": "32.00000", "2008-12-31": "32.00000", "2008-09-30": "32.00000", "2008-06-30": "32.00000", "2008-03-31": "32.00000", "2007-12-31": "32.00000", "2007-09-30": "16.00000", "2007-06-30": "26.00000", "2007-03-31": "26.00000", "2006-12-31": "26.00000", "2006-09-30": "26.00000", "2006-06-30": "26.00000", "2006-03-31": "26.00000", "2005-12-31": "26.00000", "2005-09-30": "26.00000", "2005-06-30": "26.00000", "2005-03-31": "26.00000"}, "Retained Earnings (Accumulated Deficit)": {"2020-12-31": "", "2020-09-30": "5741.00000", "2020-06-30": "5631.00000", "2020-03-31": "5727.00000", "2019-12-31": "5682.00000", "2019-09-30": "6009.00000", "2019-06-30": "5794.00000", "2019-03-31": "5581.00000", "2018-12-31": "5407.00000", "2018-09-30": "6419.00000", "2018-06-30": "5861.00000", "2018-03-31": "5642.00000", "2017-12-31": "5368.00000", "2017-09-30": "5943.00000", "2017-06-30": "5789.00000", "2017-03-31": "5641.00000", "2016-12-31": "5546.00000", "2016-09-30": "6030.00000", "2016-06-30": "5614.00000", "2016-03-31": "5442.00000", "2015-12-31": "5298.00000", "2015-09-30": "5077.00000", "2015-06-30": "4907.00000", "2015-03-31": "4745.00000", "2014-12-31": "4623.00000", "2014-09-30": "4416.00000", "2014-06-30": "4263.00000", "2014-03-31": "4124.00000", "2013-12-31": "4045.00000", "2013-09-30": "4138.00000", "2013-06-30": "4044.00000", "2013-03-31": "3937.00000", "2012-12-31": "3824.00000", "2012-09-30": "3681.00000", "2012-06-30": "3536.00000", "2012-03-31": "3370.00000", "2011-12-31": "3257.00000", "2011-09-30": "3282.00000", "2011-06-30": "3145.00000", "2011-03-31": "3061.00000", "2010-12-31": "3037.00000", "2010-09-30": "2983.00000", "2010-06-30": "3036.00000", "2010-03-31": "2960.00000", "2009-12-31": "2973.00000", "2009-09-30": "3042.00000", "2009-06-30": "3043.00000", "2009-03-31": "3106.00000", "2008-12-31": "3025.00000", "2008-09-30": "3291.00000", "2008-06-30": "3140.00000", "2008-03-31": "2940.00000", "2007-12-31": "2766.00000", "2007-09-30": "2584.00000", "2007-06-30": "6509.00000", "2007-03-31": "6347.00000", "2006-12-31": "6211.00000", "2006-09-30": "6065.00000", "2006-06-30": "5944.00000", "2006-03-31": "5924.00000", "2005-12-31": "5808.00000", "2005-09-30": "5736.00000", "2005-06-30": "5946.00000", "2005-03-31": "5870.00000"}, "Comprehensive Income": {"2020-12-31": "", "2020-09-30": "-1717.00000", "2020-06-30": "-1791.00000", "2020-03-31": "-1859.00000", "2019-12-31": "-1847.00000", "2019-09-30": "-1729.00000", "2019-06-30": "-1715.00000", "2019-03-31": "-1736.00000", "2018-12-31": "-1762.00000", "2018-09-30": "-1297.00000", "2018-06-30": "-1343.00000", "2018-03-31": "-1301.00000", "2017-12-31": "-1375.00000", "2017-09-30": "-1419.00000", "2017-06-30": "-1486.00000", "2017-03-31": "-1555.00000", "2016-12-31": "-1605.00000", "2016-09-30": "-1315.00000", "2016-06-30": "-1333.00000", "2016-03-31": "-1332.00000", "2015-12-31": "-1398.00000", "2015-09-30": "-1427.00000", "2015-06-30": "-1449.00000", "2015-03-31": "-1550.00000", "2014-12-31": "-1506.00000", "2014-09-30": "-1010.00000", "2014-06-30": "-979.00000", "2014-03-31": "-1022.00000", "2013-12-31": "-1027.00000", "2013-09-30": "-1651.00000", "2013-06-30": "-1729.00000", "2013-03-31": "-1755.00000", "2012-12-31": "-1770.00000", "2012-09-30": "-1562.00000", "2012-06-30": "-1599.00000", "2012-03-31": "-1601.00000", "2011-12-31": "-1625.00000", "2011-09-30": "-1280.00000", "2011-06-30": "-1260.00000", "2011-03-31": "-1280.00000", "2010-12-31": "-1316.00000", "2010-09-30": "-1226.00000", "2010-06-30": "-1335.00000", "2010-03-31": "-1313.00000", "2009-12-31": "-1321.00000", "2009-09-30": "-1232.00000", "2009-06-30": "-1258.00000", "2009-03-31": "-1423.00000", "2008-12-31": "-1422.00000", "2008-09-30": "-487.00000", "2008-06-30": "-403.00000", "2008-03-31": "-424.00000", "2007-12-31": "-400.00000", "2007-09-30": "-511.00000", "2007-06-30": "-564.00000", "2007-03-31": "-631.00000", "2006-12-31": "-644.00000", "2006-09-30": "-82.00000", "2006-06-30": "-69.00000", "2006-03-31": "-77.00000", "2005-12-31": "-78.00000", "2005-09-30": "-151.00000", "2005-06-30": "-173.00000", "2005-03-31": "-135.00000"}, "Other Share Holders Equity": {"2020-12-31": "", "2020-09-30": "", "2020-06-30": "", "2020-03-31": "", "2019-12-31": "", "2019-09-30": "", "2019-06-30": "", "2019-03-31": "", "2018-12-31": "", "2018-09-30": "", "2018-06-30": "", "2018-03-31": "", "2017-12-31": "", "2017-09-30": "", "2017-06-30": "", "2017-03-31": "", "2016-12-31": "", "2016-09-30": "", "2016-06-30": "", "2016-03-31": "", "2015-12-31": "", "2015-09-30": "", "2015-06-30": "", "2015-03-31": "", "2014-12-31": "", "2014-09-30": "", "2014-06-30": "", "2014-03-31": "", "2013-12-31": "", "2013-09-30": "", "2013-06-30": "", "2013-03-31": "", "2012-12-31": "", "2012-09-30": "", "2012-06-30": "", "2012-03-31": "", "2011-12-31": "", "2011-09-30": "", "2011-06-30": "", "2011-03-31": "", "2010-12-31": "", "2010-09-30": "", "2010-06-30": "", "2010-03-31": "", "2009-12-31": "", "2009-09-30": "", "2009-06-30": "", "2009-03-31": "", "2008-12-31": "", "2008-09-30": "", "2008-06-30": "", "2008-03-31": "", "2007-12-31": "", "2007-09-30": "", "2007-06-30": "", "2007-03-31": "", "2006-12-31": "", "2006-09-30": "", "2006-06-30": "", "2006-03-31": "", "2005-12-31": "", "2005-09-30": "", "2005-06-30": "", "2005-03-31": ""}, "Share Holder Equity": {"2020-12-31": "5845.00000", "2020-09-30": "5741.00000", "2020-06-30": "5527.00000", "2020-03-31": "5534.00000", "2019-12-31": "5518.00000", "2019-09-30": "5452.00000", "2019-06-30": "5336.00000", "2019-03-31": "5233.00000", "2018-12-31": "5192.00000", "2018-09-30": "5543.00000", "2018-06-30": "5362.00000", "2018-03-31": "5692.00000", "2017-12-31": "5647.00000", "2017-09-30": "5818.00000", "2017-06-30": "5682.00000", "2017-03-31": "5582.00000", "2016-12-31": "5574.00000", "2016-09-30": "5651.00000", "2016-06-30": "5186.00000", "2016-03-31": "4989.00000", "2015-12-31": "4964.00000", "2015-09-30": "4696.00000", "2015-06-30": "4602.00000", "2015-03-31": "4390.00000", "2014-12-31": "4272.00000", "2014-09-30": "4572.00000", "2014-06-30": "4578.00000", "2014-03-31": "4363.00000", "2013-12-31": "4384.00000", "2013-09-30": "3580.00000", "2013-06-30": "3380.00000", "2013-03-31": "3148.00000", "2012-12-31": "2991.00000", "2012-09-30": "3308.00000", "2012-06-30": "3102.00000", "2012-03-31": "2915.00000", "2011-12-31": "2745.00000", "2011-09-30": "3312.00000", "2011-06-30": "3174.00000", "2011-03-31": "3052.00000", "2010-12-31": "2972.00000", "2010-09-30": "2986.00000", "2010-06-30": "2914.00000", "2010-03-31": "2841.00000", "2009-12-31": "2826.00000", "2009-09-30": "2962.00000", "2009-06-30": "2920.00000", "2009-03-31": "2468.00000", "2008-12-31": "2366.00000", "2008-09-30": "3539.00000", "2008-06-30": "3788.00000", "2008-03-31": "3594.00000", "2007-12-31": "3507.00000", "2007-09-30": "3145.00000", "2007-06-30": "2933.00000", "2007-03-31": "2678.00000", "2006-12-31": "2649.00000", "2006-09-30": "3041.00000", "2006-06-30": "3022.00000", "2006-03-31": "3327.00000", "2005-12-31": "3276.00000", "2005-09-30": "3285.00000", "2005-06-30": "3604.00000", "2005-03-31": "3641.00000"}, "Total Liabilities And Share Holders Equity": {"2020-12-31": "15400.00000", "2020-09-30": "15861.00000", "2020-06-30": "15471.00000", "2020-03-31": "15946.00000", "2019-12-31": "15018.00000", "2019-09-30": "15062.00000", "2019-06-30": "14796.00000", "2019-03-31": "14480.00000", "2018-12-31": "14264.00000", "2018-09-30": "14669.00000", "2018-06-30": "14558.00000", "2018-03-31": "14968.00000", "2017-12-31": "15340.00000", "2017-09-30": "15875.00000", "2017-06-30": "15775.00000", "2017-03-31": "15703.00000", "2016-12-31": "15358.00000", "2016-09-30": "15167.00000", "2016-06-30": "15034.00000", "2016-03-31": "15099.00000", "2015-12-31": "14708.00000", "2015-09-30": "14898.00000", "2015-06-30": "14948.00000", "2015-03-31": "14738.00000", "2014-12-31": "14605.00000", "2014-09-30": "14739.00000", "2014-06-30": "15135.00000", "2014-03-31": "14963.00000", "2013-12-31": "12944.00000", "2013-09-30": "12457.00000", "2013-06-30": "12440.00000", "2013-03-31": "12557.00000", "2012-12-31": "13033.00000", "2012-09-30": "13065.00000", "2012-06-30": "13068.00000", "2012-03-31": "13280.00000", "2011-12-31": "13615.00000", "2011-09-30": "15281.00000", "2011-06-30": "14839.00000", "2011-03-31": "15059.00000", "2010-12-31": "15282.00000", "2010-09-30": "16013.00000", "2010-06-30": "17123.00000", "2010-03-31": "18110.00000", "2009-12-31": "18940.00000", "2009-09-30": "19958.00000", "2009-06-30": "19844.00000", "2009-03-31": "20516.00000", "2008-12-31": "20031.00000", "2008-09-30": "20686.00000", "2008-06-30": "20696.00000", "2008-03-31": "20766.00000", "2007-12-31": "19991.00000", "2007-09-30": "18436.00000", "2007-06-30": "18123.00000", "2007-03-31": "17702.00000", "2006-12-31": "17550.00000", "2006-09-30": "17442.00000", "2006-06-30": "17350.00000", "2006-03-31": "17050.00000", "2005-12-31": "16499.00000", "2005-09-30": "15901.00000", "2005-06-30": "15921.00000", "2005-03-31": "16085.00000"}}, "cash flow statement": {"Net Income/Loss": {"2020-12-31": "309.00000", "2019-12-31": "815.00000", "2018-12-31": "1222.00000", "2017-12-31": "307.00000", "2016-12-31": "962.00000", "2015-12-31": "697.00000", "2014-12-31": "600.00000", "2013-12-31": "498.00000", "2012-12-31": "589.00000", "2011-12-31": "242.00000", "2010-12-31": "86.00000", "2009-12-31": "-31.00000", "2008-12-31": "486.00000", "2007-12-31": "917.00000", "2006-12-31": "601.00000", "2005-12-31": "203.00000"}, "Total Depreciation And Amortization - Cash Flow": {"2020-12-31": "391.00000", "2019-12-31": "416.00000", "2018-12-31": "437.00000", "2017-12-31": "447.00000", "2016-12-31": "449.00000", "2015-12-31": "461.00000", "2014-12-31": "459.00000", "2013-12-31": "389.00000", "2012-12-31": "383.00000", "2011-12-31": "403.00000", "2010-12-31": "393.00000", "2009-12-31": "409.00000", "2008-12-31": "400.00000", "2007-12-31": "322.00000", "2006-12-31": "279.00000", "2005-12-31": "303.00000"}, "Other Non-Cash Items": {"2020-12-31": "47.00000", "2019-12-31": "102.00000", "2018-12-31": "-349.00000", "2017-12-31": "365.00000", "2016-12-31": "-33.00000", "2015-12-31": "8.00000", "2014-12-31": "-17.00000", "2013-12-31": "83.00000", "2012-12-31": "155.00000", "2011-12-31": "439.00000", "2010-12-31": "348.00000", "2009-12-31": "234.00000", "2008-12-31": "499.00000", "2007-12-31": "44.00000", "2006-12-31": "182.00000", "2005-12-31": "561.00000"}, "Total Non-Cash Items": {"2020-12-31": "438.00000", "2019-12-31": "518.00000", "2018-12-31": "88.00000", "2017-12-31": "812.00000", "2016-12-31": "416.00000", "2015-12-31": "469.00000", "2014-12-31": "442.00000", "2013-12-31": "472.00000", "2012-12-31": "538.00000", "2011-12-31": "842.00000", "2010-12-31": "741.00000", "2009-12-31": "643.00000", "2008-12-31": "899.00000", "2007-12-31": "366.00000", "2006-12-31": "461.00000", "2005-12-31": "864.00000"}, "Change In Accounts Receivable": {"2020-12-31": "60.00000", "2019-12-31": "144.00000", "2018-12-31": "72.00000", "2017-12-31": "-169.00000", "2016-12-31": "42.00000", "2015-12-31": "76.00000", "2014-12-31": "206.00000", "2013-12-31": "119.00000", "2012-12-31": "128.00000", "2011-12-31": "272.00000", "2010-12-31": "423.00000", "2009-12-31": "194.00000", "2008-12-31": "-276.00000", "2007-12-31": "-337.00000", "2006-12-31": "-340.00000", "2005-12-31": "-187.00000"}, "Change In Inventories": {"2020-12-31": "434.00000", "2019-12-31": "-292.00000", "2018-12-31": "41.00000", "2017-12-31": "412.00000", "2016-12-31": "-352.00000", "2015-12-31": "-239.00000", "2014-12-31": "-209.00000", "2013-12-31": "-118.00000", "2012-12-31": "-316.00000", "2011-12-31": "-127.00000", "2010-12-31": "-10.00000", "2009-12-31": "803.00000", "2008-12-31": "-662.00000", "2007-12-31": "-453.00000", "2006-12-31": "-412.00000", "2005-12-31": "-188.00000"}, "Change In Accounts Payable": {"2020-12-31": "-613.00000", "2019-12-31": "280.00000", "2018-12-31": "-63.00000", "2017-12-31": "-156.00000", "2016-12-31": "215.00000", "2015-12-31": "43.00000", "2014-12-31": "-228.00000", "2013-12-31": "65.00000", "2012-12-31": "179.00000", "2011-12-31": "211.00000", "2010-12-31": "54.00000", "2009-12-31": "-535.00000", "2008-12-31": "276.00000", "2007-12-31": "35.00000", "2006-12-31": "108.00000", "2005-12-31": "173.00000"}, "Change In Assets/Liabilities": {"2020-12-31": "-15.00000", "2019-12-31": "-99.00000", "2018-12-31": "-102.00000", "2017-12-31": "-321.00000", "2016-12-31": "10.00000", "2015-12-31": "33.00000", "2014-12-31": "13.00000", "2013-12-31": "-25.00000", "2012-12-31": "-233.00000", "2011-12-31": "-376.00000", "2010-12-31": "-170.00000", "2009-12-31": "-250.00000", "2008-12-31": "-68.00000", "2007-12-31": "-14.00000", "2006-12-31": "107.00000", "2005-12-31": "26.00000"}, "Total Change In Assets/Liabilities": {"2020-12-31": "-134.00000", "2019-12-31": "-398.00000", "2018-12-31": "-308.00000", "2017-12-31": "-269.00000", "2016-12-31": "-555.00000", "2015-12-31": "-171.00000", "2014-12-31": "71.00000", "2013-12-31": "-225.00000", "2012-12-31": "-286.00000", "2011-12-31": "-147.00000", "2010-12-31": "48.00000", "2009-12-31": "290.00000", "2008-12-31": "-763.00000", "2007-12-31": "-326.00000", "2006-12-31": "-163.00000", "2005-12-31": "-99.00000"}, "Cash Flow From Operating Activities": {"2020-12-31": "769.00000", "2019-12-31": "1014.00000", "2018-12-31": "1107.00000", "2017-12-31": "936.00000", "2016-12-31": "925.00000", "2015-12-31": "1090.00000", "2014-12-31": "1208.00000", "2013-12-31": "810.00000", "2012-12-31": "927.00000", "2011-12-31": "1063.00000", "2010-12-31": "984.00000", "2009-12-31": "1015.00000", "2008-12-31": "750.00000", "2007-12-31": "1049.00000", "2006-12-31": "969.00000", "2005-12-31": "1036.00000"}, "Net Change In Property, Plant, And Equipment": {"2020-12-31": "-284.00000", "2019-12-31": "-339.00000", "2018-12-31": "-369.00000", "2017-12-31": "-423.00000", "2016-12-31": "-446.00000", "2015-12-31": "-420.00000", "2014-12-31": "-429.00000", "2013-12-31": "-266.00000", "2012-12-31": "-480.00000", "2011-12-31": "-423.00000", "2010-12-31": "-141.00000", "2009-12-31": "-2.00000", "2008-12-31": "-523.00000", "2007-12-31": "-356.00000", "2006-12-31": "-412.00000", "2005-12-31": "-359.00000"}, "Net Change In Intangible Assets": {"2020-12-31": "", "2019-12-31": "", "2018-12-31": "", "2017-12-31": "", "2016-12-31": "", "2015-12-31": "", "2014-12-31": "", "2013-12-31": "", "2012-12-31": "", "2011-12-31": "", "2010-12-31": "", "2009-12-31": "", "2008-12-31": "", "2007-12-31": "", "2006-12-31": "", "2005-12-31": ""}, "Net Acquisitions/Divestitures": {"2020-12-31": "", "2019-12-31": "-2.00000", "2018-12-31": "784.00000", "2017-12-31": "-331.00000", "2016-12-31": "-186.00000", "2015-12-31": "-81.00000", "2014-12-31": "-1628.00000", "2013-12-31": "-196.00000", "2012-12-31": "-11.00000", "2011-12-31": "-14.00000", "2010-12-31": "-57.00000", "2009-12-31": "", "2008-12-31": "-109.00000", "2007-12-31": "-1106.00000", "2006-12-31": "-494.00000", "2005-12-31": "-29.00000"}, "Net Change In Short-term Investments": {"2020-12-31": "", "2019-12-31": "", "2018-12-31": "", "2017-12-31": "", "2016-12-31": "", "2015-12-31": "", "2014-12-31": "", "2013-12-31": "", "2012-12-31": "", "2011-12-31": "", "2010-12-31": "", "2009-12-31": "", "2008-12-31": "-100.00000", "2007-12-31": "", "2006-12-31": "", "2005-12-31": ""}, "Net Change In Long-Term Investments": {"2020-12-31": "", "2019-12-31": "", "2018-12-31": "", "2017-12-31": "", "2016-12-31": "", "2015-12-31": "", "2014-12-31": "", "2013-12-31": "", "2012-12-31": "", "2011-12-31": "", "2010-12-31": "", "2009-12-31": "", "2008-12-31": "", "2007-12-31": "", "2006-12-31": "", "2005-12-31": ""}, "Net Change In Investments - Total": {"2020-12-31": "", "2019-12-31": "", "2018-12-31": "", "2017-12-31": "", "2016-12-31": "", "2015-12-31": "", "2014-12-31": "", "2013-12-31": "", "2012-12-31": "", "2011-12-31": "", "2010-12-31": "", "2009-12-31": "", "2008-12-31": "-100.00000", "2007-12-31": "", "2006-12-31": "", "2005-12-31": ""}, "Investing Activities - Other": {"2020-12-31": "36.00000", "2019-12-31": "75.00000", "2018-12-31": "205.00000", "2017-12-31": "109.00000", "2016-12-31": "196.00000", "2015-12-31": "113.00000", "2014-12-31": "138.00000", "2013-12-31": "198.00000", "2012-12-31": "869.00000", "2011-12-31": "1280.00000", "2010-12-31": "1747.00000", "2009-12-31": "1941.00000", "2008-12-31": "795.00000", "2007-12-31": "56.00000", "2006-12-31": "-503.00000", "2005-12-31": "-807.00000"}, "Cash Flow From Investing Activities": {"2020-12-31": "-248.00000", "2019-12-31": "-266.00000", "2018-12-31": "620.00000", "2017-12-31": "-645.00000", "2016-12-31": "-436.00000", "2015-12-31": "-388.00000", "2014-12-31": "-1919.00000", "2013-12-31": "-264.00000", "2012-12-31": "378.00000", "2011-12-31": "843.00000", "2010-12-31": "1549.00000", "2009-12-31": "1939.00000", "2008-12-31": "63.00000", "2007-12-31": "-1406.00000", "2006-12-31": "-1409.00000", "2005-12-31": "-1195.00000"}, "Net Long-Term Debt": {"2020-12-31": "544.00000", "2019-12-31": "-2.00000", "2018-12-31": "-131.00000", "2017-12-31": "195.00000", "2016-12-31": "68.00000", "2015-12-31": "-295.00000", "2014-12-31": "663.00000", "2013-12-31": "-823.00000", "2012-12-31": "-511.00000", "2011-12-31": "-1879.00000", "2010-12-31": "-3477.00000", "2009-12-31": "-308.00000", "2008-12-31": "-239.00000", "2007-12-31": "832.00000", "2006-12-31": "863.00000", "2005-12-31": "779.00000"}, "Net Current Debt": {"2020-12-31": "-2.00000", "2019-12-31": "", "2018-12-31": "", "2017-12-31": "", "2016-12-31": "", "2015-12-31": "", "2014-12-31": "", "2013-12-31": "", "2012-12-31": "", "2011-12-31": "", "2010-12-31": "", "2009-12-31": "-1637.00000", "2008-12-31": "218.00000", "2007-12-31": "-412.00000", "2006-12-31": "338.00000", "2005-12-31": "171.00000"}, "Debt Issuance/Retirement Net - Total": {"2020-12-31": "542.00000", "2019-12-31": "-2.00000", "2018-12-31": "-131.00000", "2017-12-31": "195.00000", "2016-12-31": "68.00000", "2015-12-31": "-295.00000", "2014-12-31": "663.00000", "2013-12-31": "-823.00000", "2012-12-31": "-511.00000", "2011-12-31": "-1879.00000", "2010-12-31": "-3477.00000", "2009-12-31": "-1945.00000", "2008-12-31": "-21.00000", "2007-12-31": "420.00000", "2006-12-31": "1201.00000", "2005-12-31": "950.00000"}, "Net Common Equity Issued/Repurchased": {"2020-12-31": "-183.00000", "2019-12-31": "-479.00000", "2018-12-31": "-1709.00000", "2017-12-31": "-530.00000", "2016-12-31": "-205.00000", "2015-12-31": "-187.00000", "2014-12-31": "-290.00000", "2013-12-31": "31.00000", "2012-12-31": "-253.00000", "2011-12-31": "3.00000", "2010-12-31": "", "2009-12-31": "333.00000", "2008-12-31": "-483.00000", "2007-12-31": "-201.00000", "2006-12-31": "-588.00000", "2005-12-31": "-491.00000"}, "Net Total Equity Issued/Repurchased": {"2020-12-31": "-183.00000", "2019-12-31": "-479.00000", "2018-12-31": "-1709.00000", "2017-12-31": "-530.00000", "2016-12-31": "-205.00000", "2015-12-31": "-187.00000", "2014-12-31": "-290.00000", "2013-12-31": "31.00000", "2012-12-31": "-253.00000", "2011-12-31": "3.00000", "2010-12-31": "", "2009-12-31": "333.00000", "2008-12-31": "-483.00000", "2007-12-31": "-201.00000", "2006-12-31": "-588.00000", "2005-12-31": "-491.00000"}, "Total Common And Preferred Stock Dividends Paid": {"2020-12-31": "-18.00000", "2019-12-31": "-18.00000", "2018-12-31": "-20.00000", "2017-12-31": "-21.00000", "2016-12-31": "-22.00000", "2015-12-31": "-22.00000", "2014-12-31": "-28.00000", "2013-12-31": "-22.00000", "2012-12-31": "-17.00000", "2011-12-31": "-22.00000", "2010-12-31": "-22.00000", "2009-12-31": "-21.00000", "2008-12-31": "-284.00000", "2007-12-31": "-154.00000", "2006-12-31": "-244.00000", "2005-12-31": "-189.00000"}, "Financial Activities - Other": {"2020-12-31": "19.00000", "2019-12-31": "-3.00000", "2018-12-31": "-4.00000", "2017-12-31": "-4.00000", "2016-12-31": "-9.00000", "2015-12-31": "", "2014-12-31": "-10.00000", "2013-12-31": "72.00000", "2012-12-31": "", "2011-12-31": "-53.00000", "2010-12-31": "6.00000", "2009-12-31": "", "2008-12-31": "-2.00000", "2007-12-31": "22.00000", "2006-12-31": "32.00000", "2005-12-31": "13.00000"}, "Cash Flow From Financial Activities": {"2020-12-31": "360.00000", "2019-12-31": "-502.00000", "2018-12-31": "-1864.00000", "2017-12-31": "-360.00000", "2016-12-31": "-168.00000", "2015-12-31": "-504.00000", "2014-12-31": "335.00000", "2013-12-31": "-742.00000", "2012-12-31": "-781.00000", "2011-12-31": "-1951.00000", "2010-12-31": "-3493.00000", "2009-12-31": "-1633.00000", "2008-12-31": "-790.00000", "2007-12-31": "87.00000", "2006-12-31": "401.00000", "2005-12-31": "283.00000"}, "Net Cash Flow": {"2020-12-31": "897.00000", "2019-12-31": "250.00000", "2018-12-31": "-155.00000", "2017-12-31": "-36.00000", "2016-12-31": "293.00000", "2015-12-31": "183.00000", "2014-12-31": "-389.00000", "2013-12-31": "-202.00000", "2012-12-31": "528.00000", "2011-12-31": "-46.00000", "2010-12-31": "-961.00000", "2009-12-31": "1345.00000", "2008-12-31": "16.00000", "2007-12-31": "-249.00000", "2006-12-31": "-16.00000", "2005-12-31": "99.00000"}, "Stock-Based Compensation": {"2020-12-31": "", "2019-12-31": "", "2018-12-31": "", "2017-12-31": "", "2016-12-31": "", "2015-12-31": "", "2014-12-31": "", "2013-12-31": "", "2012-12-31": "", "2011-12-31": "", "2010-12-31": "", "2009-12-31": "", "2008-12-31": "", "2007-12-31": "", "2006-12-31": "30.00000", "2005-12-31": "28.00000"}, "Common Stock Dividends Paid": {"2020-12-31": "-18.00000", "2019-12-31": "-18.00000", "2018-12-31": "-20.00000", "2017-12-31": "-21.00000", "2016-12-31": "-22.00000", "2015-12-31": "-22.00000", "2014-12-31": "-28.00000", "2013-12-31": "-22.00000", "2012-12-31": "-17.00000", "2011-12-31": "-22.00000", "2010-12-31": "-22.00000", "2009-12-31": "-21.00000", "2008-12-31": "-284.00000", "2007-12-31": "-154.00000", "2006-12-31": "-244.00000", "2005-12-31": "-189.00000"}}, "cash flow statement, quarterly": {"Net Income/Loss": {"2020-12-31": 236, "2020-09-30": 115, "2020-06-30": -92, "2020-03-31": "50.00000", "2019-12-31": 199, "2019-09-30": 220, "2019-06-30": 217, "2019-03-31": "179.00000", "2018-12-31": 246, "2018-09-30": 563, "2018-06-30": 224, "2018-03-31": "189.00000", "2017-12-31": -106, "2017-09-30": 159, "2017-06-30": 153, "2017-03-31": "101.00000", "2016-12-31": 214, "2016-09-30": 421, "2016-06-30": 177, "2016-03-31": "150.00000", "2015-12-31": 226, "2015-09-30": 176, "2015-06-30": 167, "2015-03-31": "128.00000", "2014-12-31": 212, "2014-09-30": 159, "2014-06-30": 144, "2014-03-31": "85.00000", "2013-12-31": 167, "2013-09-30": 99, "2013-06-30": 113, "2013-03-31": "119.00000", "2012-12-31": 148, "2012-09-30": 151, "2012-06-30": 172, "2012-03-31": "118.00000", "2011-12-31": -19, "2011-09-30": 142, "2011-06-30": 90, "2011-03-31": "29.00000", "2010-12-31": 60, "2010-09-30": -48, "2010-06-30": 82, "2010-03-31": "-8.00000", "2009-12-31": -63, "2009-09-30": 4, "2009-06-30": -58, "2009-03-31": "86.00000", "2008-12-31": -209, "2008-09-30": 206, "2008-06-30": 258, "2008-03-31": "231.00000", "2007-12-31": 256, "2007-09-30": 255, "2007-06-30": 210, "2007-03-31": "196.00000", "2006-12-31": 195, "2006-09-30": 169, "2006-06-30": 69, "2006-03-31": "168.00000", "2005-12-31": 118, "2005-09-30": -164, "2005-06-30": 123, "2005-03-31": "126.00000"}, "Total Depreciation And Amortization - Cash Flow": {"2020-12-31": 108, "2020-09-30": 95, "2020-06-30": 98, "2020-03-31": "90.00000", "2019-12-31": 114, "2019-09-30": 100, "2019-06-30": 100, "2019-03-31": "102.00000", "2018-12-31": 115, "2018-09-30": 106, "2018-06-30": 111, "2018-03-31": "105.00000", "2017-12-31": 115, "2017-09-30": 114, "2017-06-30": 112, "2017-03-31": "106.00000", "2016-12-31": 118, "2016-09-30": 108, "2016-06-30": 114, "2016-03-31": "109.00000", "2015-12-31": 129, "2015-09-30": 112, "2015-06-30": 110, "2015-03-31": "110.00000", "2014-12-31": 134, "2014-09-30": 111, "2014-06-30": 116, "2014-03-31": "98.00000", "2013-12-31": 104, "2013-09-30": 93, "2013-06-30": 95, "2013-03-31": "97.00000", "2012-12-31": 106, "2012-09-30": 94, "2012-06-30": 92, "2012-03-31": "91.00000", "2011-12-31": 114, "2011-09-30": 94, "2011-06-30": 100, "2011-03-31": "95.00000", "2010-12-31": 111, "2010-09-30": 95, "2010-06-30": 97, "2010-03-31": "90.00000", "2009-12-31": 112, "2009-09-30": 100, "2009-06-30": 101, "2009-03-31": "96.00000", "2008-12-31": 107, "2008-09-30": 94, "2008-06-30": 100, "2008-03-31": "99.00000", "2007-12-31": 92, "2007-09-30": 77, "2007-06-30": 79, "2007-03-31": "74.00000", "2006-12-31": 69, "2006-09-30": 72, "2006-06-30": 72, "2006-03-31": "66.00000", "2005-12-31": 82, "2005-09-30": 75, "2005-06-30": 75, "2005-03-31": "71.00000"}, "Other Non-Cash Items": {"2020-12-31": -32, "2020-09-30": 10, "2020-06-30": 41, "2020-03-31": "28.00000", "2019-12-31": 19, "2019-09-30": 52, "2019-06-30": 16, "2019-03-31": "15.00000", "2018-12-31": 71, "2018-09-30": -431, "2018-06-30": 9, "2018-03-31": "2.00000", "2017-12-31": 225, "2017-09-30": 122, "2017-06-30": 20, "2017-03-31": "-2.00000", "2016-12-31": 23, "2016-09-30": -89, "2016-06-30": 13, "2016-03-31": "20.00000", "2015-12-31": 21, "2015-09-30": 3, "2015-06-30": -7, "2015-03-31": "-9.00000", "2014-12-31": 23, "2014-09-30": -27, "2014-06-30": -6, "2014-03-31": "-7.00000", "2013-12-31": 18, "2013-09-30": 33, "2013-06-30": 29, "2013-03-31": "3.00000", "2012-12-31": 55, "2012-09-30": 15, "2012-06-30": 2, "2012-03-31": "83.00000", "2011-12-31": 358, "2011-09-30": -46, "2011-06-30": 12, "2011-03-31": "115.00000", "2010-12-31": 145, "2010-09-30": 43, "2010-06-30": 85, "2010-03-31": "75.00000", "2009-12-31": 114, "2009-09-30": 82, "2009-06-30": 116, "2009-03-31": "-78.00000", "2008-12-31": 411, "2008-09-30": 72, "2008-06-30": 19, "2008-03-31": "-3.00000", "2007-12-31": -11, "2007-09-30": 7, "2007-06-30": 38, "2007-03-31": "10.00000", "2006-12-31": 34, "2006-09-30": -25, "2006-06-30": 187, "2006-03-31": "-14.00000", "2005-12-31": 109, "2005-09-30": 378, "2005-06-30": 88, "2005-03-31": "-14.00000"}, "Total Non-Cash Items": {"2020-12-31": 76, "2020-09-30": 105, "2020-06-30": 139, "2020-03-31": "118.00000", "2019-12-31": 133, "2019-09-30": 152, "2019-06-30": 116, "2019-03-31": "117.00000", "2018-12-31": 186, "2018-09-30": -325, "2018-06-30": 120, "2018-03-31": "107.00000", "2017-12-31": 340, "2017-09-30": 236, "2017-06-30": 132, "2017-03-31": "104.00000", "2016-12-31": 141, "2016-09-30": 19, "2016-06-30": 127, "2016-03-31": "129.00000", "2015-12-31": 150, "2015-09-30": 115, "2015-06-30": 103, "2015-03-31": "101.00000", "2014-12-31": 157, "2014-09-30": 84, "2014-06-30": 110, "2014-03-31": "91.00000", "2013-12-31": 122, "2013-09-30": 126, "2013-06-30": 124, "2013-03-31": "100.00000", "2012-12-31": 161, "2012-09-30": 109, "2012-06-30": 94, "2012-03-31": "174.00000", "2011-12-31": 472, "2011-09-30": 48, "2011-06-30": 112, "2011-03-31": "210.00000", "2010-12-31": 256, "2010-09-30": 138, "2010-06-30": 182, "2010-03-31": "165.00000", "2009-12-31": 226, "2009-09-30": 182, "2009-06-30": 217, "2009-03-31": "18.00000", "2008-12-31": 518, "2008-09-30": 166, "2008-06-30": 119, "2008-03-31": "96.00000", "2007-12-31": 81, "2007-09-30": 84, "2007-06-30": 117, "2007-03-31": "84.00000", "2006-12-31": 103, "2006-09-30": 47, "2006-06-30": 259, "2006-03-31": "52.00000", "2005-12-31": 191, "2005-09-30": 453, "2005-06-30": 163, "2005-03-31": "57.00000"}, "Change In Accounts Receivable": {"2020-12-31": 26, "2020-09-30": -109, "2020-06-30": 96, "2020-03-31": "47.00000", "2019-12-31": 129, "2019-09-30": -2, "2019-06-30": 51, "2019-03-31": "-34.00000", "2018-12-31": 12, "2018-09-30": 76, "2018-06-30": -94, "2018-03-31": "78.00000", "2017-12-31": -25, "2017-09-30": -79, "2017-06-30": 13, "2017-03-31": "-78.00000", "2016-12-31": 80, "2016-09-30": -6, "2016-06-30": 115, "2016-03-31": "-147.00000", "2015-12-31": 140, "2015-09-30": 27, "2015-06-30": -7, "2015-03-31": "-84.00000", "2014-12-31": 154, "2014-09-30": 81, "2014-06-30": -14, "2014-03-31": "-15.00000", "2013-12-31": 40, "2013-09-30": -28, "2013-06-30": 153, "2013-03-31": "-46.00000", "2012-12-31": 36, "2012-09-30": 42, "2012-06-30": 84, "2012-03-31": "-34.00000", "2011-12-31": 152, "2011-09-30": -22, "2011-06-30": 74, "2011-03-31": "68.00000", "2010-12-31": 27, "2010-09-30": 331, "2010-06-30": 63, "2010-03-31": "2.00000", "2009-12-31": 21, "2009-09-30": 19, "2009-06-30": 74, "2009-03-31": "80.00000", "2008-12-31": -185, "2008-09-30": -24, "2008-06-30": -57, "2008-03-31": "-10.00000", "2007-12-31": -84, "2007-09-30": 21, "2007-06-30": -89, "2007-03-31": "-185.00000", "2006-12-31": -37, "2006-09-30": 11, "2006-06-30": -137, "2006-03-31": "-177.00000", "2005-12-31": 13, "2005-09-30": -53, "2005-06-30": 11, "2005-03-31": "-158.00000"}, "Change In Inventories": {"2020-12-31": 692, "2020-09-30": -14, "2020-06-30": 124, "2020-03-31": "-368.00000", "2019-12-31": 360, "2019-09-30": -147, "2019-06-30": -290, "2019-03-31": "-215.00000", "2018-12-31": 231, "2018-09-30": -112, "2018-06-30": 50, "2018-03-31": "-128.00000", "2017-12-31": 324, "2017-09-30": 149, "2017-06-30": 61, "2017-03-31": "-122.00000", "2016-12-31": 285, "2016-09-30": -183, "2016-06-30": -141, "2016-03-31": "-313.00000", "2015-12-31": 415, "2015-09-30": -138, "2015-06-30": -189, "2015-03-31": "-327.00000", "2014-12-31": 161, "2014-09-30": -91, "2014-06-30": -99, "2014-03-31": "-180.00000", "2013-12-31": 325, "2013-09-30": 2, "2013-06-30": -191, "2013-03-31": "-254.00000", "2012-12-31": 93, "2012-09-30": -22, "2012-06-30": -200, "2012-03-31": "-187.00000", "2011-12-31": 201, "2011-09-30": -52, "2011-06-30": -110, "2011-03-31": "-166.00000", "2010-12-31": 373, "2010-09-30": -166, "2010-06-30": -6, "2010-03-31": "-211.00000", "2009-12-31": 435, "2009-09-30": 293, "2009-06-30": 323, "2009-03-31": "-248.00000", "2008-12-31": 125, "2008-09-30": -143, "2008-06-30": -313, "2008-03-31": "-331.00000", "2007-12-31": 78, "2007-09-30": -84, "2007-06-30": -159, "2007-03-31": "-288.00000", "2006-12-31": 44, "2006-09-30": -58, "2006-06-30": -165, "2006-03-31": "-233.00000", "2005-12-31": 35, "2005-09-30": -115, "2005-06-30": -17, "2005-03-31": "-91.00000"}, "Change In Accounts Payable": {"2020-12-31": -346, "2020-09-30": 133, "2020-06-30": -351, "2020-03-31": "-49.00000", "2019-12-31": 146, "2019-09-30": 2, "2019-06-30": 85, "2019-03-31": "47.00000", "2018-12-31": 5, "2018-09-30": -46, "2018-06-30": -37, "2018-03-31": "15.00000", "2017-12-31": 22, "2017-09-30": -38, "2017-06-30": -38, "2017-03-31": "-102.00000", "2016-12-31": 69, "2016-09-30": -1, "2016-06-30": 0, "2016-03-31": "147.00000", "2015-12-31": -113, "2015-09-30": 33, "2015-06-30": -4, "2015-03-31": "127.00000", "2014-12-31": -108, "2014-09-30": -22, "2014-06-30": 1, "2014-03-31": "-99.00000", "2013-12-31": 90, "2013-09-30": 36, "2013-06-30": -92, "2013-03-31": "31.00000", "2012-12-31": 71, "2012-09-30": 51, "2012-06-30": 9, "2012-03-31": "48.00000", "2011-12-31": 33, "2011-09-30": 68, "2011-06-30": -9, "2011-03-31": "119.00000", "2010-12-31": -131, "2010-09-30": 33, "2010-06-30": -32, "2010-03-31": "184.00000", "2009-12-31": -91, "2009-09-30": -62, "2009-06-30": -285, "2009-03-31": "-97.00000", "2008-12-31": 56, "2008-09-30": -9, "2008-06-30": 74, "2008-03-31": "155.00000", "2007-12-31": -133, "2007-09-30": 50, "2007-06-30": 37, "2007-03-31": "81.00000", "2006-12-31": -62, "2006-09-30": -87, "2006-06-30": 80, "2006-03-31": "177.00000", "2005-12-31": -78, "2005-09-30": -14, "2005-06-30": 74, "2005-03-31": "191.00000"}, "Change In Assets/Liabilities": {"2020-12-31": -118, "2020-09-30": 60, "2020-06-30": 89, "2020-03-31": "-46.00000", "2019-12-31": -82, "2019-09-30": 31, "2019-06-30": -3, "2019-03-31": "-45.00000", "2018-12-31": -67, "2018-09-30": 8, "2018-06-30": 78, "2018-03-31": "-121.00000", "2017-12-31": -28, "2017-09-30": -276, "2017-06-30": 5, "2017-03-31": "-22.00000", "2016-12-31": -67, "2016-09-30": 35, "2016-06-30": -26, "2016-03-31": "68.00000", "2015-12-31": -34, "2015-09-30": 51, "2015-06-30": 44, "2015-03-31": "-28.00000", "2014-12-31": -42, "2014-09-30": 22, "2014-06-30": 31, "2014-03-31": "2.00000", "2013-12-31": 43, "2013-09-30": 10, "2013-06-30": 3, "2013-03-31": "-81.00000", "2012-12-31": -207, "2012-09-30": 40, "2012-06-30": -20, "2012-03-31": "-46.00000", "2011-12-31": -490, "2011-09-30": 165, "2011-06-30": -53, "2011-03-31": "2.00000", "2010-12-31": -356, "2010-09-30": 130, "2010-06-30": 49, "2010-03-31": "7.00000", "2009-12-31": -193, "2009-09-30": -45, "2009-06-30": 5, "2009-03-31": "-17.00000", "2008-12-31": -146, "2008-09-30": -25, "2008-06-30": 16, "2008-03-31": "87.00000", "2007-12-31": -48, "2007-09-30": -15, "2007-06-30": 16, "2007-03-31": "33.00000", "2006-12-31": 10, "2006-09-30": 72, "2006-06-30": 10, "2006-03-31": "15.00000", "2005-12-31": -70, "2005-09-30": 30, "2005-06-30": -3, "2005-03-31": "69.00000"}, "Total Change In Assets/Liabilities": {"2020-12-31": 198, "2020-09-30": 106, "2020-06-30": 161, "2020-03-31": "-599.00000", "2019-12-31": 443, "2019-09-30": -113, "2019-06-30": -186, "2019-03-31": "-542.00000", "2018-12-31": -39, "2018-09-30": 38, "2018-06-30": 103, "2018-03-31": "-410.00000", "2017-12-31": 342, "2017-09-30": -315, "2017-06-30": 148, "2017-03-31": "-444.00000", "2016-12-31": 403, "2016-09-30": -296, "2016-06-30": -204, "2016-03-31": "-458.00000", "2015-12-31": 278, "2015-09-30": -101, "2015-06-30": -68, "2015-03-31": "-280.00000", "2014-12-31": 256, "2014-09-30": -55, "2014-06-30": 106, "2014-03-31": "-236.00000", "2013-12-31": 604, "2013-09-30": 112, "2013-06-30": -316, "2013-03-31": "-625.00000", "2012-12-31": 190, "2012-09-30": 97, "2012-06-30": -21, "2012-03-31": "-552.00000", "2011-12-31": -53, "2011-09-30": 211, "2011-06-30": -99, "2011-03-31": "-206.00000", "2010-12-31": -112, "2010-09-30": 389, "2010-06-30": 48, "2010-03-31": "-277.00000", "2009-12-31": 319, "2009-09-30": 329, "2009-06-30": -65, "2009-03-31": "-293.00000", "2008-12-31": -291, "2008-09-30": -112, "2008-06-30": -134, "2008-03-31": "-226.00000", "2007-12-31": 56, "2007-09-30": 136, "2007-06-30": -147, "2007-03-31": "-371.00000", "2006-12-31": 124, "2006-09-30": 85, "2006-06-30": -195, "2006-03-31": "-177.00000", "2005-12-31": -38, "2005-09-30": -45, "2005-06-30": 142, "2005-03-31": "-158.00000"}, "Cash Flow From Operating Activities": {"2020-12-31": 570, "2020-09-30": 351, "2020-06-30": 243, "2020-03-31": "-395.00000", "2019-12-31": 791, "2019-09-30": 284, "2019-06-30": 155, "2019-03-31": "-216.00000", "2018-12-31": 411, "2018-09-30": 299, "2018-06-30": 482, "2018-03-31": "-85.00000", "2017-12-31": 595, "2017-09-30": 97, "2017-06-30": 460, "2017-03-31": "-216.00000", "2016-12-31": 782, "2016-09-30": 174, "2016-06-30": 119, "2016-03-31": "-150.00000", "2015-12-31": 675, "2015-09-30": 213, "2015-06-30": 223, "2015-03-31": "-21.00000", "2014-12-31": 642, "2014-09-30": 215, "2014-06-30": 378, "2014-03-31": "-27.00000", "2013-12-31": 918, "2013-09-30": 361, "2013-06-30": -70, "2013-03-31": "-399.00000", "2012-12-31": 530, "2012-09-30": 372, "2012-06-30": 279, "2012-03-31": "-254.00000", "2011-12-31": 403, "2011-09-30": 443, "2011-06-30": 163, "2011-03-31": "54.00000", "2010-12-31": 225, "2010-09-30": 512, "2010-06-30": 335, "2010-03-31": "-88.00000", "2009-12-31": 477, "2009-09-30": 542, "2009-06-30": 165, "2009-03-31": "-169.00000", "2008-12-31": 118, "2008-09-30": 269, "2008-06-30": 258, "2008-03-31": "105.00000", "2007-12-31": 445, "2007-09-30": 484, "2007-06-30": 190, "2007-03-31": "-70.00000", "2006-12-31": 442, "2006-09-30": 302, "2006-06-30": 156, "2006-03-31": "69.00000", "2005-12-31": 288, "2005-09-30": 277, "2005-06-30": 431, "2005-03-31": "40.00000"}, "Net Change In Property, Plant, And Equipment": {"2020-12-31": -133, "2020-09-30": -55, "2020-06-30": -46, "2020-03-31": "-50.00000", "2019-12-31": -123, "2019-09-30": -81, "2019-06-30": -76, "2019-03-31": "-59.00000", "2018-12-31": -136, "2018-09-30": -74, "2018-06-30": -82, "2018-03-31": "-77.00000", "2017-12-31": -147, "2017-09-30": -115, "2017-06-30": -85, "2017-03-31": "-76.00000", "2016-12-31": -140, "2016-09-30": -99, "2016-06-30": -119, "2016-03-31": "-88.00000", "2015-12-31": -134, "2015-09-30": -113, "2015-06-30": -94, "2015-03-31": "-79.00000", "2014-12-31": -174, "2014-09-30": -83, "2014-06-30": -106, "2014-03-31": "-66.00000", "2013-12-31": -118, "2013-09-30": 42, "2013-06-30": -113, "2013-03-31": "-77.00000", "2012-12-31": -350, "2012-09-30": 28, "2012-06-30": -85, "2012-03-31": "-73.00000", "2011-12-31": -229, "2011-09-30": -97, "2011-06-30": -47, "2011-03-31": "-50.00000", "2010-12-31": -99, "2010-09-30": -25, "2010-06-30": -11, "2010-03-31": "-6.00000", "2009-12-31": -13, "2009-09-30": -3, "2009-06-30": 15, "2009-03-31": "-1.00000", "2008-12-31": -209, "2008-09-30": -130, "2008-06-30": -109, "2008-03-31": "-75.00000", "2007-12-31": -142, "2007-09-30": -75, "2007-06-30": -79, "2007-03-31": "-60.00000", "2006-12-31": -192, "2006-09-30": -89, "2006-06-30": -73, "2006-03-31": "-58.00000", "2005-12-31": -161, "2005-09-30": -67, "2005-06-30": -73, "2005-03-31": "-58.00000"}, "Net Change In Intangible Assets": {"2020-12-31": 0, "2020-09-30": 0, "2020-06-30": 0, "2020-03-31": "", "2019-12-31": 0, "2019-09-30": 0, "2019-06-30": 0, "2019-03-31": "", "2018-12-31": 0, "2018-09-30": 0, "2018-06-30": 0, "2018-03-31": "", "2017-12-31": 0, "2017-09-30": 0, "2017-06-30": 0, "2017-03-31": "", "2016-12-31": 0, "2016-09-30": 0, "2016-06-30": 0, "2016-03-31": "", "2015-12-31": 0, "2015-09-30": 0, "2015-06-30": 0, "2015-03-31": "", "2014-12-31": 0, "2014-09-30": 0, "2014-06-30": 0, "2014-03-31": "", "2013-12-31": 0, "2013-09-30": 0, "2013-06-30": 0, "2013-03-31": "", "2012-12-31": 0, "2012-09-30": 0, "2012-06-30": 0, "2012-03-31": "", "2011-12-31": 0, "2011-09-30": 0, "2011-06-30": 0, "2011-03-31": "", "2010-12-31": 0, "2010-09-30": 0, "2010-06-30": 0, "2010-03-31": "", "2009-12-31": 0, "2009-09-30": 0, "2009-06-30": 0, "2009-03-31": "", "2008-12-31": 0, "2008-09-30": 0, "2008-06-30": 0, "2008-03-31": "", "2007-12-31": 0, "2007-09-30": 0, "2007-06-30": 0, "2007-03-31": "", "2006-12-31": 0, "2006-09-30": 0, "2006-06-30": 0, "2006-03-31": "", "2005-12-31": 0, "2005-09-30": 0, "2005-06-30": 0, "2005-03-31": ""}, "Net Acquisitions/Divestitures": {"2020-12-31": 11, "2020-09-30": 0, "2020-06-30": -11, "2020-03-31": "", "2019-12-31": -2, "2019-09-30": 0, "2019-06-30": 0, "2019-03-31": "", "2018-12-31": -23, "2018-09-30": 807, "2018-06-30": 0, "2018-03-31": "", "2017-12-31": -1, "2017-09-30": -1, "2017-06-30": -11, "2017-03-31": "-318.00000", "2016-12-31": -7, "2016-09-30": 0, "2016-06-30": -15, "2016-03-31": "-164.00000", "2015-12-31": 0, "2015-09-30": -47, "2015-06-30": -2, "2015-03-31": "-32.00000", "2014-12-31": -48, "2014-09-30": -30, "2014-06-30": -61, "2014-03-31": "-1489.00000", "2013-12-31": -143, "2013-09-30": 0, "2013-06-30": -35, "2013-03-31": "-18.00000", "2012-12-31": -3, "2012-09-30": -8, "2012-06-30": 0, "2012-03-31": "", "2011-12-31": -14, "2011-09-30": 0, "2011-06-30": 0, "2011-03-31": "", "2010-12-31": -10, "2010-09-30": -4, "2010-06-30": -43, "2010-03-31": "", "2009-12-31": 0, "2009-09-30": 0, "2009-06-30": 0, "2009-03-31": "", "2008-12-31": 0, "2008-09-30": -9, "2008-06-30": 0, "2008-03-31": "-100.00000", "2007-12-31": -1106, "2007-09-30": 0, "2007-06-30": 0, "2007-03-31": "", "2006-12-31": -494, "2006-09-30": 0, "2006-06-30": 0, "2006-03-31": "", "2005-12-31": -5, "2005-09-30": -1, "2005-06-30": -23, "2005-03-31": ""}, "Net Change In Short-term Investments": {"2020-12-31": 0, "2020-09-30": 0, "2020-06-30": 0, "2020-03-31": "", "2019-12-31": 0, "2019-09-30": 0, "2019-06-30": 0, "2019-03-31": "", "2018-12-31": 0, "2018-09-30": 0, "2018-06-30": 0, "2018-03-31": "", "2017-12-31": 0, "2017-09-30": 0, "2017-06-30": 0, "2017-03-31": "", "2016-12-31": 0, "2016-09-30": 0, "2016-06-30": 0, "2016-03-31": "", "2015-12-31": 0, "2015-09-30": 0, "2015-06-30": 0, "2015-03-31": "", "2014-12-31": 0, "2014-09-30": 0, "2014-06-30": 0, "2014-03-31": "", "2013-12-31": 0, "2013-09-30": 0, "2013-06-30": 0, "2013-03-31": "", "2012-12-31": 0, "2012-09-30": 0, "2012-06-30": 0, "2012-03-31": "", "2011-12-31": 0, "2011-09-30": 0, "2011-06-30": 0, "2011-03-31": "", "2010-12-31": 0, "2010-09-30": 0, "2010-06-30": 0, "2010-03-31": "", "2009-12-31": 0, "2009-09-30": 0, "2009-06-30": 0, "2009-03-31": "", "2008-12-31": 0, "2008-09-30": 0, "2008-06-30": -100, "2008-03-31": "", "2007-12-31": 0, "2007-09-30": 0, "2007-06-30": 0, "2007-03-31": "", "2006-12-31": 0, "2006-09-30": 0, "2006-06-30": 0, "2006-03-31": "", "2005-12-31": 0, "2005-09-30": 0, "2005-06-30": 0, "2005-03-31": ""}, "Net Change In Long-Term Investments": {"2020-12-31": 0, "2020-09-30": 0, "2020-06-30": 0, "2020-03-31": "", "2019-12-31": 0, "2019-09-30": 0, "2019-06-30": 0, "2019-03-31": "", "2018-12-31": 0, "2018-09-30": 0, "2018-06-30": 0, "2018-03-31": "", "2017-12-31": 0, "2017-09-30": 0, "2017-06-30": 0, "2017-03-31": "", "2016-12-31": 0, "2016-09-30": 0, "2016-06-30": 0, "2016-03-31": "", "2015-12-31": 0, "2015-09-30": 0, "2015-06-30": 0, "2015-03-31": "", "2014-12-31": 0, "2014-09-30": 0, "2014-06-30": 0, "2014-03-31": "", "2013-12-31": 0, "2013-09-30": 0, "2013-06-30": 0, "2013-03-31": "", "2012-12-31": 0, "2012-09-30": 0, "2012-06-30": 0, "2012-03-31": "", "2011-12-31": 0, "2011-09-30": 0, "2011-06-30": 0, "2011-03-31": "", "2010-12-31": 0, "2010-09-30": 0, "2010-06-30": 0, "2010-03-31": "", "2009-12-31": 0, "2009-09-30": 0, "2009-06-30": 0, "2009-03-31": "", "2008-12-31": 0, "2008-09-30": 0, "2008-06-30": 0, "2008-03-31": "", "2007-12-31": 0, "2007-09-30": 0, "2007-06-30": 0, "2007-03-31": "", "2006-12-31": 0, "2006-09-30": 0, "2006-06-30": 0, "2006-03-31": "", "2005-12-31": 0, "2005-09-30": 0, "2005-06-30": 0, "2005-03-31": ""}, "Net Change In Investments - Total": {"2020-12-31": 0, "2020-09-30": 0, "2020-06-30": 0, "2020-03-31": "", "2019-12-31": 0, "2019-09-30": 0, "2019-06-30": 0, "2019-03-31": "", "2018-12-31": 0, "2018-09-30": 0, "2018-06-30": 0, "2018-03-31": "", "2017-12-31": 0, "2017-09-30": 0, "2017-06-30": 0, "2017-03-31": "", "2016-12-31": 0, "2016-09-30": 0, "2016-06-30": 0, "2016-03-31": "", "2015-12-31": 0, "2015-09-30": 0, "2015-06-30": 0, "2015-03-31": "", "2014-12-31": 0, "2014-09-30": 0, "2014-06-30": 0, "2014-03-31": "", "2013-12-31": 0, "2013-09-30": 0, "2013-06-30": 0, "2013-03-31": "", "2012-12-31": 0, "2012-09-30": 0, "2012-06-30": 0, "2012-03-31": "", "2011-12-31": 0, "2011-09-30": 0, "2011-06-30": 0, "2011-03-31": "", "2010-12-31": 0, "2010-09-30": 0, "2010-06-30": 0, "2010-03-31": "", "2009-12-31": 0, "2009-09-30": 0, "2009-06-30": 0, "2009-03-31": "", "2008-12-31": 0, "2008-09-30": 0, "2008-06-30": -100, "2008-03-31": "", "2007-12-31": 0, "2007-09-30": 0, "2007-06-30": 0, "2007-03-31": "", "2006-12-31": 0, "2006-09-30": 0, "2006-06-30": 0, "2006-03-31": "", "2005-12-31": 0, "2005-09-30": 0, "2005-06-30": 0, "2005-03-31": ""}, "Investing Activities - Other": {"2020-12-31": -34, "2020-09-30": 27, "2020-06-30": 36, "2020-03-31": "7.00000", "2019-12-31": 42, "2019-09-30": 2, "2019-06-30": 14, "2019-03-31": "17.00000", "2018-12-31": 45, "2018-09-30": 7, "2018-06-30": 70, "2018-03-31": "83.00000", "2017-12-31": 14, "2017-09-30": 15, "2017-06-30": 30, "2017-03-31": "50.00000", "2016-12-31": 103, "2016-09-30": 5, "2016-06-30": 61, "2016-03-31": "27.00000", "2015-12-31": 16, "2015-09-30": 25, "2015-06-30": 18, "2015-03-31": "54.00000", "2014-12-31": 28, "2014-09-30": 36, "2014-06-30": 39, "2014-03-31": "35.00000", "2013-12-31": 28, "2013-09-30": -5, "2013-06-30": 64, "2013-03-31": "111.00000", "2012-12-31": 392, "2012-09-30": 13, "2012-06-30": 268, "2012-03-31": "196.00000", "2011-12-31": 438, "2011-09-30": 244, "2011-06-30": 193, "2011-03-31": "405.00000", "2010-12-31": 320, "2010-09-30": 328, "2010-06-30": 454, "2010-03-31": "645.00000", "2009-12-31": 711, "2009-09-30": 164, "2009-06-30": 543, "2009-03-31": "523.00000", "2008-12-31": 908, "2008-09-30": -52, "2008-06-30": 480, "2008-03-31": "-541.00000", "2007-12-31": -383, "2007-09-30": 207, "2007-06-30": 156, "2007-03-31": "76.00000", "2006-12-31": 37, "2006-09-30": 210, "2006-06-30": -330, "2006-03-31": "-420.00000", "2005-12-31": -256, "2005-09-30": -329, "2005-06-30": 107, "2005-03-31": "-329.00000"}, "Cash Flow From Investing Activities": {"2020-12-31": -156, "2020-09-30": -28, "2020-06-30": -21, "2020-03-31": "-43.00000", "2019-12-31": -83, "2019-09-30": -79, "2019-06-30": -62, "2019-03-31": "-42.00000", "2018-12-31": -114, "2018-09-30": 740, "2018-06-30": -12, "2018-03-31": "6.00000", "2017-12-31": -134, "2017-09-30": -101, "2017-06-30": -66, "2017-03-31": "-344.00000", "2016-12-31": -44, "2016-09-30": -94, "2016-06-30": -73, "2016-03-31": "-225.00000", "2015-12-31": -118, "2015-09-30": -135, "2015-06-30": -78, "2015-03-31": "-57.00000", "2014-12-31": -194, "2014-09-30": -77, "2014-06-30": -128, "2014-03-31": "-1520.00000", "2013-12-31": -233, "2013-09-30": 37, "2013-06-30": -84, "2013-03-31": "16.00000", "2012-12-31": 39, "2012-09-30": 33, "2012-06-30": 183, "2012-03-31": "123.00000", "2011-12-31": 195, "2011-09-30": 147, "2011-06-30": 146, "2011-03-31": "355.00000", "2010-12-31": 211, "2010-09-30": 299, "2010-06-30": 400, "2010-03-31": "639.00000", "2009-12-31": 698, "2009-09-30": 161, "2009-06-30": 558, "2009-03-31": "522.00000", "2008-12-31": 699, "2008-09-30": -191, "2008-06-30": 271, "2008-03-31": "-716.00000", "2007-12-31": -1631, "2007-09-30": 132, "2007-06-30": 77, "2007-03-31": "16.00000", "2006-12-31": -649, "2006-09-30": 121, "2006-06-30": -403, "2006-03-31": "-478.00000", "2005-12-31": -422, "2005-09-30": -397, "2005-06-30": 11, "2005-03-31": "-387.00000"}, "Net Long-Term Debt": {"2020-12-31": -720, "2020-09-30": 489, "2020-06-30": -221, "2020-03-31": "996.00000", "2019-12-31": -257, "2019-09-30": -7, "2019-06-30": 281, "2019-03-31": "-19.00000", "2018-12-31": -71, "2018-09-30": -26, "2018-06-30": -15, "2018-03-31": "-19.00000", "2017-12-31": -371, "2017-09-30": 265, "2017-06-30": -23, "2017-03-31": "324.00000", "2016-12-31": -19, "2016-09-30": -185, "2016-06-30": -44, "2016-03-31": "316.00000", "2015-12-31": -154, "2015-09-30": -20, "2015-06-30": -60, "2015-03-31": "-61.00000", "2014-12-31": -62, "2014-09-30": -305, "2014-06-30": -39, "2014-03-31": "1069.00000", "2013-12-31": -23, "2013-09-30": -62, "2013-06-30": -297, "2013-03-31": "-441.00000", "2012-12-31": -123, "2012-09-30": -81, "2012-06-30": -190, "2012-03-31": "-117.00000", "2011-12-31": -987, "2011-09-30": 294, "2011-06-30": -663, "2011-03-31": "-523.00000", "2010-12-31": -494, "2010-09-30": -1018, "2010-06-30": -1049, "2010-03-31": "-916.00000", "2009-12-31": -1857, "2009-09-30": -6, "2009-06-30": -853, "2009-03-31": "2408.00000", "2008-12-31": -455, "2008-09-30": 27, "2008-06-30": 324, "2008-03-31": "-135.00000", "2007-12-31": 523, "2007-09-30": 231, "2007-06-30": -694, "2007-03-31": "772.00000", "2006-12-31": 12, "2006-09-30": 472, "2006-06-30": -125, "2006-03-31": "504.00000", "2005-12-31": 149, "2005-09-30": 74, "2005-06-30": 494, "2005-03-31": "62.00000"}, "Net Current Debt": {"2020-12-31": 0, "2020-09-30": -501, "2020-06-30": -104, "2020-03-31": "603.00000", "2019-12-31": -118, "2019-09-30": 118, "2019-06-30": -100, "2019-03-31": "100.00000", "2018-12-31": 0, "2018-09-30": 0, "2018-06-30": -2, "2018-03-31": "2.00000", "2017-12-31": 0, "2017-09-30": 0, "2017-06-30": -100, "2017-03-31": "100.00000", "2016-12-31": -110, "2016-09-30": 110, "2016-06-30": -42, "2016-03-31": "42.00000", "2015-12-31": 0, "2015-09-30": -105, "2015-06-30": 80, "2015-03-31": "25.00000", "2014-12-31": -25, "2014-09-30": 25, "2014-06-30": -184, "2014-03-31": "184.00000", "2013-12-31": -96, "2013-09-30": -270, "2013-06-30": 161, "2013-03-31": "205.00000", "2012-12-31": 0, "2012-09-30": 0, "2012-06-30": 0, "2012-03-31": "", "2011-12-31": -227, "2011-09-30": 38, "2011-06-30": -14, "2011-03-31": "203.00000", "2010-12-31": 0, "2010-09-30": 0, "2010-06-30": 0, "2010-03-31": "", "2009-12-31": 0, "2009-09-30": -9, "2009-06-30": -16, "2009-03-31": "-1612.00000", "2008-12-31": -52, "2008-09-30": 236, "2008-06-30": -684, "2008-03-31": "718.00000", "2007-12-31": 279, "2007-09-30": -546, "2007-06-30": 575, "2007-03-31": "-720.00000", "2006-12-31": 185, "2006-09-30": -236, "2006-06-30": 520, "2006-03-31": "-131.00000", "2005-12-31": 373, "2005-09-30": 189, "2005-06-30": -678, "2005-03-31": "287.00000"}, "Debt Issuance/Retirement Net - Total": {"2020-12-31": -720, "2020-09-30": -12, "2020-06-30": -325, "2020-03-31": "1599.00000", "2019-12-31": -375, "2019-09-30": 111, "2019-06-30": 181, "2019-03-31": "81.00000", "2018-12-31": -71, "2018-09-30": -26, "2018-06-30": -17, "2018-03-31": "-17.00000", "2017-12-31": -371, "2017-09-30": 265, "2017-06-30": -123, "2017-03-31": "424.00000", "2016-12-31": -129, "2016-09-30": -75, "2016-06-30": -86, "2016-03-31": "358.00000", "2015-12-31": -154, "2015-09-30": -125, "2015-06-30": 20, "2015-03-31": "-36.00000", "2014-12-31": -87, "2014-09-30": -280, "2014-06-30": -223, "2014-03-31": "1253.00000", "2013-12-31": -119, "2013-09-30": -332, "2013-06-30": -136, "2013-03-31": "-236.00000", "2012-12-31": -123, "2012-09-30": -81, "2012-06-30": -190, "2012-03-31": "-117.00000", "2011-12-31": -1214, "2011-09-30": 332, "2011-06-30": -677, "2011-03-31": "-320.00000", "2010-12-31": -494, "2010-09-30": -1018, "2010-06-30": -1049, "2010-03-31": "-916.00000", "2009-12-31": -1857, "2009-09-30": -15, "2009-06-30": -869, "2009-03-31": "796.00000", "2008-12-31": -507, "2008-09-30": 263, "2008-06-30": -360, "2008-03-31": "583.00000", "2007-12-31": 802, "2007-09-30": -315, "2007-06-30": -119, "2007-03-31": "52.00000", "2006-12-31": 197, "2006-09-30": 236, "2006-06-30": 395, "2006-03-31": "373.00000", "2005-12-31": 522, "2005-09-30": 263, "2005-06-30": -184, "2005-03-31": "349.00000"}, "Net Common Equity Issued/Repurchased": {"2020-12-31": -129, "2020-09-30": 0, "2020-06-30": 0, "2020-03-31": "-54.00000", "2019-12-31": -9, "2019-09-30": -109, "2019-06-30": -159, "2019-03-31": "-202.00000", "2018-12-31": -326, "2018-09-30": -468, "2018-06-30": -571, "2018-03-31": "-344.00000", "2017-12-31": -79, "2017-09-30": -122, "2017-06-30": -143, "2017-03-31": "-186.00000", "2016-12-31": 10, "2016-09-30": 0, "2016-06-30": 0, "2016-03-31": "-215.00000", "2015-12-31": 24, "2015-09-30": -124, "2015-06-30": -87, "2015-03-31": "", "2014-12-31": 12, "2014-09-30": -152, "2014-06-30": 0, "2014-03-31": "-150.00000", "2013-12-31": 31, "2013-09-30": 0, "2013-06-30": 0, "2013-03-31": "", "2012-12-31": -253, "2012-09-30": 0, "2012-06-30": 0, "2012-03-31": "", "2011-12-31": 3, "2011-09-30": 0, "2011-06-30": 0, "2011-03-31": "", "2010-12-31": -2, "2010-09-30": 0, "2010-06-30": 2, "2010-03-31": "", "2009-12-31": 0, "2009-09-30": 0, "2009-06-30": 333, "2009-03-31": "", "2008-12-31": 10, "2008-09-30": -397, "2008-06-30": -6, "2008-03-31": "-90.00000", "2007-12-31": 22, "2007-09-30": -71, "2007-06-30": -7, "2007-03-31": "-145.00000", "2006-12-31": 8, "2006-09-30": -141, "2006-06-30": -336, "2006-03-31": "-119.00000", "2005-12-31": -161, "2005-09-30": -154, "2005-06-30": -106, "2005-03-31": "-70.00000"}, "Net Total Equity Issued/Repurchased": {"2020-12-31": -129, "2020-09-30": 0, "2020-06-30": 0, "2020-03-31": "-54.00000", "2019-12-31": -9, "2019-09-30": -109, "2019-06-30": -159, "2019-03-31": "-202.00000", "2018-12-31": -326, "2018-09-30": -468, "2018-06-30": -571, "2018-03-31": "-344.00000", "2017-12-31": -79, "2017-09-30": -122, "2017-06-30": -143, "2017-03-31": "-186.00000", "2016-12-31": 10, "2016-09-30": 0, "2016-06-30": 0, "2016-03-31": "-215.00000", "2015-12-31": 24, "2015-09-30": -124, "2015-06-30": -87, "2015-03-31": "", "2014-12-31": 12, "2014-09-30": -152, "2014-06-30": 0, "2014-03-31": "-150.00000", "2013-12-31": 31, "2013-09-30": 0, "2013-06-30": 0, "2013-03-31": "", "2012-12-31": -253, "2012-09-30": 0, "2012-06-30": 0, "2012-03-31": "", "2011-12-31": 3, "2011-09-30": 0, "2011-06-30": 0, "2011-03-31": "", "2010-12-31": -2, "2010-09-30": 0, "2010-06-30": 2, "2010-03-31": "", "2009-12-31": 0, "2009-09-30": 0, "2009-06-30": 333, "2009-03-31": "", "2008-12-31": 10, "2008-09-30": -397, "2008-06-30": -6, "2008-03-31": "-90.00000", "2007-12-31": 22, "2007-09-30": -71, "2007-06-30": -7, "2007-03-31": "-145.00000", "2006-12-31": 8, "2006-09-30": -141, "2006-06-30": -336, "2006-03-31": "-119.00000", "2005-12-31": -161, "2005-09-30": -154, "2005-06-30": -106, "2005-03-31": "-70.00000"}, "Total Common And Preferred Stock Dividends Paid": {"2020-12-31": -4, "2020-09-30": -5, "2020-06-30": -4, "2020-03-31": "-5.00000", "2019-12-31": -9, "2019-09-30": 0, "2019-06-30": -4, "2019-03-31": "-5.00000", "2018-12-31": -5, "2018-09-30": -5, "2018-06-30": -5, "2018-03-31": "-5.00000", "2017-12-31": -5, "2017-09-30": -5, "2017-06-30": -5, "2017-03-31": "-6.00000", "2016-12-31": -6, "2016-09-30": -5, "2016-06-30": -5, "2016-03-31": "-6.00000", "2015-12-31": -5, "2015-09-30": -6, "2015-06-30": -5, "2015-03-31": "-6.00000", "2014-12-31": -11, "2014-09-30": -6, "2014-06-30": -5, "2014-03-31": "-6.00000", "2013-12-31": -6, "2013-09-30": -5, "2013-06-30": -6, "2013-03-31": "-5.00000", "2012-12-31": 0, "2012-09-30": -6, "2012-06-30": -6, "2012-03-31": "-5.00000", "2011-12-31": -5, "2011-09-30": -6, "2011-06-30": -6, "2011-03-31": "-5.00000", "2010-12-31": -6, "2010-09-30": -5, "2010-06-30": -6, "2010-03-31": "-5.00000", "2009-12-31": -5, "2009-09-30": -6, "2009-06-30": -5, "2009-03-31": "-5.00000", "2008-12-31": -112, "2008-09-30": -66, "2008-06-30": -49, "2008-03-31": "-57.00000", "2007-12-31": -57, "2007-09-30": 0, "2007-06-30": -48, "2007-03-31": "-49.00000", "2006-12-31": -49, "2006-09-30": -48, "2006-06-30": -50, "2006-03-31": "-97.00000", "2005-12-31": 0, "2005-09-30": -47, "2005-06-30": -47, "2005-03-31": "-95.00000"}, "Financial Activities - Other": {"2020-12-31": 5, "2020-09-30": 10, "2020-06-30": 1, "2020-03-31": "3.00000", "2019-12-31": -21, "2019-09-30": -1, "2019-06-30": 9, "2019-03-31": "10.00000", "2018-12-31": -72, "2018-09-30": 25, "2018-06-30": 35, "2018-03-31": "8.00000", "2017-12-31": -42, "2017-09-30": 17, "2017-06-30": 2, "2017-03-31": "19.00000", "2016-12-31": -29, "2016-09-30": -2, "2016-06-30": 15, "2016-03-31": "7.00000", "2015-12-31": -25, "2015-09-30": 4, "2015-06-30": 10, "2015-03-31": "11.00000", "2014-12-31": -43, "2014-09-30": 3, "2014-06-30": 11, "2014-03-31": "19.00000", "2013-12-31": -19, "2013-09-30": 3, "2013-06-30": 77, "2013-03-31": "11.00000", "2012-12-31": -17, "2012-09-30": 3, "2012-06-30": 4, "2012-03-31": "10.00000", "2011-12-31": -35, "2011-09-30": -17, "2011-06-30": 1, "2011-03-31": "-2.00000", "2010-12-31": 6, "2010-09-30": 0, "2010-06-30": 0, "2010-03-31": "", "2009-12-31": 0, "2009-09-30": 0, "2009-06-30": 0, "2009-03-31": "", "2008-12-31": -10, "2008-09-30": 10, "2008-06-30": 0, "2008-03-31": "-2.00000", "2007-12-31": 7, "2007-09-30": 3, "2007-06-30": 12, "2007-03-31": "", "2006-12-31": 3, "2006-09-30": 17, "2006-06-30": 13, "2006-03-31": "-1.00000", "2005-12-31": 5, "2005-09-30": 3, "2005-06-30": 6, "2005-03-31": "-1.00000"}, "Cash Flow From Financial Activities": {"2020-12-31": -848, "2020-09-30": -7, "2020-06-30": -328, "2020-03-31": "1543.00000", "2019-12-31": -414, "2019-09-30": 1, "2019-06-30": 27, "2019-03-31": "-116.00000", "2018-12-31": -474, "2018-09-30": -474, "2018-06-30": -558, "2018-03-31": "-358.00000", "2017-12-31": -497, "2017-09-30": 155, "2017-06-30": -269, "2017-03-31": "251.00000", "2016-12-31": -154, "2016-09-30": -82, "2016-06-30": -76, "2016-03-31": "144.00000", "2015-12-31": -160, "2015-09-30": -251, "2015-06-30": -62, "2015-03-31": "-31.00000", "2014-12-31": -129, "2014-09-30": -435, "2014-06-30": -217, "2014-03-31": "1116.00000", "2013-12-31": -113, "2013-09-30": -334, "2013-06-30": -65, "2013-03-31": "-230.00000", "2012-12-31": -393, "2012-09-30": -84, "2012-06-30": -192, "2012-03-31": "-112.00000", "2011-12-31": -1251, "2011-09-30": 309, "2011-06-30": -682, "2011-03-31": "-327.00000", "2010-12-31": -496, "2010-09-30": -1023, "2010-06-30": -1053, "2010-03-31": "-921.00000", "2009-12-31": -1862, "2009-09-30": -21, "2009-06-30": -541, "2009-03-31": "791.00000", "2008-12-31": -619, "2008-09-30": -190, "2008-06-30": -415, "2008-03-31": "434.00000", "2007-12-31": 774, "2007-09-30": -383, "2007-06-30": -162, "2007-03-31": "-142.00000", "2006-12-31": 159, "2006-09-30": 64, "2006-06-30": 22, "2006-03-31": "156.00000", "2005-12-31": 366, "2005-09-30": 65, "2005-06-30": -331, "2005-03-31": "183.00000"}, "Net Cash Flow": {"2020-12-31": -416, "2020-09-30": 324, "2020-06-30": -100, "2020-03-31": "1089.00000", "2019-12-31": 304, "2019-09-30": 196, "2019-06-30": 115, "2019-03-31": "-365.00000", "2018-12-31": -186, "2018-09-30": 562, "2018-06-30": -105, "2018-03-31": "-426.00000", "2017-12-31": -32, "2017-09-30": 165, "2017-06-30": 132, "2017-03-31": "-301.00000", "2016-12-31": 559, "2016-09-30": -4, "2016-06-30": -35, "2016-03-31": "-227.00000", "2015-12-31": 391, "2015-09-30": -178, "2015-06-30": 84, "2015-03-31": "-114.00000", "2014-12-31": 311, "2014-09-30": -304, "2014-06-30": 35, "2014-03-31": "-431.00000", "2013-12-31": 574, "2013-09-30": 66, "2013-06-30": -220, "2013-03-31": "-622.00000", "2012-12-31": 175, "2012-09-30": 327, "2012-06-30": 265, "2012-03-31": "-239.00000", "2011-12-31": -657, "2011-09-30": 891, "2011-06-30": -371, "2011-03-31": "91.00000", "2010-12-31": -60, "2010-09-30": -200, "2010-06-30": -318, "2010-03-31": "-383.00000", "2009-12-31": -684, "2009-09-30": 691, "2009-06-30": 194, "2009-03-31": "1144.00000", "2008-12-31": 190, "2008-09-30": -123, "2008-06-30": 119, "2008-03-31": "-170.00000", "2007-12-31": -411, "2007-09-30": 245, "2007-06-30": 112, "2007-03-31": "-195.00000", "2006-12-31": -42, "2006-09-30": 497, "2006-06-30": -220, "2006-03-31": "-251.00000", "2005-12-31": 229, "2005-09-30": -54, "2005-06-30": 97, "2005-03-31": "-173.00000"}, "Stock-Based Compensation": {"2020-12-31": 0, "2020-09-30": 0, "2020-06-30": 0, "2020-03-31": "", "2019-12-31": 0, "2019-09-30": 0, "2019-06-30": 0, "2019-03-31": "", "2018-12-31": 0, "2018-09-30": 0, "2018-06-30": 0, "2018-03-31": "", "2017-12-31": 0, "2017-09-30": 0, "2017-06-30": 0, "2017-03-31": "", "2016-12-31": 0, "2016-09-30": 0, "2016-06-30": 0, "2016-03-31": "", "2015-12-31": 0, "2015-09-30": 0, "2015-06-30": 0, "2015-03-31": "", "2014-12-31": 0, "2014-09-30": 0, "2014-06-30": 0, "2014-03-31": "", "2013-12-31": 0, "2013-09-30": 0, "2013-06-30": 0, "2013-03-31": "", "2012-12-31": 0, "2012-09-30": 0, "2012-06-30": 0, "2012-03-31": "", "2011-12-31": 0, "2011-09-30": 0, "2011-06-30": 0, "2011-03-31": "", "2010-12-31": 0, "2010-09-30": 0, "2010-06-30": 0, "2010-03-31": "", "2009-12-31": 0, "2009-09-30": 0, "2009-06-30": 0, "2009-03-31": "", "2008-12-31": -39, "2008-09-30": 12, "2008-06-30": 14, "2008-03-31": "13.00000", "2007-12-31": -30, "2007-09-30": 12, "2007-06-30": 10, "2007-03-31": "8.00000", "2006-12-31": 8, "2006-09-30": 5, "2006-06-30": 10, "2006-03-31": "7.00000", "2005-12-31": 9, "2005-09-30": 5, "2005-06-30": 14, "2005-03-31": ""}, "Common Stock Dividends Paid": {"2020-12-31": -4, "2020-09-30": -5, "2020-06-30": -4, "2020-03-31": "-5.00000", "2019-12-31": -9, "2019-09-30": 0, "2019-06-30": -4, "2019-03-31": "-5.00000", "2018-12-31": -5, "2018-09-30": -5, "2018-06-30": -5, "2018-03-31": "-5.00000", "2017-12-31": -5, "2017-09-30": -5, "2017-06-30": -5, "2017-03-31": "-6.00000", "2016-12-31": -6, "2016-09-30": -5, "2016-06-30": -5, "2016-03-31": "-6.00000", "2015-12-31": -5, "2015-09-30": -6, "2015-06-30": -5, "2015-03-31": "-6.00000", "2014-12-31": -11, "2014-09-30": -6, "2014-06-30": -5, "2014-03-31": "-6.00000", "2013-12-31": -6, "2013-09-30": -5, "2013-06-30": -6, "2013-03-31": "-5.00000", "2012-12-31": 0, "2012-09-30": -6, "2012-06-30": -6, "2012-03-31": "-5.00000", "2011-12-31": -5, "2011-09-30": -6, "2011-06-30": -6, "2011-03-31": "-5.00000", "2010-12-31": -6, "2010-09-30": -5, "2010-06-30": -6, "2010-03-31": "-5.00000", "2009-12-31": -5, "2009-09-30": -6, "2009-06-30": -5, "2009-03-31": "-5.00000", "2008-12-31": -112, "2008-09-30": -66, "2008-06-30": -49, "2008-03-31": "-57.00000", "2007-12-31": -57, "2007-09-30": 0, "2007-06-30": -48, "2007-03-31": "-49.00000", "2006-12-31": -49, "2006-09-30": -48, "2006-06-30": -50, "2006-03-31": "-97.00000", "2005-12-31": 0, "2005-09-30": -47, "2005-06-30": -47, "2005-03-31": "-95.00000"}}, "financial ratios": {"Current Ratio": {"2019-12-31": "2.06010", "2018-12-31": "2.13750", "2017-12-31": "2.19370", "2016-12-31": "2.09320", "2015-12-31": "2.01050", "2014-12-31": "2.01840", "2013-12-31": "2.36860", "2012-12-31": "2.11100", "2011-12-31": "2.73490", "2010-12-31": "3.52430", "2009-12-31": "4.64190", "2008-12-31": "2.89350", "2007-12-31": "3.21320", "2006-12-31": "4.19210", "2005-12-31": "3.70260"}, "Long-term Debt / Capital": {"2019-12-31": "0.37060", "2018-12-31": "0.40450", "2017-12-31": "0.40840", "2016-12-31": "0.37310", "2015-12-31": "0.40280", "2014-12-31": "0.47510", "2013-12-31": "0.42030", "2012-12-31": "0.53580", "2011-12-31": "0.60960", "2010-12-31": "0.66660", "2009-12-31": "0.76340", "2008-12-31": "0.79330", "2007-12-31": "0.72190", "2006-12-31": "0.76410", "2005-12-31": "0.68360"}, "Debt/Equity Ratio": {"2019-12-31": "0.69050", "2018-12-31": "0.72880", "2017-12-31": "0.69280", "2016-12-31": "0.66020", "2015-12-31": "0.72720", "2014-12-31": "0.90680", "2013-12-31": "0.72700", "2012-12-31": "1.33300", "2011-12-31": "1.61490", "2010-12-31": "2.00610", "2009-12-31": "3.27350", "2008-12-31": "4.20840", "2007-12-31": "2.69660", "2006-12-31": "3.26990", "2005-12-31": "2.24480"}, "Gross Margin": {"2019-12-31": "16.31700", "2018-12-31": "17.01980", "2017-12-31": "16.69950", "2016-12-31": "17.77630", "2015-12-31": "18.20760", "2014-12-31": "17.70430", "2013-12-31": "16.30040", "2012-12-31": "18.12540", "2011-12-31": "17.44570", "2010-12-31": "18.24230", "2009-12-31": "19.35240", "2008-12-31": "24.46110", "2007-12-31": "26.59140", "2006-12-31": "25.77240", "2005-12-31": "25.67960"}, "Operating Margin": {"2019-12-31": "7.86500", "2018-12-31": "7.89440", "2017-12-31": "7.30380", "2016-12-31": "8.22450", "2015-12-31": "8.49290", "2014-12-31": "7.89740", "2013-12-31": "6.99770", "2012-12-31": "8.60510", "2011-12-31": "6.84700", "2010-12-31": "6.54630", "2009-12-31": "6.60950", "2008-12-31": "13.11210", "2007-12-31": "14.12670", "2006-12-31": "12.95000", "2005-12-31": "11.70970"}, "EBIT Margin": {"2019-12-31": "7.86500", "2018-12-31": "7.89440", "2017-12-31": "7.30380", "2016-12-31": "8.22450", "2015-12-31": "8.49290", "2014-12-31": "7.89740", "2013-12-31": "6.99770", "2012-12-31": "8.60510", "2011-12-31": "6.84700", "2010-12-31": "6.54630", "2009-12-31": "6.60950", "2008-12-31": "13.11210", "2007-12-31": "14.12670", "2006-12-31": "12.95000", "2005-12-31": "11.70970"}, "EBITDA Margin": {"2019-12-31": "10.91710", "2018-12-31": "11.02200", "2017-12-31": "10.45220", "2016-12-31": "11.48100", "2015-12-31": "11.92730", "2014-12-31": "11.20480", "2013-12-31": "10.21150", "2012-12-31": "11.73490", "2011-12-31": "10.42130", "2010-12-31": "10.28030", "2009-12-31": "10.50480", "2008-12-31": "15.96720", "2007-12-31": "16.72450", "2006-12-31": "15.49260", "2005-12-31": "14.72670"}, "Pre-Tax Profit Margin": {"2019-12-31": "6.91120", "2018-12-31": "9.90550", "2017-12-31": "5.36700", "2016-12-31": "6.35340", "2015-12-31": "7.23390", "2014-12-31": "6.14640", "2013-12-31": "5.56840", "2012-12-31": "6.87260", "2011-12-31": "2.98890", "2010-12-31": "0.81710", "2009-12-31": "-1.41900", "2008-12-31": "4.48970", "2007-12-31": "9.95560", "2006-12-31": "8.72140", "2005-12-31": "7.35840"}, "Net Profit Margin": {"2019-12-31": "5.97950", "2018-12-31": "8.74610", "2017-12-31": "2.16230", "2016-12-31": "6.97710", "2015-12-31": "5.19260", "2014-12-31": "4.32340", "2013-12-31": "4.11430", "2012-12-31": "4.81330", "2011-12-31": "2.14630", "2010-12-31": "0.81710", "2009-12-31": "-0.29520", "2008-12-31": "3.46900", "2007-12-31": "7.39810", "2006-12-31": "5.47710", "2005-12-31": "2.02130"}, "Asset Turnover": {"2019-12-31": "0.90760", "2018-12-31": "0.97950", "2017-12-31": "0.92560", "2016-12-31": "0.89780", "2015-12-31": "0.91260", "2014-12-31": "0.95020", "2013-12-31": "0.93510", "2012-12-31": "0.93890", "2011-12-31": "0.82810", "2010-12-31": "0.68870", "2009-12-31": "0.55440", "2008-12-31": "0.69940", "2007-12-31": "0.62000", "2006-12-31": "0.62520", "2005-12-31": "0.60870"}, "Inventory Turnover Ratio": {"2019-12-31": "2.80310", "2018-12-31": "3.03670", "2017-12-31": "2.84990", "2016-12-31": "2.53970", "2015-12-31": "2.64940", "2014-12-31": "2.90760", "2013-12-31": "3.41920", "2012-12-31": "3.69430", "2011-12-31": "3.87510", "2010-12-31": "3.77910", "2009-12-31": "3.72550", "2008-12-31": "3.42160", "2007-12-31": "3.50910", "2006-12-31": "3.93670", "2005-12-31": "4.35980"}, "Receiveable Turnover": {"2019-12-31": "14.79910", "2018-12-31": "13.64450", "2017-12-31": "10.41670", "2016-12-31": "12.95870", "2015-12-31": "12.82040", "2014-12-31": "13.40870", "2013-12-31": "12.36360", "2012-12-31": "14.76120", "2011-12-31": "13.17170", "2010-12-31": "11.79930", "2009-12-31": "11.74500", "2008-12-31": "15.67110", "2007-12-31": "12.93840", "2006-12-31": "11.38280", "2005-12-31": "11.27160"}, "Days Sales In Receivables": {"2019-12-31": "24.66360", "2018-12-31": "26.75060", "2017-12-31": "35.03980", "2016-12-31": "28.16650", "2015-12-31": "28.47020", "2014-12-31": "27.22110", "2013-12-31": "29.52210", "2012-12-31": "24.72710", "2011-12-31": "27.71090", "2010-12-31": "30.93400", "2009-12-31": "31.07710", "2008-12-31": "23.29120", "2007-12-31": "28.21060", "2006-12-31": "32.06600", "2005-12-31": "32.38230"}, "ROE - Return On Equity": {"2019-12-31": "14.76990", "2018-12-31": "23.53620", "2017-12-31": "5.41880", "2016-12-31": "15.12380", "2015-12-31": "14.06120", "2014-12-31": "14.16200", "2013-12-31": "11.35950", "2012-12-31": "19.42490", "2011-12-31": "8.81600", "2010-12-31": "3.09560", "2009-12-31": "-2.58320", "2008-12-31": "13.70560", "2007-12-31": "24.70760", "2006-12-31": "26.26000", "2005-12-31": "15.79910"}, "Return On Tangible Equity": {"2019-12-31": "24.19830", "2018-12-31": "41.08940", "2017-12-31": "9.32070", "2016-12-31": "24.35710", "2015-12-31": "23.73340", "2014-12-31": "26.94880", "2013-12-31": "18.79960", "2012-12-31": "43.29360", "2011-12-31": "21.80180", "2010-12-31": "6.86570", "2009-12-31": "-6.06310", "2008-12-31": "48.50300", "2007-12-31": "60.90010", "2006-12-31": "56.66390", "2005-12-31": "24.24810"}, "ROA - Return On Assets": {"2019-12-31": "5.42680", "2018-12-31": "8.56700", "2017-12-31": "1.99480", "2016-12-31": "5.48900", "2015-12-31": "4.74570", "2014-12-31": "4.14240", "2013-12-31": "3.84730", "2012-12-31": "4.45790", "2011-12-31": "1.77750", "2010-12-31": "0.60200", "2009-12-31": "-0.38540", "2008-12-31": "1.61750", "2007-12-31": "4.33190", "2006-12-31": "3.94870", "2005-12-31": "3.12750"}, "ROI - Return On Investment": {"2019-12-31": "9.29620", "2018-12-31": "14.01700", "2017-12-31": "3.20590", "2016-12-31": "9.48150", "2015-12-31": "8.39750", "2014-12-31": "7.43430", "2013-12-31": "6.58470", "2012-12-31": "9.01750", "2011-12-31": "3.44140", "2010-12-31": "1.03200", "2009-12-31": "-0.61120", "2008-12-31": "2.83040", "2007-12-31": "6.86810", "2006-12-31": "6.17040", "2005-12-31": "4.98310"}, "Book Value Per Share": {"2019-12-31": "24.20180", "2018-12-31": "22.03740", "2017-12-31": "21.59470", "2016-12-31": "20.62150", "2015-12-31": "18.10360", "2014-12-31": "15.44470", "2013-12-31": "15.54060", "2012-12-31": "11.02470", "2011-12-31": "9.84220", "2010-12-31": "10.77980", "2009-12-31": "10.37830", "2008-12-31": "9.77690", "2007-12-31": "14.02240", "2006-12-31": "10.54540", "2005-12-31": "12.58210"}, "Operating Cash Flow Per Share": {"2019-12-31": -0.014, "2018-12-31": 0.8886, "2017-12-31": 0.0866, "2016-12-31": -0.5144, "2015-12-31": -0.3763, "2014-12-31": 1.4391, "2013-12-31": -0.2982, "2012-12-31": -0.3137, "2011-12-31": 0.2074, "2010-12-31": -0.6081, "2009-12-31": 0.8644, "2008-12-31": -1.1205, "2007-12-31": 0.3959, "2006-12-31": -0.0758, "2005-12-31": 3.7964}, "Free Cash Flow Per Share": {"2019-12-31": -0.0137, "2018-12-31": 1.0055, "2017-12-31": 0.1501, "2016-12-31": -0.6451, "2015-12-31": -0.3607, "2014-12-31": 0.8519, "2013-12-31": 0.3956, "2012-12-31": -0.566, "2011-12-31": -0.7033, "2010-12-31": -1.0665, "2009-12-31": 2.946, "2008-12-31": -1.8127, "2007-12-31": 0.5808, "2006-12-31": -0.3421, "2005-12-31": 2.4808}}, "financial ratios, quarterly": {"Current Ratio": {"2020-09-30": "2.33330", "2020-06-30": "2.19200", "2020-03-31": "2.07440", "2019-12-31": "2.06010", "2019-09-30": "2.14900", "2019-06-30": "2.17160", "2019-03-31": "2.16750", "2018-12-31": "2.13750", "2018-09-30": "2.29070", "2018-06-30": "2.26970", "2018-03-31": "2.31410", "2017-12-31": "2.19370", "2017-09-30": "2.07570", "2017-06-30": "2.05170", "2017-03-31": "2.02960", "2016-12-31": "2.09320", "2016-09-30": "2.20610", "2016-06-30": "2.11930", "2016-03-31": "2.02680", "2015-12-31": "2.01050", "2015-09-30": "1.90790", "2015-06-30": "1.98520", "2015-03-31": "2.10040", "2014-12-31": "2.01840", "2014-09-30": "1.94940", "2014-06-30": "2.01590", "2014-03-31": "1.99770", "2013-12-31": "2.36860", "2013-09-30": "1.28250", "2013-06-30": "2.30380", "2013-03-31": "2.18490", "2012-12-31": "2.11100", "2012-09-30": "2.35930", "2012-06-30": "2.33470", "2012-03-31": "2.42830", "2011-12-31": "2.73490", "2011-09-30": "1.53290", "2011-06-30": "2.99430", "2011-03-31": "3.30760", "2010-12-31": "3.52430", "2010-09-30": "3.74910", "2010-06-30": "4.15610", "2010-03-31": "4.42040", "2009-12-31": "4.64190", "2009-09-30": "4.34080", "2009-06-30": "4.41590", "2009-03-31": "3.97030", "2008-12-31": "2.89350", "2008-09-30": "2.97290", "2008-06-30": "3.13380", "2008-03-31": "3.22670", "2007-12-31": "3.21320", "2007-09-30": "3.88360", "2007-06-30": "4.13460", "2007-03-31": "4.09990", "2006-12-31": "4.19210", "2006-09-30": "4.42290", "2006-06-30": "3.77360", "2006-03-31": "3.86920", "2005-12-31": "3.70260", "2005-09-30": "4.09300", "2005-06-30": "4.02240", "2005-03-31": "4.10490"}, "Long-term Debt / Capital": {"2020-09-30": "0.40240", "2020-06-30": "0.39610", "2020-03-31": "0.39660", "2019-12-31": "0.37060", "2019-09-30": "0.39800", "2019-06-30": "0.40370", "2019-03-31": "0.40240", "2018-12-31": "0.40450", "2018-09-30": "0.41030", "2018-06-30": "0.41980", "2018-03-31": "0.40670", "2017-12-31": "0.40840", "2017-09-30": "0.40250", "2017-06-30": "0.39060", "2017-03-31": "0.39560", "2016-12-31": "0.37310", "2016-09-30": "0.39540", "2016-06-30": "0.41200", "2016-03-31": "0.42500", "2015-12-31": "0.40280", "2015-09-30": "0.41690", "2015-06-30": "0.44040", "2015-03-31": "0.46470", "2014-12-31": "0.47510", "2014-09-30": "0.43950", "2014-06-30": "0.46000", "2014-03-31": "0.47380", "2013-12-31": "0.42030", "2013-09-30": "0.47150", "2013-06-30": "0.48900", "2013-03-31": "0.51230", "2012-12-31": "0.53580", "2012-09-30": "0.51780", "2012-06-30": "0.53850", "2012-03-31": "0.56910", "2011-12-31": "0.60960", "2011-09-30": "0.59390", "2011-06-30": "0.59640", "2011-03-31": "0.64250", "2010-12-31": "0.66660", "2010-09-30": "0.68020", "2010-06-30": "0.71040", "2010-03-31": "0.74350", "2009-12-31": "0.76340", "2009-09-30": "0.77650", "2009-06-30": "0.78100", "2009-03-31": "0.81430", "2008-12-31": "0.79330", "2008-09-30": "0.72610", "2008-06-30": "0.71170", "2008-03-31": "0.73040", "2007-12-31": "0.72190", "2007-09-30": "0.72880", "2007-06-30": "0.74670", "2007-03-31": "0.76420", "2006-12-31": "0.76410", "2006-09-30": "0.73430", "2006-06-30": "0.72460", "2006-03-31": "0.69290", "2005-12-31": "0.68360", "2005-09-30": "0.67600", "2005-06-30": "0.64840", "2005-03-31": "0.65220"}, "Debt/Equity Ratio": {"2020-09-30": "0.82290", "2020-06-30": "0.85620", "2020-03-31": "0.90960", "2019-12-31": "0.69050", "2019-09-30": "0.76520", "2019-06-30": "0.76270", "2019-03-31": "0.74260", "2018-12-31": "0.72880", "2018-09-30": "0.69750", "2018-06-30": "0.72510", "2018-03-31": "0.68830", "2017-12-31": "0.69280", "2017-09-30": "0.73620", "2017-06-30": "0.70470", "2017-03-31": "0.73720", "2016-12-31": "0.66020", "2016-09-30": "0.67630", "2016-06-30": "0.75430", "2016-03-31": "0.80120", "2015-12-31": "0.72720", "2015-09-30": "0.80320", "2015-06-30": "0.84400", "2015-03-31": "0.87590", "2014-12-31": "0.90680", "2014-09-30": "0.86790", "2014-06-30": "0.92990", "2014-03-31": "1.02500", "2013-12-31": "0.72700", "2013-09-30": "0.92120", "2013-06-30": "1.06780", "2013-03-31": "1.18580", "2012-12-31": "1.33300", "2012-09-30": "1.23130", "2012-06-30": "1.33010", "2012-03-31": "1.47990", "2011-12-31": "1.61490", "2011-09-30": "1.64040", "2011-06-30": "1.58850", "2011-03-31": "1.86800", "2010-12-31": "2.00610", "2010-09-30": "2.13300", "2010-06-30": "2.49930", "2010-03-31": "2.94160", "2009-12-31": "3.27350", "2009-09-30": "3.51990", "2009-06-30": "3.56750", "2009-03-31": "4.38780", "2008-12-31": "4.20840", "2008-09-30": "2.80700", "2008-06-30": "2.57290", "2008-03-31": "2.81640", "2007-12-31": "2.69660", "2007-09-30": "2.71670", "2007-06-30": "2.97720", "2007-03-31": "3.27110", "2006-12-31": "3.26990", "2006-09-30": "2.76620", "2006-06-30": "2.68560", "2006-03-31": "2.31650", "2005-12-31": "2.24480", "2005-09-30": "2.09350", "2005-06-30": "1.85070", "2005-03-31": "1.88160"}, "Gross Margin": {"2020-09-30": "14.73490", "2020-06-30": "8.94010", "2020-03-31": "14.04390", "2019-12-31": "14.72120", "2019-09-30": "15.71030", "2019-06-30": "18.15930", "2019-03-31": "17.11160", "2018-12-31": "17.20000", "2018-09-30": "16.03130", "2018-06-30": "17.52550", "2018-03-31": "17.20270", "2017-12-31": "16.48000", "2017-09-30": "17.22160", "2017-06-30": "16.87010", "2017-03-31": "16.19790", "2016-12-31": "17.59480", "2016-09-30": "18.14830", "2016-06-30": "17.71580", "2016-03-31": "17.68200", "2015-12-31": "17.12980", "2015-09-30": "18.74210", "2015-06-30": "18.84820", "2015-03-31": "18.35340", "2014-12-31": "18.35940", "2014-09-30": "17.05540", "2014-06-30": "17.97430", "2014-03-31": "17.21110", "2013-12-31": "16.20080", "2013-09-30": "14.84160", "2013-06-30": "17.64710", "2013-03-31": "16.56740", "2012-12-31": "16.80550", "2012-09-30": "17.50000", "2012-06-30": "19.34420", "2012-03-31": "19.04760", "2011-12-31": "16.56420", "2011-09-30": "17.80380", "2011-06-30": "18.43840", "2011-03-31": "17.10370", "2010-12-31": "16.72530", "2010-09-30": "17.82980", "2010-06-30": "19.23220", "2010-03-31": "19.63800", "2009-12-31": "17.41910", "2009-09-30": "19.69400", "2009-06-30": "19.64010", "2009-03-31": "20.86300", "2008-12-31": "21.69630", "2008-09-30": "25.23770", "2008-06-30": "24.67430", "2008-03-31": "26.37630", "2007-12-31": "26.44200", "2007-09-30": "26.84890", "2007-06-30": "26.61520", "2007-03-31": "26.45070", "2006-12-31": "25.11180", "2006-09-30": "26.01340", "2006-06-30": "26.20570", "2006-03-31": "25.72190", "2005-12-31": "26.65680", "2005-09-30": "25.69650", "2005-06-30": "23.92200", "2005-03-31": "26.56390"}, "Operating Margin": {"2020-09-30": "5.30160", "2020-06-30": "-0.72820", "2020-03-31": "4.57330", "2019-12-31": "7.33580", "2019-09-30": "7.88590", "2019-06-30": "9.11060", "2019-03-31": "7.23710", "2018-12-31": "9.97330", "2018-09-30": "6.43750", "2018-06-30": "7.59530", "2018-03-31": "7.28160", "2017-12-31": "7.51800", "2017-09-30": "7.80710", "2017-06-30": "7.51940", "2017-03-31": "6.20760", "2016-12-31": "7.97390", "2016-09-30": "8.21290", "2016-06-30": "8.65850", "2016-03-31": "8.06000", "2015-12-31": "8.59040", "2015-09-30": "9.21380", "2015-06-30": "8.71570", "2015-03-31": "7.38690", "2014-12-31": "9.49710", "2014-09-30": "8.10500", "2014-06-30": "7.33240", "2014-03-31": "6.04140", "2013-12-31": "7.47290", "2013-09-30": "6.40500", "2013-06-30": "7.22090", "2013-03-31": "6.79510", "2012-12-31": "7.49550", "2012-09-30": "8.70000", "2012-06-30": "10.20210", "2012-03-31": "8.12330", "2011-12-31": "5.96190", "2011-09-30": "8.88420", "2011-06-30": "7.62460", "2011-03-31": "4.84070", "2010-12-31": "5.66040", "2010-09-30": "5.68780", "2010-06-30": "8.19490", "2010-03-31": "6.74210", "2009-12-31": "6.61220", "2009-09-30": "6.04160", "2009-06-30": "6.62330", "2009-03-31": "7.16550", "2008-12-31": "10.79180", "2008-09-30": "13.16620", "2008-06-30": "14.00650", "2008-03-31": "14.54930", "2007-12-31": "14.74400", "2007-09-30": "14.53380", "2007-06-30": "13.35390", "2007-03-31": "13.90010", "2006-12-31": "13.89720", "2006-09-30": "13.00670", "2006-06-30": "12.87230", "2006-03-31": "12.00610", "2005-12-31": "12.69900", "2005-09-30": "11.14350", "2005-06-30": "11.32360", "2005-03-31": "11.58590"}, "EBIT Margin": {"2020-09-30": "5.30160", "2020-06-30": "-0.72820", "2020-03-31": "4.57330", "2019-12-31": "7.33580", "2019-09-30": "7.88590", "2019-06-30": "9.11060", "2019-03-31": "7.23710", "2018-12-31": "9.97330", "2018-09-30": "6.43750", "2018-06-30": "7.59530", "2018-03-31": "7.28160", "2017-12-31": "7.51800", "2017-09-30": "7.80710", "2017-06-30": "7.51940", "2017-03-31": "6.20760", "2016-12-31": "7.97390", "2016-09-30": "8.21290", "2016-06-30": "8.65850", "2016-03-31": "8.06000", "2015-12-31": "8.59040", "2015-09-30": "9.21380", "2015-06-30": "8.71570", "2015-03-31": "7.38690", "2014-12-31": "9.49710", "2014-09-30": "8.10500", "2014-06-30": "7.33240", "2014-03-31": "6.04140", "2013-12-31": "7.47290", "2013-09-30": "6.40500", "2013-06-30": "7.22090", "2013-03-31": "6.79510", "2012-12-31": "7.49550", "2012-09-30": "8.70000", "2012-06-30": "10.20210", "2012-03-31": "8.12330", "2011-12-31": "5.96190", "2011-09-30": "8.88420", "2011-06-30": "7.62460", "2011-03-31": "4.84070", "2010-12-31": "5.66040", "2010-09-30": "5.68780", "2010-06-30": "8.19490", "2010-03-31": "6.74210", "2009-12-31": "6.61220", "2009-09-30": "6.04160", "2009-06-30": "6.62330", "2009-03-31": "7.16550", "2008-12-31": "10.79180", "2008-09-30": "13.16620", "2008-06-30": "14.00650", "2008-03-31": "14.54930", "2007-12-31": "14.74400", "2007-09-30": "14.53380", "2007-06-30": "13.35390", "2007-03-31": "13.90010", "2006-12-31": "13.89720", "2006-09-30": "13.00670", "2006-06-30": "12.87230", "2006-03-31": "12.00610", "2005-12-31": "12.69900", "2005-09-30": "11.14350", "2005-06-30": "11.32360", "2005-03-31": "11.58590"}, "EBITDA Margin": {"2020-09-30": "", "2020-06-30": "", "2020-03-31": "", "2019-12-31": "", "2019-09-30": "", "2019-06-30": "", "2019-03-31": "", "2018-12-31": "", "2018-09-30": "", "2018-06-30": "", "2018-03-31": "", "2017-12-31": "", "2017-09-30": "", "2017-06-30": "", "2017-03-31": "", "2016-12-31": "", "2016-09-30": "", "2016-06-30": "", "2016-03-31": "", "2015-12-31": "", "2015-09-30": "", "2015-06-30": "", "2015-03-31": "", "2014-12-31": "", "2014-09-30": "", "2014-06-30": "", "2014-03-31": "", "2013-12-31": "", "2013-09-30": "", "2013-06-30": "", "2013-03-31": "", "2012-12-31": "", "2012-09-30": "", "2012-06-30": "", "2012-03-31": "", "2011-12-31": "", "2011-09-30": "", "2011-06-30": "", "2011-03-31": "", "2010-12-31": "", "2010-09-30": "", "2010-06-30": "", "2010-03-31": "", "2009-12-31": "", "2009-09-30": "", "2009-06-30": "", "2009-03-31": "", "2008-12-31": "", "2008-09-30": "", "2008-06-30": "", "2008-03-31": "", "2007-12-31": "", "2007-09-30": "", "2007-06-30": "", "2007-03-31": "", "2006-12-31": "", "2006-09-30": "", "2006-06-30": "", "2006-03-31": "", "2005-12-31": "", "2005-09-30": "", "2005-06-30": "", "2005-03-31": ""}, "Pre-Tax Profit Margin": {"2020-09-30": "4.24130", "2020-06-30": "-4.77350", "2020-03-31": "2.48470", "2019-12-31": "5.20450", "2019-09-30": "7.39490", "2019-06-30": "8.64580", "2019-03-31": "6.81890", "2018-12-31": "7.41330", "2018-09-30": "19.62500", "2018-06-30": "6.97800", "2018-03-31": "6.61410", "2017-12-31": "5.55140", "2017-09-30": "5.82660", "2017-06-30": "5.96560", "2017-03-31": "3.91210", "2016-12-31": "7.68630", "2016-09-30": "3.29130", "2016-06-30": "7.40530", "2016-03-31": "6.71670", "2015-12-31": "7.49430", "2015-09-30": "7.92450", "2015-06-30": "7.42220", "2015-03-31": "5.98760", "2014-12-31": "7.00680", "2014-09-30": "6.73470", "2014-06-30": "5.99140", "2014-03-31": "4.39060", "2013-12-31": "6.36050", "2013-09-30": "4.99310", "2013-06-30": "5.74150", "2013-03-31": "5.00880", "2012-12-31": "5.94880", "2012-09-30": "6.96670", "2012-06-30": "8.44650", "2012-03-31": "6.19750", "2011-12-31": "-0.92190", "2011-09-30": "6.60980", "2011-06-30": "4.94870", "2011-03-31": "1.85560", "2010-12-31": "1.43910", "2010-09-30": "-2.78340", "2010-06-30": "3.65450", "2010-03-31": "0.49770", "2009-12-31": "-2.31070", "2009-09-30": "-0.19620", "2009-06-30": "-4.59420", "2009-03-31": "1.62310", "2008-12-31": "-11.43980", "2008-09-30": "9.24810", "2008-06-30": "10.17920", "2008-03-31": "10.25410", "2007-12-31": "10.49900", "2007-09-30": "10.57880", "2007-06-30": "9.18080", "2007-03-31": "9.58160", "2006-12-31": "9.20270", "2006-09-30": "8.53010", "2006-06-30": "9.04260", "2006-03-31": "8.09270", "2005-12-31": "8.29320", "2005-09-30": "8.23280", "2005-06-30": "7.04910", "2005-03-31": "5.68280"}, "Net Profit Margin": {"2020-09-30": "4.20480", "2020-06-30": "-3.72170", "2020-03-31": "1.80050", "2019-12-31": "4.93180", "2019-09-30": "6.75050", "2019-06-30": "6.72450", "2019-03-31": "5.75750", "2018-12-31": "6.56000", "2018-09-30": "17.59380", "2018-06-30": "6.01180", "2018-03-31": "5.73420", "2017-12-31": "-2.63880", "2017-09-30": "4.56370", "2017-06-30": "4.24530", "2017-03-31": "3.26540", "2016-12-31": "5.59480", "2016-09-30": "12.94990", "2016-06-30": "5.04130", "2016-03-31": "4.68600", "2015-12-31": "5.76090", "2015-09-30": "5.53460", "2015-06-30": "5.14320", "2015-03-31": "4.16530", "2014-12-31": "5.17580", "2014-09-30": "4.63560", "2014-06-30": "4.10840", "2014-03-31": "2.98560", "2013-12-31": "4.76330", "2013-09-30": "3.40910", "2013-06-30": "3.98030", "2013-03-31": "4.16810", "2012-12-31": "4.40210", "2012-09-30": "5.03330", "2012-06-30": "5.69730", "2012-03-31": "4.13170", "2011-12-31": "-0.58390", "2011-09-30": "5.04620", "2011-06-30": "3.29910", "2011-03-31": "1.16980", "2010-12-31": "1.91880", "2010-09-30": "-1.93630", "2010-06-30": "3.02690", "2010-03-31": "-0.36200", "2009-12-31": "-2.23960", "2009-09-30": "0.15690", "2009-06-30": "-2.22050", "2009-03-31": "3.40460", "2008-12-31": "-5.88900", "2008-09-30": "5.93490", "2008-06-30": "7.00330", "2008-03-31": "6.98730", "2007-12-31": "8.29550", "2007-09-30": "8.19940", "2007-06-30": "6.49150", "2007-03-31": "6.61270", "2006-12-31": "7.26530", "2006-09-30": "5.95700", "2006-06-30": "2.44680", "2006-03-31": "6.38300", "2005-12-31": "4.36880", "2005-09-30": "-6.81910", "2005-06-30": "4.61190", "2005-03-31": "5.55070"}, "Asset Turnover": {"2020-09-30": "0.17240", "2020-06-30": "0.15980", "2020-03-31": "0.17420", "2019-12-31": "0.26870", "2019-09-30": "0.21640", "2019-06-30": "0.21810", "2019-03-31": "0.21470", "2018-12-31": "0.26290", "2018-09-30": "0.21810", "2018-06-30": "0.25590", "2018-03-31": "0.22020", "2017-12-31": "0.26190", "2017-09-30": "0.21950", "2017-06-30": "0.22850", "2017-03-31": "0.19700", "2016-12-31": "0.24910", "2016-09-30": "0.21430", "2016-06-30": "0.23350", "2016-03-31": "0.21200", "2015-12-31": "0.26670", "2015-09-30": "0.21350", "2015-06-30": "0.21720", "2015-03-31": "0.20850", "2014-12-31": "0.28050", "2014-09-30": "0.23270", "2014-06-30": "0.23160", "2014-03-31": "0.19030", "2013-12-31": "0.27090", "2013-09-30": "0.23310", "2013-06-30": "0.22820", "2013-03-31": "0.22740", "2012-12-31": "0.25800", "2012-09-30": "0.22960", "2012-06-30": "0.23100", "2012-03-31": "0.21510", "2011-12-31": "0.23900", "2011-09-30": "0.18420", "2011-06-30": "0.18380", "2011-03-31": "0.16460", "2010-12-31": "0.20460", "2010-09-30": "0.15480", "2010-06-30": "0.15820", "2010-03-31": "0.12200", "2009-12-31": "0.14850", "2009-09-30": "0.12770", "2009-06-30": "0.13160", "2009-03-31": "0.12310", "2008-12-31": "0.17720", "2008-09-30": "0.16780", "2008-06-30": "0.17800", "2008-03-31": "0.15920", "2007-12-31": "0.15440", "2007-09-30": "0.16870", "2007-06-30": "0.17850", "2007-03-31": "0.16740", "2006-12-31": "0.15290", "2006-09-30": "0.16270", "2006-06-30": "0.16250", "2006-03-31": "0.15440", "2005-12-31": "0.16370", "2005-09-30": "0.15120", "2005-06-30": "0.16750", "2005-03-31": "0.14110"}, "Inventory Turnover Ratio": {"2020-09-30": "0.54840", "2020-06-30": "0.52820", "2020-03-31": "0.54440", "2019-12-31": "0.84570", "2019-09-30": "0.61930", "2019-06-30": "0.61260", "2019-03-31": "0.63680", "2018-12-31": "0.81330", "2018-09-30": "0.66670", "2018-06-30": "0.78290", "2018-03-31": "0.66720", "2017-12-31": "0.80840", "2017-09-30": "0.63830", "2017-06-30": "0.64360", "2017-03-31": "0.55040", "2016-12-31": "0.70610", "2016-09-30": "0.55540", "2016-06-30": "0.62870", "2016-03-31": "0.58860", "2015-12-31": "0.78450", "2015-09-30": "0.56490", "2015-06-30": "0.59390", "2015-03-31": "0.59230", "2014-12-31": "0.85130", "2014-09-30": "0.69710", "2014-06-30": "0.71570", "2014-03-31": "0.60300", "2013-12-31": "0.99160", "2013-09-30": "0.76800", "2013-06-30": "0.72990", "2013-03-31": "0.80150", "2012-12-31": "1.03130", "2012-09-30": "0.87420", "2012-06-30": "0.88260", "2012-03-31": "0.89160", "2011-12-31": "1.13030", "2011-09-30": "0.88720", "2011-06-30": "0.86850", "2011-03-31": "0.83770", "2010-12-31": "1.14360", "2010-09-30": "0.76960", "2010-06-30": "0.88230", "2010-03-31": "0.71760", "2009-12-31": "1.02200", "2009-09-30": "0.75370", "2009-06-30": "0.69940", "2009-03-31": "0.60160", "2008-12-31": "0.89850", "2008-09-30": "0.79210", "2008-06-30": "0.84320", "2008-03-31": "0.79180", "2007-12-31": "0.87540", "2007-09-30": "0.86370", "2007-06-30": "0.94280", "2007-03-31": "0.93080", "2006-12-31": "0.97150", "2006-09-30": "0.98640", "2006-06-30": "1.00430", "2006-03-31": "1.01560", "2005-12-31": "1.15710", "2005-09-30": "0.91780", "2005-06-30": "1.09910", "2005-03-31": "0.90940"}, "Receiveable Turnover": {"2020-09-30": "3.13650", "2020-06-30": "3.23560", "2020-03-31": "3.19200", "2019-12-31": "4.38110", "2019-09-30": "3.20140", "2019-06-30": "3.26290", "2019-03-31": "2.93580", "2018-12-31": "3.66210", "2018-09-30": "3.11890", "2018-06-30": "3.32380", "2018-03-31": "2.96940", "2017-12-31": "2.94720", "2017-09-30": "2.59230", "2017-06-30": "2.91590", "2017-03-31": "2.58180", "2016-12-31": "3.59490", "2016-09-30": "2.85430", "2016-06-30": "3.06910", "2016-03-31": "2.64760", "2015-12-31": "3.74690", "2015-09-30": "2.74370", "2015-06-30": "2.79190", "2015-03-31": "2.71230", "2014-12-31": "3.95750", "2014-09-30": "2.98260", "2014-06-30": "2.92080", "2014-03-31": "2.49520", "2013-12-31": "3.58120", "2013-09-30": "2.83590", "2013-06-30": "2.81930", "2013-03-31": "2.99270", "2012-12-31": "4.05550", "2012-09-30": "3.28230", "2012-06-30": "3.29230", "2012-03-31": "3.04800", "2011-12-31": "3.80140", "2011-09-30": "3.03560", "2011-06-30": "3.12130", "2011-03-31": "2.72420", "2010-12-31": "3.50560", "2010-09-30": "2.75750", "2010-06-30": "2.79280", "2010-03-31": "2.30450", "2009-12-31": "3.14650", "2009-09-30": "2.75270", "2009-06-30": "3.11320", "2009-03-31": "2.95780", "2008-12-31": "3.96980", "2008-09-30": "3.32150", "2008-06-30": "3.04710", "2008-03-31": "2.79930", "2007-12-31": "3.22130", "2007-09-30": "2.87430", "2007-06-30": "3.00930", "2007-03-31": "2.74700", "2006-12-31": "2.78420", "2006-09-30": "2.94910", "2006-06-30": "2.75390", "2006-03-31": "2.61630", "2005-12-31": "3.03140", "2005-09-30": "1.86430", "2005-06-30": "2.02810", "2005-03-31": "1.71060"}, "Days Sales In Receivables": {"2020-09-30": "28.69470", "2020-06-30": "27.81550", "2020-03-31": "28.19590", "2019-12-31": "20.54280", "2019-09-30": "28.11290", "2019-06-30": "27.58290", "2019-03-31": "30.65620", "2018-12-31": "24.57600", "2018-09-30": "28.85630", "2018-06-30": "27.07730", "2018-03-31": "30.30950", "2017-12-31": "30.53770", "2017-09-30": "34.71870", "2017-06-30": "30.86570", "2017-03-31": "34.85940", "2016-12-31": "25.03530", "2016-09-30": "31.53180", "2016-06-30": "29.32500", "2016-03-31": "33.99250", "2015-12-31": "24.01990", "2015-09-30": "32.80190", "2015-06-30": "32.23590", "2015-03-31": "33.18260", "2014-12-31": "22.74170", "2014-09-30": "30.17490", "2014-06-30": "30.81310", "2014-03-31": "36.06960", "2013-12-31": "25.13120", "2013-09-30": "31.73550", "2013-06-30": "31.92320", "2013-03-31": "30.07360", "2012-12-31": "22.19220", "2012-09-30": "27.42000", "2012-06-30": "27.33690", "2012-03-31": "29.52730", "2011-12-31": "23.67550", "2011-09-30": "29.64820", "2011-06-30": "28.83430", "2011-03-31": "33.03750", "2010-12-31": "25.67320", "2010-09-30": "32.63820", "2010-06-30": "32.22590", "2010-03-31": "39.05430", "2009-12-31": "28.60290", "2009-09-30": "32.69520", "2009-06-30": "28.90890", "2009-03-31": "30.42760", "2008-12-31": "22.67120", "2008-09-30": "27.09590", "2008-06-30": "29.53580", "2008-03-31": "32.15060", "2007-12-31": "27.93910", "2007-09-30": "31.31190", "2007-06-30": "29.90730", "2007-03-31": "32.76320", "2006-12-31": "32.32490", "2006-09-30": "30.51820", "2006-06-30": "32.68090", "2006-03-31": "34.39970", "2005-12-31": "29.68900", "2005-09-30": "48.27440", "2005-06-30": "44.37570", "2005-03-31": "52.61230"}, "ROE - Return On Equity": {"2020-09-30": "2.00310", "2020-06-30": "-1.66460", "2020-03-31": "0.90350", "2019-12-31": "3.60640", "2019-09-30": "4.03520", "2019-06-30": "4.06670", "2019-03-31": "3.42060", "2018-12-31": "4.73810", "2018-09-30": "10.15700", "2018-06-30": "4.17750", "2018-03-31": "3.32050", "2017-12-31": "-1.87710", "2017-09-30": "2.73290", "2017-06-30": "2.69270", "2017-03-31": "1.79150", "2016-12-31": "3.85720", "2016-09-30": "5.29110", "2016-06-30": "3.43230", "2016-03-31": "3.02670", "2015-12-31": "4.53260", "2015-09-30": "3.74790", "2015-06-30": "3.67230", "2015-03-31": "2.91570", "2014-12-31": "4.98600", "2014-09-30": "3.49960", "2014-06-30": "3.16730", "2014-03-31": "1.99400", "2013-12-31": "3.90050", "2013-09-30": "2.73740", "2013-06-30": "3.37280", "2013-03-31": "3.65310", "2012-12-31": "4.88130", "2012-09-30": "4.29260", "2012-06-30": "5.57700", "2012-03-31": "4.11660", "2011-12-31": "-0.61930", "2011-09-30": "4.10630", "2011-06-30": "2.89860", "2011-03-31": "1.01570", "2010-12-31": "2.11980", "2010-09-30": "-1.60750", "2010-06-30": "2.77970", "2010-03-31": "-0.14080", "2009-12-31": "-2.12310", "2009-09-30": "0.20270", "2009-06-30": "-2.12470", "2009-03-31": "1.74370", "2008-12-31": "-15.05920", "2008-09-30": "5.79590", "2008-06-30": "6.60330", "2008-03-31": "6.26390", "2007-12-31": "6.50500", "2007-09-30": "7.15880", "2007-06-30": "7.35550", "2007-03-31": "7.42130", "2006-12-31": "6.93440", "2006-09-30": "5.77370", "2006-06-30": "5.87650", "2006-03-31": "4.76330", "2005-12-31": "5.14390", "2005-09-30": "4.45800", "2005-06-30": "3.28330", "2005-03-31": "2.31340"}, "Return On Tangible Equity": {"2020-09-30": "3.21050", "2020-06-30": "-2.72670", "2020-03-31": "1.47750", "2019-12-31": "5.90860", "2019-09-30": "6.64650", "2019-06-30": "6.80460", "2019-03-31": "5.78910", "2018-12-31": "8.27170", "2018-09-30": "16.88660", "2018-06-30": "7.09980", "2018-03-31": "5.68590", "2017-12-31": "-3.22880", "2017-09-30": "4.59010", "2017-06-30": "4.57810", "2017-03-31": "3.07690", "2016-12-31": "6.21210", "2016-09-30": "8.47030", "2016-06-30": "5.80180", "2016-03-31": "5.25220", "2015-12-31": "7.65050", "2015-09-30": "6.59180", "2015-06-30": "6.53270", "2015-03-31": "5.38490", "2014-12-31": "9.48780", "2014-09-30": "6.26960", "2014-06-30": "5.63760", "2014-03-31": "3.65090", "2013-12-31": "6.45530", "2013-09-30": "5.14440", "2013-06-30": "6.66670", "2013-03-31": "7.65140", "2012-12-31": "10.87930", "2012-09-30": "8.53880", "2012-06-30": "11.75270", "2012-03-31": "9.40440", "2011-12-31": "-1.53150", "2011-09-30": "8.14370", "2011-06-30": "6.04070", "2011-03-31": "2.20010", "2010-12-31": "4.70150", "2010-09-30": "-3.53200", "2010-06-30": "6.24040", "2010-03-31": "-0.32550", "2009-12-31": "-4.98340", "2009-09-30": "0.47660", "2009-06-30": "-5.06950", "2009-03-31": "5.51280", "2008-12-31": "-53.29340", "2008-09-30": "13.65760", "2008-06-30": "16.53440", "2008-03-31": "17.67480", "2007-12-31": "16.03380", "2007-09-30": "13.21200", "2007-06-30": "14.31430", "2007-03-31": "15.81470", "2006-12-31": "14.96320", "2006-09-30": "9.51090", "2006-06-30": "9.66160", "2006-03-31": "7.35910", "2005-12-31": "7.89470", "2005-09-30": "7.25650", "2005-06-30": "5.91180", "2005-03-31": "4.18950"}, "ROA - Return On Assets": {"2020-09-30": "0.72500", "2020-06-30": "-0.59470", "2020-03-31": "0.31360", "2019-12-31": "1.32510", "2019-09-30": "1.46060", "2019-06-30": "1.46660", "2019-03-31": "1.23620", "2018-12-31": "1.72460", "2018-09-30": "3.83800", "2018-06-30": "1.53870", "2018-03-31": "1.26270", "2017-12-31": "-0.69100", "2017-09-30": "1.00160", "2017-06-30": "0.96990", "2017-03-31": "0.63680", "2016-12-31": "1.39990", "2016-09-30": "1.97140", "2016-06-30": "1.18400", "2016-03-31": "1.00010", "2015-12-31": "1.52980", "2015-09-30": "1.18140", "2015-06-30": "1.13060", "2015-03-31": "0.86850", "2014-12-31": "1.45840", "2014-09-30": "1.08560", "2014-06-30": "0.95800", "2014-03-31": "0.58140", "2013-12-31": "1.32110", "2013-09-30": "0.78670", "2013-06-30": "0.91640", "2013-03-31": "0.91580", "2012-12-31": "1.12020", "2012-09-30": "1.08690", "2012-06-30": "1.32380", "2012-03-31": "0.90360", "2011-12-31": "-0.12490", "2011-09-30": "0.89000", "2011-06-30": "0.62000", "2011-03-31": "0.20590", "2010-12-31": "0.41220", "2010-09-30": "-0.29980", "2010-06-30": "0.47300", "2010-03-31": "-0.02210", "2009-12-31": "-0.31680", "2009-09-30": "0.03010", "2009-06-30": "-0.31240", "2009-03-31": "0.20960", "2008-12-31": "-1.77720", "2008-09-30": "0.99100", "2008-06-30": "1.20800", "2008-03-31": "1.08350", "2007-12-31": "1.14050", "2007-09-30": "1.22040", "2007-06-30": "1.18630", "2007-03-31": "1.11850", "2006-12-31": "1.04270", "2006-09-30": "1.00330", "2006-06-30": "1.02020", "2006-03-31": "0.92670", "2005-12-31": "1.01820", "2005-09-30": "0.91820", "2005-06-30": "0.74120", "2005-03-31": "0.52220"}, "ROI - Return On Investment": {"2020-09-30": "1.19720", "2020-06-30": "-1.00520", "2020-03-31": "0.54510", "2019-12-31": "2.26990", "2019-09-30": "2.42930", "2019-06-30": "2.42490", "2019-03-31": "2.04430", "2018-12-31": "2.82170", "2018-09-30": "5.98940", "2018-06-30": "2.42400", "2018-03-31": "1.97000", "2017-12-31": "-1.11050", "2017-09-30": "1.63290", "2017-06-30": "1.64090", "2017-03-31": "1.08280", "2016-12-31": "2.41820", "2016-09-30": "3.19890", "2016-06-30": "2.01810", "2016-03-31": "1.74020", "2015-12-31": "2.70690", "2015-09-30": "2.18530", "2015-06-30": "2.05520", "2015-03-31": "1.56080", "2014-12-31": "2.61740", "2014-09-30": "1.96150", "2014-06-30": "1.71050", "2014-03-31": "1.04920", "2013-12-31": "2.26100", "2013-09-30": "1.44670", "2013-06-30": "1.72340", "2013-03-31": "1.78160", "2012-12-31": "2.26600", "2012-09-30": "2.07000", "2012-06-30": "2.57400", "2012-03-31": "1.77380", "2011-12-31": "-0.24180", "2011-09-30": "1.66750", "2011-06-30": "1.16970", "2011-03-31": "0.36310", "2010-12-31": "0.70670", "2010-09-30": "-0.51410", "2010-06-30": "0.80510", "2010-03-31": "-0.03610", "2009-12-31": "-0.50240", "2009-09-30": "0.04530", "2009-06-30": "-0.46510", "2009-03-31": "0.32350", "2008-12-31": "-3.11000", "2008-09-30": "1.58630", "2008-06-30": "1.90260", "2008-03-31": "1.68780", "2007-12-31": "1.80820", "2007-09-30": "1.94030", "2007-06-30": "1.85680", "2007-03-31": "1.74370", "2006-12-31": "1.62940", "2006-09-30": "1.52880", "2006-06-30": "1.61290", "2006-03-31": "1.45860", "2005-12-31": "1.62240", "2005-09-30": "1.44000", "2005-06-30": "1.15120", "2005-03-31": "0.80240"}, "Book Value Per Share": {"2020-09-30": "25.09290", "2020-06-30": "24.24620", "2020-03-31": "24.33820", "2019-12-31": "24.20640", "2019-09-30": "23.88770", "2019-06-30": "23.19420", "2019-03-31": "22.48830", "2018-12-31": "22.03740", "2018-09-30": "22.82080", "2018-06-30": "21.54190", "2018-03-31": "22.20190", "2017-12-31": "21.59470", "2017-09-30": "22.08720", "2017-06-30": "21.43240", "2017-03-31": "20.85040", "2016-12-31": "20.62150", "2016-09-30": "20.91930", "2016-06-30": "19.25420", "2016-03-31": "18.56570", "2015-12-31": "18.10360", "2015-09-30": "17.14730", "2015-06-30": "16.65330", "2015-03-31": "15.82000", "2014-12-31": "15.44470", "2014-09-30": "16.55350", "2014-06-30": "16.36470", "2014-03-31": "15.64430", "2013-12-31": "15.54060", "2013-09-30": "12.73700", "2013-06-30": "12.05460", "2013-03-31": "11.40250", "2012-12-31": "11.02470", "2012-09-30": "11.74170", "2012-06-30": "11.04590", "2012-03-31": "10.40460", "2011-12-31": "9.84220", "2011-09-30": "11.91210", "2011-06-30": "11.44920", "2011-03-31": "11.03720", "2010-12-31": "10.77980", "2010-09-30": "10.86610", "2010-06-30": "10.63150", "2010-03-31": "10.39780", "2009-12-31": "10.37830", "2009-09-30": "10.92920", "2009-06-30": "10.81280", "2009-03-31": "10.08540", "2008-12-31": "9.77690", "2008-09-30": "14.69000", "2008-06-30": "15.24750", "2008-03-31": "14.42800", "2007-12-31": "14.02240", "2007-09-30": "12.62570", "2007-06-30": "11.74560", "2007-03-31": "10.75450", "2006-12-31": "10.54540", "2006-09-30": "12.13330", "2006-06-30": "11.96840", "2006-03-31": "12.80680", "2005-12-31": "12.58210", "2005-09-30": "12.42640", "2005-06-30": "13.45820", "2005-03-31": "13.49940"}, "Operating Cash Flow Per Share": {"2020-09-30": 1.5338, "2020-06-30": 1.0595, "2020-03-31": "-1.72540", "2019-12-31": 3.3924, "2019-09-30": 1.2262, "2019-06-30": 0.6524, "2019-03-31": "-0.91360", "2018-12-31": 1.5805, "2018-09-30": 1.2472, "2018-06-30": 1.8661, "2018-03-31": "-0.32240", "2017-12-31": 2.2056, "2017-09-30": 0.3711, "2017-06-30": 1.6978, "2017-03-31": "-0.79170", "2016-12-31": 2.8707, "2016-09-30": 0.6398, "2016-06-30": 0.4351, "2016-03-31": "-0.54940", "2015-12-31": 2.418, "2015-09-30": 0.771, "2015-06-30": 0.7966, "2015-03-31": "-0.07500", "2014-12-31": 2.2729, "2014-09-30": 0.7727, "2014-06-30": 1.3366, "2014-03-31": "-0.09530", "2013-12-31": 3.2312, "2013-09-30": 1.269, "2013-06-30": -0.2717, "2013-03-31": "-1.38070", "2012-12-31": 1.8089, "2012-09-30": 1.2525, "2012-06-30": 0.9467, "2012-03-31": "-0.86210", "2011-12-31": 1.266, "2011-09-30": 1.5053, "2011-06-30": 0.5192, "2011-03-31": "0.16920", "2010-12-31": 0.4913, "2010-09-30": 1.9442, "2010-06-30": 1.1389, "2010-03-31": "-0.32210", "2009-12-31": 1.9281, "2009-09-30": 1.9474, "2009-06-30": 0.6748, "2009-03-31": "-0.68990", "2008-12-31": 0.4392, "2008-09-30": 1.1309, "2008-06-30": 1.0133, "2008-03-31": "0.41260", "2007-12-31": 1.7415, "2007-09-30": 1.9031, "2007-06-30": 0.7465, "2007-03-31": "-0.27460", "2006-12-31": 1.6681, "2006-09-30": 1.1956, "2006-06-30": 0.5972, "2006-03-31": "0.25970", "2005-12-31": 1.0389, "2005-09-30": 1.0458, "2005-06-30": 1.5671, "2005-03-31": "0.14460"}, "Free Cash Flow Per Share": {"2020-09-30": 1.2959, "2020-06-30": 0.8574, "2020-03-31": "-1.94390", "2019-12-31": 2.8703, "2019-09-30": 0.8695, "2019-06-30": 0.3239, "2019-03-31": "-1.16310", "2018-12-31": 1.0577, "2018-09-30": 0.9312, "2018-06-30": 1.5398, "2018-03-31": "-0.61440", "2017-12-31": 1.6653, "2017-09-30": -0.0647, "2017-06-30": 1.3785, "2017-03-31": "-1.07030", "2016-12-31": 2.3577, "2016-09-30": 0.2782, "2016-06-30": -0.0055, "2016-03-31": "-0.87170", "2015-12-31": 1.9398, "2015-09-30": 0.3604, "2015-06-30": 0.4606, "2015-03-31": "-0.35700", "2014-12-31": 1.6579, "2014-09-30": 0.4736, "2014-06-30": 0.9612, "2014-03-31": "-0.32820", "2013-12-31": 2.8213, "2013-09-30": 1.4132, "2013-06-30": -0.6747, "2013-03-31": "-1.64720", "2012-12-31": 0.6178, "2012-09-30": 1.3492, "2012-06-30": 0.6599, "2012-03-31": "-1.10990", "2011-12-31": 0.5341, "2011-09-30": 1.1682, "2011-06-30": 0.3682, "2011-03-31": "0.01250", "2010-12-31": 0.178, "2010-09-30": 1.8477, "2010-06-30": 1.1047, "2010-03-31": "-0.34410", "2009-12-31": 1.881, "2009-09-30": 1.9339, "2009-06-30": 0.7319, "2009-03-31": "-0.69400", "2008-12-31": -0.3797, "2008-09-30": 0.5834, "2008-06-30": 0.5852, "2008-03-31": "0.11790", "2007-12-31": 1.186, "2007-09-30": 1.6082, "2007-06-30": 0.4354, "2007-03-31": "-0.51010", "2006-12-31": 0.943, "2006-09-30": 0.8377, "2006-06-30": 0.3166, "2006-03-31": "0.04140", "2005-12-31": 0.4532, "2005-09-30": 0.792, "2005-06-30": 1.3007, "2005-03-31": "-0.06510"}}, "revenue": {"Textron Annual Revenue (Millions of US $)": {"2020": "$11,651", "2019": "$13,630", "2018": "$13,972", "2017": "$14,198", "2016": "$13,788", "2015": "$13,423", "2014": "$13,878", "2013": "$12,104", "2012": "$12,237", "2011": "$11,275", "2010": "$10,525", "2009": "$10,500", "2008": "$14,010", "2007": "$12,395", "2006": "$10,973", "2005": "$10,043"}, "Textron Quarterly Revenue (Millions of US $)": {"2020-12-31": "$3,667", "2020-09-30": "$2,735", "2020-06-30": "$2,472", "2020-03-31": "$2,777", "2019-12-31": "$4,035", "2019-09-30": "$3,259", "2019-06-30": "$3,227", "2019-03-31": "$3,109", "2018-12-31": "$3,750", "2018-09-30": "$3,200", "2018-06-30": "$3,726", "2018-03-31": "$3,296", "2017-12-31": "$4,017", "2017-09-30": "$3,484", "2017-06-30": "$3,604", "2017-03-31": "$3,093", "2016-12-31": "$3,825", "2016-09-30": "$3,251", "2016-06-30": "$3,511", "2016-03-31": "$3,201", "2015-12-31": "$3,923", "2015-09-30": "$3,180", "2015-06-30": "$3,247", "2015-03-31": "$3,073", "2014-12-31": "$4,096", "2014-09-30": "$3,430", "2014-06-30": "$3,505", "2014-03-31": "$2,847", "2013-12-31": "$3,506", "2013-09-30": "$2,904", "2013-06-30": "$2,839", "2013-03-31": "$2,855", "2012-12-31": "$3,362", "2012-09-30": "$3,000", "2012-06-30": "$3,019", "2012-03-31": "$2,856", "2011-12-31": "$3,254", "2011-09-30": "$2,814", "2011-06-30": "$2,728", "2011-03-31": "$2,479", "2010-12-31": "$3,127", "2010-09-30": "$2,479", "2010-06-30": "$2,709", "2010-03-31": "$2,210", "2009-12-31": "$2,813", "2009-09-30": "$2,549", "2009-06-30": "$2,612", "2009-03-31": "$2,526", "2008-12-31": "$3,549", "2008-09-30": "$3,471", "2008-06-30": "$3,684", "2008-03-31": "$3,306", "2007-12-31": "$3,086", "2007-09-30": "$3,110", "2007-06-30": "$3,235", "2007-03-31": "$2,964", "2006-12-31": "$2,684", "2006-09-30": "$2,837", "2006-06-30": "$2,820", "2006-03-31": "$2,632", "2005-12-31": "$2,701", "2005-09-30": "$2,405", "2005-06-30": "$2,667", "2005-03-31": "$2,270"}}, "gross-profit": {"Textron Annual Gross Profit (Millions of US $)": {"2020": "$11,651", "2019": "$2,224", "2018": "$2,378", "2017": "$2,371", "2016": "$2,451", "2015": "$2,444", "2014": "$2,457", "2013": "$1,973", "2012": "$2,218", "2011": "$1,967", "2010": "$1,920", "2009": "$2,032", "2008": "$3,427", "2007": "$3,296", "2006": "$2,828", "2005": "$2,579"}, "Textron Quarterly Gross Profit (Millions of US $)": {"2020-12-31": "$3,667", "2020-09-30": "$403", "2020-06-30": "$221", "2020-03-31": "$390", "2019-12-31": "$594", "2019-09-30": "$512", "2019-06-30": "$586", "2019-03-31": "$532", "2018-12-31": "$645", "2018-09-30": "$513", "2018-06-30": "$653", "2018-03-31": "$567", "2017-12-31": "$662", "2017-09-30": "$600", "2017-06-30": "$608", "2017-03-31": "$501", "2016-12-31": "$673", "2016-09-30": "$590", "2016-06-30": "$622", "2016-03-31": "$566", "2015-12-31": "$672", "2015-09-30": "$596", "2015-06-30": "$612", "2015-03-31": "$564", "2014-12-31": "$752", "2014-09-30": "$585", "2014-06-30": "$630", "2014-03-31": "$490", "2013-12-31": "$568", "2013-09-30": "$431", "2013-06-30": "$501", "2013-03-31": "$473", "2012-12-31": "$565", "2012-09-30": "$525", "2012-06-30": "$584", "2012-03-31": "$544", "2011-12-31": "$539", "2011-09-30": "$501", "2011-06-30": "$503", "2011-03-31": "$424", "2010-12-31": "$523", "2010-09-30": "$442", "2010-06-30": "$521", "2010-03-31": "$434", "2009-12-31": "$490", "2009-09-30": "$502", "2009-06-30": "$513", "2009-03-31": "$527", "2008-12-31": "$770", "2008-09-30": "$876", "2008-06-30": "$909", "2008-03-31": "$872", "2007-12-31": "$816", "2007-09-30": "$835", "2007-06-30": "$861", "2007-03-31": "$784", "2006-12-31": "$674", "2006-09-30": "$738", "2006-06-30": "$739", "2006-03-31": "$677", "2005-12-31": "$720", "2005-09-30": "$618", "2005-06-30": "$638", "2005-03-31": "$603"}}, "operating-income": {"Textron Annual Operating Income (Millions of US $)": {"2020": "$11,529", "2019": "$1,072", "2018": "$1,103", "2017": "$1,037", "2016": "$1,134", "2015": "$1,140", "2014": "$1,096", "2013": "$847", "2012": "$1,053", "2011": "$772", "2010": "$689", "2009": "$694", "2008": "$1,837", "2007": "$1,751", "2006": "$1,421", "2005": "$1,176"}, "Textron Quarterly Operating Income (Millions of US $)": {"2020-12-31": "$3,617", "2020-09-30": "$145", "2020-06-30": "$-18", "2020-03-31": "$127", "2019-12-31": "$296", "2019-09-30": "$257", "2019-06-30": "$294", "2019-03-31": "$225", "2018-12-31": "$374", "2018-09-30": "$206", "2018-06-30": "$283", "2018-03-31": "$240", "2017-12-31": "$302", "2017-09-30": "$272", "2017-06-30": "$271", "2017-03-31": "$192", "2016-12-31": "$305", "2016-09-30": "$267", "2016-06-30": "$304", "2016-03-31": "$258", "2015-12-31": "$337", "2015-09-30": "$293", "2015-06-30": "$283", "2015-03-31": "$227", "2014-12-31": "$389", "2014-09-30": "$278", "2014-06-30": "$257", "2014-03-31": "$172", "2013-12-31": "$262", "2013-09-30": "$186", "2013-06-30": "$205", "2013-03-31": "$194", "2012-12-31": "$252", "2012-09-30": "$261", "2012-06-30": "$308", "2012-03-31": "$232", "2011-12-31": "$194", "2011-09-30": "$250", "2011-06-30": "$208", "2011-03-31": "$120", "2010-12-31": "$177", "2010-09-30": "$141", "2010-06-30": "$222", "2010-03-31": "$149", "2009-12-31": "$186", "2009-09-30": "$154", "2009-06-30": "$173", "2009-03-31": "$181", "2008-12-31": "$383", "2008-09-30": "$457", "2008-06-30": "$516", "2008-03-31": "$481", "2007-12-31": "$455", "2007-09-30": "$452", "2007-06-30": "$432", "2007-03-31": "$412", "2006-12-31": "$373", "2006-09-30": "$369", "2006-06-30": "$363", "2006-03-31": "$316", "2005-12-31": "$343", "2005-09-30": "$268", "2005-06-30": "$302", "2005-03-31": "$263"}}, "ebitda": {"Textron Annual EBITDA (Millions of US $)": {"2019": "$1,488", "2018": "$1,540", "2017": "$1,484", "2016": "$1,583", "2015": "$1,601", "2014": "$1,555", "2013": "$1,236", "2012": "$1,436", "2011": "$1,175", "2010": "$1,082", "2009": "$1,103", "2008": "$2,237", "2007": "$2,073", "2006": "$1,700", "2005": "$1,479"}, "Textron Quarterly EBITDA (Millions of US $)": {"2020-09-30": "$240", "2020-06-30": "$80", "2020-03-31": "$217", "2019-12-31": "$410", "2019-09-30": "$357", "2019-06-30": "$394", "2019-03-31": "$327", "2018-12-31": "$489", "2018-09-30": "$312", "2018-06-30": "$394", "2018-03-31": "$345", "2017-12-31": "$417", "2017-09-30": "$386", "2017-06-30": "$383", "2017-03-31": "$298", "2016-12-31": "$423", "2016-09-30": "$375", "2016-06-30": "$418", "2016-03-31": "$367", "2015-12-31": "$466", "2015-09-30": "$405", "2015-06-30": "$393", "2015-03-31": "$337", "2014-12-31": "$523", "2014-09-30": "$389", "2014-06-30": "$373", "2014-03-31": "$270", "2013-12-31": "$366", "2013-09-30": "$279", "2013-06-30": "$300", "2013-03-31": "$291", "2012-12-31": "$358", "2012-09-30": "$355", "2012-06-30": "$400", "2012-03-31": "$323", "2011-12-31": "$308", "2011-09-30": "$344", "2011-06-30": "$308", "2011-03-31": "$215", "2010-12-31": "$288", "2010-09-30": "$236", "2010-06-30": "$319", "2010-03-31": "$239", "2009-12-31": "$298", "2009-09-30": "$254", "2009-06-30": "$274", "2009-03-31": "$277", "2008-12-31": "$490", "2008-09-30": "$551", "2008-06-30": "$616", "2008-03-31": "$580", "2007-12-31": "$547", "2007-09-30": "$529", "2007-06-30": "$511", "2007-03-31": "$486", "2006-12-31": "$442", "2006-09-30": "$441", "2006-06-30": "$435", "2006-03-31": "$382", "2005-12-31": "$425", "2005-09-30": "$343", "2005-06-30": "$377", "2005-03-31": "$334"}}, "net-income": {"Textron Annual Net Income (Millions of US $)": {"2020": "$309", "2019": "$815", "2018": "$1,222", "2017": "$307", "2016": "$962", "2015": "$697", "2014": "$600", "2013": "$498", "2012": "$589", "2011": "$242", "2010": "$86", "2009": "$-31", "2008": "$486", "2007": "$917", "2006": "$601", "2005": "$203"}, "Textron Quarterly Net Income (Millions of US $)": {"2020-12-31": "$236", "2020-09-30": "$115", "2020-06-30": "$-92", "2020-03-31": "$50", "2019-12-31": "$199", "2019-09-30": "$220", "2019-06-30": "$217", "2019-03-31": "$179", "2018-12-31": "$246", "2018-09-30": "$563", "2018-06-30": "$224", "2018-03-31": "$189", "2017-12-31": "$-106", "2017-09-30": "$159", "2017-06-30": "$153", "2017-03-31": "$101", "2016-12-31": "$214", "2016-09-30": "$421", "2016-06-30": "$177", "2016-03-31": "$150", "2015-12-31": "$226", "2015-09-30": "$176", "2015-06-30": "$167", "2015-03-31": "$128", "2014-12-31": "$212", "2014-09-30": "$159", "2014-06-30": "$144", "2014-03-31": "$85", "2013-12-31": "$167", "2013-09-30": "$99", "2013-06-30": "$113", "2013-03-31": "$119", "2012-12-31": "$148", "2012-09-30": "$151", "2012-06-30": "$172", "2012-03-31": "$118", "2011-12-31": "$-19", "2011-09-30": "$142", "2011-06-30": "$90", "2011-03-31": "$29", "2010-12-31": "$60", "2010-09-30": "$-48", "2010-06-30": "$82", "2010-03-31": "$-8", "2009-12-31": "$-63", "2009-09-30": "$4", "2009-06-30": "$-58", "2009-03-31": "$86", "2008-12-31": "$-209", "2008-09-30": "$206", "2008-06-30": "$258", "2008-03-31": "$231", "2007-12-31": "$256", "2007-09-30": "$255", "2007-06-30": "$210", "2007-03-31": "$196", "2006-12-31": "$195", "2006-09-30": "$169", "2006-06-30": "$69", "2006-03-31": "$168", "2005-12-31": "$118", "2005-09-30": "$-164", "2005-06-30": "$123", "2005-03-31": "$126"}}, "eps-earnings-per-share-diluted": {"Textron Annual EPS": {"2020": "$1.35", "2019": "$3.50", "2018": "$4.83", "2017": "$1.14", "2016": "$3.53", "2015": "$2.50", "2014": "$2.13", "2013": "$1.75", "2012": "$2.00", "2011": "$0.79", "2010": "$0.28", "2009": "$-0.12", "2008": "$1.94", "2007": "$3.60", "2006": "$2.31", "2005": "$0.74"}, "Textron Quarterly EPS": {"2020-12-31": "$1.03", "2020-09-30": "$0.50", "2020-06-30": "$-0.40", "2020-03-31": "$0.22", "2019-12-31": "$0.86", "2019-09-30": "$0.95", "2019-06-30": "$0.93", "2019-03-31": "$0.76", "2018-12-31": "$0.98", "2018-09-30": "$2.26", "2018-06-30": "$0.87", "2018-03-31": "$0.72", "2017-12-31": "$-0.40", "2017-09-30": "$0.60", "2017-06-30": "$0.57", "2017-03-31": "$0.37", "2016-12-31": "$0.78", "2016-09-30": "$1.55", "2016-06-30": "$0.65", "2016-03-31": "$0.55", "2015-12-31": "$0.81", "2015-09-30": "$0.63", "2015-06-30": "$0.60", "2015-03-31": "$0.46", "2014-12-31": "$0.75", "2014-09-30": "$0.57", "2014-06-30": "$0.51", "2014-03-31": "$0.30", "2013-12-31": "$0.59", "2013-09-30": "$0.35", "2013-06-30": "$0.40", "2013-03-31": "$0.41", "2012-12-31": "$0.51", "2012-09-30": "$0.51", "2012-06-30": "$0.58", "2012-03-31": "$0.40", "2011-12-31": "$-0.06", "2011-09-30": "$0.47", "2011-06-30": "$0.29", "2011-03-31": "$0.09", "2010-12-31": "$0.21", "2010-09-30": "$-0.17", "2010-06-30": "$0.27", "2010-03-31": "$-0.03", "2009-12-31": "$-0.26", "2009-09-30": "$0.01", "2009-06-30": "$-0.22", "2009-03-31": "$0.35", "2008-12-31": "$-0.81", "2008-09-30": "$0.83", "2008-06-30": "$1.01", "2008-03-31": "$0.91", "2007-12-31": "$1.00", "2007-09-30": "$1.00", "2007-06-30": "$0.83", "2007-03-31": "$0.77", "2006-12-31": "$0.76", "2006-09-30": "$0.66", "2006-06-30": "$0.27", "2006-03-31": "$0.63", "2005-12-31": "$0.46", "2005-09-30": "$-0.62", "2005-06-30": "$0.45", "2005-03-31": "$0.46"}}, "shares-outstanding": {"Textron Annual Shares Outstanding (Millions of Shares)": {"2020": "229", "2019": "233", "2018": "253", "2017": "269", "2016": "272", "2015": "279", "2014": "282", "2013": "284", "2012": "295", "2011": "307", "2010": "303", "2009": "263", "2008": "250", "2007": "255", "2006": "260", "2005": "273"}, "Textron Quarterly Shares Outstanding (Millions of Shares)": {"2020-12-31": "229", "2020-09-30": "229", "2020-06-30": "228", "2020-03-31": "229", "2019-12-31": "233", "2019-09-30": "231", "2019-06-30": "234", "2019-03-31": "236", "2018-12-31": "253", "2018-09-30": "249", "2018-06-30": "257", "2018-03-31": "264", "2017-12-31": "269", "2017-09-30": "267", "2017-06-30": "269", "2017-03-31": "273", "2016-12-31": "272", "2016-09-30": "272", "2016-06-30": "271", "2016-03-31": "273", "2015-12-31": "279", "2015-09-30": "278", "2015-06-30": "280", "2015-03-31": "280", "2014-12-31": "282", "2014-09-30": "281", "2014-06-30": "283", "2014-03-31": "283", "2013-12-31": "284", "2013-09-30": "282", "2013-06-30": "284", "2013-03-31": "289", "2012-12-31": "295", "2012-09-30": "297", "2012-06-30": "296", "2012-03-31": "295", "2011-12-31": "307", "2011-09-30": "301", "2011-06-30": "315", "2011-03-31": "319", "2010-12-31": "303", "2010-09-30": "275", "2010-06-30": "302", "2010-03-31": "273", "2009-12-31": "263", "2009-09-30": "278", "2009-06-30": "264", "2009-03-31": "245", "2008-12-31": "250", "2008-09-30": "247", "2008-06-30": "255", "2008-03-31": "255", "2007-12-31": "255", "2007-09-30": "254", "2007-06-30": "254", "2007-03-31": "255", "2006-12-31": "260", "2006-09-30": "257", "2006-06-30": "263", "2006-03-31": "266", "2005-12-31": "273", "2005-09-30": "271", "2005-06-30": "275", "2005-03-31": "277"}}, "total-assets": {"Textron Annual Total Assets (Millions of US $)": {"2019": "$15,018", "2018": "$14,264", "2017": "$15,340", "2016": "$15,358", "2015": "$14,708", "2014": "$14,605", "2013": "$12,944", "2012": "$13,033", "2011": "$13,615", "2010": "$15,282", "2009": "$18,940", "2008": "$20,031", "2007": "$19,991", "2006": "$17,550", "2005": "$16,499"}, "Textron Quarterly Total Assets (Millions of US $)": {"2020-09-30": "$15,861", "2020-06-30": "$15,471", "2020-03-31": "$15,946", "2019-12-31": "$15,018", "2019-09-30": "$15,062", "2019-06-30": "$14,796", "2019-03-31": "$14,480", "2018-12-31": "$14,264", "2018-09-30": "$14,669", "2018-06-30": "$14,558", "2018-03-31": "$14,968", "2017-12-31": "$15,340", "2017-09-30": "$15,875", "2017-06-30": "$15,775", "2017-03-31": "$15,703", "2016-12-31": "$15,358", "2016-09-30": "$15,167", "2016-06-30": "$15,034", "2016-03-31": "$15,099", "2015-12-31": "$14,708", "2015-09-30": "$14,898", "2015-06-30": "$14,948", "2015-03-31": "$14,738", "2014-12-31": "$14,605", "2014-09-30": "$14,739", "2014-06-30": "$15,135", "2014-03-31": "$14,963", "2013-12-31": "$12,944", "2013-09-30": "$12,457", "2013-06-30": "$12,440", "2013-03-31": "$12,557", "2012-12-31": "$13,033", "2012-09-30": "$13,065", "2012-06-30": "$13,068", "2012-03-31": "$13,280", "2011-12-31": "$13,615", "2011-09-30": "$15,281", "2011-06-30": "$14,839", "2011-03-31": "$15,059", "2010-12-31": "$15,282", "2010-09-30": "$16,013", "2010-06-30": "$17,123", "2010-03-31": "$18,110", "2009-12-31": "$18,940", "2009-09-30": "$19,958", "2009-06-30": "$19,844", "2009-03-31": "$20,516", "2008-12-31": "$20,031", "2008-09-30": "$20,686", "2008-06-30": "$20,696", "2008-03-31": "$20,766", "2007-12-31": "$19,991", "2007-09-30": "$18,436", "2007-06-30": "$18,123", "2007-03-31": "$17,702", "2006-12-31": "$17,550", "2006-09-30": "$17,442", "2006-06-30": "$17,350", "2006-03-31": "$17,050", "2005-12-31": "$16,499", "2005-09-30": "$15,901", "2005-06-30": "$15,921", "2005-03-31": "$16,085"}}, "cash-on-hand": {"Textron Annual Cash on Hand (Millions of US $)": {"2019": "$1,357", "2018": "$1,107", "2017": "$1,262", "2016": "$1,298", "2015": "$1,005", "2014": "$822", "2013": "$1,211", "2012": "$1,413", "2011": "$885", "2010": "$931", "2009": "$1,892", "2008": "$547", "2007": "$531", "2006": "$780", "2005": "$796"}, "Textron Quarterly Cash on Hand (Millions of US $)": {"2020-09-30": "$2,670", "2020-06-30": "$2,346", "2020-03-31": "$2,446", "2019-12-31": "$1,357", "2019-09-30": "$1,053", "2019-06-30": "$857", "2019-03-31": "$742", "2018-12-31": "$1,107", "2018-09-30": "$1,293", "2018-06-30": "$731", "2018-03-31": "$836", "2017-12-31": "$1,262", "2017-09-30": "$1,294", "2017-06-30": "$1,129", "2017-03-31": "$997", "2016-12-31": "$1,298", "2016-09-30": "$739", "2016-06-30": "$743", "2016-03-31": "$778", "2015-12-31": "$1,005", "2015-09-30": "$614", "2015-06-30": "$792", "2015-03-31": "$708", "2014-12-31": "$822", "2014-09-30": "$511", "2014-06-30": "$815", "2014-03-31": "$780", "2013-12-31": "$1,211", "2013-09-30": "$637", "2013-06-30": "$571", "2013-03-31": "$791", "2012-12-31": "$1,413", "2012-09-30": "$1,238", "2012-06-30": "$911", "2012-03-31": "$646", "2011-12-31": "$885", "2011-09-30": "$1,542", "2011-06-30": "$651", "2011-03-31": "$1,022", "2010-12-31": "$931", "2010-09-30": "$991", "2010-06-30": "$1,191", "2010-03-31": "$1,509", "2009-12-31": "$1,892", "2009-09-30": "$2,576", "2009-06-30": "$1,885", "2009-03-31": "$1,691", "2008-12-31": "$547", "2008-09-30": "$357", "2008-06-30": "$480", "2008-03-31": "$361", "2007-12-31": "$531", "2007-09-30": "$942", "2007-06-30": "$697", "2007-03-31": "$585", "2006-12-31": "$780", "2006-09-30": "$822", "2006-06-30": "$325", "2006-03-31": "$545", "2005-12-31": "$796", "2005-09-30": "$601", "2005-06-30": "$661", "2005-03-31": "$560"}}, "long-term-debt": {"Textron Annual Long Term Debt (Millions of US $)": {"2019": "$3,249", "2018": "$3,526", "2017": "$3,898", "2016": "$3,317", "2015": "$3,348", "2014": "$3,866", "2013": "$3,179", "2012": "$3,452", "2011": "$4,287", "2010": "$5,943", "2009": "$9,117", "2008": "$9,081", "2007": "$9,102", "2006": "$8,582", "2005": "$7,079"}, "Textron Quarterly Long Term Debt (Millions of US $)": {"2020-09-30": "$3,865", "2020-06-30": "$3,625", "2020-03-31": "$3,638", "2019-12-31": "$3,249", "2019-09-30": "$3,604", "2019-06-30": "$3,613", "2019-03-31": "$3,523", "2018-12-31": "$3,526", "2018-09-30": "$3,857", "2018-06-30": "$3,879", "2018-03-31": "$3,902", "2017-12-31": "$3,898", "2017-09-30": "$3,919", "2017-06-30": "$3,642", "2017-03-31": "$3,653", "2016-12-31": "$3,317", "2016-09-30": "$3,696", "2016-06-30": "$3,634", "2016-03-31": "$3,688", "2015-12-31": "$3,348", "2015-09-30": "$3,358", "2015-06-30": "$3,621", "2015-03-31": "$3,811", "2014-12-31": "$3,866", "2014-09-30": "$3,585", "2014-06-30": "$3,899", "2014-03-31": "$3,929", "2013-12-31": "$3,179", "2013-09-30": "$3,194", "2013-06-30": "$3,235", "2013-03-31": "$3,307", "2012-12-31": "$3,452", "2012-09-30": "$3,552", "2012-06-30": "$3,619", "2012-03-31": "$3,850", "2011-12-31": "$4,287", "2011-09-30": "$4,844", "2011-06-30": "$4,691", "2011-03-31": "$5,485", "2010-12-31": "$5,943", "2010-09-30": "$6,351", "2010-06-30": "$7,147", "2010-03-31": "$8,233", "2009-12-31": "$9,117", "2009-09-30": "$10,292", "2009-06-30": "$10,411", "2009-03-31": "$10,824", "2008-12-31": "$9,081", "2008-09-30": "$9,384", "2008-06-30": "$9,352", "2008-03-31": "$9,737", "2007-12-31": "$9,102", "2007-09-30": "$8,451", "2007-06-30": "$8,646", "2007-03-31": "$8,677", "2006-12-31": "$8,582", "2006-09-30": "$8,406", "2006-06-30": "$7,952", "2006-03-31": "$7,505", "2005-12-31": "$7,079", "2005-09-30": "$6,854", "2005-06-30": "$6,646", "2005-03-31": "$6,827"}}, "total-liabilities": {"Textron Annual Total Liabilities (Millions of US $)": {"2019": "$9,500", "2018": "$9,072", "2017": "$9,693", "2016": "$9,784", "2015": "$9,744", "2014": "$10,333", "2013": "$8,560", "2012": "$10,042", "2011": "$10,870", "2010": "$12,310", "2009": "$16,114", "2008": "$17,665", "2007": "$16,484", "2006": "$14,901", "2005": "$13,223"}, "Textron Quarterly Total Liabilities (Millions of US $)": {"2020-09-30": "$10,120", "2020-06-30": "$9,944", "2020-03-31": "$10,412", "2019-12-31": "$9,500", "2019-09-30": "$9,610", "2019-06-30": "$9,460", "2019-03-31": "$9,247", "2018-12-31": "$9,072", "2018-09-30": "$9,126", "2018-06-30": "$9,196", "2018-03-31": "$9,276", "2017-12-31": "$9,693", "2017-09-30": "$10,057", "2017-06-30": "$10,093", "2017-03-31": "$10,121", "2016-12-31": "$9,784", "2016-09-30": "$9,516", "2016-06-30": "$9,848", "2016-03-31": "$10,110", "2015-12-31": "$9,744", "2015-09-30": "$10,202", "2015-06-30": "$10,346", "2015-03-31": "$10,348", "2014-12-31": "$10,333", "2014-09-30": "$10,167", "2014-06-30": "$10,557", "2014-03-31": "$10,600", "2013-12-31": "$8,560", "2013-09-30": "$8,877", "2013-06-30": "$9,060", "2013-03-31": "$9,409", "2012-12-31": "$10,042", "2012-09-30": "$9,757", "2012-06-30": "$9,966", "2012-03-31": "$10,365", "2011-12-31": "$10,870", "2011-09-30": "$11,969", "2011-06-30": "$11,665", "2011-03-31": "$12,007", "2010-12-31": "$12,310", "2010-09-30": "$13,027", "2010-06-30": "$14,209", "2010-03-31": "$15,269", "2009-12-31": "$16,114", "2009-09-30": "$16,996", "2009-06-30": "$16,924", "2009-03-31": "$18,048", "2008-12-31": "$17,665", "2008-09-30": "$17,147", "2008-06-30": "$16,908", "2008-03-31": "$17,172", "2007-12-31": "$16,484", "2007-09-30": "$15,291", "2007-06-30": "$15,190", "2007-03-31": "$15,024", "2006-12-31": "$14,901", "2006-09-30": "$14,401", "2006-06-30": "$14,328", "2006-03-31": "$13,723", "2005-12-31": "$13,223", "2005-09-30": "$12,616", "2005-06-30": "$12,317", "2005-03-31": "$12,444"}}, "total-share-holder-equity": {"Textron Annual Share Holder Equity (Millions of US $)": {"2019": "$5,518", "2018": "$5,192", "2017": "$5,647", "2016": "$5,574", "2015": "$4,964", "2014": "$4,272", "2013": "$4,384", "2012": "$2,991", "2011": "$2,745", "2010": "$2,972", "2009": "$2,826", "2008": "$2,366", "2007": "$3,507", "2006": "$2,649", "2005": "$3,276"}, "Textron Quarterly Share Holder Equity (Millions of US $)": {"2020-09-30": "$5,741", "2020-06-30": "$5,527", "2020-03-31": "$5,534", "2019-12-31": "$5,518", "2019-09-30": "$5,452", "2019-06-30": "$5,336", "2019-03-31": "$5,233", "2018-12-31": "$5,192", "2018-09-30": "$5,543", "2018-06-30": "$5,362", "2018-03-31": "$5,692", "2017-12-31": "$5,647", "2017-09-30": "$5,818", "2017-06-30": "$5,682", "2017-03-31": "$5,582", "2016-12-31": "$5,574", "2016-09-30": "$5,651", "2016-06-30": "$5,186", "2016-03-31": "$4,989", "2015-12-31": "$4,964", "2015-09-30": "$4,696", "2015-06-30": "$4,602", "2015-03-31": "$4,390", "2014-12-31": "$4,272", "2014-09-30": "$4,572", "2014-06-30": "$4,578", "2014-03-31": "$4,363", "2013-12-31": "$4,384", "2013-09-30": "$3,580", "2013-06-30": "$3,380", "2013-03-31": "$3,148", "2012-12-31": "$2,991", "2012-09-30": "$3,308", "2012-06-30": "$3,102", "2012-03-31": "$2,915", "2011-12-31": "$2,745", "2011-09-30": "$3,312", "2011-06-30": "$3,174", "2011-03-31": "$3,052", "2010-12-31": "$2,972", "2010-09-30": "$2,986", "2010-06-30": "$2,914", "2010-03-31": "$2,841", "2009-12-31": "$2,826", "2009-09-30": "$2,962", "2009-06-30": "$2,920", "2009-03-31": "$2,468", "2008-12-31": "$2,366", "2008-09-30": "$3,539", "2008-06-30": "$3,788", "2008-03-31": "$3,594", "2007-12-31": "$3,507", "2007-09-30": "$3,145", "2007-06-30": "$2,933", "2007-03-31": "$2,678", "2006-12-31": "$2,649", "2006-09-30": "$3,041", "2006-06-30": "$3,022", "2006-03-31": "$3,327", "2005-12-31": "$3,276", "2005-09-30": "$3,285", "2005-06-30": "$3,604", "2005-03-31": "$3,641"}}, "profit-margins": {"current": "2.65%"}, "gross margin": {"2020-12-31": "40.18%", "2020-09-30": "13.38%", "2020-06-30": "13.69%", "2020-03-31": "15.66%", "2019-12-31": "16.32%", "2019-09-30": "17.05%", "2019-06-30": "17.13%", "2019-03-31": "17.00%", "2018-12-31": "17.02%", "2018-09-30": "16.82%", "2018-06-30": "17.09%", "2018-03-31": "16.92%", "2017-12-31": "16.70%", "2017-09-30": "17.01%", "2017-06-30": "17.22%", "2017-03-31": "17.44%", "2016-12-31": "17.78%", "2016-09-30": "17.64%", "2016-06-30": "17.78%", "2016-03-31": "18.05%", "2015-12-31": "18.21%", "2015-09-30": "18.56%", "2015-06-30": "18.15%", "2015-03-31": "17.95%", "2014-12-31": "17.70%", "2014-09-30": "17.11%", "2014-06-30": "16.60%", "2014-03-31": "16.45%", "2013-12-31": "16.30%", "2013-09-30": "16.47%", "2013-06-30": "17.12%", "2013-03-31": "17.55%", "2012-12-31": "18.13%", "2012-09-30": "18.07%", "2012-06-30": "18.15%", "2012-03-31": "17.91%", "2011-12-31": "17.45%", "2011-09-30": "17.50%", "2011-06-30": "17.50%", "2011-03-31": "17.70%", "2010-12-31": "18.24%", "2010-09-30": "18.48%", "2010-06-30": "18.94%", "2010-03-31": "19.04%", "2009-12-31": "19.35%", "2009-09-30": "20.58%", "2009-06-30": "22.09%", "2009-03-31": "23.30%", "2008-12-31": "24.46%", "2008-09-30": "25.64%", "2008-06-30": "26.03%", "2008-03-31": "26.57%", "2007-12-31": "26.59%", "2007-09-30": "26.30%", "2007-06-30": "26.08%", "2007-03-31": "25.96%", "2006-12-31": "25.77%", "2006-09-30": "26.15%", "2006-06-30": "26.08%", "2006-03-31": "25.50%", "2005-12-31": "25.68%"}, "operating margin": {"2020-12-31": "33.22%", "2020-09-30": "4.58%", "2020-06-30": "5.28%", "2020-03-31": "7.32%", "2019-12-31": "7.87%", "2019-09-30": "8.62%", "2019-06-30": "8.27%", "2019-03-31": "7.89%", "2018-12-31": "7.89%", "2018-09-30": "7.24%", "2018-06-30": "7.55%", "2018-03-31": "7.53%", "2017-12-31": "7.30%", "2017-09-30": "7.43%", "2017-06-30": "7.51%", "2017-03-31": "7.81%", "2016-12-31": "8.22%", "2016-09-30": "8.40%", "2016-06-30": "8.63%", "2016-03-31": "8.64%", "2015-12-31": "8.49%", "2015-09-30": "8.77%", "2015-06-30": "8.50%", "2015-03-31": "8.16%", "2014-12-31": "7.90%", "2014-09-30": "7.29%", "2014-06-30": "6.87%", "2014-03-31": "6.82%", "2013-12-31": "7.00%", "2013-09-30": "7.00%", "2013-06-30": "7.56%", "2013-03-31": "8.30%", "2012-12-31": "8.61%", "2012-09-30": "8.20%", "2012-06-30": "8.24%", "2012-03-31": "7.59%", "2011-12-31": "6.85%", "2011-09-30": "6.77%", "2011-06-30": "5.97%", "2011-03-31": "6.11%", "2010-12-31": "6.55%", "2010-09-30": "6.84%", "2010-06-30": "6.92%", "2010-03-31": "6.50%", "2009-12-31": "6.61%", "2009-09-30": "7.93%", "2009-06-30": "9.82%", "2009-03-31": "11.62%", "2008-12-31": "13.11%", "2008-09-30": "14.09%", "2008-06-30": "14.44%", "2008-03-31": "14.29%", "2007-12-31": "14.13%", "2007-09-30": "13.92%", "2007-06-30": "13.53%", "2007-03-31": "13.42%", "2006-12-31": "12.95%", "2006-09-30": "12.66%", "2006-06-30": "12.22%", "2006-03-31": "11.81%", "2005-12-31": "11.71%"}, "ebitda margin": {"2020-09-30": "7.88%", "2020-06-30": "8.48%", "2020-03-31": "10.36%", "2019-12-31": "10.92%", "2019-09-30": "11.74%", "2019-06-30": "11.46%", "2019-03-31": "11.04%", "2018-12-31": "11.02%", "2018-09-30": "10.31%", "2018-06-30": "10.62%", "2018-03-31": "10.63%", "2017-12-31": "10.45%", "2017-09-30": "10.64%", "2017-06-30": "10.74%", "2017-03-31": "11.07%", "2016-12-31": "11.48%", "2016-09-30": "11.71%", "2016-06-30": "11.99%", "2016-03-31": "12.04%", "2015-12-31": "11.93%", "2015-09-30": "12.19%", "2015-06-30": "11.86%", "2015-03-31": "11.50%", "2014-12-31": "11.20%", "2014-09-30": "10.52%", "2014-06-30": "10.09%", "2014-03-31": "10.04%", "2013-12-31": "10.21%", "2013-09-30": "10.27%", "2013-06-30": "10.82%", "2013-03-31": "11.47%", "2012-12-31": "11.73%", "2012-09-30": "11.43%", "2012-06-30": "11.51%", "2012-03-31": "11.01%", "2011-12-31": "10.42%", "2011-09-30": "10.36%", "2011-06-30": "9.68%", "2011-03-31": "9.80%", "2010-12-31": "10.28%", "2010-09-30": "10.69%", "2010-06-30": "10.80%", "2010-03-31": "10.46%", "2009-12-31": "10.50%", "2009-09-30": "11.53%", "2009-06-30": "13.09%", "2009-03-31": "14.62%", "2008-12-31": "15.97%", "2008-09-30": "16.93%", "2008-06-30": "17.23%", "2008-03-31": "17.01%", "2007-12-31": "16.72%", "2007-09-30": "16.41%", "2007-06-30": "16.04%", "2007-03-31": "15.96%", "2006-12-31": "15.49%", "2006-09-30": "15.31%", "2006-06-30": "15.01%", "2006-03-31": "14.68%", "2005-12-31": "14.73%"}, "pre tax profit margin": {"2020-12-31": "2.42%", "2020-09-30": "2.30%", "2020-06-30": "3.20%", "2020-03-31": "6.01%", "2019-12-31": "6.91%", "2019-09-30": "7.57%", "2019-06-30": "10.51%", "2019-03-31": "10.00%", "2018-12-31": "9.91%", "2018-09-30": "9.33%", "2018-06-30": "6.22%", "2018-03-31": "5.96%", "2017-12-31": "5.37%", "2017-09-30": "5.95%", "2017-06-30": "5.35%", "2017-03-31": "5.72%", "2016-12-31": "6.35%", "2016-09-30": "6.31%", "2016-06-30": "7.39%", "2016-03-31": "7.39%", "2015-12-31": "7.23%", "2015-09-30": "7.09%", "2015-06-30": "6.81%", "2015-03-31": "6.47%", "2014-12-31": "6.15%", "2014-09-30": "5.94%", "2014-06-30": "5.51%", "2014-03-31": "5.42%", "2013-12-31": "5.57%", "2013-09-30": "5.44%", "2013-06-30": "5.93%", "2013-03-31": "6.60%", "2012-12-31": "6.87%", "2012-09-30": "5.04%", "2012-06-30": "4.92%", "2012-03-31": "4.02%", "2011-12-31": "2.99%", "2011-09-30": "3.70%", "2011-06-30": "1.45%", "2011-03-31": "1.12%", "2010-12-31": "0.82%", "2010-09-30": "-0.24%", "2010-06-30": "0.39%", "2010-03-31": "-1.76%", "2009-12-31": "-1.42%", "2009-09-30": "-4.36%", "2009-06-30": "-1.35%", "2009-03-31": "2.50%", "2008-12-31": "4.49%", "2008-09-30": "10.03%", "2008-06-30": "10.37%", "2008-03-31": "10.12%", "2007-12-31": "9.96%", "2007-09-30": "9.65%", "2007-06-30": "9.13%", "2007-03-31": "9.09%", "2006-12-31": "8.72%", "2006-09-30": "8.50%", "2006-06-30": "8.43%", "2006-03-31": "7.91%", "2005-12-31": "7.36%"}, "net profit margin": {"2020-12-31": "2.65%", "2020-09-30": "2.26%", "2020-06-30": "3.01%", "2020-03-31": "5.16%", "2019-12-31": "5.98%", "2019-09-30": "6.46%", "2019-06-30": "9.07%", "2019-03-31": "8.79%", "2018-12-31": "8.75%", "2018-09-30": "6.11%", "2018-06-30": "3.21%", "2018-03-31": "2.74%", "2017-12-31": "2.16%", "2017-09-30": "4.48%", "2017-06-30": "6.45%", "2017-03-31": "6.67%", "2016-12-31": "6.98%", "2016-09-30": "7.01%", "2016-06-30": "5.28%", "2016-03-31": "5.31%", "2015-12-31": "5.19%", "2015-09-30": "5.02%", "2015-06-30": "4.81%", "2015-03-31": "4.56%", "2014-12-31": "4.32%", "2014-09-30": "4.18%", "2014-06-30": "3.88%", "2014-03-31": "3.84%", "2013-12-31": "4.11%", "2013-09-30": "4.01%", "2013-06-30": "4.40%", "2013-03-31": "4.82%", "2012-12-31": "4.81%", "2012-09-30": "3.48%", "2012-06-30": "3.46%", "2012-03-31": "2.84%", "2011-12-31": "2.15%", "2011-09-30": "2.88%", "2011-06-30": "1.21%", "2011-03-31": "1.14%", "2010-12-31": "0.82%", "2010-09-30": "-0.36%", "2010-06-30": "0.15%", "2010-03-31": "-1.23%", "2009-12-31": "-0.30%", "2009-09-30": "-1.58%", "2009-06-30": "0.21%", "2009-03-31": "2.58%", "2008-12-31": "3.47%", "2008-09-30": "7.02%", "2008-06-30": "7.58%", "2008-03-31": "7.47%", "2007-12-31": "7.40%", "2007-09-30": "7.14%", "2007-06-30": "6.57%", "2007-03-31": "5.56%", "2006-12-31": "5.48%", "2006-09-30": "4.77%", "2006-06-30": "1.81%", "2006-03-31": "2.35%", "2005-12-31": "2.02%"}, "pe ratio": {"current": "23.81", "2021-02-11": "158.25", "2020-12-31": "151.03", "2020-09-30": "30.32", "2020-06-30": "20.05", "2020-03-31": "8.97", "2019-12-31": "12.68", "2019-09-30": "13.34", "2019-06-30": "10.64", "2019-03-31": "10.28", "2018-12-31": "9.41", "2018-09-30": "20.63", "2018-06-30": "36.65", "2018-03-31": "39.38", "2017-12-31": "49.38", "2017-09-30": "23.09", "2017-06-30": "14.32", "2017-03-31": "14.11", "2016-12-31": "13.66", "2016-09-30": "11.05", "2016-06-30": "13.69", "2016-03-31": "13.91", "2015-12-31": "16.59", "2015-09-30": "15.22", "2015-06-30": "18.49", "2015-03-31": "19.08", "2014-12-31": "19.47", "2014-09-30": "18.06", "2014-06-30": "21.62", "2014-03-31": "23.66", "2013-12-31": "20.74", "2013-09-30": "16.31", "2013-06-30": "14.04", "2013-03-31": "14.61", "2012-12-31": "12.20", "2012-09-30": "18.13", "2012-06-30": "17.72", "2012-03-31": "25.08", "2011-12-31": "23.27", "2011-09-30": "16.63", "2011-06-30": "57.80", "2011-03-31": "70.51", "2010-12-31": "88.88", "2010-09-30": "0.00", "2010-06-30": "827.82", "2010-03-31": "0.00", "2009-12-31": "0.00", "2009-09-30": "0.00", "2009-06-30": "93.86", "2009-03-31": "4.15", "2008-12-31": "7.05", "2008-09-30": "7.39", "2008-06-30": "11.53", "2008-03-31": "13.95", "2007-12-31": "18.60", "2007-09-30": "17.30", "2007-06-30": "16.97", "2007-03-31": "16.96", "2006-12-31": "18.66"}, "price sales": {"2021-02-11": "1.00", "2020-12-31": "0.95", "2020-09-30": "0.69", "2020-06-30": "0.60", "2020-03-31": "0.46", "2019-12-31": "0.76", "2019-09-30": "0.87", "2019-06-30": "0.97", "2019-03-31": "0.91", "2018-12-31": "0.84", "2018-09-30": "1.30", "2018-06-30": "1.19", "2018-03-31": "1.09", "2017-12-31": "1.07", "2017-09-30": "1.03", "2017-06-30": "0.92", "2017-03-31": "0.94", "2016-12-31": "0.95", "2016-09-30": "0.78", "2016-06-30": "0.72", "2016-03-31": "0.74", "2015-12-31": "0.87", "2015-09-30": "0.77", "2015-06-30": "0.90", "2015-03-31": "0.88", "2014-12-31": "0.85", "2014-09-30": "0.76", "2014-06-30": "0.84", "2014-03-31": "0.91", "2013-12-31": "0.85", "2013-09-30": "0.65", "2013-06-30": "0.62", "2013-03-31": "0.71", "2012-12-31": "0.59", "2012-09-30": "0.63", "2012-06-30": "0.61", "2012-03-31": "0.71", "2011-12-31": "0.50", "2011-09-30": "0.48", "2011-06-30": "0.65", "2011-03-31": "0.74", "2010-12-31": "0.63", "2010-09-30": "0.55", "2010-06-30": "0.45", "2010-03-31": "0.55", "2009-12-31": "0.46", "2009-09-30": "0.42", "2009-06-30": "0.19", "2009-03-31": "0.11", "2008-12-31": "0.24", "2008-09-30": "0.52", "2008-06-30": "0.87", "2008-03-31": "1.04", "2007-12-31": "1.37", "2007-09-30": "1.24", "2007-06-30": "1.12", "2007-03-31": "0.95", "2006-12-31": "1.03"}, "price book": {"current": "1.93", "2021-02-11": "2.02", "2020-09-30": "1.44", "2020-06-30": "1.36", "2020-03-31": "1.09", "2019-12-31": "1.84", "2019-09-30": "2.04", "2019-06-30": "2.28", "2019-03-31": "2.24", "2018-12-31": "2.08", "2018-09-30": "3.12", "2018-06-30": "3.05", "2018-03-31": "2.64", "2017-12-31": "2.61", "2017-09-30": "2.43", "2017-06-30": "2.18", "2017-03-31": "2.27", "2016-12-31": "2.34", "2016-09-30": "1.89", "2016-06-30": "1.88", "2016-03-31": "1.95", "2015-12-31": "2.30", "2015-09-30": "2.17", "2015-06-30": "2.65", "2015-03-31": "2.77", "2014-12-31": "2.70", "2014-09-30": "2.15", "2014-06-30": "2.31", "2014-03-31": "2.48", "2013-12-31": "2.34", "2013-09-30": "2.14", "2013-06-30": "2.13", "2013-03-31": "2.58", "2012-12-31": "2.21", "2012-09-30": "2.19", "2012-06-30": "2.21", "2012-03-31": "2.63", "2011-12-31": "1.84", "2011-09-30": "1.45", "2011-06-30": "2.02", "2011-03-31": "2.43", "2010-12-31": "2.14", "2010-09-30": "1.85", "2010-06-30": "1.56", "2010-03-31": "1.99", "2009-12-31": "1.76", "2009-09-30": "1.69", "2009-06-30": "0.87", "2009-03-31": "0.55", "2008-12-31": "1.37", "2008-09-30": "1.90", "2008-06-30": "2.97", "2008-03-31": "3.62", "2007-12-31": "4.77", "2007-09-30": "4.60", "2007-06-30": "4.36", "2007-03-31": "3.87", "2006-12-31": "4.11", "2006-09-30": "3.32", "2006-06-30": "3.53", "2006-03-31": "3.32"}, "price fcf": {"2021-02-11": "", "2020-09-30": "$3.08", "2020-06-30": "$2.65", "2020-03-31": "$2.12", "2019-12-31": "$2.90", "2019-09-30": "$1.09", "2019-06-30": "$1.15", "2019-03-31": "$2.37", "2018-12-31": "$2.91", "2018-09-30": "$3.52", "2018-06-30": "$2.53", "2018-03-31": "$2.36", "2017-12-31": "$1.91", "2017-09-30": "$2.60", "2017-06-30": "$2.94", "2017-03-31": "$1.56", "2016-12-31": "$1.76", "2016-09-30": "$1.34", "2016-06-30": "$1.42", "2016-03-31": "$1.89", "2015-12-31": "$2.40", "2015-09-30": "$2.12", "2015-06-30": "$2.24", "2015-03-31": "$2.74", "2014-12-31": "$2.76", "2014-09-30": "$3.93", "2014-06-30": "$4.87", "2014-03-31": "$3.23", "2013-12-31": "$1.91", "2013-09-30": "$-0.29", "2013-06-30": "$-0.35", "2013-03-31": "$0.98", "2012-12-31": "$1.52", "2012-09-30": "$1.43", "2012-06-30": "$1.25", "2012-03-31": "$0.96", "2011-12-31": "$2.08", "2011-09-30": "$1.73", "2011-06-30": "$2.41", "2011-03-31": "$3.14", "2010-12-31": "$2.79", "2010-09-30": "$4.49", "2010-06-30": "$4.58", "2010-03-31": "$4.20", "2009-12-31": "$3.85", "2009-09-30": "$1.59", "2009-06-30": "$0.24", "2009-03-31": "$0.09", "2008-12-31": "$0.91", "2008-09-30": "$2.47", "2008-06-30": "$3.50", "2008-03-31": "$3.35", "2007-12-31": "$2.72", "2007-09-30": "$2.48", "2007-06-30": "$1.71", "2007-03-31": "$1.59", "2006-12-31": "$2.14"}, "net worth": {"value": "$11.28B"}, "current ratio": {"2020-12-31": "2.26", "2020-09-30": "2.33", "2020-06-30": "2.19", "2020-03-31": "2.07", "2019-12-31": "2.06", "2019-09-30": "2.15", "2019-06-30": "2.17", "2019-03-31": "2.17", "2018-12-31": "2.14", "2018-09-30": "2.29", "2018-06-30": "2.27", "2018-03-31": "2.31", "2017-12-31": "2.19", "2017-09-30": "2.08", "2017-06-30": "2.05", "2017-03-31": "2.03", "2016-12-31": "2.09", "2016-09-30": "2.21", "2016-06-30": "2.12", "2016-03-31": "2.03", "2015-12-31": "2.01", "2015-09-30": "1.91", "2015-06-30": "1.99", "2015-03-31": "2.10", "2014-12-31": "2.02", "2014-09-30": "1.95", "2014-06-30": "2.02", "2014-03-31": "2.00", "2013-12-31": "2.37", "2013-09-30": "1.28", "2013-06-30": "2.30", "2013-03-31": "2.19", "2012-12-31": "2.11", "2012-09-30": "2.36", "2012-06-30": "2.34", "2012-03-31": "2.43", "2011-12-31": "2.74", "2011-09-30": "1.53", "2011-06-30": "2.99", "2011-03-31": "3.31", "2010-12-31": "3.52", "2010-09-30": "3.75", "2010-06-30": "4.16", "2010-03-31": "4.42", "2009-12-31": "4.64", "2009-09-30": "4.34", "2009-06-30": "4.42", "2009-03-31": "3.97", "2008-12-31": "2.89", "2008-09-30": "2.97", "2008-06-30": "3.13", "2008-03-31": "3.23", "2007-12-31": "3.21", "2007-09-30": "3.88", "2007-06-30": "4.14", "2007-03-31": "4.10", "2006-12-31": "4.19", "2006-09-30": "4.42", "2006-06-30": "3.77", "2006-03-31": "3.87", "2005-12-31": "3.70", "2005-09-30": "4.09", "2005-06-30": "4.02", "2005-03-31": "4.11"}, "quick ratio": {"2020-12-31": "1.19", "2020-09-30": "1.27", "2020-06-30": "1.15", "2020-03-31": "1.10", "2019-12-31": "1.00", "2019-09-30": "0.97", "2019-06-30": "0.97", "2019-03-31": "0.99", "2018-12-31": "1.05", "2018-09-30": "1.11", "2018-06-30": "1.11", "2018-03-31": "1.09", "2017-12-31": "1.06", "2017-09-30": "0.96", "2017-06-30": "0.89", "2017-03-31": "0.86", "2016-12-31": "0.95", "2016-09-30": "0.88", "2016-06-30": "0.88", "2016-03-31": "0.87", "2015-12-31": "0.92", "2015-09-30": "0.82", "2015-06-30": "0.89", "2015-03-31": "0.97", "2014-12-31": "0.94", "2014-09-30": "0.90", "2014-06-30": "1.00", "2014-03-31": "1.01", "2013-12-31": "1.38", "2013-09-30": "0.69", "2013-06-30": "1.23", "2013-03-31": "1.26", "2012-12-31": "1.34", "2012-09-30": "1.48", "2012-06-30": "1.48", "2012-03-31": "1.61", "2011-12-31": "1.92", "2011-09-30": "1.11", "2011-06-30": "2.14", "2011-03-31": "2.43", "2010-12-31": "2.67", "2010-09-30": "2.75", "2010-06-30": "3.22", "2010-03-31": "3.51", "2009-12-31": "3.81", "2009-09-30": "3.47", "2009-06-30": "3.43", "2009-03-31": "3.05", "2008-12-31": "2.25", "2008-09-30": "2.29", "2008-06-30": "2.39", "2008-03-31": "2.50", "2007-12-31": "2.61", "2007-09-30": "3.12", "2007-06-30": "3.34", "2007-03-31": "3.34", "2006-12-31": "3.50", "2006-09-30": "3.67", "2006-06-30": "3.14", "2006-03-31": "3.26", "2005-12-31": "3.16", "2005-09-30": "3.35", "2005-06-30": "3.31", "2005-03-31": "3.39"}, "debt equity ratio": {"current": "0.55", "2020-12-31": "1.64", "2020-09-30": "1.76", "2020-06-30": "1.80", "2020-03-31": "1.88", "2019-12-31": "1.72", "2019-09-30": "1.76", "2019-06-30": "1.77", "2019-03-31": "1.77", "2018-12-31": "1.75", "2018-09-30": "1.65", "2018-06-30": "1.72", "2018-03-31": "1.63", "2017-12-31": "1.72", "2017-09-30": "1.73", "2017-06-30": "1.78", "2017-03-31": "1.81", "2016-12-31": "1.76", "2016-09-30": "1.68", "2016-06-30": "1.90", "2016-03-31": "2.03", "2015-12-31": "1.96", "2015-09-30": "2.17", "2015-06-30": "2.25", "2015-03-31": "2.36", "2014-12-31": "2.42", "2014-09-30": "2.22", "2014-06-30": "2.31", "2014-03-31": "2.43", "2013-12-31": "1.95", "2013-09-30": "2.48", "2013-06-30": "2.68", "2013-03-31": "2.99", "2012-12-31": "3.36", "2012-09-30": "2.95", "2012-06-30": "3.21", "2012-03-31": "3.56", "2011-12-31": "3.96", "2011-09-30": "3.61", "2011-06-30": "3.68", "2011-03-31": "3.93", "2010-12-31": "4.14", "2010-09-30": "4.36", "2010-06-30": "4.88", "2010-03-31": "5.38", "2009-12-31": "5.70", "2009-09-30": "5.74", "2009-06-30": "5.80", "2009-03-31": "7.31", "2008-12-31": "7.47", "2008-09-30": "4.85", "2008-06-30": "4.46", "2008-03-31": "4.78", "2007-12-31": "4.70", "2007-09-30": "4.86", "2007-06-30": "5.18", "2007-03-31": "5.61", "2006-12-31": "5.63", "2006-09-30": "4.74", "2006-06-30": "4.74", "2006-03-31": "4.13", "2005-12-31": "4.04", "2005-09-30": "3.84", "2005-06-30": "3.42", "2005-03-31": "3.42"}, "return on equity": {"2020-12-31": "5.46%", "2020-09-30": "4.87%", "2020-06-30": "6.84%", "2020-03-31": "12.56%", "2019-12-31": "15.14%", "2019-09-30": "16.25%", "2019-06-30": "22.62%", "2019-03-31": "22.73%", "2018-12-31": "22.43%", "2018-09-30": "15.64%", "2018-06-30": "8.28%", "2018-03-31": "6.92%", "2017-12-31": "5.40%", "2017-09-30": "11.07%", "2017-06-30": "15.81%", "2017-03-31": "16.61%", "2016-12-31": "17.98%", "2016-09-30": "18.74%", "2016-06-30": "14.70%", "2016-03-31": "14.94%", "2015-12-31": "14.95%", "2015-09-30": "15.21%", "2015-06-30": "14.94%", "2015-03-31": "14.44%", "2014-12-31": "13.49%", "2014-09-30": "12.40%", "2014-06-30": "11.71%", "2014-03-31": "11.82%", "2013-12-31": "13.75%", "2013-09-30": "14.63%", "2013-06-30": "16.56%", "2013-03-31": "18.81%", "2012-12-31": "19.13%", "2012-09-30": "13.99%", "2012-06-30": "13.68%", "2012-03-31": "10.90%", "2011-12-31": "7.88%", "2011-09-30": "10.26%", "2011-06-30": "4.30%", "2011-03-31": "4.13%", "2010-12-31": "2.94%", "2010-09-30": "-1.28%", "2010-06-30": "0.52%", "2010-03-31": "-4.33%", "2009-12-31": "-1.11%", "2009-09-30": "-6.61%", "2009-06-30": "0.89%", "2009-03-31": "11.22%", "2008-12-31": "14.63%", "2008-09-30": "26.37%", "2008-06-30": "28.50%", "2008-03-31": "28.89%", "2007-12-31": "29.91%", "2007-09-30": "30.02%", "2007-06-30": "27.25%", "2007-03-31": "22.09%", "2006-12-31": "19.97%", "2006-09-30": "16.55%", "2006-06-30": "5.92%", "2006-03-31": "7.26%", "2005-12-31": "5.88%"}, "return on assets": {"2020-12-31": "1.97%", "2020-09-30": "1.75%", "2020-06-30": "2.45%", "2020-03-31": "4.51%", "2019-12-31": "5.49%", "2019-09-30": "5.88%", "2019-06-30": "8.28%", "2019-03-31": "8.36%", "2018-12-31": "8.36%", "2018-09-30": "5.85%", "2018-06-30": "3.07%", "2018-03-31": "2.55%", "2017-12-31": "1.96%", "2017-09-30": "4.00%", "2017-06-30": "5.74%", "2017-03-31": "5.96%", "2016-12-31": "6.34%", "2016-09-30": "6.49%", "2016-06-30": "4.88%", "2016-03-31": "4.82%", "2015-12-31": "4.70%", "2015-09-30": "4.62%", "2015-06-30": "4.51%", "2015-03-31": "4.34%", "2014-12-31": "4.04%", "2014-09-30": "3.84%", "2014-06-30": "3.57%", "2014-03-31": "3.51%", "2013-12-31": "3.95%", "2013-09-30": "3.80%", "2013-06-30": "4.16%", "2013-03-31": "4.56%", "2012-12-31": "4.49%", "2012-09-30": "3.18%", "2012-06-30": "2.99%", "2012-03-31": "2.32%", "2011-12-31": "1.65%", "2011-09-30": "2.12%", "2011-06-30": "0.86%", "2011-03-31": "0.78%", "2010-12-31": "0.52%", "2010-09-30": "-0.21%", "2010-06-30": "0.08%", "2010-03-31": "-0.65%", "2009-12-31": "-0.16%", "2009-09-30": "-0.88%", "2009-06-30": "0.12%", "2009-03-31": "1.66%", "2008-12-31": "2.37%", "2008-09-30": "4.63%", "2008-06-30": "5.01%", "2008-03-31": "4.93%", "2007-12-31": "4.94%", "2007-09-30": "4.77%", "2007-06-30": "4.35%", "2007-03-31": "3.59%", "2006-12-31": "3.46%", "2006-09-30": "3.07%", "2006-06-30": "1.14%", "2006-03-31": "1.50%", "2005-12-31": "1.26%"}, "return on investments": {"2020-12-31": "41.88%", "2020-09-30": "6.00%", "2020-06-30": "7.33%", "2020-03-31": "10.84%", "2019-12-31": "12.07%", "2019-09-30": "12.97%", "2019-06-30": "12.27%", "2019-03-31": "12.05%", "2018-12-31": "11.94%", "2018-09-30": "10.92%", "2018-06-30": "11.51%", "2018-03-31": "11.36%", "2017-12-31": "10.96%", "2017-09-30": "11.19%", "2017-06-30": "11.25%", "2017-03-31": "11.77%", "2016-12-31": "12.69%", "2016-09-30": "13.27%", "2016-06-30": "14.08%", "2016-03-31": "14.08%", "2015-12-31": "13.91%", "2015-09-30": "14.62%", "2015-06-30": "14.39%", "2015-03-31": "13.96%", "2014-12-31": "13.26%", "2014-09-30": "11.93%", "2014-06-30": "11.28%", "2014-03-31": "11.28%", "2013-12-31": "12.36%", "2013-09-30": "12.74%", "2013-06-30": "13.83%", "2013-03-31": "15.33%", "2012-12-31": "15.72%", "2012-09-30": "14.54%", "2012-06-30": "13.73%", "2012-03-31": "11.86%", "2011-12-31": "9.78%", "2011-09-30": "9.02%", "2011-06-30": "7.46%", "2011-03-31": "7.16%", "2010-12-31": "7.00%", "2010-09-30": "6.58%", "2010-06-30": "6.14%", "2010-03-31": "5.34%", "2009-12-31": "5.36%", "2009-09-30": "6.94%", "2009-06-30": "9.37%", "2009-03-31": "12.10%", "2008-12-31": "14.45%", "2008-09-30": "14.68%", "2008-06-30": "15.03%", "2008-03-31": "14.82%", "2007-12-31": "14.86%", "2007-09-30": "14.59%", "2007-06-30": "13.91%", "2007-03-31": "13.48%", "2006-12-31": "12.78%", "2006-09-30": "12.76%", "2006-06-30": "12.20%", "2006-03-31": "11.82%", "2005-12-31": "11.41%"}, "return on tangible equity": {"2020-09-30": "7.94%", "2020-06-30": "11.22%", "2020-03-31": "20.71%", "2019-12-31": "25.16%", "2019-09-30": "27.44%", "2019-06-30": "38.29%", "2019-03-31": "38.61%", "2018-12-31": "38.23%", "2018-09-30": "26.57%", "2018-06-30": "14.09%", "2018-03-31": "11.78%", "2017-12-31": "9.21%", "2017-09-30": "18.55%", "2017-06-30": "26.18%", "2017-03-31": "27.44%", "2016-12-31": "29.75%", "2016-09-30": "31.38%", "2016-06-30": "25.24%", "2016-03-31": "25.97%", "2015-12-31": "26.36%", "2015-09-30": "27.65%", "2015-06-30": "27.29%", "2015-03-31": "26.39%", "2014-12-31": "24.61%", "2014-09-30": "21.86%", "2014-06-30": "20.82%", "2014-03-31": "21.46%", "2013-12-31": "25.65%", "2013-09-30": "29.66%", "2013-06-30": "34.16%", "2013-03-31": "39.46%", "2012-12-31": "40.95%", "2012-09-30": "30.57%", "2012-06-30": "29.88%", "2012-03-31": "23.73%", "2011-12-31": "16.95%", "2011-09-30": "21.61%", "2011-06-30": "9.31%", "2011-03-31": "9.10%", "2010-12-31": "6.58%", "2010-09-30": "-2.91%", "2010-06-30": "1.20%", "2010-03-31": "-10.17%", "2009-12-31": "-2.78%", "2009-09-30": "-18.02%", "2009-06-30": "2.40%", "2009-03-31": "30.58%", "2008-12-31": "39.24%", "2008-09-30": "66.64%", "2008-06-30": "67.68%", "2008-03-31": "64.54%", "2007-12-31": "62.39%", "2007-09-30": "60.28%", "2007-06-30": "52.95%", "2007-03-31": "40.93%", "2006-12-31": "34.14%", "2006-09-30": "26.37%", "2006-06-30": "9.41%", "2006-03-31": "11.83%", "2005-12-31": "9.97%"}, "dividend yield history": {"last payout": "$0.08", "last yield": "0.16%"}}