{"ticker": "TYL", "price": {"title": "Tyler Technologies Historical Annual Stock Price Data", "value": 422.12, "historical": {"2021": {"Average Stock Price": "427.7933", "Year Open": "431.6100", "Year High": "437.6700", "Year Low": "419.2200", "Year Close": "422.1200", "Annual % Change": "-3.30%"}, "2020": {"Average Stock Price": "351.3347", "Year Open": "306.2400", "Year High": "461.8600", "Year Low": "260.7600", "Year Close": "436.5200", "Annual % Change": "45.50%"}, "2019": {"Average Stock Price": "235.1117", "Year Open": "182.2400", "Year High": "300.5700", "Year Low": "176.6300", "Year Close": "300.0200", "Annual % Change": "61.46%"}, "2018": {"Average Stock Price": "215.2588", "Year Open": "178.6900", "Year High": "250.8000", "Year Low": "173.8500", "Year Close": "185.8200", "Annual % Change": "4.95%"}, "2017": {"Average Stock Price": "166.9717", "Year Open": "144.7700", "Year High": "184.1100", "Year Low": "144.7700", "Year Close": "177.0500", "Annual % Change": "24.01%"}, "2016": {"Average Stock Price": "152.2692", "Year Open": "167.0300", "Year High": "175.4700", "Year Low": "119.5000", "Year Close": "142.7700", "Annual % Change": "-18.10%"}, "2015": {"Average Stock Price": "138.3702", "Year Open": "107.8500", "Year High": "180.6100", "Year Low": "104.1700", "Year Close": "174.3200", "Annual % Change": "59.28%"}, "2014": {"Average Stock Price": "93.3859", "Year Open": "101.2900", "Year High": "114.0900", "Year Low": "76.0000", "Year Close": "109.4400", "Annual % Change": "7.16%"}, "2013": {"Average Stock Price": "73.8248", "Year Open": "50.0000", "Year High": "104.6200", "Year Low": "49.0600", "Year Close": "102.1300", "Annual % Change": "110.84%"}, "2012": {"Average Stock Price": "40.4286", "Year Open": "30.3400", "Year High": "49.0000", "Year Low": "30.3400", "Year Close": "48.4400", "Annual % Change": "60.88%"}, "2011": {"Average Stock Price": "25.3325", "Year Open": "20.7200", "Year High": "32.6500", "Year Low": "20.2800", "Year Close": "30.1100", "Annual % Change": "45.04%"}, "2010": {"Average Stock Price": "18.7262", "Year Open": "20.3000", "Year High": "22.0200", "Year Low": "15.0900", "Year Close": "20.7600", "Annual % Change": "4.27%"}, "2009": {"Average Stock Price": "15.9631", "Year Open": "11.9900", "Year High": "20.8800", "Year Low": "11.5100", "Year Close": "19.9100", "Annual % Change": "66.19%"}, "2008": {"Average Stock Price": "14.2345", "Year Open": "12.4700", "Year High": "17.1700", "Year Low": "11.0100", "Year Close": "11.9800", "Annual % Change": "-7.06%"}, "2007": {"Average Stock Price": "13.5633", "Year Open": "14.4400", "Year High": "16.1600", "Year Low": "11.7700", "Year Close": "12.8900", "Annual % Change": "-8.32%"}, "2006": {"Average Stock Price": "11.6246", "Year Open": "8.9100", "Year High": "14.7900", "Year Low": "8.6800", "Year Close": "14.0600", "Annual % Change": "60.14%"}, "2005": {"Average Stock Price": "7.6346", "Year Open": "8.1900", "Year High": "9.1000", "Year Low": "5.6900", "Year Close": "8.7800", "Annual % Change": "5.02%"}, "2004": {"Average Stock Price": "9.0513", "Year Open": "9.7700", "Year High": "10.9900", "Year Low": "7.6900", "Year Close": "8.3600", "Annual % Change": "-13.19%"}, "2003": {"Average Stock Price": "5.5201", "Year Open": "4.0600", "Year High": "10.0000", "Year Low": "3.4100", "Year Close": "9.6300", "Annual % Change": "130.94%"}, "2002": {"Average Stock Price": "4.5841", "Year Open": "4.6800", "Year High": "5.9800", "Year Low": "3.0700", "Year Close": "4.1700", "Annual % Change": "-8.35%"}, "2001": {"Average Stock Price": "2.5070", "Year Open": "1.7500", "Year High": "4.5500", "Year Low": "1.1200", "Year Close": "4.5500", "Annual % Change": "169.23%"}, "2000": {"Average Stock Price": "3.5155", "Year Open": "5.8800", "Year High": "8.0000", "Year Low": "1.1200", "Year Close": "1.6900", "Annual % Change": "-69.27%"}, "1999": {"Average Stock Price": "5.1875", "Year Open": "6.0000", "Year High": "6.5000", "Year Low": "3.6200", "Year Close": "5.5000", "Annual % Change": "-10.13%"}, "1998": {"Average Stock Price": "8.0740", "Year Open": "5.6900", "Year High": "11.3100", "Year Low": "5.4400", "Year Close": "6.1200", "Annual % Change": "11.27%"}, "1997": {"Average Stock Price": "2.8980", "Year Open": "2.0000", "Year High": "5.7500", "Year Low": "1.5000", "Year Close": "5.5000", "Annual % Change": "192.55%"}, "1996": {"Average Stock Price": "2.1991", "Year Open": "2.8800", "Year High": "3.0000", "Year Low": "1.3800", "Year Close": "1.8800", "Annual % Change": "-31.64%"}, "1995": {"Average Stock Price": "3.1410", "Year Open": "3.2500", "Year High": "3.8800", "Year Low": "2.6200", "Year Close": "2.7500", "Annual % Change": "-15.38%"}, "1994": {"Average Stock Price": "4.9040", "Year Open": "5.3800", "Year High": "6.3800", "Year Low": "3.1200", "Year Close": "3.2500", "Annual % Change": "-38.10%"}, "1993": {"Average Stock Price": "4.8947", "Year Open": "4.5000", "Year High": "5.2500", "Year Low": "4.3800", "Year Close": "5.2500", "Annual % Change": "13.64%"}, "1992": {"Average Stock Price": "4.4834", "Year Open": "2.7500", "Year High": "5.5000", "Year Low": "2.7500", "Year Close": "4.6200", "Annual % Change": "60.42%"}, "1991": {"Average Stock Price": "2.9662", "Year Open": "3.1200", "Year High": "3.3800", "Year Low": "2.5000", "Year Close": "2.8800", "Annual % Change": "-7.69%"}, "1990": {"Average Stock Price": "5.2888", "Year Open": "8.7500", "Year High": "9.0000", "Year Low": "2.7500", "Year Close": "3.1200", "Annual % Change": "-63.81%"}, "1989": {"Average Stock Price": "7.3036", "Year Open": "6.2500", "Year High": "10.0000", "Year Low": "5.0000", "Year Close": "8.6200", "Annual % Change": "35.11%"}, "1988": {"Average Stock Price": "11.1200", "Year Open": "10.6300", "Year High": "18.0000", "Year Low": "5.6200", "Year Close": "6.3800", "Annual % Change": "-37.76%"}}}, "market cap": {"value": "$17.02B"}, "income statement": {"Revenue": {"2019-12-31": "1086.42700", "2018-12-31": "935.28200", "2017-12-31": "840.89900", "2016-12-31": "759.88000", "2015-12-31": "591.02200", "2014-12-31": "493.10100", "2013-12-31": "416.64300", "2012-12-31": "363.30400", "2011-12-31": "309.39100", "2010-12-31": "288.62800", "2009-12-31": "290.28600", "2008-12-31": "265.10100", "2007-12-31": "219.79600", "2006-12-31": "195.30300", "2005-12-31": "170.45700"}, "Cost Of Goods Sold": {"2019-12-31": "569.52700", "2018-12-31": "495.70400", "2017-12-31": "441.52200", "2016-12-31": "400.69200", "2015-12-31": "313.83500", "2014-12-31": "259.73000", "2013-12-31": "223.44000", "2012-12-31": "195.60200", "2011-12-31": "167.47900", "2010-12-31": "160.31100", "2009-12-31": "161.52300", "2008-12-31": "155.31400", "2007-12-31": "135.37100", "2006-12-31": "120.49900", "2005-12-31": "108.97000"}, "Gross Profit": {"2019-12-31": "516.90000", "2018-12-31": "439.57800", "2017-12-31": "399.37700", "2016-12-31": "359.18800", "2015-12-31": "277.18700", "2014-12-31": "233.37100", "2013-12-31": "193.20300", "2012-12-31": "167.70200", "2011-12-31": "141.91200", "2010-12-31": "128.31700", "2009-12-31": "128.76300", "2008-12-31": "109.78700", "2007-12-31": "84.42500", "2006-12-31": "74.80400", "2005-12-31": "61.48700"}, "Research And Development Expenses": {"2019-12-31": "81.34200", "2018-12-31": "63.26400", "2017-12-31": "47.32400", "2016-12-31": "43.15400", "2015-12-31": "29.92200", "2014-12-31": "25.74300", "2013-12-31": "23.26900", "2012-12-31": "20.14000", "2011-12-31": "16.41400", "2010-12-31": "13.97100", "2009-12-31": "11.15900", "2008-12-31": "7.28600", "2007-12-31": "4.44300", "2006-12-31": "3.32200", "2005-12-31": "2.42100"}, "SG&A Expenses": {"2019-12-31": "257.74600", "2018-12-31": "207.60500", "2017-12-31": "175.91400", "2016-12-31": "165.17600", "2015-12-31": "133.31700", "2014-12-31": "108.26000", "2013-12-31": "98.28900", "2012-12-31": "86.70600", "2011-12-31": "75.65000", "2010-12-31": "69.48000", "2009-12-31": "70.11500", "2008-12-31": "62.92300", "2007-12-31": "51.72400", "2006-12-31": "48.38900", "2005-12-31": "43.82100"}, "Other Operating Income Or Expenses": {"2019-12-31": "", "2018-12-31": "", "2017-12-31": "", "2016-12-31": "", "2015-12-31": "", "2014-12-31": "", "2013-12-31": "", "2012-12-31": "", "2011-12-31": "", "2010-12-31": "", "2009-12-31": "", "2008-12-31": "-9.04500", "2007-12-31": "", "2006-12-31": "", "2005-12-31": ""}, "Operating Expenses": {"2019-12-31": "930.05990", "2018-12-31": "782.79000", "2017-12-31": "678.14100", "2016-12-31": "622.22400", "2015-12-31": "482.97900", "2014-12-31": "398.27900", "2013-12-31": "349.51500", "2012-12-31": "306.72700", "2011-12-31": "262.87400", "2010-12-31": "246.98700", "2009-12-31": "245.50200", "2008-12-31": "237.00600", "2007-12-31": "193.01600", "2006-12-31": "173.52800", "2005-12-31": "157.73800"}, "Operating Income": {"2019-12-31": "156.36710", "2018-12-31": "152.49200", "2017-12-31": "162.75800", "2016-12-31": "137.65600", "2015-12-31": "108.04300", "2014-12-31": "94.82200", "2013-12-31": "67.12800", "2012-12-31": "56.57700", "2011-12-31": "46.51700", "2010-12-31": "41.64100", "2009-12-31": "44.78400", "2008-12-31": "28.09500", "2007-12-31": "26.78000", "2006-12-31": "21.77500", "2005-12-31": "12.71900"}, "Total Non-Operating Income/Expense": {"2019-12-31": "3.47100", "2018-12-31": "3.37800", "2017-12-31": "0.69800", "2016-12-31": "-1.99800", "2015-12-31": "0.38100", "2014-12-31": "-0.35500", "2013-12-31": "-1.30900", "2012-12-31": "-2.70900", "2011-12-31": "-2.40400", "2010-12-31": "-1.74200", "2009-12-31": "-0.14600", "2008-12-31": "1.18100", "2007-12-31": "1.80000", "2006-12-31": "1.08000", "2005-12-31": "0.90600"}, "Pre-Tax Income": {"2019-12-31": "159.83800", "2018-12-31": "155.87000", "2017-12-31": "163.45600", "2016-12-31": "135.65800", "2015-12-31": "108.42400", "2014-12-31": "94.46700", "2013-12-31": "65.81900", "2012-12-31": "53.86800", "2011-12-31": "44.11300", "2010-12-31": "39.89900", "2009-12-31": "44.63800", "2008-12-31": "29.27600", "2007-12-31": "28.58000", "2006-12-31": "22.85500", "2005-12-31": "13.62500"}, "Income Taxes": {"2019-12-31": "13.31100", "2018-12-31": "8.40800", "2017-12-31": "-6.11500", "2016-12-31": "21.95700", "2015-12-31": "43.55500", "2014-12-31": "35.52700", "2013-12-31": "26.71800", "2012-12-31": "20.87400", "2011-12-31": "16.55600", "2010-12-31": "14.84500", "2009-12-31": "17.62800", "2008-12-31": "14.41400", "2007-12-31": "11.07900", "2006-12-31": "8.49300", "2005-12-31": "5.43200"}, "Income After Taxes": {"2019-12-31": "146.52700", "2018-12-31": "147.46200", "2017-12-31": "169.57100", "2016-12-31": "113.70100", "2015-12-31": "64.86900", "2014-12-31": "58.94000", "2013-12-31": "39.10100", "2012-12-31": "32.99400", "2011-12-31": "27.55700", "2010-12-31": "25.05400", "2009-12-31": "27.01000", "2008-12-31": "14.86200", "2007-12-31": "17.50100", "2006-12-31": "14.36200", "2005-12-31": "8.19300"}, "Other Income": {"2019-12-31": "", "2018-12-31": "", "2017-12-31": "", "2016-12-31": "", "2015-12-31": "", "2014-12-31": "", "2013-12-31": "", "2012-12-31": "", "2011-12-31": "", "2010-12-31": "", "2009-12-31": "", "2008-12-31": "", "2007-12-31": "", "2006-12-31": "", "2005-12-31": ""}, "Income From Continuous Operations": {"2019-12-31": "146.52700", "2018-12-31": "147.46200", "2017-12-31": "169.57100", "2016-12-31": "113.70100", "2015-12-31": "64.86900", "2014-12-31": "58.94000", "2013-12-31": "39.10100", "2012-12-31": "32.99400", "2011-12-31": "27.55700", "2010-12-31": "25.05400", "2009-12-31": "27.01000", "2008-12-31": "14.86200", "2007-12-31": "17.50100", "2006-12-31": "14.36200", "2005-12-31": "8.19300"}, "Income From Discontinued Operations": {"2019-12-31": "", "2018-12-31": "", "2017-12-31": "", "2016-12-31": "", "2015-12-31": "", "2014-12-31": "", "2013-12-31": "", "2012-12-31": "", "2011-12-31": "", "2010-12-31": "", "2009-12-31": "", "2008-12-31": "", "2007-12-31": "", "2006-12-31": "", "2005-12-31": ""}, "Net Income": {"2019-12-31": "146.52700", "2018-12-31": "147.46200", "2017-12-31": "169.57100", "2016-12-31": "113.70100", "2015-12-31": "64.86900", "2014-12-31": "58.94000", "2013-12-31": "39.10100", "2012-12-31": "32.99400", "2011-12-31": "27.55700", "2010-12-31": "25.05400", "2009-12-31": "27.01000", "2008-12-31": "14.86200", "2007-12-31": "17.50100", "2006-12-31": "14.36200", "2005-12-31": "8.19300"}, "EBITDA": {"2019-12-31": "233.03910", "2018-12-31": "214.25100", "2017-12-31": "216.15300", "2016-12-31": "187.42900", "2015-12-31": "127.61700", "2014-12-31": "109.42700", "2013-12-31": "80.91400", "2012-12-31": "69.28800", "2011-12-31": "57.19300", "2010-12-31": "52.42900", "2009-12-31": "54.28100", "2008-12-31": "40.70600", "2007-12-31": "37.99100", "2006-12-31": "31.87700", "2005-12-31": "23.16200"}, "EBIT": {"2019-12-31": "156.36710", "2018-12-31": "152.49200", "2017-12-31": "162.75800", "2016-12-31": "137.65600", "2015-12-31": "108.04300", "2014-12-31": "94.82200", "2013-12-31": "67.12800", "2012-12-31": "56.57700", "2011-12-31": "46.51700", "2010-12-31": "41.64100", "2009-12-31": "44.78400", "2008-12-31": "28.09500", "2007-12-31": "26.78000", "2006-12-31": "21.77500", "2005-12-31": "12.71900"}, "Basic Shares Outstanding": {"2019-12-31": "38.64000", "2018-12-31": "38.44500", "2017-12-31": "37.27300", "2016-12-31": "36.44800", "2015-12-31": "34.13700", "2014-12-31": "33.01100", "2013-12-31": "31.89100", "2012-12-31": "30.32700", "2011-12-31": "31.26700", "2010-12-31": "34.07500", "2009-12-31": "35.24000", "2008-12-31": "37.71400", "2007-12-31": "38.73500", "2006-12-31": "38.81700", "2005-12-31": "39.43900"}, "Shares Outstanding": {"2019-12-31": "40.10500", "2018-12-31": "40.12300", "2017-12-31": "39.24600", "2016-12-31": "38.96100", "2015-12-31": "36.55200", "2014-12-31": "35.40100", "2013-12-31": "34.59000", "2012-12-31": "32.91600", "2011-12-31": "33.15400", "2010-12-31": "35.52800", "2009-12-31": "36.62400", "2008-12-31": "39.18400", "2007-12-31": "41.35200", "2006-12-31": "41.86800", "2005-12-31": "42.07500"}, "Basic EPS": {"2019-12-31": "3.79000", "2018-12-31": "3.84000", "2017-12-31": "4.55000", "2016-12-31": "3.12000", "2015-12-31": "1.90000", "2014-12-31": "1.79000", "2013-12-31": "1.23000", "2012-12-31": "1.09000", "2011-12-31": "0.88000", "2010-12-31": "0.74000", "2009-12-31": "0.77000", "2008-12-31": "0.39000", "2007-12-31": "0.45000", "2006-12-31": "0.37000", "2005-12-31": "0.21000"}, "EPS - Earnings Per Share": {"2019-12-31": "3.65000", "2018-12-31": "3.68000", "2017-12-31": "4.32000", "2016-12-31": "2.92000", "2015-12-31": "1.77000", "2014-12-31": "1.66000", "2013-12-31": "1.13000", "2012-12-31": "1.00000", "2011-12-31": "0.83000", "2010-12-31": "0.71000", "2009-12-31": "0.74000", "2008-12-31": "0.38000", "2007-12-31": "0.42000", "2006-12-31": "0.34000", "2005-12-31": "0.19000"}}, "income statement, quarterly": {"Revenue": {"2020-09-30": "285.74600", "2020-06-30": "271.09100", "2020-03-31": "276.54100", "2019-12-31": "288.83700", "2019-09-30": "275.40000", "2019-06-30": "275.12400", "2019-03-31": "247.06600", "2018-12-31": "241.98100", "2018-09-30": "236.06700", "2018-06-30": "236.06000", "2018-03-31": "221.17400", "2017-12-31": "217.70100", "2017-09-30": "214.70600", "2017-06-30": "208.76300", "2017-03-31": "199.72900", "2016-12-31": "197.11800", "2016-09-30": "194.49700", "2016-06-30": "188.97200", "2016-03-31": "179.29300", "2015-12-31": "158.91600", "2015-09-30": "150.84500", "2015-06-30": "146.29500", "2015-03-31": "134.96600", "2014-12-31": "127.44000", "2014-09-30": "128.66400", "2014-06-30": "124.37100", "2014-03-31": "112.62600", "2013-12-31": "110.73500", "2013-09-30": "107.02100", "2013-06-30": "103.08800", "2013-03-31": "95.79900", "2012-12-31": "95.36800", "2012-09-30": "93.84500", "2012-06-30": "91.36800", "2012-03-31": "82.72300", "2011-12-31": "82.07900", "2011-09-30": "77.18400", "2011-06-30": "76.73500", "2011-03-31": "73.39300", "2010-12-31": "72.43900", "2010-09-30": "73.76900", "2010-06-30": "72.60000", "2010-03-31": "69.82000", "2009-12-31": "74.21700", "2009-09-30": "74.33200", "2009-06-30": "72.17200", "2009-03-31": "69.56500", "2008-12-31": "69.54400", "2008-09-30": "68.63700", "2008-06-30": "67.56900", "2008-03-31": "59.35100", "2007-12-31": "60.42000", "2007-09-30": "54.93200", "2007-06-30": "54.11200", "2007-03-31": "50.33200", "2006-12-31": "51.15500", "2006-09-30": "50.13900", "2006-06-30": "49.15100", "2006-03-31": "44.85800", "2005-12-31": "44.30700", "2005-09-30": "42.30600", "2005-06-30": "43.18500", "2005-03-31": "40.65900"}, "Cost Of Goods Sold": {"2020-09-30": "142.23700", "2020-06-30": "139.88800", "2020-03-31": "147.41000", "2019-12-31": "146.56200", "2019-09-30": "144.68300", "2019-06-30": "147.26400", "2019-03-31": "131.01800", "2018-12-31": "126.11000", "2018-09-30": "124.44100", "2018-06-30": "126.78400", "2018-03-31": "118.36900", "2017-12-31": "112.35100", "2017-09-30": "110.71700", "2017-06-30": "113.26000", "2017-03-31": "105.19400", "2016-12-31": "100.46400", "2016-09-30": "101.01700", "2016-06-30": "102.03600", "2016-03-31": "97.17500", "2015-12-31": "85.69400", "2015-09-30": "79.01200", "2015-06-30": "78.04200", "2015-03-31": "71.08700", "2014-12-31": "66.94900", "2014-09-30": "66.87200", "2014-06-30": "65.81300", "2014-03-31": "60.09600", "2013-12-31": "57.96800", "2013-09-30": "57.47200", "2013-06-30": "56.04600", "2013-03-31": "51.95400", "2012-12-31": "50.72800", "2012-09-30": "48.90100", "2012-06-30": "50.66900", "2012-03-31": "45.30400", "2011-12-31": "43.05900", "2011-09-30": "41.05200", "2011-06-30": "42.59800", "2011-03-31": "40.77000", "2010-12-31": "39.82300", "2010-09-30": "40.56200", "2010-06-30": "40.12500", "2010-03-31": "39.80100", "2009-12-31": "40.97800", "2009-09-30": "41.09700", "2009-06-30": "40.17500", "2009-03-31": "39.27300", "2008-12-31": "40.59900", "2008-09-30": "38.68700", "2008-06-30": "38.48000", "2008-03-31": "37.54800", "2007-12-31": "35.98400", "2007-09-30": "33.30200", "2007-06-30": "33.77500", "2007-03-31": "32.31000", "2006-12-31": "30.91600", "2006-09-30": "29.98200", "2006-06-30": "30.20500", "2006-03-31": "29.39600", "2005-12-31": "27.60700", "2005-09-30": "26.48400", "2005-06-30": "27.13500", "2005-03-31": "27.74400"}, "Gross Profit": {"2020-09-30": "143.50900", "2020-06-30": "131.20300", "2020-03-31": "129.13100", "2019-12-31": "142.27500", "2019-09-30": "130.71700", "2019-06-30": "127.86000", "2019-03-31": "116.04800", "2018-12-31": "115.87100", "2018-09-30": "111.62600", "2018-06-30": "109.27600", "2018-03-31": "102.80500", "2017-12-31": "105.35000", "2017-09-30": "103.98900", "2017-06-30": "95.50300", "2017-03-31": "94.53500", "2016-12-31": "96.65400", "2016-09-30": "93.48000", "2016-06-30": "86.93600", "2016-03-31": "82.11800", "2015-12-31": "73.22200", "2015-09-30": "71.83300", "2015-06-30": "68.25300", "2015-03-31": "63.87900", "2014-12-31": "60.49100", "2014-09-30": "61.79200", "2014-06-30": "58.55800", "2014-03-31": "52.53000", "2013-12-31": "52.76700", "2013-09-30": "49.54900", "2013-06-30": "47.04200", "2013-03-31": "43.84500", "2012-12-31": "44.64000", "2012-09-30": "44.94400", "2012-06-30": "40.69900", "2012-03-31": "37.41900", "2011-12-31": "39.02000", "2011-09-30": "36.13200", "2011-06-30": "34.13700", "2011-03-31": "32.62300", "2010-12-31": "32.61600", "2010-09-30": "33.20700", "2010-06-30": "32.47500", "2010-03-31": "30.01900", "2009-12-31": "33.23900", "2009-09-30": "33.23500", "2009-06-30": "31.99700", "2009-03-31": "30.29200", "2008-12-31": "28.94500", "2008-09-30": "29.95000", "2008-06-30": "29.08900", "2008-03-31": "21.80300", "2007-12-31": "24.43600", "2007-09-30": "21.63000", "2007-06-30": "20.33700", "2007-03-31": "18.02200", "2006-12-31": "20.23900", "2006-09-30": "20.15700", "2006-06-30": "18.94600", "2006-03-31": "15.46200", "2005-12-31": "16.70000", "2005-09-30": "15.82200", "2005-06-30": "16.05000", "2005-03-31": "12.91500"}, "Research And Development Expenses": {"2020-09-30": "21.64200", "2020-06-30": "21.94900", "2020-03-31": "22.36100", "2019-12-31": "21.17000", "2019-09-30": "21.13000", "2019-06-30": "20.10100", "2019-03-31": "18.94100", "2018-12-31": "17.33500", "2018-09-30": "17.05000", "2018-06-30": "15.83100", "2018-03-31": "13.04800", "2017-12-31": "12.01700", "2017-09-30": "11.83400", "2017-06-30": "11.87400", "2017-03-31": "11.59900", "2016-12-31": "11.79200", "2016-09-30": "11.07000", "2016-06-30": "10.33600", "2016-03-31": "9.95600", "2015-12-31": "8.61500", "2015-09-30": "7.19300", "2015-06-30": "7.11000", "2015-03-31": "7.00400", "2014-12-31": "6.61500", "2014-09-30": "6.56700", "2014-06-30": "6.38900", "2014-03-31": "6.17200", "2013-12-31": "6.09500", "2013-09-30": "5.98200", "2013-06-30": "5.59400", "2013-03-31": "5.59800", "2012-12-31": "5.36500", "2012-09-30": "4.27300", "2012-06-30": "5.40800", "2012-03-31": "5.09400", "2011-12-31": "2.63400", "2011-09-30": "4.19600", "2011-06-30": "5.03500", "2011-03-31": "4.54900", "2010-12-31": "3.47800", "2010-09-30": "3.23300", "2010-06-30": "3.74400", "2010-03-31": "3.51600", "2009-12-31": "3.11200", "2009-09-30": "2.97300", "2009-06-30": "2.83900", "2009-03-31": "2.23500", "2008-12-31": "1.80100", "2008-09-30": "1.41600", "2008-06-30": "2.25300", "2008-03-31": "1.81600", "2007-12-31": "1.17700", "2007-09-30": "0.63900", "2007-06-30": "1.40400", "2007-03-31": "1.22300", "2006-12-31": "0.82800", "2006-09-30": "0.78000", "2006-06-30": "0.81200", "2006-03-31": "0.90200", "2005-12-31": "", "2005-09-30": "", "2005-06-30": "", "2005-03-31": ""}, "SG&A Expenses": {"2020-09-30": "66.81900", "2020-06-30": "62.52100", "2020-03-31": "67.48500", "2019-12-31": "70.26500", "2019-09-30": "63.88800", "2019-06-30": "65.82700", "2019-03-31": "57.76600", "2018-12-31": "55.13400", "2018-09-30": "52.60500", "2018-06-30": "52.26200", "2018-03-31": "47.60400", "2017-12-31": "45.62100", "2017-09-30": "44.51300", "2017-06-30": "43.00000", "2017-03-31": "42.78000", "2016-12-31": "40.17800", "2016-09-30": "42.00700", "2016-06-30": "42.23200", "2016-03-31": "40.75900", "2015-12-31": "42.50700", "2015-09-30": "31.86900", "2015-06-30": "30.39600", "2015-03-31": "28.54500", "2014-12-31": "28.13000", "2014-09-30": "27.34400", "2014-06-30": "27.41900", "2014-03-31": "25.36700", "2013-12-31": "26.09100", "2013-09-30": "24.58100", "2013-06-30": "24.97100", "2013-03-31": "22.64600", "2012-12-31": "22.76300", "2012-09-30": "20.90900", "2012-06-30": "21.69900", "2012-03-31": "21.33500", "2011-12-31": "21.14100", "2011-09-30": "18.75500", "2011-06-30": "18.46600", "2011-03-31": "17.28800", "2010-12-31": "17.14300", "2010-09-30": "17.33700", "2010-06-30": "17.43900", "2010-03-31": "17.56100", "2009-12-31": "18.50700", "2009-09-30": "17.11400", "2009-06-30": "17.08400", "2009-03-31": "17.41000", "2008-12-31": "16.76800", "2008-09-30": "15.98500", "2008-06-30": "15.41800", "2008-03-31": "14.75200", "2007-12-31": "13.27600", "2007-09-30": "12.69100", "2007-06-30": "12.78100", "2007-03-31": "12.97600", "2006-12-31": "12.81100", "2006-09-30": "12.42100", "2006-06-30": "12.18100", "2006-03-31": "10.97600", "2005-12-31": "9.16900", "2005-09-30": "11.44500", "2005-06-30": "11.26300", "2005-03-31": "11.94400"}, "Other Operating Income Or Expenses": {"2020-09-30": "", "2020-06-30": "", "2020-03-31": "", "2019-12-31": "", "2019-09-30": "", "2019-06-30": "", "2019-03-31": "", "2018-12-31": "", "2018-09-30": "", "2018-06-30": "", "2018-03-31": "", "2017-12-31": "", "2017-09-30": "", "2017-06-30": "", "2017-03-31": "", "2016-12-31": "", "2016-09-30": "", "2016-06-30": "", "2016-03-31": "", "2015-12-31": "", "2015-09-30": "", "2015-06-30": "", "2015-03-31": "", "2014-12-31": "", "2014-09-30": "", "2014-06-30": "", "2014-03-31": "", "2013-12-31": "", "2013-09-30": "", "2013-06-30": "", "2013-03-31": "", "2012-12-31": "", "2012-09-30": "", "2012-06-30": "", "2012-03-31": "", "2011-12-31": "", "2011-09-30": "", "2011-06-30": "", "2011-03-31": "", "2010-12-31": "", "2010-09-30": "", "2010-06-30": "", "2010-03-31": "", "2009-12-31": "", "2009-09-30": "", "2009-06-30": "", "2009-03-31": "", "2008-12-31": "", "2008-09-30": "", "2008-06-30": "-9.04500", "2008-03-31": "", "2007-12-31": "", "2007-09-30": "", "2007-06-30": "", "2007-03-31": "", "2006-12-31": "", "2006-09-30": "", "2006-06-30": "", "2006-03-31": "", "2005-12-31": "", "2005-09-30": "", "2005-06-30": "", "2005-03-31": ""}, "Operating Expenses": {"2020-09-30": "236.09000", "2020-06-30": "229.75000", "2020-03-31": "242.64800", "2019-12-31": "243.67990", "2019-09-30": "235.34700", "2019-06-30": "238.45800", "2019-03-31": "212.57500", "2018-12-31": "203.05400", "2018-09-30": "198.48200", "2018-06-30": "198.91800", "2018-03-31": "182.33600", "2017-12-31": "173.35400", "2017-09-30": "170.42400", "2017-06-30": "171.46500", "2017-03-31": "162.89800", "2016-12-31": "155.36300", "2016-09-30": "157.55200", "2016-06-30": "158.05700", "2016-03-31": "151.25200", "2015-12-31": "139.13600", "2015-09-30": "119.35600", "2015-06-30": "116.69900", "2015-03-31": "107.78800", "2014-12-31": "102.84700", "2014-09-30": "101.91900", "2014-06-30": "100.74900", "2014-03-31": "92.76400", "2013-12-31": "91.28300", "2013-09-30": "89.16400", "2013-06-30": "87.73900", "2013-03-31": "81.32900", "2012-12-31": "79.94900", "2012-09-30": "75.18600", "2012-06-30": "78.91300", "2012-03-31": "72.67900", "2011-12-31": "67.75700", "2011-09-30": "64.80400", "2011-06-30": "66.90200", "2011-03-31": "63.41100", "2010-12-31": "61.25000", "2010-09-30": "61.93800", "2010-06-30": "62.11500", "2010-03-31": "61.68400", "2009-12-31": "63.26800", "2009-09-30": "61.86900", "2009-06-30": "60.77500", "2009-03-31": "59.59000", "2008-12-31": "59.83600", "2008-09-30": "56.70000", "2008-06-30": "65.78700", "2008-03-31": "54.68300", "2007-12-31": "50.84000", "2007-09-30": "47.00400", "2007-06-30": "48.31600", "2007-03-31": "46.85600", "2006-12-31": "44.90000", "2006-09-30": "43.50900", "2006-06-30": "43.52300", "2006-03-31": "41.59600", "2005-12-31": "39.51300", "2005-09-30": "38.24600", "2005-06-30": "39.97400", "2005-03-31": "40.00500"}, "Operating Income": {"2020-09-30": "49.65600", "2020-06-30": "41.34100", "2020-03-31": "33.89300", "2019-12-31": "45.15700", "2019-09-30": "40.05300", "2019-06-30": "36.66600", "2019-03-31": "34.49100", "2018-12-31": "38.92700", "2018-09-30": "37.58500", "2018-06-30": "37.14200", "2018-03-31": "38.83800", "2017-12-31": "44.34700", "2017-09-30": "44.28200", "2017-06-30": "37.29800", "2017-03-31": "36.83100", "2016-12-31": "41.75500", "2016-09-30": "36.94500", "2016-06-30": "30.91500", "2016-03-31": "28.04100", "2015-12-31": "19.78000", "2015-09-30": "31.48900", "2015-06-30": "29.59600", "2015-03-31": "27.17800", "2014-12-31": "24.59300", "2014-09-30": "26.74500", "2014-06-30": "23.62200", "2014-03-31": "19.86200", "2013-12-31": "19.45200", "2013-09-30": "17.85700", "2013-06-30": "15.34900", "2013-03-31": "14.47000", "2012-12-31": "15.41900", "2012-09-30": "18.65900", "2012-06-30": "12.45500", "2012-03-31": "10.04400", "2011-12-31": "14.32200", "2011-09-30": "12.38000", "2011-06-30": "9.83300", "2011-03-31": "9.98200", "2010-12-31": "11.18900", "2010-09-30": "11.83100", "2010-06-30": "10.48500", "2010-03-31": "8.13600", "2009-12-31": "10.94900", "2009-09-30": "12.46300", "2009-06-30": "11.39700", "2009-03-31": "9.97500", "2008-12-31": "9.70800", "2008-09-30": "11.93700", "2008-06-30": "1.78200", "2008-03-31": "4.66800", "2007-12-31": "9.58000", "2007-09-30": "7.92800", "2007-06-30": "5.79600", "2007-03-31": "3.47600", "2006-12-31": "6.25500", "2006-09-30": "6.63000", "2006-06-30": "5.62800", "2006-03-31": "3.26200", "2005-12-31": "4.79400", "2005-09-30": "4.06000", "2005-06-30": "3.21100", "2005-03-31": "0.65400"}, "Total Non-Operating Income/Expense": {"2020-09-30": "0.28000", "2020-06-30": "0.47000", "2020-03-31": "0.99000", "2019-12-31": "2.63300", "2019-09-30": "0.49900", "2019-06-30": "-0.24700", "2019-03-31": "0.58600", "2018-12-31": "1.18000", "2018-09-30": "1.04100", "2018-06-30": "0.55800", "2018-03-31": "0.59900", "2017-12-31": "0.91400", "2017-09-30": "0.07500", "2017-06-30": "-0.10100", "2017-03-31": "-0.19000", "2016-12-31": "-0.28500", "2016-09-30": "-0.52600", "2016-06-30": "-0.72000", "2016-03-31": "-0.46700", "2015-12-31": "-0.24000", "2015-09-30": "0.25500", "2015-06-30": "0.18500", "2015-03-31": "0.18100", "2014-12-31": "0.16700", "2014-09-30": "-0.04700", "2014-06-30": "-0.21600", "2014-03-31": "-0.25900", "2013-12-31": "-0.39000", "2013-09-30": "-0.28500", "2013-06-30": "-0.29600", "2013-03-31": "-0.33800", "2012-12-31": "-0.38400", "2012-09-30": "-0.84900", "2012-06-30": "-0.77300", "2012-03-31": "-0.70300", "2011-12-31": "-0.81800", "2011-09-30": "-0.56200", "2011-06-30": "-0.52400", "2011-03-31": "-0.50000", "2010-12-31": "-1.03000", "2010-09-30": "-0.56800", "2010-06-30": "-0.10200", "2010-03-31": "-0.04200", "2009-12-31": "-0.02700", "2009-09-30": "-0.04200", "2009-06-30": "-0.06300", "2009-03-31": "-0.01400", "2008-12-31": "0.13700", "2008-09-30": "0.39800", "2008-06-30": "0.24400", "2008-03-31": "0.40200", "2007-12-31": "0.54800", "2007-09-30": "0.44100", "2007-06-30": "0.36400", "2007-03-31": "0.44700", "2006-12-31": "0.47700", "2006-09-30": "0.30600", "2006-06-30": "0.20000", "2006-03-31": "0.09700", "2005-12-31": "0.30300", "2005-09-30": "0.22400", "2005-06-30": "0.23300", "2005-03-31": "0.14600"}, "Pre-Tax Income": {"2020-09-30": "49.93600", "2020-06-30": "41.81100", "2020-03-31": "34.88300", "2019-12-31": "47.79000", "2019-09-30": "40.55200", "2019-06-30": "36.41900", "2019-03-31": "35.07700", "2018-12-31": "40.10700", "2018-09-30": "38.62600", "2018-06-30": "37.70000", "2018-03-31": "39.43700", "2017-12-31": "45.26100", "2017-09-30": "44.35700", "2017-06-30": "37.19700", "2017-03-31": "36.64100", "2016-12-31": "41.47000", "2016-09-30": "36.41900", "2016-06-30": "30.19500", "2016-03-31": "27.57400", "2015-12-31": "19.54000", "2015-09-30": "31.74400", "2015-06-30": "29.78100", "2015-03-31": "27.35900", "2014-12-31": "24.76000", "2014-09-30": "26.69800", "2014-06-30": "23.40600", "2014-03-31": "19.60300", "2013-12-31": "19.06200", "2013-09-30": "17.57200", "2013-06-30": "15.05300", "2013-03-31": "14.13200", "2012-12-31": "15.03500", "2012-09-30": "17.81000", "2012-06-30": "11.68200", "2012-03-31": "9.34100", "2011-12-31": "13.50400", "2011-09-30": "11.81800", "2011-06-30": "9.30900", "2011-03-31": "9.48200", "2010-12-31": "10.15900", "2010-09-30": "11.26300", "2010-06-30": "10.38300", "2010-03-31": "8.09400", "2009-12-31": "10.92200", "2009-09-30": "12.42100", "2009-06-30": "11.33400", "2009-03-31": "9.96100", "2008-12-31": "9.84500", "2008-09-30": "12.33500", "2008-06-30": "2.02600", "2008-03-31": "5.07000", "2007-12-31": "10.12800", "2007-09-30": "8.36900", "2007-06-30": "6.16000", "2007-03-31": "3.92300", "2006-12-31": "6.73200", "2006-09-30": "6.93600", "2006-06-30": "5.82800", "2006-03-31": "3.35900", "2005-12-31": "5.09700", "2005-09-30": "4.28400", "2005-06-30": "3.44400", "2005-03-31": "0.80000"}, "Income Taxes": {"2020-09-30": "10.65200", "2020-06-30": "-12.08100", "2020-03-31": "-12.66700", "2019-12-31": "1.00000", "2019-09-30": "0.16200", "2019-06-30": "4.42000", "2019-03-31": "7.72900", "2018-12-31": "8.55500", "2018-09-30": "-0.29800", "2018-06-30": "-1.46100", "2018-03-31": "1.61200", "2017-12-31": "-20.93500", "2017-09-30": "5.52100", "2017-06-30": "5.42700", "2017-03-31": "3.87200", "2016-12-31": "6.43000", "2016-09-30": "0.98900", "2016-06-30": "5.18800", "2016-03-31": "9.35000", "2015-12-31": "10.92200", "2015-09-30": "11.60200", "2015-06-30": "10.94500", "2015-03-31": "10.08600", "2014-12-31": "9.44300", "2014-09-30": "9.69800", "2014-06-30": "8.66600", "2014-03-31": "7.72000", "2013-12-31": "8.55000", "2013-09-30": "6.52300", "2013-06-30": "6.00600", "2013-03-31": "5.63900", "2012-12-31": "5.65900", "2012-09-30": "6.97800", "2012-06-30": "4.57700", "2012-03-31": "3.66000", "2011-12-31": "4.80500", "2011-09-30": "4.31200", "2011-06-30": "3.68500", "2011-03-31": "3.75400", "2010-12-31": "2.94900", "2010-09-30": "4.54000", "2010-06-30": "4.13400", "2010-03-31": "3.22200", "2009-12-31": "4.26600", "2009-09-30": "4.94600", "2009-06-30": "4.46100", "2009-03-31": "3.95500", "2008-12-31": "4.71400", "2008-09-30": "5.97600", "2008-06-30": "1.78000", "2008-03-31": "1.94400", "2007-12-31": "3.93800", "2007-09-30": "3.20900", "2007-06-30": "2.41000", "2007-03-31": "1.52200", "2006-12-31": "2.55500", "2006-09-30": "2.52300", "2006-06-30": "2.06800", "2006-03-31": "1.34700", "2005-12-31": "1.97600", "2005-09-30": "1.70300", "2005-06-30": "1.42300", "2005-03-31": "0.33000"}, "Income After Taxes": {"2020-09-30": "39.28400", "2020-06-30": "53.89200", "2020-03-31": "47.55000", "2019-12-31": "46.79000", "2019-09-30": "40.39000", "2019-06-30": "31.99900", "2019-03-31": "27.34800", "2018-12-31": "31.55200", "2018-09-30": "38.92400", "2018-06-30": "39.16100", "2018-03-31": "37.82500", "2017-12-31": "66.19600", "2017-09-30": "38.83600", "2017-06-30": "31.77000", "2017-03-31": "32.76900", "2016-12-31": "35.04000", "2016-09-30": "35.43000", "2016-06-30": "25.00700", "2016-03-31": "18.22400", "2015-12-31": "8.61800", "2015-09-30": "20.14200", "2015-06-30": "18.83600", "2015-03-31": "17.27300", "2014-12-31": "15.31700", "2014-09-30": "17.00000", "2014-06-30": "14.74000", "2014-03-31": "11.88300", "2013-12-31": "10.51200", "2013-09-30": "11.04900", "2013-06-30": "9.04700", "2013-03-31": "8.49300", "2012-12-31": "9.37600", "2012-09-30": "10.83200", "2012-06-30": "7.10500", "2012-03-31": "5.68100", "2011-12-31": "8.69900", "2011-09-30": "7.50600", "2011-06-30": "5.62400", "2011-03-31": "5.72800", "2010-12-31": "7.21000", "2010-09-30": "6.72300", "2010-06-30": "6.24900", "2010-03-31": "4.87200", "2009-12-31": "6.65600", "2009-09-30": "7.47500", "2009-06-30": "6.87300", "2009-03-31": "6.00600", "2008-12-31": "5.13100", "2008-09-30": "6.35900", "2008-06-30": "0.24600", "2008-03-31": "3.12600", "2007-12-31": "6.19000", "2007-09-30": "5.16000", "2007-06-30": "3.75000", "2007-03-31": "2.40100", "2006-12-31": "4.17700", "2006-09-30": "4.41300", "2006-06-30": "3.76000", "2006-03-31": "2.01200", "2005-12-31": "3.12100", "2005-09-30": "2.58100", "2005-06-30": "2.02100", "2005-03-31": "0.47000"}, "Other Income": {"2020-09-30": "", "2020-06-30": "", "2020-03-31": "", "2019-12-31": "", "2019-09-30": "", "2019-06-30": "", "2019-03-31": "", "2018-12-31": "", "2018-09-30": "", "2018-06-30": "", "2018-03-31": "", "2017-12-31": "", "2017-09-30": "", "2017-06-30": "", "2017-03-31": "", "2016-12-31": "", "2016-09-30": "", "2016-06-30": "", "2016-03-31": "", "2015-12-31": "", "2015-09-30": "", "2015-06-30": "", "2015-03-31": "", "2014-12-31": "", "2014-09-30": "", "2014-06-30": "", "2014-03-31": "", "2013-12-31": "", "2013-09-30": "", "2013-06-30": "", "2013-03-31": "", "2012-12-31": "", "2012-09-30": "", "2012-06-30": "", "2012-03-31": "", "2011-12-31": "", "2011-09-30": "", "2011-06-30": "", "2011-03-31": "", "2010-12-31": "", "2010-09-30": "", "2010-06-30": "", "2010-03-31": "", "2009-12-31": "", "2009-09-30": "", "2009-06-30": "", "2009-03-31": "", "2008-12-31": "", "2008-09-30": "", "2008-06-30": "", "2008-03-31": "", "2007-12-31": "", "2007-09-30": "", "2007-06-30": "", "2007-03-31": "", "2006-12-31": "", "2006-09-30": "", "2006-06-30": "", "2006-03-31": "", "2005-12-31": "", "2005-09-30": "", "2005-06-30": "", "2005-03-31": ""}, "Income From Continuous Operations": {"2020-09-30": "39.28400", "2020-06-30": "53.89200", "2020-03-31": "47.55000", "2019-12-31": "46.79000", "2019-09-30": "40.39000", "2019-06-30": "31.99900", "2019-03-31": "27.34800", "2018-12-31": "31.55200", "2018-09-30": "38.92400", "2018-06-30": "39.16100", "2018-03-31": "37.82500", "2017-12-31": "66.19600", "2017-09-30": "38.83600", "2017-06-30": "31.77000", "2017-03-31": "32.76900", "2016-12-31": "35.04000", "2016-09-30": "35.43000", "2016-06-30": "25.00700", "2016-03-31": "18.22400", "2015-12-31": "8.61800", "2015-09-30": "20.14200", "2015-06-30": "18.83600", "2015-03-31": "17.27300", "2014-12-31": "15.31700", "2014-09-30": "17.00000", "2014-06-30": "14.74000", "2014-03-31": "11.88300", "2013-12-31": "10.51200", "2013-09-30": "11.04900", "2013-06-30": "9.04700", "2013-03-31": "8.49300", "2012-12-31": "9.37600", "2012-09-30": "10.83200", "2012-06-30": "7.10500", "2012-03-31": "5.68100", "2011-12-31": "8.69900", "2011-09-30": "7.50600", "2011-06-30": "5.62400", "2011-03-31": "5.72800", "2010-12-31": "7.21000", "2010-09-30": "6.72300", "2010-06-30": "6.24900", "2010-03-31": "4.87200", "2009-12-31": "6.65600", "2009-09-30": "7.47500", "2009-06-30": "6.87300", "2009-03-31": "6.00600", "2008-12-31": "5.13100", "2008-09-30": "6.35900", "2008-06-30": "0.24600", "2008-03-31": "3.12600", "2007-12-31": "6.19000", "2007-09-30": "5.16000", "2007-06-30": "3.75000", "2007-03-31": "2.40100", "2006-12-31": "4.17700", "2006-09-30": "4.41300", "2006-06-30": "3.76000", "2006-03-31": "2.01200", "2005-12-31": "3.12100", "2005-09-30": "2.58100", "2005-06-30": "2.02100", "2005-03-31": "0.47000"}, "Income From Discontinued Operations": {"2020-09-30": "", "2020-06-30": "", "2020-03-31": "", "2019-12-31": "", "2019-09-30": "", "2019-06-30": "", "2019-03-31": "", "2018-12-31": "", "2018-09-30": "", "2018-06-30": "", "2018-03-31": "", "2017-12-31": "", "2017-09-30": "", "2017-06-30": "", "2017-03-31": "", "2016-12-31": "", "2016-09-30": "", "2016-06-30": "", "2016-03-31": "", "2015-12-31": "", "2015-09-30": "", "2015-06-30": "", "2015-03-31": "", "2014-12-31": "", "2014-09-30": "", "2014-06-30": "", "2014-03-31": "", "2013-12-31": "", "2013-09-30": "", "2013-06-30": "", "2013-03-31": "", "2012-12-31": "", "2012-09-30": "", "2012-06-30": "", "2012-03-31": "", "2011-12-31": "", "2011-09-30": "", "2011-06-30": "", "2011-03-31": "", "2010-12-31": "", "2010-09-30": "", "2010-06-30": "", "2010-03-31": "", "2009-12-31": "", "2009-09-30": "", "2009-06-30": "", "2009-03-31": "", "2008-12-31": "", "2008-09-30": "", "2008-06-30": "", "2008-03-31": "", "2007-12-31": "", "2007-09-30": "", "2007-06-30": "", "2007-03-31": "", "2006-12-31": "", "2006-09-30": "", "2006-06-30": "", "2006-03-31": "", "2005-12-31": "", "2005-09-30": "", "2005-06-30": "", "2005-03-31": ""}, "Net Income": {"2020-09-30": "39.28400", "2020-06-30": "53.89200", "2020-03-31": "47.55000", "2019-12-31": "46.79000", "2019-09-30": "40.39000", "2019-06-30": "31.99900", "2019-03-31": "27.34800", "2018-12-31": "31.55200", "2018-09-30": "38.92400", "2018-06-30": "39.16100", "2018-03-31": "37.82500", "2017-12-31": "66.19600", "2017-09-30": "38.83600", "2017-06-30": "31.77000", "2017-03-31": "32.76900", "2016-12-31": "35.04000", "2016-09-30": "35.43000", "2016-06-30": "25.00700", "2016-03-31": "18.22400", "2015-12-31": "8.61800", "2015-09-30": "20.14200", "2015-06-30": "18.83600", "2015-03-31": "17.27300", "2014-12-31": "15.31700", "2014-09-30": "17.00000", "2014-06-30": "14.74000", "2014-03-31": "11.88300", "2013-12-31": "10.51200", "2013-09-30": "11.04900", "2013-06-30": "9.04700", "2013-03-31": "8.49300", "2012-12-31": "9.37600", "2012-09-30": "10.83200", "2012-06-30": "7.10500", "2012-03-31": "5.68100", "2011-12-31": "8.69900", "2011-09-30": "7.50600", "2011-06-30": "5.62400", "2011-03-31": "5.72800", "2010-12-31": "7.21000", "2010-09-30": "6.72300", "2010-06-30": "6.24900", "2010-03-31": "4.87200", "2009-12-31": "6.65600", "2009-09-30": "7.47500", "2009-06-30": "6.87300", "2009-03-31": "6.00600", "2008-12-31": "5.13100", "2008-09-30": "6.35900", "2008-06-30": "0.24600", "2008-03-31": "3.12600", "2007-12-31": "6.19000", "2007-09-30": "5.16000", "2007-06-30": "3.75000", "2007-03-31": "2.40100", "2006-12-31": "4.17700", "2006-09-30": "4.41300", "2006-06-30": "3.76000", "2006-03-31": "2.01200", "2005-12-31": "3.12100", "2005-09-30": "2.58100", "2005-06-30": "2.02100", "2005-03-31": "0.47000"}, "EBITDA": {"2020-09-30": "70.13200", "2020-06-30": "61.62600", "2020-03-31": "53.87800", "2019-12-31": "65.28200", "2019-09-30": "59.85600", "2019-06-30": "56.10200", "2019-03-31": "51.79900", "2018-12-31": "55.05900", "2018-09-30": "53.56300", "2018-06-30": "52.67900", "2018-03-31": "52.95000", "2017-12-31": "58.04200", "2017-09-30": "57.88000", "2017-06-30": "50.43300", "2017-03-31": "49.79800", "2016-12-31": "54.00700", "2016-09-30": "49.61600", "2016-06-30": "43.58900", "2016-03-31": "40.21700", "2015-12-31": "27.76800", "2015-09-30": "35.59100", "2015-06-30": "33.36700", "2015-03-31": "30.89100", "2014-12-31": "28.26200", "2014-09-30": "30.40000", "2014-06-30": "27.24700", "2014-03-31": "23.51800", "2013-12-31": "23.14500", "2013-09-30": "21.26900", "2013-06-30": "18.70800", "2013-03-31": "17.79200", "2012-12-31": "18.51400", "2012-09-30": "21.93900", "2012-06-30": "15.76500", "2012-03-31": "13.07000", "2011-12-31": "17.22000", "2011-09-30": "14.93900", "2011-06-30": "12.46700", "2011-03-31": "12.56700", "2010-12-31": "13.90000", "2010-09-30": "14.59000", "2010-06-30": "13.15400", "2010-03-31": "10.78500", "2009-12-31": "13.38100", "2009-09-30": "14.79400", "2009-06-30": "13.79900", "2009-03-31": "12.30700", "2008-12-31": "13.33000", "2008-09-30": "15.00500", "2008-06-30": "4.76700", "2008-03-31": "7.60400", "2007-12-31": "12.99600", "2007-09-30": "10.56900", "2007-06-30": "8.40100", "2007-03-31": "6.02500", "2006-12-31": "8.76500", "2006-09-30": "9.10100", "2006-06-30": "8.10200", "2006-03-31": "5.90900", "2005-12-31": "7.38000", "2005-09-30": "6.57800", "2005-06-30": "5.77800", "2005-03-31": "3.42600"}, "EBIT": {"2020-09-30": "49.65600", "2020-06-30": "41.34100", "2020-03-31": "33.89300", "2019-12-31": "45.15710", "2019-09-30": "40.05300", "2019-06-30": "36.66600", "2019-03-31": "34.49100", "2018-12-31": "38.92700", "2018-09-30": "37.58500", "2018-06-30": "37.14200", "2018-03-31": "38.83800", "2017-12-31": "44.34700", "2017-09-30": "44.28200", "2017-06-30": "37.29800", "2017-03-31": "36.83100", "2016-12-31": "41.75500", "2016-09-30": "36.94500", "2016-06-30": "30.91500", "2016-03-31": "28.04100", "2015-12-31": "19.78000", "2015-09-30": "31.48900", "2015-06-30": "29.59600", "2015-03-31": "27.17800", "2014-12-31": "24.59300", "2014-09-30": "26.74500", "2014-06-30": "23.62200", "2014-03-31": "19.86200", "2013-12-31": "19.45200", "2013-09-30": "17.85700", "2013-06-30": "15.34900", "2013-03-31": "14.47000", "2012-12-31": "15.41900", "2012-09-30": "18.65900", "2012-06-30": "12.45500", "2012-03-31": "10.04400", "2011-12-31": "14.32200", "2011-09-30": "12.38000", "2011-06-30": "9.83300", "2011-03-31": "9.98200", "2010-12-31": "11.18900", "2010-09-30": "11.83100", "2010-06-30": "10.48500", "2010-03-31": "8.13600", "2009-12-31": "10.94900", "2009-09-30": "12.46300", "2009-06-30": "11.39700", "2009-03-31": "9.97500", "2008-12-31": "9.70800", "2008-09-30": "11.93700", "2008-06-30": "1.78200", "2008-03-31": "4.66800", "2007-12-31": "9.58000", "2007-09-30": "7.92800", "2007-06-30": "5.79600", "2007-03-31": "3.47600", "2006-12-31": "6.25500", "2006-09-30": "6.63000", "2006-06-30": "5.62800", "2006-03-31": "3.26200", "2005-12-31": "4.79400", "2005-09-30": "4.06000", "2005-06-30": "3.21100", "2005-03-31": "0.65400"}, "Basic Shares Outstanding": {"2020-09-30": "40.26100", "2020-06-30": "39.96300", "2020-03-31": "39.50000", "2019-12-31": "38.64000", "2019-09-30": "38.76500", "2019-06-30": "38.40200", "2019-03-31": "38.30800", "2018-12-31": "38.44500", "2018-09-30": "38.76100", "2018-06-30": "38.39000", "2018-03-31": "38.00200", "2017-12-31": "37.27300", "2017-09-30": "37.39100", "2017-06-30": "37.15400", "2017-03-31": "36.84500", "2016-12-31": "36.44800", "2016-09-30": "36.43300", "2016-06-30": "36.16000", "2016-03-31": "36.54900", "2015-12-31": "34.13700", "2015-09-30": "33.90000", "2015-06-30": "33.75100", "2015-03-31": "33.56200", "2014-12-31": "33.01100", "2014-09-30": "32.93500", "2014-06-30": "32.91800", "2014-03-31": "32.91600", "2013-12-31": "31.89100", "2013-09-30": "32.03700", "2013-06-30": "31.61700", "2013-03-31": "31.40300", "2012-12-31": "30.32700", "2012-09-30": "30.38700", "2012-06-30": "30.17100", "2012-03-31": "30.01500", "2011-12-31": "31.26700", "2011-09-30": "31.09700", "2011-06-30": "32.00500", "2011-03-31": "32.08600", "2010-12-31": "34.07500", "2010-09-30": "34.10300", "2010-06-30": "34.86200", "2010-03-31": "35.10100", "2009-12-31": "35.24000", "2009-09-30": "35.11800", "2009-06-30": "35.34300", "2009-03-31": "35.49700", "2008-12-31": "37.71400", "2008-09-30": "38.47400", "2008-06-30": "38.08700", "2008-03-31": "38.02000", "2007-12-31": "38.73500", "2007-09-30": "38.68800", "2007-06-30": "38.54000", "2007-03-31": "38.81300", "2006-12-31": "38.81700", "2006-09-30": "38.70500", "2006-06-30": "39.02600", "2006-03-31": "39.11400", "2005-12-31": "39.43900", "2005-09-30": "39.10400", "2005-06-30": "39.61500", "2005-03-31": "40.22900"}, "Shares Outstanding": {"2020-09-30": "41.60600", "2020-06-30": "41.41600", "2020-03-31": "41.14400", "2019-12-31": "40.10500", "2019-09-30": "40.28000", "2019-06-30": "39.81300", "2019-03-31": "39.58500", "2018-12-31": "40.12300", "2018-09-30": "40.52800", "2018-06-30": "40.22400", "2018-03-31": "39.83600", "2017-12-31": "39.24600", "2017-09-30": "39.34200", "2017-06-30": "39.20100", "2017-03-31": "38.93200", "2016-12-31": "38.96100", "2016-09-30": "39.06200", "2016-06-30": "38.73900", "2016-03-31": "39.07100", "2015-12-31": "36.55200", "2015-09-30": "36.34900", "2015-06-30": "36.09700", "2015-03-31": "35.89500", "2014-12-31": "35.40100", "2014-09-30": "35.28400", "2014-06-30": "35.16100", "2014-03-31": "35.50000", "2013-12-31": "34.59000", "2013-09-30": "34.76400", "2013-06-30": "34.29000", "2013-03-31": "33.94800", "2012-12-31": "32.91600", "2012-09-30": "32.98600", "2012-06-30": "32.76900", "2012-03-31": "32.53000", "2011-12-31": "33.15400", "2011-09-30": "32.96000", "2011-06-30": "33.84800", "2011-03-31": "33.72000", "2010-12-31": "35.52800", "2010-09-30": "35.41000", "2010-06-30": "36.20300", "2010-03-31": "36.65500", "2009-12-31": "36.62400", "2009-09-30": "36.48700", "2009-06-30": "36.72300", "2009-03-31": "36.74700", "2008-12-31": "39.18400", "2008-09-30": "40.01900", "2008-06-30": "39.63300", "2008-03-31": "39.52700", "2007-12-31": "41.35200", "2007-09-30": "41.39500", "2007-06-30": "41.44800", "2007-03-31": "42.06600", "2006-12-31": "41.86800", "2006-09-30": "41.89800", "2006-06-30": "41.94600", "2006-03-31": "41.89400", "2005-12-31": "42.07500", "2005-09-30": "41.77100", "2005-06-30": "41.94300", "2005-03-31": "42.73500"}, "Basic EPS": {"2020-09-30": "0.98000", "2020-06-30": "1.35000", "2020-03-31": "1.20000", "2019-12-31": "1.21000", "2019-09-30": "1.04000", "2019-06-30": "0.83000", "2019-03-31": "0.71000", "2018-12-31": "0.82000", "2018-09-30": "1.00000", "2018-06-30": "1.02000", "2018-03-31": "1.00000", "2017-12-31": "1.76000", "2017-09-30": "1.04000", "2017-06-30": "0.86000", "2017-03-31": "0.89000", "2016-12-31": "0.96000", "2016-09-30": "0.97000", "2016-06-30": "0.69000", "2016-03-31": "0.50000", "2015-12-31": "0.24000", "2015-09-30": "0.59000", "2015-06-30": "0.56000", "2015-03-31": "0.51000", "2014-12-31": "0.46000", "2014-09-30": "0.52000", "2014-06-30": "0.45000", "2014-03-31": "0.36000", "2013-12-31": "0.33000", "2013-09-30": "0.34000", "2013-06-30": "0.29000", "2013-03-31": "0.27000", "2012-12-31": "0.30000", "2012-09-30": "0.36000", "2012-06-30": "0.24000", "2012-03-31": "0.19000", "2011-12-31": "0.28000", "2011-09-30": "0.24000", "2011-06-30": "0.18000", "2011-03-31": "0.18000", "2010-12-31": "0.22000", "2010-09-30": "0.20000", "2010-06-30": "0.18000", "2010-03-31": "0.14000", "2009-12-31": "0.20000", "2009-09-30": "0.21000", "2009-06-30": "0.19000", "2009-03-31": "0.17000", "2008-12-31": "0.13000", "2008-09-30": "0.17000", "2008-06-30": "0.01000", "2008-03-31": "0.08000", "2007-12-31": "0.16000", "2007-09-30": "0.13000", "2007-06-30": "0.10000", "2007-03-31": "0.06000", "2006-12-31": "0.11000", "2006-09-30": "0.11000", "2006-06-30": "0.10000", "2006-03-31": "0.05000", "2005-12-31": "0.08000", "2005-09-30": "0.07000", "2005-06-30": "0.05000", "2005-03-31": "0.01000"}, "EPS - Earnings Per Share": {"2020-09-30": "0.94000", "2020-06-30": "1.30000", "2020-03-31": "1.16000", "2019-12-31": "1.16000", "2019-09-30": "1.00000", "2019-06-30": "0.80000", "2019-03-31": "0.69000", "2018-12-31": "0.80000", "2018-09-30": "0.96000", "2018-06-30": "0.97000", "2018-03-31": "0.95000", "2017-12-31": "1.68000", "2017-09-30": "0.99000", "2017-06-30": "0.81000", "2017-03-31": "0.84000", "2016-12-31": "0.89000", "2016-09-30": "0.91000", "2016-06-30": "0.65000", "2016-03-31": "0.47000", "2015-12-31": "0.22000", "2015-09-30": "0.55000", "2015-06-30": "0.52000", "2015-03-31": "0.48000", "2014-12-31": "0.43000", "2014-09-30": "0.48000", "2014-06-30": "0.42000", "2014-03-31": "0.33000", "2013-12-31": "0.30000", "2013-09-30": "0.32000", "2013-06-30": "0.26000", "2013-03-31": "0.25000", "2012-12-31": "0.28000", "2012-09-30": "0.33000", "2012-06-30": "0.22000", "2012-03-31": "0.17000", "2011-12-31": "0.26000", "2011-09-30": "0.23000", "2011-06-30": "0.17000", "2011-03-31": "0.17000", "2010-12-31": "0.22000", "2010-09-30": "0.19000", "2010-06-30": "0.17000", "2010-03-31": "0.13000", "2009-12-31": "0.19000", "2009-09-30": "0.20000", "2009-06-30": "0.19000", "2009-03-31": "0.16000", "2008-12-31": "0.13000", "2008-09-30": "0.16000", "2008-06-30": "0.01000", "2008-03-31": "0.08000", "2007-12-31": "0.15000", "2007-09-30": "0.12000", "2007-06-30": "0.09000", "2007-03-31": "0.06000", "2006-12-31": "0.09000", "2006-09-30": "0.11000", "2006-06-30": "0.09000", "2006-03-31": "0.05000", "2005-12-31": "0.07000", "2005-09-30": "0.06000", "2005-06-30": "0.05000", "2005-03-31": "0.01000"}}, "balance sheet": {"Cash On Hand": {"2019-12-31": "272.08100", "2018-12-31": "178.58500", "2017-12-31": "229.08500", "2016-12-31": "56.42400", "2015-12-31": "46.51000", "2014-12-31": "206.16700", "2013-12-31": "78.87600", "2012-12-31": "6.40600", "2011-12-31": "1.35100", "2010-12-31": "2.13900", "2009-12-31": "15.74600", "2008-12-31": "7.61900", "2007-12-31": "55.69400", "2006-12-31": "41.71700", "2005-12-31": "37.23300"}, "Receivables": {"2019-12-31": "380.57100", "2018-12-31": "303.60900", "2017-12-31": "257.52700", "2016-12-31": "203.22900", "2015-12-31": "197.44000", "2014-12-31": "112.67900", "2013-12-31": "116.29100", "2012-12-31": "99.61800", "2011-12-31": "90.01200", "2010-12-31": "81.86000", "2009-12-31": "81.24500", "2008-12-31": "76.98900", "2007-12-31": "63.96500", "2006-12-31": "58.18800", "2005-12-31": "49.64400"}, "Inventory": {"2019-12-31": "", "2018-12-31": "", "2017-12-31": "", "2016-12-31": "", "2015-12-31": "", "2014-12-31": "", "2013-12-31": "", "2012-12-31": "", "2011-12-31": "", "2010-12-31": "", "2009-12-31": "", "2008-12-31": "", "2007-12-31": "", "2006-12-31": "", "2005-12-31": ""}, "Pre-Paid Expenses": {"2019-12-31": "24.71700", "2018-12-31": "33.25800", "2017-12-31": "32.20600", "2016-12-31": "21.03900", "2015-12-31": "22.33400", "2014-12-31": "17.85100", "2013-12-31": "13.52200", "2012-12-31": "9.00000", "2011-12-31": "8.34800", "2010-12-31": "7.80100", "2009-12-31": "7.92100", "2008-12-31": "8.60200", "2007-12-31": "7.72600", "2006-12-31": "6.86400", "2005-12-31": "5.15800"}, "Other Current Assets": {"2019-12-31": "2.32800", "2018-12-31": "3.40600", "2017-12-31": "1.99700", "2016-12-31": "2.26800", "2015-12-31": "1.93100", "2014-12-31": "0.33900", "2013-12-31": "0.78700", "2012-12-31": "1.07400", "2011-12-31": "2.28600", "2010-12-31": "3.54300", "2009-12-31": "1.43700", "2008-12-31": "1.44400", "2007-12-31": "1.32400", "2006-12-31": "2.32600", "2005-12-31": "2.20100"}, "Total Current Assets": {"2019-12-31": "679.69700", "2018-12-31": "518.85800", "2017-12-31": "520.81500", "2016-12-31": "282.96000", "2015-12-31": "268.21500", "2014-12-31": "337.03600", "2013-12-31": "217.23500", "2012-12-31": "122.05300", "2011-12-31": "107.09200", "2010-12-31": "98.44900", "2009-12-31": "109.68700", "2008-12-31": "97.22400", "2007-12-31": "131.06400", "2006-12-31": "111.67400", "2005-12-31": "96.36400"}, "Property, Plant, And Equipment": {"2019-12-31": "171.86100", "2018-12-31": "155.17700", "2017-12-31": "152.31500", "2016-12-31": "124.26800", "2015-12-31": "101.11200", "2014-12-31": "65.91000", "2013-12-31": "64.84400", "2012-12-31": "45.38100", "2011-12-31": "40.91500", "2010-12-31": "34.85100", "2009-12-31": "35.75000", "2008-12-31": "26.52200", "2007-12-31": "9.82600", "2006-12-31": "7.39000", "2005-12-31": "5.75900"}, "Long-Term Investments": {"2019-12-31": "79.60100", "2018-12-31": "70.33800", "2017-12-31": "38.51000", "2016-12-31": "30.74100", "2015-12-31": "35.42200", "2014-12-31": "", "2013-12-31": "", "2012-12-31": "2.03700", "2011-12-31": "1.95300", "2010-12-31": "2.12600", "2009-12-31": "1.97600", "2008-12-31": "3.77900", "2007-12-31": "", "2006-12-31": "", "2005-12-31": "0.25000"}, "Goodwill And Intangible Assets": {"2019-12-31": "1219.03100", "2018-12-31": "1030.57000", "2017-12-31": "887.60400", "2016-12-31": "917.49600", "2015-12-31": "949.04400", "2014-12-31": "158.86400", "2013-12-31": "159.99700", "2012-12-31": "166.81100", "2011-12-31": "141.72200", "2010-12-31": "125.13800", "2009-12-31": "122.02900", "2008-12-31": "123.81200", "2007-12-31": "100.04500", "2006-12-31": "99.37100", "2005-12-31": "90.31200"}, "Other Long-Term Assets": {"2019-12-31": "", "2018-12-31": "", "2017-12-31": "", "2016-12-31": "", "2015-12-31": "", "2014-12-31": "0.73700", "2013-12-31": "1.82400", "2012-12-31": "1.19700", "2011-12-31": "1.61400", "2010-12-31": "2.23700", "2009-12-31": "0.21000", "2008-12-31": "0.22700", "2007-12-31": "0.17500", "2006-12-31": "0.16600", "2005-12-31": "0.20500"}, "Total Long-Term Assets": {"2019-12-31": "1511.91700", "2018-12-31": "1272.10500", "2017-12-31": "1090.53600", "2016-12-31": "1074.98500", "2015-12-31": "1088.35500", "2014-12-31": "232.77600", "2013-12-31": "227.25300", "2012-12-31": "216.61300", "2011-12-31": "188.29900", "2010-12-31": "165.58300", "2009-12-31": "160.98300", "2008-12-31": "154.53700", "2007-12-31": "110.44400", "2006-12-31": "108.60200", "2005-12-31": "98.07300"}, "Total Assets": {"2019-12-31": "2191.61400", "2018-12-31": "1790.96300", "2017-12-31": "1611.35100", "2016-12-31": "1357.94500", "2015-12-31": "1356.57000", "2014-12-31": "569.81200", "2013-12-31": "444.48800", "2012-12-31": "338.66600", "2011-12-31": "295.39100", "2010-12-31": "264.03200", "2009-12-31": "270.67000", "2008-12-31": "251.76100", "2007-12-31": "241.50800", "2006-12-31": "220.27600", "2005-12-31": "194.43700"}, "Total Current Liabilities": {"2019-12-31": "509.09300", "2018-12-31": "423.90200", "2017-12-31": "371.46200", "2016-12-31": "361.50100", "2015-12-31": "337.57200", "2014-12-31": "232.83900", "2013-12-31": "192.11000", "2012-12-31": "169.73500", "2011-12-31": "151.64000", "2010-12-31": "124.64900", "2009-12-31": "129.25300", "2008-12-31": "129.46900", "2007-12-31": "96.57400", "2006-12-31": "85.18500", "2005-12-31": "70.95000"}, "Long Term Debt": {"2019-12-31": "", "2018-12-31": "", "2017-12-31": "", "2016-12-31": "10.00000", "2015-12-31": "66.00000", "2014-12-31": "", "2013-12-31": "", "2012-12-31": "18.00000", "2011-12-31": "60.70000", "2010-12-31": "26.50000", "2009-12-31": "", "2008-12-31": "", "2007-12-31": "", "2006-12-31": "", "2005-12-31": ""}, "Other Non-Current Liabilities": {"2019-12-31": "", "2018-12-31": "", "2017-12-31": "", "2016-12-31": "", "2015-12-31": "", "2014-12-31": "", "2013-12-31": "", "2012-12-31": "", "2011-12-31": "", "2010-12-31": "", "2009-12-31": "", "2008-12-31": "", "2007-12-31": "", "2006-12-31": "", "2005-12-31": ""}, "Total Long Term Liabilities": {"2019-12-31": "65.46300", "2018-12-31": "42.21500", "2017-12-31": "48.15300", "2016-12-31": "80.91900", "2015-12-31": "160.14100", "2014-12-31": "", "2013-12-31": "6.05900", "2012-12-31": "23.63200", "2011-12-31": "65.64100", "2010-12-31": "32.41100", "2009-12-31": "7.05900", "2008-12-31": "8.03000", "2007-12-31": "7.72300", "2006-12-31": "9.21600", "2005-12-31": "11.29000"}, "Total Liabilities": {"2019-12-31": "574.55600", "2018-12-31": "466.11700", "2017-12-31": "419.61500", "2016-12-31": "442.42000", "2015-12-31": "497.71300", "2014-12-31": "232.83900", "2013-12-31": "198.16900", "2012-12-31": "193.36700", "2011-12-31": "217.28100", "2010-12-31": "157.06000", "2009-12-31": "136.31200", "2008-12-31": "137.49900", "2007-12-31": "104.29700", "2006-12-31": "94.40100", "2005-12-31": "82.24000"}, "Common Stock Net": {"2019-12-31": "0.48100", "2018-12-31": "0.48100", "2017-12-31": "0.48100", "2016-12-31": "0.48100", "2015-12-31": "0.48100", "2014-12-31": "0.48100", "2013-12-31": "0.48100", "2012-12-31": "0.48100", "2011-12-31": "0.48100", "2010-12-31": "0.48100", "2009-12-31": "0.48100", "2008-12-31": "0.48100", "2007-12-31": "0.48100", "2006-12-31": "0.48100", "2005-12-31": "0.48100"}, "Retained Earnings (Accumulated Deficit)": {"2019-12-31": "917.33600", "2018-12-31": "771.92500", "2017-12-31": "624.46300", "2016-12-31": "435.87600", "2015-12-31": "326.01900", "2014-12-31": "261.15000", "2013-12-31": "202.21000", "2012-12-31": "163.10900", "2011-12-31": "130.11500", "2010-12-31": "102.55800", "2009-12-31": "77.50400", "2008-12-31": "50.49400", "2007-12-31": "35.63200", "2006-12-31": "18.13100", "2005-12-31": "3.76900"}, "Comprehensive Income": {"2019-12-31": "-0.04600", "2018-12-31": "-0.04600", "2017-12-31": "-0.04600", "2016-12-31": "-0.04600", "2015-12-31": "-0.04600", "2014-12-31": "-0.04600", "2013-12-31": "-0.04600", "2012-12-31": "-0.26800", "2011-12-31": "-0.35500", "2010-12-31": "-0.27500", "2009-12-31": "-0.40500", "2008-12-31": "-0.38700", "2007-12-31": "", "2006-12-31": "-0.01000", "2005-12-31": ""}, "Other Share Holders Equity": {"2019-12-31": "", "2018-12-31": "", "2017-12-31": "", "2016-12-31": "", "2015-12-31": "", "2014-12-31": "", "2013-12-31": "", "2012-12-31": "", "2011-12-31": "", "2010-12-31": "", "2009-12-31": "", "2008-12-31": "", "2007-12-31": "", "2006-12-31": "", "2005-12-31": ""}, "Share Holder Equity": {"2019-12-31": "1617.05800", "2018-12-31": "1324.84600", "2017-12-31": "1191.73600", "2016-12-31": "915.52500", "2015-12-31": "858.85700", "2014-12-31": "336.97300", "2013-12-31": "246.31900", "2012-12-31": "145.29900", "2011-12-31": "78.11000", "2010-12-31": "106.97200", "2009-12-31": "134.35800", "2008-12-31": "114.26200", "2007-12-31": "137.21100", "2006-12-31": "125.87500", "2005-12-31": "112.19700"}, "Total Liabilities And Share Holders Equity": {"2019-12-31": "2191.61400", "2018-12-31": "1790.96300", "2017-12-31": "1611.35100", "2016-12-31": "1357.94500", "2015-12-31": "1356.57000", "2014-12-31": "569.81200", "2013-12-31": "444.48800", "2012-12-31": "338.66600", "2011-12-31": "295.39100", "2010-12-31": "264.03200", "2009-12-31": "270.67000", "2008-12-31": "251.76100", "2007-12-31": "241.50800", "2006-12-31": "220.27600", "2005-12-31": "194.43700"}}, "balance sheet, quarterly": {"Cash On Hand": {"2020-09-30": "574.28000", "2020-06-30": "403.68800", "2020-03-31": "340.23500", "2019-12-31": "272.08100", "2019-09-30": "194.36900", "2019-06-30": "42.37100", "2019-03-31": "76.39500", "2018-12-31": "178.58500", "2018-09-30": "271.80100", "2018-06-30": "152.70600", "2018-03-31": "276.47400", "2017-12-31": "229.08500", "2017-09-30": "164.51400", "2017-06-30": "79.78100", "2017-03-31": "83.78700", "2016-12-31": "56.42400", "2016-09-30": "47.07800", "2016-06-30": "63.96900", "2016-03-31": "53.67300", "2015-12-31": "46.51000", "2015-09-30": "247.73800", "2015-06-30": "204.10300", "2015-03-31": "194.72100", "2014-12-31": "206.16700", "2014-09-30": "157.43100", "2014-06-30": "88.89200", "2014-03-31": "97.14500", "2013-12-31": "78.87600", "2013-09-30": "52.12100", "2013-06-30": "3.06800", "2013-03-31": "4.49500", "2012-12-31": "6.40600", "2012-09-30": "0.10300", "2012-06-30": "0.36200", "2012-03-31": "9.93200", "2011-12-31": "1.35100", "2011-09-30": "5.28000", "2011-06-30": "1.43700", "2011-03-31": "2.24800", "2010-12-31": "2.13900", "2010-09-30": "6.44900", "2010-06-30": "6.21700", "2010-03-31": "9.05100", "2009-12-31": "15.74600", "2009-09-30": "7.89500", "2009-06-30": "9.44900", "2009-03-31": "7.39300", "2008-12-31": "7.61900", "2008-09-30": "29.36100", "2008-06-30": "38.14400", "2008-03-31": "40.29800", "2007-12-31": "55.69400", "2007-09-30": "48.67500", "2007-06-30": "34.71300", "2007-03-31": "40.34700", "2006-12-31": "41.71700", "2006-09-30": "38.07700", "2006-06-30": "27.44400", "2006-03-31": "33.86500", "2005-12-31": "37.23300", "2005-09-30": "26.74500", "2005-06-30": "22.10700", "2005-03-31": "25.23700"}, "Receivables": {"2020-09-30": "383.41900", "2020-06-30": "433.66600", "2020-03-31": "334.80100", "2019-12-31": "380.57100", "2019-09-30": "347.98600", "2019-06-30": "381.37900", "2019-03-31": "298.98000", "2018-12-31": "303.60900", "2018-09-30": "294.80400", "2018-06-30": "312.35300", "2018-03-31": "223.80200", "2017-12-31": "257.52700", "2017-09-30": "209.80600", "2017-06-30": "246.03700", "2017-03-31": "163.72300", "2016-12-31": "203.22900", "2016-09-30": "206.10900", "2016-06-30": "233.47700", "2016-03-31": "149.13000", "2015-12-31": "197.44000", "2015-09-30": "129.22800", "2015-06-30": "152.17800", "2015-03-31": "105.79000", "2014-12-31": "112.67900", "2014-09-30": "111.80300", "2014-06-30": "147.94500", "2014-03-31": "86.62400", "2013-12-31": "116.29100", "2013-09-30": "90.50300", "2013-06-30": "121.25600", "2013-03-31": "76.22000", "2012-12-31": "99.61800", "2012-09-30": "78.21800", "2012-06-30": "100.46000", "2012-03-31": "58.88800", "2011-12-31": "90.01200", "2011-09-30": "75.45600", "2011-06-30": "90.48600", "2011-03-31": "66.47400", "2010-12-31": "81.86000", "2010-09-30": "77.13900", "2010-06-30": "89.50300", "2010-03-31": "63.07600", "2009-12-31": "81.24500", "2009-09-30": "85.61300", "2009-06-30": "83.18300", "2009-03-31": "65.59600", "2008-12-31": "76.98900", "2008-09-30": "66.43000", "2008-06-30": "79.63800", "2008-03-31": "59.27100", "2007-12-31": "63.96500", "2007-09-30": "56.91900", "2007-06-30": "61.61100", "2007-03-31": "47.21900", "2006-12-31": "58.18800", "2006-09-30": "44.63200", "2006-06-30": "52.28900", "2006-03-31": "38.75000", "2005-12-31": "49.64400", "2005-09-30": "41.70100", "2005-06-30": "46.89300", "2005-03-31": "37.44100"}, "Inventory": {"2020-09-30": "", "2020-06-30": "", "2020-03-31": "", "2019-12-31": "", "2019-09-30": "", "2019-06-30": "", "2019-03-31": "", "2018-12-31": "", "2018-09-30": "", "2018-06-30": "", "2018-03-31": "", "2017-12-31": "", "2017-09-30": "", "2017-06-30": "", "2017-03-31": "", "2016-12-31": "", "2016-09-30": "", "2016-06-30": "", "2016-03-31": "", "2015-12-31": "", "2015-09-30": "", "2015-06-30": "", "2015-03-31": "", "2014-12-31": "", "2014-09-30": "", "2014-06-30": "", "2014-03-31": "", "2013-12-31": "", "2013-09-30": "", "2013-06-30": "", "2013-03-31": "", "2012-12-31": "", "2012-09-30": "", "2012-06-30": "", "2012-03-31": "", "2011-12-31": "", "2011-09-30": "", "2011-06-30": "", "2011-03-31": "", "2010-12-31": "", "2010-09-30": "", "2010-06-30": "", "2010-03-31": "", "2009-12-31": "", "2009-09-30": "", "2009-06-30": "", "2009-03-31": "", "2008-12-31": "", "2008-09-30": "", "2008-06-30": "", "2008-03-31": "", "2007-12-31": "", "2007-09-30": "", "2007-06-30": "", "2007-03-31": "", "2006-12-31": "", "2006-09-30": "", "2006-06-30": "", "2006-03-31": "", "2005-12-31": "", "2005-09-30": "", "2005-06-30": "", "2005-03-31": ""}, "Pre-Paid Expenses": {"2020-09-30": "29.74300", "2020-06-30": "33.34300", "2020-03-31": "33.96400", "2019-12-31": "24.71700", "2019-09-30": "24.54400", "2019-06-30": "26.88100", "2019-03-31": "23.83900", "2018-12-31": "33.25800", "2018-09-30": "32.79000", "2018-06-30": "34.98500", "2018-03-31": "30.26200", "2017-12-31": "32.20600", "2017-09-30": "23.21900", "2017-06-30": "23.67600", "2017-03-31": "21.44500", "2016-12-31": "21.03900", "2016-09-30": "21.38400", "2016-06-30": "22.97600", "2016-03-31": "20.98400", "2015-12-31": "22.33400", "2015-09-30": "18.04400", "2015-06-30": "18.97900", "2015-03-31": "17.35200", "2014-12-31": "17.85100", "2014-09-30": "15.56100", "2014-06-30": "15.83800", "2014-03-31": "15.15800", "2013-12-31": "13.52200", "2013-09-30": "12.10700", "2013-06-30": "11.81100", "2013-03-31": "10.25500", "2012-12-31": "9.00000", "2012-09-30": "8.17100", "2012-06-30": "8.15900", "2012-03-31": "8.36100", "2011-12-31": "8.34800", "2011-09-30": "8.00800", "2011-06-30": "8.23800", "2011-03-31": "7.91500", "2010-12-31": "7.80100", "2010-09-30": "7.64200", "2010-06-30": "7.47000", "2010-03-31": "7.81400", "2009-12-31": "7.92100", "2009-09-30": "7.76600", "2009-06-30": "8.81100", "2009-03-31": "8.59700", "2008-12-31": "8.60200", "2008-09-30": "7.69300", "2008-06-30": "8.78700", "2008-03-31": "8.61100", "2007-12-31": "7.72600", "2007-09-30": "6.40100", "2007-06-30": "6.40700", "2007-03-31": "7.08300", "2006-12-31": "6.86400", "2006-09-30": "5.93700", "2006-06-30": "5.82900", "2006-03-31": "5.77600", "2005-12-31": "5.15800", "2005-09-30": "5.79600", "2005-06-30": "5.42300", "2005-03-31": "4.76800"}, "Other Current Assets": {"2020-09-30": "3.15700", "2020-06-30": "3.24500", "2020-03-31": "3.22000", "2019-12-31": "2.32800", "2019-09-30": "2.90700", "2019-06-30": "2.93900", "2019-03-31": "3.06000", "2018-12-31": "3.40600", "2018-09-30": "2.29900", "2018-06-30": "1.94400", "2018-03-31": "2.09800", "2017-12-31": "1.99700", "2017-09-30": "2.18200", "2017-06-30": "2.78400", "2017-03-31": "2.62000", "2016-12-31": "2.26800", "2016-09-30": "2.75600", "2016-06-30": "3.52900", "2016-03-31": "1.74900", "2015-12-31": "1.93100", "2015-09-30": "6.82100", "2015-06-30": "10.59000", "2015-03-31": "0.23800", "2014-12-31": "0.33900", "2014-09-30": "0.44600", "2014-06-30": "0.59800", "2014-03-31": "0.93300", "2013-12-31": "0.78700", "2013-09-30": "4.52200", "2013-06-30": "4.90500", "2013-03-31": "1.03500", "2012-12-31": "1.07400", "2012-09-30": "2.52100", "2012-06-30": "3.18400", "2012-03-31": "1.40300", "2011-12-31": "2.28600", "2011-09-30": "2.48300", "2011-06-30": "4.06700", "2011-03-31": "1.89600", "2010-12-31": "3.54300", "2010-09-30": "2.01900", "2010-06-30": "3.88600", "2010-03-31": "1.49300", "2009-12-31": "1.43700", "2009-09-30": "1.76700", "2009-06-30": "2.11300", "2009-03-31": "1.55100", "2008-12-31": "1.44400", "2008-09-30": "1.77100", "2008-06-30": "3.59400", "2008-03-31": "1.55600", "2007-12-31": "1.32400", "2007-09-30": "2.48700", "2007-06-30": "2.04700", "2007-03-31": "2.36000", "2006-12-31": "2.32600", "2006-09-30": "2.78300", "2006-06-30": "1.74100", "2006-03-31": "2.15000", "2005-12-31": "2.20100", "2005-09-30": "", "2005-06-30": "", "2005-03-31": ""}, "Total Current Assets": {"2020-09-30": "990.59900", "2020-06-30": "873.94200", "2020-03-31": "712.22000", "2019-12-31": "679.69700", "2019-09-30": "569.80600", "2019-06-30": "453.57000", "2019-03-31": "402.27400", "2018-12-31": "518.85800", "2018-09-30": "601.69400", "2018-06-30": "501.98800", "2018-03-31": "532.63600", "2017-12-31": "520.81500", "2017-09-30": "399.72100", "2017-06-30": "352.27800", "2017-03-31": "271.57500", "2016-12-31": "282.96000", "2016-09-30": "277.32700", "2016-06-30": "323.95100", "2016-03-31": "225.53600", "2015-12-31": "268.21500", "2015-09-30": "411.50500", "2015-06-30": "395.52400", "2015-03-31": "327.77500", "2014-12-31": "337.03600", "2014-09-30": "293.00000", "2014-06-30": "261.03200", "2014-03-31": "207.61900", "2013-12-31": "217.23500", "2013-09-30": "164.76500", "2013-06-30": "146.55200", "2013-03-31": "97.54900", "2012-12-31": "122.05300", "2012-09-30": "94.06400", "2012-06-30": "117.26000", "2012-03-31": "83.67900", "2011-12-31": "107.09200", "2011-09-30": "94.33300", "2011-06-30": "107.33400", "2011-03-31": "81.63900", "2010-12-31": "98.44900", "2010-09-30": "97.36100", "2010-06-30": "110.36400", "2010-03-31": "84.71300", "2009-12-31": "109.68700", "2009-09-30": "105.59600", "2009-06-30": "106.14500", "2009-03-31": "85.72300", "2008-12-31": "97.22400", "2008-09-30": "107.09400", "2008-06-30": "132.08500", "2008-03-31": "111.65800", "2007-12-31": "131.06400", "2007-09-30": "117.06100", "2007-06-30": "107.35700", "2007-03-31": "99.58800", "2006-12-31": "111.67400", "2006-09-30": "93.55700", "2006-06-30": "89.43100", "2006-03-31": "82.66900", "2005-12-31": "96.36400", "2005-09-30": "75.85300", "2005-06-30": "76.03400", "2005-03-31": "69.05700"}, "Property, Plant, And Equipment": {"2020-09-30": "170.83300", "2020-06-30": "174.96700", "2020-03-31": "175.46000", "2019-12-31": "171.86100", "2019-09-30": "169.95000", "2019-06-30": "170.15000", "2019-03-31": "164.61700", "2018-12-31": "155.17700", "2018-09-30": "156.49800", "2018-06-30": "154.46400", "2018-03-31": "154.25400", "2017-12-31": "152.31500", "2017-09-30": "149.14200", "2017-06-30": "147.95600", "2017-03-31": "142.10900", "2016-12-31": "124.26800", "2016-09-30": "120.96300", "2016-06-30": "115.88600", "2016-03-31": "114.29100", "2015-12-31": "101.11200", "2015-09-30": "68.09200", "2015-06-30": "67.90800", "2015-03-31": "67.30100", "2014-12-31": "65.91000", "2014-09-30": "66.69400", "2014-06-30": "67.16000", "2014-03-31": "66.22200", "2013-12-31": "64.84400", "2013-09-30": "63.14500", "2013-06-30": "55.37800", "2013-03-31": "48.17000", "2012-12-31": "45.38100", "2012-09-30": "43.01700", "2012-06-30": "42.50000", "2012-03-31": "40.72100", "2011-12-31": "40.91500", "2011-09-30": "40.78000", "2011-06-30": "40.51100", "2011-03-31": "41.38600", "2010-12-31": "34.85100", "2010-09-30": "35.32100", "2010-06-30": "35.69500", "2010-03-31": "36.19000", "2009-12-31": "35.75000", "2009-09-30": "31.96100", "2009-06-30": "28.45400", "2009-03-31": "27.87400", "2008-12-31": "26.52200", "2008-09-30": "24.77300", "2008-06-30": "13.22000", "2008-03-31": "10.03000", "2007-12-31": "9.82600", "2007-09-30": "9.55600", "2007-06-30": "8.74700", "2007-03-31": "8.50600", "2006-12-31": "7.39000", "2006-09-30": "7.23300", "2006-06-30": "6.94800", "2006-03-31": "6.19300", "2005-12-31": "5.75900", "2005-09-30": "5.84100", "2005-06-30": "6.14700", "2005-03-31": "6.48600"}, "Long-Term Investments": {"2020-09-30": "75.27800", "2020-06-30": "101.76400", "2020-03-31": "85.77600", "2019-12-31": "42.23500", "2019-09-30": "71.10400", "2019-06-30": "71.46200", "2019-03-31": "75.31800", "2018-12-31": "70.33800", "2018-09-30": "61.15600", "2018-06-30": "57.58000", "2018-03-31": "48.38800", "2017-12-31": "38.51000", "2017-09-30": "39.80000", "2017-06-30": "31.34700", "2017-03-31": "30.90300", "2016-12-31": "30.74100", "2016-09-30": "27.88100", "2016-06-30": "29.75200", "2016-03-31": "33.44200", "2015-12-31": "35.42200", "2015-09-30": "15.00000", "2015-06-30": "15.00000", "2015-03-31": "", "2014-12-31": "", "2014-09-30": "", "2014-06-30": "", "2014-03-31": "1.28000", "2013-12-31": "", "2013-09-30": "2.07800", "2013-06-30": "2.10300", "2013-03-31": "2.01200", "2012-12-31": "2.03700", "2012-09-30": "2.02900", "2012-06-30": "1.90300", "2012-03-31": "1.95300", "2011-12-31": "1.95300", "2011-09-30": "2.10100", "2011-06-30": "2.10100", "2011-03-31": "2.12600", "2010-12-31": "2.12600", "2010-09-30": "2.14900", "2010-06-30": "2.09400", "2010-03-31": "2.14500", "2009-12-31": "1.97600", "2009-09-30": "2.09700", "2009-06-30": "2.80000", "2009-03-31": "3.73300", "2008-12-31": "3.77900", "2008-09-30": "4.89300", "2008-06-30": "5.65000", "2008-03-31": "5.82500", "2007-12-31": "", "2007-09-30": "", "2007-06-30": "", "2007-03-31": "", "2006-12-31": "", "2006-09-30": "", "2006-06-30": "", "2006-03-31": "", "2005-12-31": "0.25000", "2005-09-30": "7.50000", "2005-06-30": "7.50000", "2005-03-31": "7.50000"}, "Goodwill And Intangible Assets": {"2020-09-30": "1182.02700", "2020-06-30": "1194.14300", "2020-03-31": "1206.53400", "2019-12-31": "1219.03100", "2019-09-30": "1203.62000", "2019-06-30": "1213.38900", "2019-03-31": "1224.20500", "2018-12-31": "1030.57000", "2018-09-30": "1032.30800", "2018-06-30": "1033.34000", "2018-03-31": "878.79600", "2017-12-31": "887.60400", "2017-09-30": "900.58800", "2017-06-30": "904.59500", "2017-03-31": "908.51700", "2016-12-31": "917.49600", "2016-09-30": "923.85100", "2016-06-30": "940.88400", "2016-03-31": "941.64200", "2015-12-31": "949.04400", "2015-09-30": "161.63300", "2015-06-30": "163.46700", "2015-03-31": "157.25700", "2014-12-31": "158.86400", "2014-09-30": "160.37600", "2014-06-30": "156.81500", "2014-03-31": "158.38700", "2013-12-31": "159.99700", "2013-09-30": "161.63900", "2013-06-30": "163.30000", "2013-03-31": "165.04200", "2012-12-31": "166.81100", "2012-09-30": "155.06900", "2012-06-30": "156.74000", "2012-03-31": "148.52500", "2011-12-31": "141.72200", "2011-09-30": "121.64300", "2011-06-30": "122.78900", "2011-03-31": "123.93700", "2010-12-31": "125.13800", "2010-09-30": "126.46300", "2010-06-30": "127.86300", "2010-03-31": "129.26300", "2009-12-31": "122.02900", "2009-09-30": "123.26800", "2009-06-30": "123.82900", "2009-03-31": "123.13800", "2008-12-31": "123.81200", "2008-09-30": "126.41500", "2008-06-30": "116.68200", "2008-03-31": "118.80600", "2007-12-31": "100.04500", "2007-09-30": "102.36300", "2007-06-30": "100.38600", "2007-03-31": "102.10500", "2006-12-31": "99.37100", "2006-09-30": "100.98400", "2006-06-30": "101.85000", "2006-03-31": "103.51300", "2005-12-31": "90.31200", "2005-09-30": "92.24300", "2005-06-30": "93.99000", "2005-03-31": "95.66900"}, "Other Long-Term Assets": {"2020-09-30": "33.64600", "2020-06-30": "", "2020-03-31": "", "2019-12-31": "37.36600", "2019-09-30": "", "2019-06-30": "", "2019-03-31": "", "2018-12-31": "", "2018-09-30": "", "2018-06-30": "", "2018-03-31": "", "2017-12-31": "", "2017-09-30": "", "2017-06-30": "", "2017-03-31": "", "2016-12-31": "", "2016-09-30": "", "2016-06-30": "", "2016-03-31": "", "2015-12-31": "", "2015-09-30": "21.08000", "2015-06-30": "3.74400", "2015-03-31": "15.73800", "2014-12-31": "0.73700", "2014-09-30": "0.73900", "2014-06-30": "0.68300", "2014-03-31": "0.20700", "2013-12-31": "1.82400", "2013-09-30": "0.69000", "2013-06-30": "0.79500", "2013-03-31": "0.98000", "2012-12-31": "1.19700", "2012-09-30": "1.23400", "2012-06-30": "1.46700", "2012-03-31": "1.48500", "2011-12-31": "1.61400", "2011-09-30": "1.66700", "2011-06-30": "1.78800", "2011-03-31": "1.91200", "2010-12-31": "2.23700", "2010-09-30": "2.17900", "2010-06-30": "0.20900", "2010-03-31": "0.23500", "2009-12-31": "0.21000", "2009-09-30": "0.22400", "2009-06-30": "0.22700", "2009-03-31": "0.24100", "2008-12-31": "0.22700", "2008-09-30": "0.22000", "2008-06-30": "0.19100", "2008-03-31": "0.60000", "2007-12-31": "0.17500", "2007-09-30": "0.18800", "2007-06-30": "0.14900", "2007-03-31": "0.15500", "2006-12-31": "0.16600", "2006-09-30": "0.17800", "2006-06-30": "0.18700", "2006-03-31": "0.17600", "2005-12-31": "0.20500", "2005-09-30": "0.25100", "2005-06-30": "0.20500", "2005-03-31": "0.20800"}, "Total Long-Term Assets": {"2020-09-30": "1501.56400", "2020-06-30": "1508.65400", "2020-03-31": "1507.15600", "2019-12-31": "1511.91700", "2019-09-30": "1485.28300", "2019-06-30": "1495.86100", "2019-03-31": "1507.02800", "2018-12-31": "1272.10500", "2018-09-30": "1262.92800", "2018-06-30": "1257.77100", "2018-03-31": "1092.98800", "2017-12-31": "1090.53600", "2017-09-30": "1093.39700", "2017-06-30": "1086.23100", "2017-03-31": "1084.10600", "2016-12-31": "1074.98500", "2016-09-30": "1075.43900", "2016-06-30": "1089.10100", "2016-03-31": "1092.47300", "2015-12-31": "1088.35500", "2015-09-30": "266.87700", "2015-06-30": "250.51000", "2015-03-31": "240.60700", "2014-12-31": "232.77600", "2014-09-30": "229.26300", "2014-06-30": "225.78500", "2014-03-31": "226.62200", "2013-12-31": "227.25300", "2013-09-30": "228.65000", "2013-06-30": "222.37600", "2013-03-31": "217.82500", "2012-12-31": "216.61300", "2012-09-30": "202.03000", "2012-06-30": "203.18600", "2012-03-31": "194.08400", "2011-12-31": "188.29900", "2011-09-30": "167.40300", "2011-06-30": "167.82000", "2011-03-31": "170.76400", "2010-12-31": "165.58300", "2010-09-30": "167.39900", "2010-06-30": "166.63500", "2010-03-31": "168.94200", "2009-12-31": "160.98300", "2009-09-30": "158.03300", "2009-06-30": "155.62100", "2009-03-31": "155.27800", "2008-12-31": "154.53700", "2008-09-30": "156.98200", "2008-06-30": "136.20300", "2008-03-31": "135.79000", "2007-12-31": "110.44400", "2007-09-30": "112.16900", "2007-06-30": "110.40300", "2007-03-31": "111.90300", "2006-12-31": "108.60200", "2006-09-30": "109.89500", "2006-06-30": "109.82200", "2006-03-31": "110.50800", "2005-12-31": "98.07300", "2005-09-30": "105.83500", "2005-06-30": "107.84200", "2005-03-31": "109.86300"}, "Total Assets": {"2020-09-30": "2492.16300", "2020-06-30": "2382.59600", "2020-03-31": "2219.37600", "2019-12-31": "2191.61400", "2019-09-30": "2055.08900", "2019-06-30": "1949.43100", "2019-03-31": "1909.30200", "2018-12-31": "1790.96300", "2018-09-30": "1864.62200", "2018-06-30": "1759.75900", "2018-03-31": "1625.62400", "2017-12-31": "1611.35100", "2017-09-30": "1493.11800", "2017-06-30": "1438.50900", "2017-03-31": "1355.68100", "2016-12-31": "1357.94500", "2016-09-30": "1352.76600", "2016-06-30": "1413.05200", "2016-03-31": "1318.00900", "2015-12-31": "1356.57000", "2015-09-30": "678.38200", "2015-06-30": "646.03400", "2015-03-31": "568.38200", "2014-12-31": "569.81200", "2014-09-30": "522.26300", "2014-06-30": "486.81700", "2014-03-31": "434.24100", "2013-12-31": "444.48800", "2013-09-30": "393.41500", "2013-06-30": "368.92800", "2013-03-31": "315.37400", "2012-12-31": "338.66600", "2012-09-30": "296.09400", "2012-06-30": "320.44600", "2012-03-31": "277.76300", "2011-12-31": "295.39100", "2011-09-30": "261.73600", "2011-06-30": "275.15400", "2011-03-31": "252.40300", "2010-12-31": "264.03200", "2010-09-30": "264.76000", "2010-06-30": "276.99900", "2010-03-31": "253.65500", "2009-12-31": "270.67000", "2009-09-30": "263.62900", "2009-06-30": "261.76600", "2009-03-31": "241.00100", "2008-12-31": "251.76100", "2008-09-30": "264.07600", "2008-06-30": "268.28800", "2008-03-31": "247.44800", "2007-12-31": "241.50800", "2007-09-30": "229.23000", "2007-06-30": "217.76000", "2007-03-31": "211.49100", "2006-12-31": "220.27600", "2006-09-30": "203.45200", "2006-06-30": "199.25300", "2006-03-31": "193.17700", "2005-12-31": "194.43700", "2005-09-30": "181.68800", "2005-06-30": "183.87600", "2005-03-31": "178.92000"}, "Total Current Liabilities": {"2020-09-30": "535.04500", "2020-06-30": "494.26200", "2020-03-31": "445.05500", "2019-12-31": "509.09300", "2019-09-30": "476.81400", "2019-06-30": "453.73200", "2019-03-31": "403.38000", "2018-12-31": "423.90200", "2018-09-30": "397.03800", "2018-06-30": "373.88200", "2018-03-31": "319.54900", "2017-12-31": "371.46200", "2017-09-30": "359.30900", "2017-06-30": "359.58200", "2017-03-31": "322.24500", "2016-12-31": "361.50100", "2016-09-30": "348.49200", "2016-06-30": "352.93000", "2016-03-31": "289.68400", "2015-12-31": "337.57200", "2015-09-30": "242.47400", "2015-06-30": "240.74400", "2015-03-31": "197.65400", "2014-12-31": "232.83900", "2014-09-30": "221.36100", "2014-06-30": "215.76400", "2014-03-31": "161.38200", "2013-12-31": "192.11000", "2013-09-30": "181.64600", "2013-06-30": "183.26200", "2013-03-31": "149.81300", "2012-12-31": "169.73500", "2012-09-30": "144.65400", "2012-06-30": "150.01200", "2012-03-31": "129.02200", "2011-12-31": "151.64000", "2011-09-30": "133.05200", "2011-06-30": "133.25200", "2011-03-31": "115.59400", "2010-12-31": "124.64900", "2010-09-30": "141.10700", "2010-06-30": "132.38300", "2010-03-31": "107.64800", "2009-12-31": "129.25300", "2009-09-30": "131.08000", "2009-06-30": "130.95500", "2009-03-31": "119.27700", "2008-12-31": "129.46900", "2008-09-30": "119.88400", "2008-06-30": "116.92100", "2008-03-31": "105.24200", "2007-12-31": "96.57400", "2007-09-30": "87.52300", "2007-06-30": "85.08800", "2007-03-31": "76.31200", "2006-12-31": "85.18500", "2006-09-30": "73.01600", "2006-06-30": "73.76700", "2006-03-31": "65.76400", "2005-12-31": "70.95000", "2005-09-30": "59.32200", "2005-06-30": "59.80600", "2005-03-31": "54.62700"}, "Long Term Debt": {"2020-09-30": "", "2020-06-30": "", "2020-03-31": "", "2019-12-31": "", "2019-09-30": "", "2019-06-30": "15.00000", "2019-03-31": "85.00000", "2018-12-31": "", "2018-09-30": "", "2018-06-30": "", "2018-03-31": "", "2017-12-31": "", "2017-09-30": "", "2017-06-30": "", "2017-03-31": "", "2016-12-31": "10.00000", "2016-09-30": "34.00000", "2016-06-30": "135.00000", "2016-03-31": "140.00000", "2015-12-31": "66.00000", "2015-09-30": "", "2015-06-30": "", "2015-03-31": "", "2014-12-31": "", "2014-09-30": "", "2014-06-30": "", "2014-03-31": "", "2013-12-31": "", "2013-09-30": "", "2013-06-30": "", "2013-03-31": "", "2012-12-31": "18.00000", "2012-09-30": "28.00000", "2012-06-30": "65.70000", "2012-03-31": "56.00000", "2011-12-31": "60.70000", "2011-09-30": "58.00000", "2011-06-30": "31.50000", "2011-03-31": "22.50000", "2010-12-31": "26.50000", "2010-09-30": "16.50000", "2010-06-30": "", "2010-03-31": "", "2009-12-31": "", "2009-09-30": "", "2009-06-30": "", "2009-03-31": "", "2008-12-31": "", "2008-09-30": "", "2008-06-30": "", "2008-03-31": "", "2007-12-31": "", "2007-09-30": "", "2007-06-30": "", "2007-03-31": "", "2006-12-31": "", "2006-09-30": "", "2006-06-30": "", "2006-03-31": "", "2005-12-31": "", "2005-09-30": "", "2005-06-30": "", "2005-03-31": ""}, "Other Non-Current Liabilities": {"2020-09-30": "", "2020-06-30": "", "2020-03-31": "", "2019-12-31": "", "2019-09-30": "", "2019-06-30": "", "2019-03-31": "", "2018-12-31": "", "2018-09-30": "", "2018-06-30": "", "2018-03-31": "", "2017-12-31": "", "2017-09-30": "", "2017-06-30": "", "2017-03-31": "", "2016-12-31": "", "2016-09-30": "", "2016-06-30": "", "2016-03-31": "", "2015-12-31": "", "2015-09-30": "", "2015-06-30": "", "2015-03-31": "", "2014-12-31": "", "2014-09-30": "", "2014-06-30": "", "2014-03-31": "", "2013-12-31": "", "2013-09-30": "", "2013-06-30": "", "2013-03-31": "", "2012-12-31": "", "2012-09-30": "", "2012-06-30": "", "2012-03-31": "", "2011-12-31": "", "2011-09-30": "", "2011-06-30": "", "2011-03-31": "", "2010-12-31": "", "2010-09-30": "", "2010-06-30": "", "2010-03-31": "", "2009-12-31": "", "2009-09-30": "", "2009-06-30": "", "2009-03-31": "", "2008-12-31": "", "2008-09-30": "", "2008-06-30": "", "2008-03-31": "", "2007-12-31": "", "2007-09-30": "", "2007-06-30": "", "2007-03-31": "", "2006-12-31": "", "2006-09-30": "", "2006-06-30": "", "2006-03-31": "", "2005-12-31": "", "2005-09-30": "", "2005-06-30": "", "2005-03-31": ""}, "Total Long Term Liabilities": {"2020-09-30": "58.97300", "2020-06-30": "59.00600", "2020-03-31": "61.48900", "2019-12-31": "65.46300", "2019-09-30": "58.67800", "2019-06-30": "74.06900", "2019-03-31": "147.17700", "2018-12-31": "42.21500", "2018-09-30": "45.45800", "2018-06-30": "45.58800", "2018-03-31": "44.86100", "2017-12-31": "48.15300", "2017-09-30": "56.03100", "2017-06-30": "61.32500", "2017-03-31": "66.59900", "2016-12-31": "80.91900", "2016-09-30": "122.01900", "2016-06-30": "230.81400", "2016-03-31": "236.33600", "2015-12-31": "160.14100", "2015-09-30": "4.81300", "2015-06-30": "4.67300", "2015-03-31": "4.34000", "2014-12-31": "", "2014-09-30": "4.91100", "2014-06-30": "4.57400", "2014-03-31": "6.15500", "2013-12-31": "6.05900", "2013-09-30": "4.14100", "2013-06-30": "5.51100", "2013-03-31": "5.36300", "2012-12-31": "23.63200", "2012-09-30": "33.43100", "2012-06-30": "70.82700", "2012-03-31": "60.99400", "2011-12-31": "65.64100", "2011-09-30": "63.97200", "2011-06-30": "37.45200", "2011-03-31": "28.41100", "2010-12-31": "32.41100", "2010-09-30": "23.73700", "2010-06-30": "7.13700", "2010-03-31": "7.05900", "2009-12-31": "7.05900", "2009-09-30": "8.09200", "2009-06-30": "8.08000", "2009-03-31": "8.03000", "2008-12-31": "8.03000", "2008-09-30": "8.88900", "2008-06-30": "9.06900", "2008-03-31": "9.41500", "2007-12-31": "7.72300", "2007-09-30": "8.13000", "2007-06-30": "8.49200", "2007-03-31": "8.85400", "2006-12-31": "9.21600", "2006-09-30": "9.65900", "2006-06-30": "10.15300", "2006-03-31": "10.79700", "2005-12-31": "11.29000", "2005-09-30": "12.97300", "2005-06-30": "12.97300", "2005-03-31": "12.97300"}, "Total Liabilities": {"2020-09-30": "594.01800", "2020-06-30": "553.26800", "2020-03-31": "506.54400", "2019-12-31": "574.55600", "2019-09-30": "535.49200", "2019-06-30": "527.80100", "2019-03-31": "550.55700", "2018-12-31": "466.11700", "2018-09-30": "442.49600", "2018-06-30": "419.47000", "2018-03-31": "364.41000", "2017-12-31": "419.61500", "2017-09-30": "415.34000", "2017-06-30": "420.90700", "2017-03-31": "388.84400", "2016-12-31": "442.42000", "2016-09-30": "470.51100", "2016-06-30": "583.74400", "2016-03-31": "526.02000", "2015-12-31": "497.71300", "2015-09-30": "247.28700", "2015-06-30": "245.41700", "2015-03-31": "201.99400", "2014-12-31": "232.83900", "2014-09-30": "226.27200", "2014-06-30": "220.33800", "2014-03-31": "167.53700", "2013-12-31": "198.16900", "2013-09-30": "185.78700", "2013-06-30": "188.77300", "2013-03-31": "155.17600", "2012-12-31": "193.36700", "2012-09-30": "178.08500", "2012-06-30": "220.83900", "2012-03-31": "190.01600", "2011-12-31": "217.28100", "2011-09-30": "197.02400", "2011-06-30": "170.70400", "2011-03-31": "144.00500", "2010-12-31": "157.06000", "2010-09-30": "164.84400", "2010-06-30": "139.52000", "2010-03-31": "114.70700", "2009-12-31": "136.31200", "2009-09-30": "139.17200", "2009-06-30": "139.03500", "2009-03-31": "127.30700", "2008-12-31": "137.49900", "2008-09-30": "128.77300", "2008-06-30": "125.99000", "2008-03-31": "114.65700", "2007-12-31": "104.29700", "2007-09-30": "95.65300", "2007-06-30": "93.58000", "2007-03-31": "85.16600", "2006-12-31": "94.40100", "2006-09-30": "82.67500", "2006-06-30": "83.92000", "2006-03-31": "76.56100", "2005-12-31": "82.24000", "2005-09-30": "72.29500", "2005-06-30": "72.77900", "2005-03-31": "67.60000"}, "Common Stock Net": {"2020-09-30": "0.48100", "2020-06-30": "0.48100", "2020-03-31": "0.48100", "2019-12-31": "0.48100", "2019-09-30": "0.48100", "2019-06-30": "0.48100", "2019-03-31": "0.48100", "2018-12-31": "0.48100", "2018-09-30": "0.48100", "2018-06-30": "0.48100", "2018-03-31": "0.48100", "2017-12-31": "0.48100", "2017-09-30": "0.48100", "2017-06-30": "0.48100", "2017-03-31": "0.48100", "2016-12-31": "0.48100", "2016-09-30": "0.48100", "2016-06-30": "0.48100", "2016-03-31": "0.48100", "2015-12-31": "0.48100", "2015-09-30": "0.48100", "2015-06-30": "0.48100", "2015-03-31": "0.48100", "2014-12-31": "0.48100", "2014-09-30": "0.48100", "2014-06-30": "0.48100", "2014-03-31": "0.48100", "2013-12-31": "0.48100", "2013-09-30": "0.48100", "2013-06-30": "0.48100", "2013-03-31": "0.48100", "2012-12-31": "0.48100", "2012-09-30": "0.48100", "2012-06-30": "0.48100", "2012-03-31": "0.48100", "2011-12-31": "0.48100", "2011-09-30": "0.48100", "2011-06-30": "0.48100", "2011-03-31": "0.48100", "2010-12-31": "0.48100", "2010-09-30": "0.48100", "2010-06-30": "0.48100", "2010-03-31": "0.48100", "2009-12-31": "0.48100", "2009-09-30": "0.48100", "2009-06-30": "0.48100", "2009-03-31": "0.48100", "2008-12-31": "0.48100", "2008-09-30": "0.48100", "2008-06-30": "0.48100", "2008-03-31": "0.48100", "2007-12-31": "0.48100", "2007-09-30": "0.48100", "2007-06-30": "0.48100", "2007-03-31": "0.48100", "2006-12-31": "0.48100", "2006-09-30": "0.48100", "2006-06-30": "0.48100", "2006-03-31": "0.48100", "2005-12-31": "0.48100", "2005-09-30": "0.48100", "2005-06-30": "0.48100", "2005-03-31": "0.48100"}, "Retained Earnings (Accumulated Deficit)": {"2020-09-30": "1058.06200", "2020-06-30": "1018.77800", "2020-03-31": "964.88600", "2019-12-31": "917.33600", "2019-09-30": "870.54600", "2019-06-30": "830.15600", "2019-03-31": "798.15700", "2018-12-31": "771.92500", "2018-09-30": "740.37300", "2018-06-30": "701.44900", "2018-03-31": "662.28800", "2017-12-31": "624.46300", "2017-09-30": "538.02300", "2017-06-30": "499.76000", "2017-03-31": "468.18200", "2016-12-31": "435.87600", "2016-09-30": "384.23400", "2016-06-30": "361.97000", "2016-03-31": "343.09800", "2015-12-31": "326.01900", "2015-09-30": "317.40100", "2015-06-30": "297.25900", "2015-03-31": "278.42300", "2014-12-31": "261.15000", "2014-09-30": "245.83300", "2014-06-30": "228.83300", "2014-03-31": "214.09300", "2013-12-31": "202.21000", "2013-09-30": "191.69800", "2013-06-30": "180.64900", "2013-03-31": "171.60200", "2012-12-31": "163.10900", "2012-09-30": "153.73300", "2012-06-30": "142.90100", "2012-03-31": "135.79600", "2011-12-31": "130.11500", "2011-09-30": "121.41600", "2011-06-30": "113.91000", "2011-03-31": "108.28600", "2010-12-31": "102.55800", "2010-09-30": "95.34800", "2010-06-30": "88.62500", "2010-03-31": "82.37600", "2009-12-31": "77.50400", "2009-09-30": "70.84800", "2009-06-30": "63.37300", "2009-03-31": "56.50000", "2008-12-31": "50.49400", "2008-09-30": "45.36300", "2008-06-30": "39.00400", "2008-03-31": "38.75800", "2007-12-31": "35.63200", "2007-09-30": "29.44200", "2007-06-30": "24.28200", "2007-03-31": "20.53200", "2006-12-31": "18.13100", "2006-09-30": "13.95400", "2006-06-30": "9.54100", "2006-03-31": "5.78100", "2005-12-31": "3.76900", "2005-09-30": "0.64800", "2005-06-30": "-1.93300", "2005-03-31": "-3.95400"}, "Comprehensive Income": {"2020-09-30": "-0.04600", "2020-06-30": "-0.04600", "2020-03-31": "-0.04600", "2019-12-31": "-0.04600", "2019-09-30": "-0.04600", "2019-06-30": "-0.04600", "2019-03-31": "-0.04600", "2018-12-31": "-0.04600", "2018-09-30": "-0.04600", "2018-06-30": "-0.04600", "2018-03-31": "-0.04600", "2017-12-31": "-0.04600", "2017-09-30": "-0.04600", "2017-06-30": "-0.04600", "2017-03-31": "-0.04600", "2016-12-31": "-0.04600", "2016-09-30": "-0.04600", "2016-06-30": "-0.04600", "2016-03-31": "-0.04600", "2015-12-31": "-0.04600", "2015-09-30": "-0.04600", "2015-06-30": "-0.04600", "2015-03-31": "-0.04600", "2014-12-31": "-0.04600", "2014-09-30": "-0.04600", "2014-06-30": "-0.04600", "2014-03-31": "-0.04600", "2013-12-31": "-0.04600", "2013-09-30": "-0.20900", "2013-06-30": "-0.20900", "2013-03-31": "-0.26800", "2012-12-31": "-0.26800", "2012-09-30": "-0.27300", "2012-06-30": "-0.35500", "2012-03-31": "-0.35500", "2011-12-31": "-0.35500", "2011-09-30": "-0.27500", "2011-06-30": "-0.27500", "2011-03-31": "-0.27500", "2010-12-31": "-0.27500", "2010-09-30": "-0.27700", "2010-06-30": "-0.31200", "2010-03-31": "-0.29600", "2009-12-31": "-0.40500", "2009-09-30": "-0.35900", "2009-06-30": "-0.42200", "2009-03-31": "-0.41700", "2008-12-31": "-0.38700", "2008-09-30": "-0.16700", "2008-06-30": "", "2008-03-31": "", "2007-12-31": "", "2007-09-30": "-0.00400", "2007-06-30": "-0.01800", "2007-03-31": "-0.01700", "2006-12-31": "-0.01000", "2006-09-30": "", "2006-06-30": "", "2006-03-31": "", "2005-12-31": "", "2005-09-30": "", "2005-06-30": "", "2005-03-31": ""}, "Other Share Holders Equity": {"2020-09-30": "", "2020-06-30": "", "2020-03-31": "", "2019-12-31": "", "2019-09-30": "", "2019-06-30": "", "2019-03-31": "", "2018-12-31": "", "2018-09-30": "", "2018-06-30": "", "2018-03-31": "", "2017-12-31": "", "2017-09-30": "", "2017-06-30": "", "2017-03-31": "", "2016-12-31": "", "2016-09-30": "", "2016-06-30": "", "2016-03-31": "", "2015-12-31": "", "2015-09-30": "", "2015-06-30": "", "2015-03-31": "", "2014-12-31": "", "2014-09-30": "", "2014-06-30": "", "2014-03-31": "", "2013-12-31": "", "2013-09-30": "", "2013-06-30": "", "2013-03-31": "", "2012-12-31": "", "2012-09-30": "", "2012-06-30": "", "2012-03-31": "", "2011-12-31": "", "2011-09-30": "", "2011-06-30": "", "2011-03-31": "", "2010-12-31": "", "2010-09-30": "", "2010-06-30": "", "2010-03-31": "", "2009-12-31": "", "2009-09-30": "", "2009-06-30": "", "2009-03-31": "", "2008-12-31": "", "2008-09-30": "", "2008-06-30": "", "2008-03-31": "", "2007-12-31": "", "2007-09-30": "", "2007-06-30": "", "2007-03-31": "", "2006-12-31": "", "2006-09-30": "", "2006-06-30": "", "2006-03-31": "", "2005-12-31": "", "2005-09-30": "", "2005-06-30": "", "2005-03-31": ""}, "Share Holder Equity": {"2020-09-30": "1898.14500", "2020-06-30": "1829.32800", "2020-03-31": "1712.83200", "2019-12-31": "1617.05800", "2019-09-30": "1519.59700", "2019-06-30": "1421.63000", "2019-03-31": "1358.74500", "2018-12-31": "1324.84600", "2018-09-30": "1422.12600", "2018-06-30": "1340.28900", "2018-03-31": "1261.21400", "2017-12-31": "1191.73600", "2017-09-30": "1077.77800", "2017-06-30": "1017.60200", "2017-03-31": "966.83700", "2016-12-31": "915.52500", "2016-09-30": "882.25500", "2016-06-30": "829.30800", "2016-03-31": "791.98900", "2015-12-31": "858.85700", "2015-09-30": "431.09500", "2015-06-30": "400.61700", "2015-03-31": "366.38800", "2014-12-31": "336.97300", "2014-09-30": "295.99100", "2014-06-30": "266.47900", "2014-03-31": "266.70400", "2013-12-31": "246.31900", "2013-09-30": "207.62800", "2013-06-30": "180.15500", "2013-03-31": "160.19800", "2012-12-31": "145.29900", "2012-09-30": "118.00900", "2012-06-30": "99.60700", "2012-03-31": "87.74700", "2011-12-31": "78.11000", "2011-09-30": "64.71200", "2011-06-30": "104.45000", "2011-03-31": "108.39800", "2010-12-31": "106.97200", "2010-09-30": "99.91600", "2010-06-30": "137.47900", "2010-03-31": "138.94800", "2009-12-31": "134.35800", "2009-09-30": "124.45700", "2009-06-30": "122.73100", "2009-03-31": "113.69400", "2008-12-31": "114.26200", "2008-09-30": "135.30300", "2008-06-30": "142.29800", "2008-03-31": "132.79100", "2007-12-31": "137.21100", "2007-09-30": "133.57700", "2007-06-30": "124.18000", "2007-03-31": "126.32500", "2006-12-31": "125.87500", "2006-09-30": "120.77700", "2006-06-30": "115.33300", "2006-03-31": "116.61600", "2005-12-31": "112.19700", "2005-09-30": "109.39300", "2005-06-30": "111.09700", "2005-03-31": "111.32000"}, "Total Liabilities And Share Holders Equity": {"2020-09-30": "2492.16300", "2020-06-30": "2382.59600", "2020-03-31": "2219.37600", "2019-12-31": "2191.61400", "2019-09-30": "2055.08900", "2019-06-30": "1949.43100", "2019-03-31": "1909.30200", "2018-12-31": "1790.96300", "2018-09-30": "1864.62200", "2018-06-30": "1759.75900", "2018-03-31": "1625.62400", "2017-12-31": "1611.35100", "2017-09-30": "1493.11800", "2017-06-30": "1438.50900", "2017-03-31": "1355.68100", "2016-12-31": "1357.94500", "2016-09-30": "1352.76600", "2016-06-30": "1413.05200", "2016-03-31": "1318.00900", "2015-12-31": "1356.57000", "2015-09-30": "678.38200", "2015-06-30": "646.03400", "2015-03-31": "568.38200", "2014-12-31": "569.81200", "2014-09-30": "522.26300", "2014-06-30": "486.81700", "2014-03-31": "434.24100", "2013-12-31": "444.48800", "2013-09-30": "393.41500", "2013-06-30": "368.92800", "2013-03-31": "315.37400", "2012-12-31": "338.66600", "2012-09-30": "296.09400", "2012-06-30": "320.44600", "2012-03-31": "277.76300", "2011-12-31": "295.39100", "2011-09-30": "261.73600", "2011-06-30": "275.15400", "2011-03-31": "252.40300", "2010-12-31": "264.03200", "2010-09-30": "264.76000", "2010-06-30": "276.99900", "2010-03-31": "253.65500", "2009-12-31": "270.67000", "2009-09-30": "263.62900", "2009-06-30": "261.76600", "2009-03-31": "241.00100", "2008-12-31": "251.76100", "2008-09-30": "264.07600", "2008-06-30": "268.28800", "2008-03-31": "247.44800", "2007-12-31": "241.50800", "2007-09-30": "229.23000", "2007-06-30": "217.76000", "2007-03-31": "211.49100", "2006-12-31": "220.27600", "2006-09-30": "203.45200", "2006-06-30": "199.25300", "2006-03-31": "193.17700", "2005-12-31": "194.43700", "2005-09-30": "181.68800", "2005-06-30": "183.87600", "2005-03-31": "178.92000"}}, "cash flow statement": {"Net Income/Loss": {"2019-12-31": "146.52700", "2018-12-31": "147.46200", "2017-12-31": "169.57100", "2016-12-31": "113.70100", "2015-12-31": "64.86900", "2014-12-31": "58.94000", "2013-12-31": "39.10100", "2012-12-31": "32.99400", "2011-12-31": "27.55700", "2010-12-31": "25.05400", "2009-12-31": "27.01000", "2008-12-31": "14.86200", "2007-12-31": "17.50100", "2006-12-31": "14.36200", "2005-12-31": "8.19300"}, "Total Depreciation And Amortization - Cash Flow": {"2019-12-31": "76.67200", "2018-12-31": "61.75900", "2017-12-31": "53.39500", "2016-12-31": "49.77300", "2015-12-31": "19.57400", "2014-12-31": "14.60500", "2013-12-31": "13.78600", "2012-12-31": "12.71100", "2011-12-31": "10.67600", "2010-12-31": "10.78800", "2009-12-31": "9.49700", "2008-12-31": "12.61100", "2007-12-31": "11.21100", "2006-12-31": "10.10200", "2005-12-31": "10.44300"}, "Other Non-Cash Items": {"2019-12-31": "60.91200", "2018-12-31": "47.10200", "2017-12-31": "5.71500", "2016-12-31": "7.79900", "2015-12-31": "13.98200", "2014-12-31": "12.91200", "2013-12-31": "-17.32200", "2012-12-31": "-0.60700", "2011-12-31": "0.55200", "2010-12-31": "4.33400", "2009-12-31": "3.72800", "2008-12-31": "11.81200", "2007-12-31": "-0.37100", "2006-12-31": "1.12300", "2005-12-31": "-0.63200"}, "Total Non-Cash Items": {"2019-12-31": "137.58400", "2018-12-31": "108.86100", "2017-12-31": "59.11000", "2016-12-31": "57.57200", "2015-12-31": "33.55600", "2014-12-31": "27.51700", "2013-12-31": "-3.53600", "2012-12-31": "12.10400", "2011-12-31": "11.22800", "2010-12-31": "15.12200", "2009-12-31": "13.22500", "2008-12-31": "24.42300", "2007-12-31": "10.84000", "2006-12-31": "11.22500", "2005-12-31": "9.81100"}, "Change In Accounts Receivable": {"2019-12-31": "-65.73800", "2018-12-31": "-50.91600", "2017-12-31": "-33.09100", "2016-12-31": "-34.76000", "2015-12-31": "-28.17200", "2014-12-31": "-8.91200", "2013-12-31": "-7.48800", "2012-12-31": "-6.82500", "2011-12-31": "-8.54400", "2010-12-31": "-1.98900", "2009-12-31": "-6.27700", "2008-12-31": "-11.85300", "2007-12-31": "-1.57500", "2006-12-31": "-10.40000", "2005-12-31": "-7.03100"}, "Change In Inventories": {"2019-12-31": "", "2018-12-31": "", "2017-12-31": "", "2016-12-31": "", "2015-12-31": "", "2014-12-31": "", "2013-12-31": "", "2012-12-31": "", "2011-12-31": "", "2010-12-31": "", "2009-12-31": "", "2008-12-31": "", "2007-12-31": "", "2006-12-31": "", "2005-12-31": ""}, "Change In Accounts Payable": {"2019-12-31": "7.40300", "2018-12-31": "-2.41600", "2017-12-31": "0.87800", "2016-12-31": "0.38700", "2015-12-31": "0.65200", "2014-12-31": "1.58600", "2013-12-31": "-0.57400", "2012-12-31": "-0.36900", "2011-12-31": "0.57500", "2010-12-31": "-1.18100", "2009-12-31": "1.19000", "2008-12-31": "-0.87000", "2007-12-31": "-1.95500", "2006-12-31": "1.62600", "2005-12-31": "0.56100"}, "Change In Assets/Liabilities": {"2019-12-31": "29.35300", "2018-12-31": "43.01500", "2017-12-31": "1.68100", "2016-12-31": "26.05700", "2015-12-31": "38.67700", "2014-12-31": "28.26500", "2013-12-31": "12.03400", "2012-12-31": "13.50300", "2011-12-31": "14.64800", "2010-12-31": "3.57800", "2009-12-31": "4.44200", "2008-12-31": "16.99300", "2007-12-31": "7.00000", "2006-12-31": "8.48300", "2005-12-31": "7.64600"}, "Total Change In Assets/Liabilities": {"2019-12-31": "-29.39100", "2018-12-31": "-6.12000", "2017-12-31": "-32.92600", "2016-12-31": "20.58600", "2015-12-31": "35.90200", "2014-12-31": "56.38200", "2013-12-31": "30.52500", "2012-12-31": "13.57000", "2011-12-31": "17.65000", "2010-12-31": "-4.82600", "2009-12-31": "2.70600", "2008-12-31": "8.51700", "2007-12-31": "5.77000", "2006-12-31": "1.21700", "2005-12-31": "3.18300"}, "Cash Flow From Operating Activities": {"2019-12-31": "254.72000", "2018-12-31": "250.20300", "2017-12-31": "195.75500", "2016-12-31": "191.85900", "2015-12-31": "134.32700", "2014-12-31": "142.83900", "2013-12-31": "66.09000", "2012-12-31": "58.66800", "2011-12-31": "56.43500", "2010-12-31": "35.35000", "2009-12-31": "42.94100", "2008-12-31": "47.80200", "2007-12-31": "34.11100", "2006-12-31": "26.80400", "2005-12-31": "21.18700"}, "Net Change In Property, Plant, And Equipment": {"2019-12-31": "-42.04000", "2018-12-31": "-27.42400", "2017-12-31": "-43.05700", "2016-12-31": "-37.72600", "2015-12-31": "-12.50100", "2014-12-31": "-9.34300", "2013-12-31": "-26.85800", "2012-12-31": "-9.10200", "2011-12-31": "-12.27800", "2010-12-31": "-4.93000", "2009-12-31": "-12.35200", "2008-12-31": "-20.14300", "2007-12-31": "-3.84500", "2006-12-31": "-4.32400", "2005-12-31": "-2.73600"}, "Net Change In Intangible Assets": {"2019-12-31": "", "2018-12-31": "", "2017-12-31": "", "2016-12-31": "", "2015-12-31": "", "2014-12-31": "", "2013-12-31": "", "2012-12-31": "", "2011-12-31": "", "2010-12-31": "", "2009-12-31": "", "2008-12-31": "-1.38700", "2007-12-31": "", "2006-12-31": "", "2005-12-31": ""}, "Net Acquisitions/Divestitures": {"2019-12-31": "-218.73400", "2018-12-31": "-178.09300", "2017-12-31": "-11.34400", "2016-12-31": "-9.39400", "2015-12-31": "-339.96100", "2014-12-31": "-3.24200", "2013-12-31": "-0.18100", "2012-12-31": "-25.68000", "2011-12-31": "-17.29800", "2010-12-31": "-9.66100", "2009-12-31": "-2.93400", "2008-12-31": "-23.86800", "2007-12-31": "-9.00500", "2006-12-31": "-12.23700", "2005-12-31": ""}, "Net Change In Short-term Investments": {"2019-12-31": "70.79600", "2018-12-31": "81.20500", "2017-12-31": "28.78600", "2016-12-31": "16.83700", "2015-12-31": "0.90000", "2014-12-31": "0.80800", "2013-12-31": "1.09000", "2012-12-31": "0.07500", "2011-12-31": "0.05000", "2010-12-31": "0.07500", "2009-12-31": "2.50000", "2008-12-31": "36.44000", "2007-12-31": "-22.06500", "2006-12-31": "-7.80900", "2005-12-31": "2.08200"}, "Net Change In Long-Term Investments": {"2019-12-31": "-54.74200", "2018-12-31": "-115.62500", "2017-12-31": "-59.77900", "2016-12-31": "-20.31600", "2015-12-31": "-46.90700", "2014-12-31": "", "2013-12-31": "", "2012-12-31": "", "2011-12-31": "", "2010-12-31": "", "2009-12-31": "", "2008-12-31": "", "2007-12-31": "", "2006-12-31": "", "2005-12-31": ""}, "Net Change In Investments - Total": {"2019-12-31": "16.05400", "2018-12-31": "-34.42000", "2017-12-31": "-30.99300", "2016-12-31": "-3.47900", "2015-12-31": "-46.00700", "2014-12-31": "0.80800", "2013-12-31": "1.09000", "2012-12-31": "0.07500", "2011-12-31": "0.05000", "2010-12-31": "0.07500", "2009-12-31": "2.50000", "2008-12-31": "36.44000", "2007-12-31": "-22.06500", "2006-12-31": "-7.80900", "2005-12-31": "2.08200"}, "Investing Activities - Other": {"2019-12-31": "-0.29500", "2018-12-31": "1.68200", "2017-12-31": "-0.00100", "2016-12-31": "-0.12100", "2015-12-31": "0.01000", "2014-12-31": "0.22200", "2013-12-31": "0.29100", "2012-12-31": "-0.02900", "2011-12-31": "0.71700", "2010-12-31": "5.82200", "2009-12-31": "-0.87200", "2008-12-31": "-0.59600", "2007-12-31": "0.64000", "2006-12-31": "0.04400", "2005-12-31": "2.47400"}, "Cash Flow From Investing Activities": {"2019-12-31": "-245.01500", "2018-12-31": "-238.25500", "2017-12-31": "-85.39500", "2016-12-31": "-50.72000", "2015-12-31": "-398.45900", "2014-12-31": "-11.55500", "2013-12-31": "-25.65800", "2012-12-31": "-34.73600", "2011-12-31": "-28.80900", "2010-12-31": "-8.69400", "2009-12-31": "-13.65800", "2008-12-31": "-9.55400", "2007-12-31": "-34.27500", "2006-12-31": "-24.32600", "2005-12-31": "1.82000"}, "Net Long-Term Debt": {"2019-12-31": "", "2018-12-31": "", "2017-12-31": "-10.00000", "2016-12-31": "-56.00000", "2015-12-31": "66.00000", "2014-12-31": "", "2013-12-31": "-18.00000", "2012-12-31": "-42.70000", "2011-12-31": "34.20000", "2010-12-31": "26.50000", "2009-12-31": "-8.00000", "2008-12-31": "8.00000", "2007-12-31": "", "2006-12-31": "", "2005-12-31": ""}, "Net Current Debt": {"2019-12-31": "", "2018-12-31": "", "2017-12-31": "", "2016-12-31": "", "2015-12-31": "", "2014-12-31": "", "2013-12-31": "", "2012-12-31": "", "2011-12-31": "", "2010-12-31": "", "2009-12-31": "", "2008-12-31": "", "2007-12-31": "", "2006-12-31": "", "2005-12-31": ""}, "Debt Issuance/Retirement Net - Total": {"2019-12-31": "", "2018-12-31": "", "2017-12-31": "-10.00000", "2016-12-31": "-56.00000", "2015-12-31": "66.00000", "2014-12-31": "", "2013-12-31": "-18.00000", "2012-12-31": "-42.70000", "2011-12-31": "34.20000", "2010-12-31": "26.50000", "2009-12-31": "-8.00000", "2008-12-31": "8.00000", "2007-12-31": "", "2006-12-31": "", "2005-12-31": ""}, "Net Common Equity Issued/Repurchased": {"2019-12-31": "79.12200", "2018-12-31": "-71.64600", "2017-12-31": "42.37100", "2016-12-31": "-88.31100", "2015-12-31": "22.51500", "2014-12-31": "-8.13700", "2013-12-31": "18.28900", "2012-12-31": "12.44300", "2011-12-31": "-68.24900", "2010-12-31": "-62.61200", "2009-12-31": "-15.96800", "2008-12-31": "-56.02700", "2007-12-31": "-10.44800", "2006-12-31": "-7.61500", "2005-12-31": "-15.88300"}, "Net Total Equity Issued/Repurchased": {"2019-12-31": "79.12200", "2018-12-31": "-71.64600", "2017-12-31": "42.37100", "2016-12-31": "-88.31100", "2015-12-31": "22.51500", "2014-12-31": "-8.13700", "2013-12-31": "18.28900", "2012-12-31": "12.44300", "2011-12-31": "-68.24900", "2010-12-31": "-62.61200", "2009-12-31": "-15.96800", "2008-12-31": "-56.02700", "2007-12-31": "-10.44800", "2006-12-31": "-7.61500", "2005-12-31": "-15.88300"}, "Total Common And Preferred Stock Dividends Paid": {"2019-12-31": "", "2018-12-31": "", "2017-12-31": "", "2016-12-31": "", "2015-12-31": "", "2014-12-31": "", "2013-12-31": "", "2012-12-31": "", "2011-12-31": "", "2010-12-31": "", "2009-12-31": "", "2008-12-31": "", "2007-12-31": "", "2006-12-31": "", "2005-12-31": ""}, "Financial Activities - Other": {"2019-12-31": "9.57600", "2018-12-31": "8.05100", "2017-12-31": "7.04400", "2016-12-31": "6.23600", "2015-12-31": "2.53700", "2014-12-31": "4.14400", "2013-12-31": "31.74900", "2012-12-31": "11.40500", "2011-12-31": "5.63500", "2010-12-31": "1.87400", "2009-12-31": "2.61900", "2008-12-31": "1.89900", "2007-12-31": "3.04200", "2006-12-31": "1.61600", "2005-12-31": "1.03600"}, "Cash Flow From Financial Activities": {"2019-12-31": "88.69800", "2018-12-31": "-63.59500", "2017-12-31": "39.41500", "2016-12-31": "-138.07500", "2015-12-31": "91.05200", "2014-12-31": "-3.99300", "2013-12-31": "32.03800", "2012-12-31": "-18.85200", "2011-12-31": "-28.41400", "2010-12-31": "-34.23800", "2009-12-31": "-21.34900", "2008-12-31": "-46.12800", "2007-12-31": "-7.40600", "2006-12-31": "-5.99900", "2005-12-31": "-14.84700"}, "Net Cash Flow": {"2019-12-31": "98.40300", "2018-12-31": "-51.64700", "2017-12-31": "149.77500", "2016-12-31": "3.06400", "2015-12-31": "-173.08000", "2014-12-31": "127.29100", "2013-12-31": "72.47000", "2012-12-31": "5.08000", "2011-12-31": "-0.78800", "2010-12-31": "-7.58200", "2009-12-31": "7.93400", "2008-12-31": "-7.88000", "2007-12-31": "-7.57000", "2006-12-31": "-3.52100", "2005-12-31": "8.16000"}, "Stock-Based Compensation": {"2019-12-31": "59.96700", "2018-12-31": "52.74000", "2017-12-31": "37.34800", "2016-12-31": "29.74700", "2015-12-31": "20.18200", "2014-12-31": "14.81900", "2013-12-31": "11.65300", "2012-12-31": "7.41100", "2011-12-31": "6.25300", "2010-12-31": "6.13200", "2009-12-31": "5.04500", "2008-12-31": "3.82000", "2007-12-31": "2.36500", "2006-12-31": "1.96000", "2005-12-31": ""}, "Common Stock Dividends Paid": {"2019-12-31": "", "2018-12-31": "", "2017-12-31": "", "2016-12-31": "", "2015-12-31": "", "2014-12-31": "", "2013-12-31": "", "2012-12-31": "", "2011-12-31": "", "2010-12-31": "", "2009-12-31": "", "2008-12-31": "", "2007-12-31": "", "2006-12-31": "", "2005-12-31": ""}}, "cash flow statement, quarterly": {"Net Income/Loss": {"2020-09-30": 39.284, "2020-06-30": 53.892, "2020-03-31": "47.55000", "2019-12-31": 46.79, "2019-09-30": 40.39, "2019-06-30": 31.999, "2019-03-31": "27.34800", "2018-12-31": 31.552, "2018-09-30": 38.924, "2018-06-30": 39.161, "2018-03-31": "37.82500", "2017-12-31": 66.196, "2017-09-30": 38.836, "2017-06-30": 31.77, "2017-03-31": "32.76900", "2016-12-31": 35.04, "2016-09-30": 35.43, "2016-06-30": 25.007, "2016-03-31": "18.22400", "2015-12-31": 8.618, "2015-09-30": 20.142, "2015-06-30": 18.836, "2015-03-31": "17.27300", "2014-12-31": 15.317, "2014-09-30": 17, "2014-06-30": 14.74, "2014-03-31": "11.88300", "2013-12-31": 10.512, "2013-09-30": 11.049, "2013-06-30": 9.047, "2013-03-31": "8.49300", "2012-12-31": 9.376, "2012-09-30": 10.832, "2012-06-30": 7.105, "2012-03-31": "5.68100", "2011-12-31": 8.699, "2011-09-30": 7.506, "2011-06-30": 5.624, "2011-03-31": "5.72800", "2010-12-31": 7.21, "2010-09-30": 6.723, "2010-06-30": 6.249, "2010-03-31": "4.87200", "2009-12-31": 6.656, "2009-09-30": 7.475, "2009-06-30": 6.873, "2009-03-31": "6.00600", "2008-12-31": 5.131, "2008-09-30": 6.359, "2008-06-30": 0.246, "2008-03-31": "3.12600", "2007-12-31": 6.19, "2007-09-30": 5.16, "2007-06-30": 3.75, "2007-03-31": "2.40100", "2006-12-31": 4.177, "2006-09-30": 4.413, "2006-06-30": 3.76, "2006-03-31": "2.01200", "2005-12-31": 3.121, "2005-09-30": 2.581, "2005-06-30": 2.021, "2005-03-31": "0.47000"}, "Total Depreciation And Amortization - Cash Flow": {"2020-09-30": 20.476, "2020-06-30": 20.285, "2020-03-31": "19.98500", "2019-12-31": 20.125, "2019-09-30": 19.803, "2019-06-30": 19.436, "2019-03-31": "17.30800", "2018-12-31": 16.132, "2018-09-30": 15.978, "2018-06-30": 15.537, "2018-03-31": "14.11200", "2017-12-31": 13.695, "2017-09-30": 13.598, "2017-06-30": 13.135, "2017-03-31": "12.96700", "2016-12-31": 12.252, "2016-09-30": 12.671, "2016-06-30": 12.674, "2016-03-31": "12.17600", "2015-12-31": 7.988, "2015-09-30": 4.102, "2015-06-30": 3.771, "2015-03-31": "3.71300", "2014-12-31": 3.669, "2014-09-30": 3.655, "2014-06-30": 3.625, "2014-03-31": "3.65600", "2013-12-31": 3.693, "2013-09-30": 3.412, "2013-06-30": 3.359, "2013-03-31": "3.32200", "2012-12-31": 3.095, "2012-09-30": 3.28, "2012-06-30": 3.31, "2012-03-31": "3.02600", "2011-12-31": 2.898, "2011-09-30": 2.559, "2011-06-30": 2.634, "2011-03-31": "2.58500", "2010-12-31": 2.711, "2010-09-30": 2.759, "2010-06-30": 2.669, "2010-03-31": "2.64900", "2009-12-31": 2.432, "2009-09-30": 2.331, "2009-06-30": 2.402, "2009-03-31": "2.33200", "2008-12-31": 3.622, "2008-09-30": 3.068, "2008-06-30": 2.985, "2008-03-31": "2.93600", "2007-12-31": 3.416, "2007-09-30": 2.641, "2007-06-30": 2.605, "2007-03-31": "2.54900", "2006-12-31": 2.51, "2006-09-30": 2.471, "2006-06-30": 2.474, "2006-03-31": "2.64700", "2005-12-31": 2.586, "2005-09-30": 2.518, "2005-06-30": 2.567, "2005-03-31": "2.77200"}, "Other Non-Cash Items": {"2020-09-30": 21.085, "2020-06-30": 18.711, "2020-03-31": "16.09100", "2019-12-31": 22.893, "2019-09-30": 13.426, "2019-06-30": 13.797, "2019-03-31": "10.79600", "2018-12-31": 14.17, "2018-09-30": 14.638, "2018-06-30": 10.395, "2018-03-31": "7.89900", "2017-12-31": -7.948, "2017-09-30": 4.933, "2017-06-30": 3.924, "2017-03-31": "4.80600", "2016-12-31": -2.26, "2016-09-30": -4.06, "2016-06-30": 7.547, "2016-03-31": "6.57200", "2015-12-31": 9.681, "2015-09-30": 4.267, "2015-06-30": -0.666, "2015-03-31": "0.70000", "2014-12-31": 8.742, "2014-09-30": 0.374, "2014-06-30": 2.492, "2014-03-31": "1.30400", "2013-12-31": -12.661, "2013-09-30": -4.478, "2013-06-30": -1.235, "2013-03-31": "1.05200", "2012-12-31": -2.83, "2012-09-30": 0.201, "2012-06-30": 0.873, "2012-03-31": "1.14900", "2011-12-31": -2.312, "2011-09-30": 1.587, "2011-06-30": 0.1, "2011-03-31": "1.17700", "2010-12-31": 0.926, "2010-09-30": 1.496, "2010-06-30": 0.495, "2010-03-31": "1.41700", "2009-12-31": 0.6, "2009-09-30": 1.12, "2009-06-30": 1.029, "2009-03-31": "0.97900", "2008-12-31": 0.608, "2008-09-30": 0.905, "2008-06-30": 9.625, "2008-03-31": "0.67400", "2007-12-31": -2.076, "2007-09-30": 0.632, "2007-06-30": 0.575, "2007-03-31": "0.49800", "2006-12-31": -0.572, "2006-09-30": 0.574, "2006-06-30": 0.491, "2006-03-31": "0.63000", "2005-12-31": -0.547, "2005-09-30": -0.023, "2005-06-30": -0.062, "2005-03-31": ""}, "Total Non-Cash Items": {"2020-09-30": 41.561, "2020-06-30": 38.996, "2020-03-31": "36.07600", "2019-12-31": 43.018, "2019-09-30": 33.229, "2019-06-30": 33.233, "2019-03-31": "28.10400", "2018-12-31": 30.302, "2018-09-30": 30.616, "2018-06-30": 25.932, "2018-03-31": "22.01100", "2017-12-31": 5.747, "2017-09-30": 18.531, "2017-06-30": 17.059, "2017-03-31": "17.77300", "2016-12-31": 9.992, "2016-09-30": 8.611, "2016-06-30": 20.221, "2016-03-31": "18.74800", "2015-12-31": 17.669, "2015-09-30": 8.369, "2015-06-30": 3.105, "2015-03-31": "4.41300", "2014-12-31": 12.411, "2014-09-30": 4.029, "2014-06-30": 6.117, "2014-03-31": "4.96000", "2013-12-31": -8.968, "2013-09-30": -1.066, "2013-06-30": 2.124, "2013-03-31": "4.37400", "2012-12-31": 0.265, "2012-09-30": 3.481, "2012-06-30": 4.183, "2012-03-31": "4.17500", "2011-12-31": 0.586, "2011-09-30": 4.146, "2011-06-30": 2.734, "2011-03-31": "3.76200", "2010-12-31": 3.637, "2010-09-30": 4.255, "2010-06-30": 3.164, "2010-03-31": "4.06600", "2009-12-31": 3.032, "2009-09-30": 3.451, "2009-06-30": 3.431, "2009-03-31": "3.31100", "2008-12-31": 4.23, "2008-09-30": 3.973, "2008-06-30": 12.61, "2008-03-31": "3.61000", "2007-12-31": 1.34, "2007-09-30": 3.273, "2007-06-30": 3.18, "2007-03-31": "3.04700", "2006-12-31": 1.938, "2006-09-30": 3.045, "2006-06-30": 2.965, "2006-03-31": "3.27700", "2005-12-31": 2.039, "2005-09-30": 2.495, "2005-06-30": 2.505, "2005-03-31": "2.77200"}, "Change In Accounts Receivable": {"2020-09-30": 39.726, "2020-06-30": -87.314, "2020-03-31": "56.98200", "2019-12-31": -30.194, "2019-09-30": 33.514, "2019-06-30": -78.68, "2019-03-31": "9.62200", "2018-12-31": -19.523, "2018-09-30": 17.477, "2018-06-30": -79.097, "2018-03-31": "30.22700", "2017-12-31": -26.419, "2017-09-30": 25.662, "2017-06-30": -69.876, "2017-03-31": "37.54200", "2016-12-31": -20.119, "2016-09-30": 20.889, "2016-06-30": -71.28, "2016-03-31": "35.75000", "2015-12-31": -13.816, "2015-09-30": 22.268, "2015-06-30": -44.944, "2015-03-31": "8.32000", "2014-12-31": -3.061, "2014-09-30": 32.352, "2014-06-30": -62.501, "2014-03-31": "24.29800", "2013-12-31": -16.286, "2013-09-30": 30.456, "2013-06-30": -44.216, "2013-03-31": "22.55800", "2012-12-31": -21.256, "2012-09-30": 22.137, "2012-06-30": -39.743, "2012-03-31": "32.03700", "2011-12-31": -14.967, "2011-09-30": 14.449, "2011-06-30": -23.24, "2011-03-31": "15.21400", "2010-12-31": -5.826, "2010-09-30": 11.851, "2010-06-30": -26.092, "2010-03-31": "18.07800", "2009-12-31": 2.295, "2009-09-30": -2.47, "2009-06-30": -17.4, "2009-03-31": "11.29800", "2008-12-31": -11.916, "2008-09-30": 12.749, "2008-06-30": -18.293, "2008-03-31": "5.60700", "2007-12-31": -8.107, "2007-09-30": 9.117, "2007-06-30": -14.376, "2007-03-31": "11.79100", "2006-12-31": -15.896, "2006-09-30": 6.994, "2006-06-30": -13.85, "2006-03-31": "12.35200", "2005-12-31": -12.554, "2005-09-30": 5.523, "2005-06-30": 0, "2005-03-31": ""}, "Change In Inventories": {"2020-09-30": 0, "2020-06-30": 0, "2020-03-31": "", "2019-12-31": 0, "2019-09-30": 0, "2019-06-30": 0, "2019-03-31": "", "2018-12-31": 0, "2018-09-30": 0, "2018-06-30": 0, "2018-03-31": "", "2017-12-31": 0, "2017-09-30": 0, "2017-06-30": 0, "2017-03-31": "", "2016-12-31": 0, "2016-09-30": 0, "2016-06-30": 0, "2016-03-31": "", "2015-12-31": 0, "2015-09-30": 0, "2015-06-30": 0, "2015-03-31": "", "2014-12-31": 0, "2014-09-30": 0, "2014-06-30": 0, "2014-03-31": "", "2013-12-31": 0, "2013-09-30": 0, "2013-06-30": 0, "2013-03-31": "", "2012-12-31": 0, "2012-09-30": 0, "2012-06-30": 0, "2012-03-31": "", "2011-12-31": 0, "2011-09-30": 0, "2011-06-30": 0, "2011-03-31": "", "2010-12-31": 0, "2010-09-30": 0, "2010-06-30": 0, "2010-03-31": "", "2009-12-31": 0, "2009-09-30": 0, "2009-06-30": 0, "2009-03-31": "", "2008-12-31": 0, "2008-09-30": 0, "2008-06-30": 0, "2008-03-31": "", "2007-12-31": 0, "2007-09-30": 0, "2007-06-30": 0, "2007-03-31": "", "2006-12-31": 0, "2006-09-30": 0, "2006-06-30": 0, "2006-03-31": "", "2005-12-31": 0, "2005-09-30": 0, "2005-06-30": 0, "2005-03-31": ""}, "Change In Accounts Payable": {"2020-09-30": 2.434, "2020-06-30": -4.318, "2020-03-31": "-2.02000", "2019-12-31": 5.855, "2019-09-30": 0.998, "2019-06-30": 2.051, "2019-03-31": "-1.50100", "2018-12-31": 2.313, "2018-09-30": -0.13, "2018-06-30": -2.847, "2018-03-31": "-1.75200", "2017-12-31": 3.611, "2017-09-30": -4.885, "2017-06-30": 3.318, "2017-03-31": "-1.16600", "2016-12-31": 1.304, "2016-09-30": -0.681, "2016-06-30": 0.237, "2016-03-31": "-0.47300", "2015-12-31": 1.021, "2015-09-30": 0.002, "2015-06-30": -0.043, "2015-03-31": "-0.32800", "2014-12-31": 0.722, "2014-09-30": 0.813, "2014-06-30": 0.012, "2014-03-31": "0.03900", "2013-12-31": -1.415, "2013-09-30": 0.17, "2013-06-30": 1.25, "2013-03-31": "-0.57900", "2012-12-31": 0.867, "2012-09-30": 0.401, "2012-06-30": -1.008, "2012-03-31": "-0.62900", "2011-12-31": -0.535, "2011-09-30": 1.405, "2011-06-30": -0.115, "2011-03-31": "-0.18000", "2010-12-31": 0.758, "2010-09-30": -1.061, "2010-06-30": -0.138, "2010-03-31": "-0.74000", "2009-12-31": -0.379, "2009-09-30": 1.566, "2009-06-30": -0.824, "2009-03-31": "0.82700", "2008-12-31": -0.037, "2008-09-30": -0.157, "2008-06-30": -1.588, "2008-03-31": "0.91200", "2007-12-31": -0.49, "2007-09-30": 0.125, "2007-06-30": 0.485, "2007-03-31": "-2.07500", "2006-12-31": 1.449, "2006-09-30": -0.012, "2006-06-30": 0.925, "2006-03-31": "-0.73600", "2005-12-31": 0.921, "2005-09-30": -0.36, "2005-06-30": 0, "2005-03-31": ""}, "Change In Assets/Liabilities": {"2020-09-30": 14.208, "2020-06-30": 56.762, "2020-03-31": "-59.49700", "2019-12-31": 14.307, "2019-09-30": 24.42, "2019-06-30": 38.907, "2019-03-31": "-48.28100", "2018-12-31": 21.59, "2018-09-30": 11.708, "2018-06-30": 39.498, "2018-03-31": "-29.78100", "2017-12-31": 7.482, "2017-09-30": -6.559, "2017-06-30": 31.134, "2017-03-31": "-30.37600", "2016-12-31": 6.97, "2016-09-30": 6.063, "2016-06-30": 41.401, "2016-03-31": "-28.37700", "2015-12-31": 27.582, "2015-09-30": -0.036, "2015-06-30": 34.875, "2015-03-31": "-23.74400", "2014-12-31": 1.243, "2014-09-30": 1.251, "2014-06-30": 44.758, "2014-03-31": "-18.98700", "2013-12-31": 3.824, "2013-09-30": -4.548, "2013-06-30": 29.127, "2013-03-31": "-16.36900", "2012-12-31": 20.171, "2012-09-30": -5.634, "2012-06-30": 15.034, "2012-03-31": "-16.06800", "2011-12-31": 9.779, "2011-09-30": -2.182, "2011-06-30": 18.192, "2011-03-31": "-11.14100", "2010-12-31": 3.912, "2010-09-30": 0.026, "2010-06-30": 12.749, "2010-03-31": "-13.10900", "2009-12-31": -0.471, "2009-09-30": 8.148, "2009-06-30": 5.658, "2009-03-31": "-8.89300", "2008-12-31": 3.891, "2008-09-30": -2.133, "2008-06-30": 9.657, "2008-03-31": "5.57800", "2007-12-31": 6.251, "2007-09-30": -1.486, "2007-06-30": 8.412, "2007-03-31": "-6.17700", "2006-12-31": 8.637, "2006-09-30": -3.653, "2006-06-30": 7.936, "2006-03-31": "-4.43700", "2005-12-31": 6.094, "2005-09-30": 2.116, "2005-06-30": -4.795, "2005-03-31": "4.23100"}, "Total Change In Assets/Liabilities": {"2020-09-30": 88.963, "2020-06-30": -53.074, "2020-03-31": "-26.92000", "2019-12-31": -13.615, "2019-09-30": 56.454, "2019-06-30": -40.735, "2019-03-31": "-31.49500", "2018-12-31": 8.996, "2018-09-30": 42.583, "2018-06-30": -42.494, "2018-03-31": "-15.20500", "2017-12-31": -18.569, "2017-09-30": 35.439, "2017-06-30": -47.433, "2017-03-31": "-2.36300", "2016-12-31": 6.773, "2016-09-30": 35.172, "2016-06-30": -25.708, "2016-03-31": "4.34900", "2015-12-31": 38.127, "2015-09-30": 26.589, "2015-06-30": -5.033, "2015-03-31": "-23.78100", "2014-12-31": 19.98, "2014-09-30": 45.274, "2014-06-30": -8.589, "2014-03-31": "-0.28300", "2013-12-31": 5.845, "2013-09-30": 32.132, "2013-06-30": -11.669, "2013-03-31": "4.21700", "2012-12-31": 6.773, "2012-09-30": 19.516, "2012-06-30": -20.947, "2012-03-31": "8.22800", "2011-12-31": 2.045, "2011-09-30": 14.126, "2011-06-30": -6.498, "2011-03-31": "7.97700", "2010-12-31": -2.761, "2010-09-30": 16.66, "2010-06-30": -16.721, "2010-03-31": "-2.00400", "2009-12-31": 2.004, "2009-09-30": 11.99, "2009-06-30": -14.177, "2009-03-31": "2.88900", "2008-12-31": -6.958, "2008-09-30": 17.128, "2008-06-30": -12.685, "2008-03-31": "11.03200", "2007-12-31": 2.043, "2007-09-30": 7.324, "2007-06-30": -5.021, "2007-03-31": "1.42400", "2006-12-31": -1.998, "2006-09-30": 4.6, "2006-06-30": -6.1, "2006-03-31": "4.71500", "2005-12-31": -0.673, "2005-09-30": 4.42, "2005-06-30": -4.795, "2005-03-31": "4.23100"}, "Cash Flow From Operating Activities": {"2020-09-30": 169.808, "2020-06-30": 39.814, "2020-03-31": "56.70600", "2019-12-31": 76.193, "2019-09-30": 130.073, "2019-06-30": 24.497, "2019-03-31": "23.95700", "2018-12-31": 70.85, "2018-09-30": 112.123, "2018-06-30": 22.599, "2018-03-31": "44.63100", "2017-12-31": 53.374, "2017-09-30": 92.806, "2017-06-30": 1.396, "2017-03-31": "48.17900", "2016-12-31": 51.805, "2016-09-30": 79.213, "2016-06-30": 19.52, "2016-03-31": "41.32100", "2015-12-31": 64.414, "2015-09-30": 55.1, "2015-06-30": 16.908, "2015-03-31": "-2.09500", "2014-12-31": 47.708, "2014-09-30": 66.303, "2014-06-30": 12.268, "2014-03-31": "16.56000", "2013-12-31": 7.389, "2013-09-30": 42.115, "2013-06-30": -0.498, "2013-03-31": "17.08400", "2012-12-31": 16.414, "2012-09-30": 33.829, "2012-06-30": -9.659, "2012-03-31": "18.08400", "2011-12-31": 11.33, "2011-09-30": 25.778, "2011-06-30": 1.86, "2011-03-31": "17.46700", "2010-12-31": 8.086, "2010-09-30": 27.638, "2010-06-30": -7.308, "2010-03-31": "6.93400", "2009-12-31": 11.692, "2009-09-30": 22.916, "2009-06-30": -3.873, "2009-03-31": "12.20600", "2008-12-31": 2.403, "2008-09-30": 27.46, "2008-06-30": 0.171, "2008-03-31": "17.76800", "2007-12-31": 9.573, "2007-09-30": 15.757, "2007-06-30": 1.909, "2007-03-31": "6.87200", "2006-12-31": 4.117, "2006-09-30": 12.058, "2006-06-30": 0.625, "2006-03-31": "10.00400", "2005-12-31": 4.487, "2005-09-30": 9.496, "2005-06-30": -0.269, "2005-03-31": "7.47300"}, "Net Change In Property, Plant, And Equipment": {"2020-09-30": -4.417, "2020-06-30": -8.299, "2020-03-31": "-10.66400", "2019-12-31": -9.667, "2019-09-30": -6.089, "2019-06-30": -13.274, "2019-03-31": "-13.01000", "2018-12-31": -3.964, "2018-09-30": -8.508, "2018-06-30": -6.057, "2018-03-31": "-8.89500", "2017-12-31": -5.323, "2017-09-30": -7.611, "2017-06-30": -10.303, "2017-03-31": "-19.82000", "2016-12-31": -8.197, "2016-09-30": -7.57, "2016-06-30": -5.237, "2016-03-31": "-16.72200", "2015-12-31": -3.976, "2015-09-30": -2.399, "2015-06-30": -4.217, "2015-03-31": "-1.90900", "2014-12-31": -1.306, "2014-09-30": -1.56, "2014-06-30": -2.847, "2014-03-31": "-3.63000", "2013-12-31": -6.596, "2013-09-30": -6.423, "2013-06-30": -8.75, "2013-03-31": "-5.08900", "2012-12-31": -2.751, "2012-09-30": -2.017, "2012-06-30": -3.286, "2012-03-31": "-1.04800", "2011-12-31": -2.352, "2011-09-30": -1.51, "2011-06-30": -0.612, "2011-03-31": "-7.80400", "2010-12-31": -0.733, "2010-09-30": -0.704, "2010-06-30": -1.255, "2010-03-31": "-2.23800", "2009-12-31": -3.72, "2009-09-30": -4.094, "2009-06-30": -2.205, "2009-03-31": "-2.33300", "2008-12-31": -2.768, "2008-09-30": -12.463, "2008-06-30": -4.021, "2008-03-31": "-0.89100", "2007-12-31": -1.112, "2007-09-30": -1.03, "2007-06-30": -0.937, "2007-03-31": "-0.76600", "2006-12-31": -0.833, "2006-09-30": -1.058, "2006-06-30": -1.405, "2006-03-31": "-1.02800", "2005-12-31": -0.589, "2005-09-30": -0.485, "2005-06-30": -0.559, "2005-03-31": "-1.10300"}, "Net Change In Intangible Assets": {"2020-09-30": 0, "2020-06-30": 0, "2020-03-31": "", "2019-12-31": 0, "2019-09-30": 0, "2019-06-30": 0, "2019-03-31": "", "2018-12-31": 0, "2018-09-30": 0, "2018-06-30": 0, "2018-03-31": "", "2017-12-31": 0, "2017-09-30": 0, "2017-06-30": 0, "2017-03-31": "", "2016-12-31": 0, "2016-09-30": 0, "2016-06-30": 0, "2016-03-31": "", "2015-12-31": 0, "2015-09-30": 0, "2015-06-30": 0, "2015-03-31": "", "2014-12-31": 0, "2014-09-30": 0, "2014-06-30": 0, "2014-03-31": "", "2013-12-31": 0, "2013-09-30": 0, "2013-06-30": 0, "2013-03-31": "", "2012-12-31": 0, "2012-09-30": 0, "2012-06-30": 0, "2012-03-31": "", "2011-12-31": 0, "2011-09-30": 0, "2011-06-30": 0, "2011-03-31": "", "2010-12-31": 0, "2010-09-30": 0, "2010-06-30": 0, "2010-03-31": "", "2009-12-31": 0, "2009-09-30": 0, "2009-06-30": 0, "2009-03-31": "", "2008-12-31": 0, "2008-09-30": -1.387, "2008-06-30": 0, "2008-03-31": "", "2007-12-31": 0, "2007-09-30": 0, "2007-06-30": 0, "2007-03-31": "", "2006-12-31": 0, "2006-09-30": 0, "2006-06-30": 0, "2006-03-31": "", "2005-12-31": 0, "2005-09-30": 0, "2005-06-30": 0, "2005-03-31": ""}, "Net Acquisitions/Divestitures": {"2020-09-30": 0, "2020-06-30": 0, "2020-03-31": "-0.26100", "2019-12-31": -18.864, "2019-09-30": -0.65, "2019-06-30": -0.09, "2019-03-31": "-199.13000", "2018-12-31": -10.785, "2018-09-30": -10.156, "2018-06-30": -157.152, "2018-03-31": "", "2017-12-31": -1.583, "2017-09-30": -3.906, "2017-06-30": -5.855, "2017-03-31": "", "2016-12-31": 0, "2016-09-30": 0, "2016-06-30": -7.394, "2016-03-31": "-2.00000", "2015-12-31": -333.514, "2015-09-30": 0, "2015-06-30": -6.122, "2015-03-31": "-0.32500", "2014-12-31": 0, "2014-09-30": -3.242, "2014-06-30": 0, "2014-03-31": "", "2013-12-31": 0, "2013-09-30": 0, "2013-06-30": -0.181, "2013-03-31": "", "2012-12-31": -10.451, "2012-09-30": -0.054, "2012-06-30": -9.301, "2012-03-31": "-5.87400", "2011-12-31": -17.298, "2011-09-30": 0, "2011-06-30": 0, "2011-03-31": "", "2010-12-31": 0, "2010-09-30": 0, "2010-06-30": -0.038, "2010-03-31": "-9.62300", "2009-12-31": 0, "2009-09-30": -0.7, "2009-06-30": -1.709, "2009-03-31": "-0.52500", "2008-12-31": 0, "2008-09-30": -9.945, "2008-06-30": -0.059, "2008-03-31": "-13.86400", "2007-12-31": 0, "2007-09-30": -3.919, "2007-06-30": -0.123, "2007-03-31": "-4.96300", "2006-12-31": 0, "2006-09-30": -0.584, "2006-06-30": -0.04, "2006-03-31": "-11.61300", "2005-12-31": 0, "2005-09-30": 0, "2005-06-30": 0, "2005-03-31": ""}, "Net Change In Short-term Investments": {"2020-09-30": 21.774, "2020-06-30": 21.783, "2020-03-31": "18.23700", "2019-12-31": 13.942, "2019-09-30": 17.166, "2019-06-30": 19.412, "2019-03-31": "20.27600", "2018-12-31": 20.997, "2018-09-30": 21.054, "2018-06-30": 28.077, "2018-03-31": "11.07700", "2017-12-31": 7.611, "2017-09-30": 4.146, "2017-06-30": 10.133, "2017-03-31": "6.89600", "2016-12-31": 7.581, "2016-09-30": 2.73, "2016-06-30": 3.501, "2016-03-31": "3.02500", "2015-12-31": 0.9, "2015-09-30": 0, "2015-06-30": 0, "2015-03-31": "", "2014-12-31": 0, "2014-09-30": 0.808, "2014-06-30": 0, "2014-03-31": "", "2013-12-31": 1.04, "2013-09-30": 0.025, "2013-06-30": 0, "2013-03-31": "0.02500", "2012-12-31": 0, "2012-09-30": 0.05, "2012-06-30": 0, "2012-03-31": "0.02500", "2011-12-31": 0, "2011-09-30": 0.025, "2011-06-30": 0, "2011-03-31": "0.02500", "2010-12-31": 0, "2010-09-30": 0.025, "2010-06-30": 0, "2010-03-31": "0.05000", "2009-12-31": 0, "2009-09-30": 0.825, "2009-06-30": 0.9, "2009-03-31": "0.77500", "2008-12-31": 0.5, "2008-09-30": 0.05, "2008-06-30": 2.25, "2008-03-31": "33.64000", "2007-12-31": -13.228, "2007-09-30": -7.043, "2007-06-30": -0.554, "2007-03-31": "-1.24000", "2006-12-31": -7.534, "2006-09-30": -1.555, "2006-06-30": -0.2, "2006-03-31": "1.48000", "2005-12-31": -1.062, "2005-09-30": -1.25, "2005-06-30": 2.025, "2005-03-31": "2.36900"}, "Net Change In Long-Term Investments": {"2020-09-30": -31.582, "2020-06-30": -52.476, "2020-03-31": "-27.27100", "2019-12-31": -27.42, "2019-09-30": -17.205, "2019-06-30": -6.527, "2019-03-31": "-3.59000", "2018-12-31": -22.987, "2018-09-30": -17.788, "2018-06-30": -30.888, "2018-03-31": "-43.96200", "2017-12-31": -9.874, "2017-09-30": -28.513, "2017-06-30": -14.264, "2017-03-31": "-7.12800", "2016-12-31": -7.189, "2016-09-30": -2.52, "2016-06-30": -4.197, "2016-03-31": "-6.41000", "2015-12-31": -2.516, "2015-09-30": -22.942, "2015-06-30": -6.449, "2015-03-31": "-15.00000", "2014-12-31": 0, "2014-09-30": 0, "2014-06-30": 0, "2014-03-31": "", "2013-12-31": 0, "2013-09-30": 0, "2013-06-30": 0, "2013-03-31": "", "2012-12-31": 0, "2012-09-30": 0, "2012-06-30": 0, "2012-03-31": "", "2011-12-31": 0, "2011-09-30": 0, "2011-06-30": 0, "2011-03-31": "", "2010-12-31": 0, "2010-09-30": 0, "2010-06-30": 0, "2010-03-31": "", "2009-12-31": 0, "2009-09-30": 0, "2009-06-30": 0, "2009-03-31": "", "2008-12-31": 0, "2008-09-30": 0, "2008-06-30": 0, "2008-03-31": "", "2007-12-31": 0, "2007-09-30": 0, "2007-06-30": 0, "2007-03-31": "", "2006-12-31": 0, "2006-09-30": 0, "2006-06-30": 0, "2006-03-31": "", "2005-12-31": 0, "2005-09-30": 0, "2005-06-30": 0, "2005-03-31": ""}, "Net Change In Investments - Total": {"2020-09-30": -9.808, "2020-06-30": -30.693, "2020-03-31": "-9.03400", "2019-12-31": -13.478, "2019-09-30": -0.039, "2019-06-30": 12.885, "2019-03-31": "16.68600", "2018-12-31": -1.99, "2018-09-30": 3.266, "2018-06-30": -2.811, "2018-03-31": "-32.88500", "2017-12-31": -2.263, "2017-09-30": -24.367, "2017-06-30": -4.131, "2017-03-31": "-0.23200", "2016-12-31": 0.392, "2016-09-30": 0.21, "2016-06-30": -0.696, "2016-03-31": "-3.38500", "2015-12-31": -1.616, "2015-09-30": -22.942, "2015-06-30": -6.449, "2015-03-31": "-15.00000", "2014-12-31": 0, "2014-09-30": 0.808, "2014-06-30": 0, "2014-03-31": "", "2013-12-31": 1.04, "2013-09-30": 0.025, "2013-06-30": 0, "2013-03-31": "0.02500", "2012-12-31": 0, "2012-09-30": 0.05, "2012-06-30": 0, "2012-03-31": "0.02500", "2011-12-31": 0, "2011-09-30": 0.025, "2011-06-30": 0, "2011-03-31": "0.02500", "2010-12-31": 0, "2010-09-30": 0.025, "2010-06-30": 0, "2010-03-31": "0.05000", "2009-12-31": 0, "2009-09-30": 0.825, "2009-06-30": 0.9, "2009-03-31": "0.77500", "2008-12-31": 0.5, "2008-09-30": 0.05, "2008-06-30": 2.25, "2008-03-31": "33.64000", "2007-12-31": -13.228, "2007-09-30": -7.043, "2007-06-30": -0.554, "2007-03-31": "-1.24000", "2006-12-31": -7.534, "2006-09-30": -1.555, "2006-06-30": -0.2, "2006-03-31": "1.48000", "2005-12-31": -1.062, "2005-09-30": -1.25, "2005-06-30": 2.025, "2005-03-31": "2.36900"}, "Investing Activities - Other": {"2020-09-30": 0.341, "2020-06-30": -0.28, "2020-03-31": "4.95200", "2019-12-31": 0.198, "2019-09-30": -0.925, "2019-06-30": -0.132, "2019-03-31": "0.56400", "2018-12-31": 0.825, "2018-09-30": 1.043, "2018-06-30": -0.929, "2018-03-31": "0.74300", "2017-12-31": -0.419, "2017-09-30": 0.486, "2017-06-30": -0.052, "2017-03-31": "-0.01600", "2016-12-31": -0.069, "2016-09-30": 0.229, "2016-06-30": -0.232, "2016-03-31": "-0.04900", "2015-12-31": 0.005, "2015-09-30": 0.014, "2015-06-30": -0.009, "2015-03-31": "", "2014-12-31": 0.003, "2014-09-30": -0.124, "2014-06-30": 0.035, "2014-03-31": "0.30800", "2013-12-31": 0.02, "2013-09-30": -0.024, "2013-06-30": 0.056, "2013-03-31": "0.23900", "2012-12-31": -0.07, "2012-09-30": 0.102, "2012-06-30": -0.061, "2012-03-31": "", "2011-12-31": 0.518, "2011-09-30": -0.015, "2011-06-30": 0, "2011-03-31": "0.21400", "2010-12-31": -0.175, "2010-09-30": 4.994, "2010-06-30": 0.028, "2010-03-31": "0.97500", "2009-12-31": 0.035, "2009-09-30": 0.003, "2009-06-30": -0.904, "2009-03-31": "-0.00600", "2008-12-31": 0.062, "2008-09-30": -0.047, "2008-06-30": 0.409, "2008-03-31": "-1.02000", "2007-12-31": 0.1, "2007-09-30": -0.003, "2007-06-30": 0.005, "2007-03-31": "0.53800", "2006-12-31": 0.05, "2006-09-30": 0.009, "2006-06-30": -0.049, "2006-03-31": "0.03400", "2005-12-31": 2.459, "2005-09-30": -0.048, "2005-06-30": 0.009, "2005-03-31": "0.05400"}, "Cash Flow From Investing Activities": {"2020-09-30": -13.884, "2020-06-30": -39.272, "2020-03-31": "-15.00700", "2019-12-31": -41.811, "2019-09-30": -7.703, "2019-06-30": -0.611, "2019-03-31": "-194.89000", "2018-12-31": -15.914, "2018-09-30": -14.355, "2018-06-30": -166.949, "2018-03-31": "-41.03700", "2017-12-31": -9.588, "2017-09-30": -35.398, "2017-06-30": -20.341, "2017-03-31": "-20.06800", "2016-12-31": -7.874, "2016-09-30": -7.131, "2016-06-30": -13.559, "2016-03-31": "-22.15600", "2015-12-31": -339.101, "2015-09-30": -25.327, "2015-06-30": -16.797, "2015-03-31": "-17.23400", "2014-12-31": -1.303, "2014-09-30": -4.118, "2014-06-30": -2.812, "2014-03-31": "-3.32200", "2013-12-31": -5.536, "2013-09-30": -6.422, "2013-06-30": -8.875, "2013-03-31": "-4.82500", "2012-12-31": -13.272, "2012-09-30": -1.919, "2012-06-30": -12.648, "2012-03-31": "-6.89700", "2011-12-31": -19.132, "2011-09-30": -1.5, "2011-06-30": -0.612, "2011-03-31": "-7.56500", "2010-12-31": -0.908, "2010-09-30": 4.315, "2010-06-30": -1.265, "2010-03-31": "-10.83600", "2009-12-31": -3.685, "2009-09-30": -3.966, "2009-06-30": -3.918, "2009-03-31": "-2.08900", "2008-12-31": -2.206, "2008-09-30": -23.792, "2008-06-30": -1.421, "2008-03-31": "17.86500", "2007-12-31": -14.24, "2007-09-30": -11.995, "2007-06-30": -1.609, "2007-03-31": "-6.43100", "2006-12-31": -8.317, "2006-09-30": -3.188, "2006-06-30": -1.694, "2006-03-31": "-11.12700", "2005-12-31": 0.808, "2005-09-30": -1.783, "2005-06-30": 1.475, "2005-03-31": "1.32000"}, "Net Long-Term Debt": {"2020-09-30": 0, "2020-06-30": 0, "2020-03-31": "", "2019-12-31": 0, "2019-09-30": -15, "2019-06-30": -70, "2019-03-31": "85.00000", "2018-12-31": 0, "2018-09-30": 0, "2018-06-30": 0, "2018-03-31": "", "2017-12-31": 0, "2017-09-30": 0, "2017-06-30": 0, "2017-03-31": "-10.00000", "2016-12-31": -24, "2016-09-30": -101, "2016-06-30": -5, "2016-03-31": "74.00000", "2015-12-31": 66, "2015-09-30": 0, "2015-06-30": 0, "2015-03-31": "", "2014-12-31": 0, "2014-09-30": 0, "2014-06-30": 0, "2014-03-31": "", "2013-12-31": 0, "2013-09-30": 0, "2013-06-30": 0, "2013-03-31": "-18.00000", "2012-12-31": -10, "2012-09-30": -37.7, "2012-06-30": 9.7, "2012-03-31": "-4.70000", "2011-12-31": 2.7, "2011-09-30": 26.5, "2011-06-30": 9, "2011-03-31": "-4.00000", "2010-12-31": 10, "2010-09-30": 1.85, "2010-06-30": 14.65, "2010-03-31": "", "2009-12-31": -2.101, "2009-09-30": -13.324, "2009-06-30": 7.925, "2009-03-31": "-0.50000", "2008-12-31": 8, "2008-09-30": 0, "2008-06-30": 0, "2008-03-31": "", "2007-12-31": 0, "2007-09-30": 0, "2007-06-30": 0, "2007-03-31": "", "2006-12-31": 0, "2006-09-30": 0, "2006-06-30": 0, "2006-03-31": "", "2005-12-31": 0, "2005-09-30": 0, "2005-06-30": 0, "2005-03-31": ""}, "Net Current Debt": {"2020-09-30": 0, "2020-06-30": 0, "2020-03-31": "", "2019-12-31": 0, "2019-09-30": 0, "2019-06-30": 0, "2019-03-31": "", "2018-12-31": 0, "2018-09-30": 0, "2018-06-30": 0, "2018-03-31": "", "2017-12-31": 0, "2017-09-30": 0, "2017-06-30": 0, "2017-03-31": "", "2016-12-31": 0, "2016-09-30": 0, "2016-06-30": 0, "2016-03-31": "", "2015-12-31": 0, "2015-09-30": 0, "2015-06-30": 0, "2015-03-31": "", "2014-12-31": 0, "2014-09-30": 0, "2014-06-30": 0, "2014-03-31": "", "2013-12-31": 0, "2013-09-30": 0, "2013-06-30": 0, "2013-03-31": "", "2012-12-31": 0, "2012-09-30": 0, "2012-06-30": 0, "2012-03-31": "", "2011-12-31": 0, "2011-09-30": 0, "2011-06-30": 0, "2011-03-31": "", "2010-12-31": 0, "2010-09-30": 0, "2010-06-30": 0, "2010-03-31": "", "2009-12-31": 0, "2009-09-30": 0, "2009-06-30": 0, "2009-03-31": "", "2008-12-31": 0, "2008-09-30": 0, "2008-06-30": 0, "2008-03-31": "", "2007-12-31": 0, "2007-09-30": 0, "2007-06-30": 0, "2007-03-31": "", "2006-12-31": 0, "2006-09-30": 0, "2006-06-30": 0, "2006-03-31": "", "2005-12-31": 0, "2005-09-30": 0, "2005-06-30": 0, "2005-03-31": ""}, "Debt Issuance/Retirement Net - Total": {"2020-09-30": 0, "2020-06-30": 0, "2020-03-31": "", "2019-12-31": 0, "2019-09-30": -15, "2019-06-30": -70, "2019-03-31": "85.00000", "2018-12-31": 0, "2018-09-30": 0, "2018-06-30": 0, "2018-03-31": "", "2017-12-31": 0, "2017-09-30": 0, "2017-06-30": 0, "2017-03-31": "-10.00000", "2016-12-31": -24, "2016-09-30": -101, "2016-06-30": -5, "2016-03-31": "74.00000", "2015-12-31": 66, "2015-09-30": 0, "2015-06-30": 0, "2015-03-31": "", "2014-12-31": 0, "2014-09-30": 0, "2014-06-30": 0, "2014-03-31": "", "2013-12-31": 0, "2013-09-30": 0, "2013-06-30": 0, "2013-03-31": "-18.00000", "2012-12-31": -10, "2012-09-30": -37.7, "2012-06-30": 9.7, "2012-03-31": "-4.70000", "2011-12-31": 2.7, "2011-09-30": 26.5, "2011-06-30": 9, "2011-03-31": "-4.00000", "2010-12-31": 10, "2010-09-30": 1.85, "2010-06-30": 14.65, "2010-03-31": "", "2009-12-31": -2.101, "2009-09-30": -13.324, "2009-06-30": 7.925, "2009-03-31": "-0.50000", "2008-12-31": 8, "2008-09-30": 0, "2008-06-30": 0, "2008-03-31": "", "2007-12-31": 0, "2007-09-30": 0, "2007-06-30": 0, "2007-03-31": "", "2006-12-31": 0, "2006-09-30": 0, "2006-06-30": 0, "2006-03-31": "", "2005-12-31": 0, "2005-09-30": 0, "2005-06-30": 0, "2005-03-31": ""}, "Net Common Equity Issued/Repurchased": {"2020-09-30": 8.393, "2020-06-30": 46.101, "2020-03-31": "30.75400", "2019-12-31": 34.613, "2019-09-30": 40.163, "2019-06-30": 15.604, "2019-03-31": "-11.25800", "2018-12-31": -142.182, "2018-09-30": 26.219, "2018-06-30": 25.019, "2018-03-31": "19.29800", "2017-12-31": 15.835, "2017-09-30": 10.208, "2017-06-30": 8.509, "2017-03-31": "7.81900", "2016-12-31": -8.901, "2016-09-30": 9.294, "2016-06-30": 3.445, "2016-03-31": "-92.14900", "2015-12-31": 14.791, "2015-09-30": 1.64, "2015-06-30": 2.659, "2015-03-31": "3.42500", "2014-12-31": 7.941, "2014-09-30": 2.62, "2014-06-30": -20.722, "2014-03-31": "2.02400", "2013-12-31": 8.888, "2013-09-30": 4.92, "2013-06-30": 2.844, "2013-03-31": "1.63700", "2012-12-31": 6.871, "2012-09-30": 3.213, "2012-06-30": 1.435, "2012-03-31": "0.92400", "2011-12-31": -1.294, "2011-09-30": -47.487, "2011-06-30": -12.972, "2011-03-31": "-6.49600", "2010-12-31": -22.801, "2010-09-30": -27.02, "2010-06-30": -10.553, "2010-03-31": "-2.23800", "2009-12-31": 0.87, "2009-09-30": -7.679, "2009-06-30": 0.379, "2009-03-31": "-9.53800", "2008-12-31": -30.681, "2008-09-30": -13.392, "2008-06-30": 0.528, "2008-03-31": "-12.48200", "2007-12-31": -2.605, "2007-09-30": 2.02, "2007-06-30": -6.856, "2007-03-31": "-3.00700", "2006-12-31": -0.112, "2006-09-30": -0.325, "2006-06-30": -5.846, "2006-03-31": "-1.33200", "2005-12-31": -0.803, "2005-09-30": -4.596, "2005-06-30": -2.562, "2005-03-31": "-7.92200"}, "Net Total Equity Issued/Repurchased": {"2020-09-30": 8.393, "2020-06-30": 46.101, "2020-03-31": "30.75400", "2019-12-31": 34.613, "2019-09-30": 40.163, "2019-06-30": 15.604, "2019-03-31": "-11.25800", "2018-12-31": -142.182, "2018-09-30": 26.219, "2018-06-30": 25.019, "2018-03-31": "19.29800", "2017-12-31": 15.835, "2017-09-30": 10.208, "2017-06-30": 8.509, "2017-03-31": "7.81900", "2016-12-31": -8.901, "2016-09-30": 9.294, "2016-06-30": 3.445, "2016-03-31": "-92.14900", "2015-12-31": 14.791, "2015-09-30": 1.64, "2015-06-30": 2.659, "2015-03-31": "3.42500", "2014-12-31": 7.941, "2014-09-30": 2.62, "2014-06-30": -20.722, "2014-03-31": "2.02400", "2013-12-31": 8.888, "2013-09-30": 4.92, "2013-06-30": 2.844, "2013-03-31": "1.63700", "2012-12-31": 6.871, "2012-09-30": 3.213, "2012-06-30": 1.435, "2012-03-31": "0.92400", "2011-12-31": -1.294, "2011-09-30": -47.487, "2011-06-30": -12.972, "2011-03-31": "-6.49600", "2010-12-31": -22.801, "2010-09-30": -27.02, "2010-06-30": -10.553, "2010-03-31": "-2.23800", "2009-12-31": 0.87, "2009-09-30": -7.679, "2009-06-30": 0.379, "2009-03-31": "-9.53800", "2008-12-31": -30.681, "2008-09-30": -13.392, "2008-06-30": 0.528, "2008-03-31": "-12.48200", "2007-12-31": -2.605, "2007-09-30": 2.02, "2007-06-30": -6.856, "2007-03-31": "-3.00700", "2006-12-31": -0.112, "2006-09-30": -0.325, "2006-06-30": -5.846, "2006-03-31": "-1.33200", "2005-12-31": -0.803, "2005-09-30": -4.596, "2005-06-30": -2.562, "2005-03-31": "-7.92200"}, "Total Common And Preferred Stock Dividends Paid": {"2020-09-30": 0, "2020-06-30": 0, "2020-03-31": "", "2019-12-31": 0, "2019-09-30": 0, "2019-06-30": 0, "2019-03-31": "", "2018-12-31": 0, "2018-09-30": 0, "2018-06-30": 0, "2018-03-31": "", "2017-12-31": 0, "2017-09-30": 0, "2017-06-30": 0, "2017-03-31": "", "2016-12-31": 0, "2016-09-30": 0, "2016-06-30": 0, "2016-03-31": "", "2015-12-31": 0, "2015-09-30": 0, "2015-06-30": 0, "2015-03-31": "", "2014-12-31": 0, "2014-09-30": 0, "2014-06-30": 0, "2014-03-31": "", "2013-12-31": 0, "2013-09-30": 0, "2013-06-30": 0, "2013-03-31": "", "2012-12-31": 0, "2012-09-30": 0, "2012-06-30": 0, "2012-03-31": "", "2011-12-31": 0, "2011-09-30": 0, "2011-06-30": 0, "2011-03-31": "", "2010-12-31": 0, "2010-09-30": 0, "2010-06-30": 0, "2010-03-31": "", "2009-12-31": 0, "2009-09-30": 0, "2009-06-30": 0, "2009-03-31": "", "2008-12-31": 0, "2008-09-30": 0, "2008-06-30": 0, "2008-03-31": "", "2007-12-31": 0, "2007-09-30": 0, "2007-06-30": 0, "2007-03-31": "", "2006-12-31": 0, "2006-09-30": 0, "2006-06-30": 0, "2006-03-31": "", "2005-12-31": 0, "2005-09-30": 0, "2005-06-30": 0, "2005-03-31": ""}, "Financial Activities - Other": {"2020-09-30": 3.032, "2020-06-30": 2.708, "2020-03-31": "-3.15000", "2019-12-31": 2.249, "2019-09-30": 2.718, "2019-06-30": 2.26, "2019-03-31": "2.34900", "2018-12-31": 2.073, "2018-09-30": 2.218, "2018-06-30": 1.962, "2018-03-31": "1.79800", "2017-12-31": 1.702, "2017-09-30": 1.915, "2017-06-30": 1.777, "2017-03-31": "1.65000", "2016-12-31": 1.807, "2016-09-30": 1.611, "2016-06-30": 1.58, "2016-03-31": "1.23800", "2015-12-31": -11.631, "2015-09-30": 3.098, "2015-06-30": 6.612, "2015-03-31": "4.45800", "2014-12-31": -5.61, "2014-09-30": 4.534, "2014-06-30": 2.213, "2014-03-31": "3.00700", "2013-12-31": 16.014, "2013-09-30": 8.44, "2013-06-30": 5.102, "2013-03-31": "2.19300", "2012-12-31": 6.29, "2012-09-30": 2.368, "2012-06-30": 1.552, "2012-03-31": "1.19500", "2011-12-31": 2.442, "2011-09-30": 0.577, "2011-06-30": 1.888, "2011-03-31": "0.72800", "2010-12-31": 1.288, "2010-09-30": -1.526, "2010-06-30": 1.617, "2010-03-31": "0.49500", "2009-12-31": 1.025, "2009-09-30": 0.524, "2009-06-30": 0.6, "2009-03-31": "0.47000", "2008-12-31": 0.467, "2008-09-30": 0.491, "2008-06-30": 0.643, "2008-03-31": "0.29800", "2007-12-31": 1.091, "2007-09-30": 1.116, "2007-06-30": 0.37, "2007-03-31": "0.46500", "2006-12-31": 0.472, "2006-09-30": 0.533, "2006-06-30": 0.294, "2006-03-31": "0.31700", "2005-12-31": 0.171, "2005-09-30": 0.271, "2005-06-30": 0.251, "2005-03-31": "0.34300"}, "Cash Flow From Financial Activities": {"2020-09-30": 11.425, "2020-06-30": 48.809, "2020-03-31": "27.60400", "2019-12-31": 36.862, "2019-09-30": 27.881, "2019-06-30": -52.136, "2019-03-31": "76.09100", "2018-12-31": -140.109, "2018-09-30": 28.437, "2018-06-30": 26.981, "2018-03-31": "21.09600", "2017-12-31": 17.537, "2017-09-30": 12.123, "2017-06-30": 10.286, "2017-03-31": "-0.53100", "2016-12-31": -31.094, "2016-09-30": -90.095, "2016-06-30": 0.025, "2016-03-31": "-16.91100", "2015-12-31": 69.16, "2015-09-30": 4.738, "2015-06-30": 9.271, "2015-03-31": "7.88300", "2014-12-31": 2.331, "2014-09-30": 7.154, "2014-06-30": -18.509, "2014-03-31": "5.03100", "2013-12-31": 24.902, "2013-09-30": 13.36, "2013-06-30": 7.946, "2013-03-31": "-14.17000", "2012-12-31": 3.161, "2012-09-30": -32.119, "2012-06-30": 12.687, "2012-03-31": "-2.58100", "2011-12-31": 3.848, "2011-09-30": -20.41, "2011-06-30": -2.084, "2011-03-31": "-9.76800", "2010-12-31": -11.513, "2010-09-30": -26.696, "2010-06-30": 5.714, "2010-03-31": "-1.74300", "2009-12-31": -0.206, "2009-09-30": -20.479, "2009-06-30": 8.904, "2009-03-31": "-9.56800", "2008-12-31": -22.214, "2008-09-30": -12.901, "2008-06-30": 1.171, "2008-03-31": "-12.18400", "2007-12-31": -1.514, "2007-09-30": 3.136, "2007-06-30": -6.486, "2007-03-31": "-2.54200", "2006-12-31": 0.36, "2006-09-30": 0.208, "2006-06-30": -5.552, "2006-03-31": "-1.01500", "2005-12-31": -0.632, "2005-09-30": -4.325, "2005-06-30": -2.311, "2005-03-31": "-7.57900"}, "Net Cash Flow": {"2020-09-30": 167.349, "2020-06-30": 49.351, "2020-03-31": "69.30300", "2019-12-31": 71.244, "2019-09-30": 150.251, "2019-06-30": -28.25, "2019-03-31": "-94.84200", "2018-12-31": -85.173, "2018-09-30": 126.205, "2018-06-30": -117.369, "2018-03-31": "24.69000", "2017-12-31": 61.323, "2017-09-30": 69.531, "2017-06-30": -8.659, "2017-03-31": "27.58000", "2016-12-31": 12.837, "2016-09-30": -18.013, "2016-06-30": 5.986, "2016-03-31": "2.25400", "2015-12-31": -205.527, "2015-09-30": 34.511, "2015-06-30": 9.382, "2015-03-31": "-11.44600", "2014-12-31": 48.736, "2014-09-30": 69.339, "2014-06-30": -9.053, "2014-03-31": "18.26900", "2013-12-31": 26.755, "2013-09-30": 49.053, "2013-06-30": -1.427, "2013-03-31": "-1.91100", "2012-12-31": 6.303, "2012-09-30": -0.209, "2012-06-30": -9.62, "2012-03-31": "8.60600", "2011-12-31": -3.954, "2011-09-30": 3.868, "2011-06-30": -0.836, "2011-03-31": "0.13400", "2010-12-31": -4.335, "2010-09-30": 5.257, "2010-06-30": -2.859, "2010-03-31": "-5.64500", "2009-12-31": 7.801, "2009-09-30": -1.529, "2009-06-30": 1.113, "2009-03-31": "0.54900", "2008-12-31": -22.017, "2008-09-30": -9.233, "2008-06-30": -0.079, "2008-03-31": "23.44900", "2007-12-31": -6.181, "2007-09-30": 6.898, "2007-06-30": -6.186, "2007-03-31": "-2.10100", "2006-12-31": -3.84, "2006-09-30": 9.078, "2006-06-30": -6.621, "2006-03-31": "-2.13800", "2005-12-31": 4.663, "2005-09-30": 3.388, "2005-06-30": -1.105, "2005-03-31": "1.21400"}, "Stock-Based Compensation": {"2020-09-30": 18.424, "2020-06-30": 18.386, "2020-03-31": "17.30200", "2019-12-31": 15.598, "2019-09-30": 14.887, "2019-06-30": 15.066, "2019-03-31": "14.41600", "2018-12-31": 14.774, "2018-09-30": 14.476, "2018-06-30": 12.933, "2018-03-31": "10.55700", "2017-12-31": 9.98, "2017-09-30": 9.791, "2017-06-30": 8.901, "2017-03-31": "8.67600", "2016-12-31": 8.399, "2016-09-30": 7.656, "2016-06-30": 7.212, "2016-03-31": "6.48000", "2015-12-31": 5.723, "2015-09-30": 5.598, "2015-06-30": 4.603, "2015-03-31": "4.25800", "2014-12-31": 3.932, "2014-09-30": 3.885, "2014-06-30": 3.54, "2014-03-31": "3.46200", "2013-12-31": 3.114, "2013-09-30": 3.061, "2013-06-30": 2.903, "2013-03-31": "2.57500", "2012-12-31": 1.905, "2012-09-30": 1.903, "2012-06-30": 1.768, "2012-03-31": "1.83500", "2011-12-31": 1.668, "2011-09-30": 1.616, "2011-06-30": 1.52, "2011-03-31": "1.44900", "2010-12-31": 1.515, "2010-09-30": 1.544, "2010-06-30": 1.608, "2010-03-31": "1.46500", "2009-12-31": 1.392, "2009-09-30": 1.288, "2009-06-30": 1.238, "2009-03-31": "1.12700", "2008-12-31": 1.101, "2008-09-30": 1.098, "2008-06-30": 0.905, "2008-03-31": "0.71600", "2007-12-31": 0.66, "2007-09-30": 0.632, "2007-06-30": 0.575, "2007-03-31": "0.49800", "2006-12-31": 0.431, "2006-09-30": 0.554, "2006-06-30": 0.504, "2006-03-31": "0.47100", "2005-12-31": 0, "2005-09-30": 0, "2005-06-30": 0, "2005-03-31": ""}, "Common Stock Dividends Paid": {"2020-09-30": 0, "2020-06-30": 0, "2020-03-31": "", "2019-12-31": 0, "2019-09-30": 0, "2019-06-30": 0, "2019-03-31": "", "2018-12-31": 0, "2018-09-30": 0, "2018-06-30": 0, "2018-03-31": "", "2017-12-31": 0, "2017-09-30": 0, "2017-06-30": 0, "2017-03-31": "", "2016-12-31": 0, "2016-09-30": 0, "2016-06-30": 0, "2016-03-31": "", "2015-12-31": 0, "2015-09-30": 0, "2015-06-30": 0, "2015-03-31": "", "2014-12-31": 0, "2014-09-30": 0, "2014-06-30": 0, "2014-03-31": "", "2013-12-31": 0, "2013-09-30": 0, "2013-06-30": 0, "2013-03-31": "", "2012-12-31": 0, "2012-09-30": 0, "2012-06-30": 0, "2012-03-31": "", "2011-12-31": 0, "2011-09-30": 0, "2011-06-30": 0, "2011-03-31": "", "2010-12-31": 0, "2010-09-30": 0, "2010-06-30": 0, "2010-03-31": "", "2009-12-31": 0, "2009-09-30": 0, "2009-06-30": 0, "2009-03-31": "", "2008-12-31": 0, "2008-09-30": 0, "2008-06-30": 0, "2008-03-31": "", "2007-12-31": 0, "2007-09-30": 0, "2007-06-30": 0, "2007-03-31": "", "2006-12-31": 0, "2006-09-30": 0, "2006-06-30": 0, "2006-03-31": "", "2005-12-31": 0, "2005-09-30": 0, "2005-06-30": 0, "2005-03-31": ""}}, "financial ratios": {"Current Ratio": {"2019-12-31": "1.33510", "2018-12-31": "1.22400", "2017-12-31": "1.40210", "2016-12-31": "0.78270", "2015-12-31": "0.79450", "2014-12-31": "1.44750", "2013-12-31": "1.13080", "2012-12-31": "0.71910", "2011-12-31": "0.70620", "2010-12-31": "0.78980", "2009-12-31": "0.84860", "2008-12-31": "0.75090", "2007-12-31": "1.35710", "2006-12-31": "1.31100", "2005-12-31": "1.35820"}, "Long-term Debt / Capital": {"2019-12-31": "", "2018-12-31": "", "2017-12-31": "", "2016-12-31": "0.01080", "2015-12-31": "0.07140", "2014-12-31": "", "2013-12-31": "", "2012-12-31": "0.11020", "2011-12-31": "0.43730", "2010-12-31": "0.19850", "2009-12-31": "", "2008-12-31": "", "2007-12-31": "", "2006-12-31": "", "2005-12-31": ""}, "Debt/Equity Ratio": {"2019-12-31": "", "2018-12-31": "", "2017-12-31": "", "2016-12-31": "0.01090", "2015-12-31": "0.07680", "2014-12-31": "", "2013-12-31": "", "2012-12-31": "0.12390", "2011-12-31": "0.77710", "2010-12-31": "0.24770", "2009-12-31": "", "2008-12-31": "0.07000", "2007-12-31": "", "2006-12-31": "", "2005-12-31": ""}, "Gross Margin": {"2019-12-31": "47.57800", "2018-12-31": "46.99950", "2017-12-31": "47.49410", "2016-12-31": "47.26900", "2015-12-31": "46.89960", "2014-12-31": "47.32720", "2013-12-31": "46.37140", "2012-12-31": "46.16020", "2011-12-31": "45.86820", "2010-12-31": "44.45760", "2009-12-31": "44.35730", "2008-12-31": "41.41330", "2007-12-31": "38.41060", "2006-12-31": "38.30150", "2005-12-31": "36.07190"}, "Operating Margin": {"2019-12-31": "14.39280", "2018-12-31": "16.30440", "2017-12-31": "19.35520", "2016-12-31": "18.11550", "2015-12-31": "18.28070", "2014-12-31": "19.22970", "2013-12-31": "16.11160", "2012-12-31": "15.57290", "2011-12-31": "15.03500", "2010-12-31": "14.42720", "2009-12-31": "15.42750", "2008-12-31": "10.59790", "2007-12-31": "12.18400", "2006-12-31": "11.14930", "2005-12-31": "7.46170"}, "EBIT Margin": {"2019-12-31": "14.39280", "2018-12-31": "16.30440", "2017-12-31": "19.35520", "2016-12-31": "18.11550", "2015-12-31": "18.28070", "2014-12-31": "19.22970", "2013-12-31": "16.11160", "2012-12-31": "15.57290", "2011-12-31": "15.03500", "2010-12-31": "14.42720", "2009-12-31": "15.42750", "2008-12-31": "10.59790", "2007-12-31": "12.18400", "2006-12-31": "11.14930", "2005-12-31": "7.46170"}, "EBITDA Margin": {"2019-12-31": "21.45000", "2018-12-31": "22.90760", "2017-12-31": "25.70500", "2016-12-31": "24.66560", "2015-12-31": "21.59260", "2014-12-31": "22.19160", "2013-12-31": "19.42050", "2012-12-31": "19.07160", "2011-12-31": "18.48570", "2010-12-31": "18.16490", "2009-12-31": "18.69910", "2008-12-31": "15.35490", "2007-12-31": "17.28470", "2006-12-31": "16.32180", "2005-12-31": "13.58820"}, "Pre-Tax Profit Margin": {"2019-12-31": "14.71230", "2018-12-31": "16.66560", "2017-12-31": "19.43820", "2016-12-31": "17.85260", "2015-12-31": "18.34520", "2014-12-31": "19.15770", "2013-12-31": "15.79750", "2012-12-31": "14.82730", "2011-12-31": "14.25800", "2010-12-31": "13.82370", "2009-12-31": "15.37730", "2008-12-31": "11.04330", "2007-12-31": "13.00300", "2006-12-31": "11.70230", "2005-12-31": "7.99320"}, "Net Profit Margin": {"2019-12-31": "13.48710", "2018-12-31": "15.76660", "2017-12-31": "20.16540", "2016-12-31": "14.96300", "2015-12-31": "10.97570", "2014-12-31": "11.95290", "2013-12-31": "9.38480", "2012-12-31": "9.08170", "2011-12-31": "8.90690", "2010-12-31": "8.68040", "2009-12-31": "9.30460", "2008-12-31": "5.60620", "2007-12-31": "7.96240", "2006-12-31": "7.35370", "2005-12-31": "4.80650"}, "Asset Turnover": {"2019-12-31": "0.49570", "2018-12-31": "0.52220", "2017-12-31": "0.52190", "2016-12-31": "0.55960", "2015-12-31": "0.43570", "2014-12-31": "0.86540", "2013-12-31": "0.93740", "2012-12-31": "1.07280", "2011-12-31": "1.04740", "2010-12-31": "1.09320", "2009-12-31": "1.07250", "2008-12-31": "1.05300", "2007-12-31": "0.91010", "2006-12-31": "0.88660", "2005-12-31": "0.87670"}, "Inventory Turnover Ratio": {"2019-12-31": "", "2018-12-31": "", "2017-12-31": "", "2016-12-31": "", "2015-12-31": "", "2014-12-31": "", "2013-12-31": "", "2012-12-31": "", "2011-12-31": "", "2010-12-31": "", "2009-12-31": "", "2008-12-31": "", "2007-12-31": "", "2006-12-31": "", "2005-12-31": ""}, "Receiveable Turnover": {"2019-12-31": "2.85470", "2018-12-31": "3.08050", "2017-12-31": "3.26530", "2016-12-31": "3.73900", "2015-12-31": "2.99340", "2014-12-31": "4.37620", "2013-12-31": "3.58280", "2012-12-31": "3.64700", "2011-12-31": "3.43720", "2010-12-31": "3.52590", "2009-12-31": "3.57300", "2008-12-31": "3.44340", "2007-12-31": "3.43620", "2006-12-31": "3.35640", "2005-12-31": "3.43360"}, "Days Sales In Receivables": {"2019-12-31": "127.85800", "2018-12-31": "118.48540", "2017-12-31": "111.78200", "2016-12-31": "97.61880", "2015-12-31": "121.93390", "2014-12-31": "83.40650", "2013-12-31": "101.87670", "2012-12-31": "100.08300", "2011-12-31": "106.19050", "2010-12-31": "103.52050", "2009-12-31": "102.15590", "2008-12-31": "106.00100", "2007-12-31": "106.22220", "2006-12-31": "108.74700", "2005-12-31": "106.30280"}, "ROE - Return On Equity": {"2019-12-31": "9.06130", "2018-12-31": "11.13050", "2017-12-31": "14.22890", "2016-12-31": "12.41920", "2015-12-31": "7.55290", "2014-12-31": "17.49100", "2013-12-31": "15.87410", "2012-12-31": "22.70770", "2011-12-31": "35.27970", "2010-12-31": "23.42110", "2009-12-31": "20.10300", "2008-12-31": "13.00700", "2007-12-31": "12.75480", "2006-12-31": "11.40970", "2005-12-31": "7.30230"}, "Return On Tangible Equity": {"2019-12-31": "36.81330", "2018-12-31": "50.11010", "2017-12-31": "55.75570", "2016-12-31": "-5768.49300", "2015-12-31": "-71.92720", "2014-12-31": "33.09210", "2013-12-31": "45.29670", "2012-12-31": "-153.37470", "2011-12-31": "-43.32040", "2010-12-31": "-137.91710", "2009-12-31": "219.07680", "2008-12-31": "-155.62320", "2007-12-31": "47.08870", "2006-12-31": "54.18810", "2005-12-31": "37.43660"}, "ROA - Return On Assets": {"2019-12-31": "6.68580", "2018-12-31": "8.23370", "2017-12-31": "10.52350", "2016-12-31": "8.37300", "2015-12-31": "4.78180", "2014-12-31": "10.34380", "2013-12-31": "8.79690", "2012-12-31": "9.74230", "2011-12-31": "9.32900", "2010-12-31": "9.48900", "2009-12-31": "9.97890", "2008-12-31": "5.90320", "2007-12-31": "7.24660", "2006-12-31": "6.52000", "2005-12-31": "4.21370"}, "ROI - Return On Investment": {"2019-12-31": "9.06130", "2018-12-31": "11.13050", "2017-12-31": "14.22890", "2016-12-31": "12.28500", "2015-12-31": "7.01400", "2014-12-31": "17.49100", "2013-12-31": "15.87410", "2012-12-31": "20.20470", "2011-12-31": "19.85230", "2010-12-31": "18.77100", "2009-12-31": "20.10300", "2008-12-31": "13.00700", "2007-12-31": "12.75480", "2006-12-31": "11.40970", "2005-12-31": "7.30230"}, "Book Value Per Share": {"2019-12-31": "41.13710", "2018-12-31": "34.61390", "2017-12-31": "31.45580", "2016-12-31": "24.90140", "2015-12-31": "23.35500", "2014-12-31": "10.06820", "2013-12-31": "7.50100", "2012-12-31": "4.63750", "2011-12-31": "2.60610", "2010-12-31": "3.31240", "2009-12-31": "3.82570", "2008-12-31": "3.19040", "2007-12-31": "3.55280", "2006-12-31": "3.23650", "2005-12-31": "2.88610"}, "Operating Cash Flow Per Share": {"2019-12-31": 0.1154, "2018-12-31": 1.248, "2017-12-31": 0.0635, "2016-12-31": 1.2494, "2015-12-31": -0.3599, "2014-12-31": 2.1242, "2013-12-31": 0.1283, "2012-12-31": 0.0802, "2011-12-31": 0.7072, "2010-12-31": -0.1775, "2009-12-31": -0.0474, "2008-12-31": 0.395, "2007-12-31": 0.1847, "2006-12-31": 0.1366, "2005-12-31": 0.5036}, "Free Cash Flow Per Share": {"2019-12-31": -0.2493, "2018-12-31": 1.6616, "2017-12-31": -0.0653, "2016-12-31": 0.6231, "2015-12-31": -0.438, "2014-12-31": 2.6368, "2013-12-31": -0.3716, "2012-12-31": 0.1739, "2011-12-31": 0.4757, "2010-12-31": 0.021, "2009-12-31": 0.1293, "2008-12-31": -0.026, "2007-12-31": 0.195, "2006-12-31": 0.0984, "2005-12-31": 0.4385}}, "financial ratios, quarterly": {"Current Ratio": {"2020-09-30": "1.85140", "2020-06-30": "1.76820", "2020-03-31": "1.60030", "2019-12-31": "1.33510", "2019-09-30": "1.19500", "2019-06-30": "0.99960", "2019-03-31": "0.99730", "2018-12-31": "1.22400", "2018-09-30": "1.51550", "2018-06-30": "1.34260", "2018-03-31": "1.66680", "2017-12-31": "1.40210", "2017-09-30": "1.11250", "2017-06-30": "0.97970", "2017-03-31": "0.84280", "2016-12-31": "0.78270", "2016-09-30": "0.79580", "2016-06-30": "0.91790", "2016-03-31": "0.77860", "2015-12-31": "0.79450", "2015-09-30": "1.69710", "2015-06-30": "1.64290", "2015-03-31": "1.65830", "2014-12-31": "1.44750", "2014-09-30": "1.32360", "2014-06-30": "1.20980", "2014-03-31": "1.28650", "2013-12-31": "1.13080", "2013-09-30": "0.90710", "2013-06-30": "0.79970", "2013-03-31": "0.65110", "2012-12-31": "0.71910", "2012-09-30": "0.65030", "2012-06-30": "0.78170", "2012-03-31": "0.64860", "2011-12-31": "0.70620", "2011-09-30": "0.70900", "2011-06-30": "0.80550", "2011-03-31": "0.70630", "2010-12-31": "0.78980", "2010-09-30": "0.69000", "2010-06-30": "0.83370", "2010-03-31": "0.78690", "2009-12-31": "0.84860", "2009-09-30": "0.80560", "2009-06-30": "0.81050", "2009-03-31": "0.71870", "2008-12-31": "0.75090", "2008-09-30": "0.89330", "2008-06-30": "1.12970", "2008-03-31": "1.06100", "2007-12-31": "1.35710", "2007-09-30": "1.33750", "2007-06-30": "1.26170", "2007-03-31": "1.30500", "2006-12-31": "1.31100", "2006-09-30": "1.28130", "2006-06-30": "1.21230", "2006-03-31": "1.25710", "2005-12-31": "1.35820", "2005-09-30": "1.27870", "2005-06-30": "1.27130", "2005-03-31": "1.26420"}, "Long-term Debt / Capital": {"2020-09-30": "", "2020-06-30": "", "2020-03-31": "", "2019-12-31": "", "2019-09-30": "", "2019-06-30": "0.01040", "2019-03-31": "0.05890", "2018-12-31": "", "2018-09-30": "", "2018-06-30": "", "2018-03-31": "", "2017-12-31": "", "2017-09-30": "", "2017-06-30": "", "2017-03-31": "", "2016-12-31": "0.01080", "2016-09-30": "0.03710", "2016-06-30": "0.14000", "2016-03-31": "0.15020", "2015-12-31": "0.07140", "2015-09-30": "", "2015-06-30": "", "2015-03-31": "", "2014-12-31": "", "2014-09-30": "", "2014-06-30": "", "2014-03-31": "", "2013-12-31": "", "2013-09-30": "", "2013-06-30": "", "2013-03-31": "", "2012-12-31": "0.11020", "2012-09-30": "0.19180", "2012-06-30": "0.39740", "2012-03-31": "0.38960", "2011-12-31": "0.43730", "2011-09-30": "0.47270", "2011-06-30": "0.23170", "2011-03-31": "0.17190", "2010-12-31": "0.19850", "2010-09-30": "0.14170", "2010-06-30": "", "2010-03-31": "", "2009-12-31": "", "2009-09-30": "", "2009-06-30": "", "2009-03-31": "", "2008-12-31": "", "2008-09-30": "", "2008-06-30": "", "2008-03-31": "", "2007-12-31": "", "2007-09-30": "", "2007-06-30": "", "2007-03-31": "", "2006-12-31": "", "2006-09-30": "", "2006-06-30": "", "2006-03-31": "", "2005-12-31": "", "2005-09-30": "", "2005-06-30": "", "2005-03-31": ""}, "Debt/Equity Ratio": {"2020-09-30": "", "2020-06-30": "", "2020-03-31": "", "2019-12-31": "", "2019-09-30": "", "2019-06-30": "0.01060", "2019-03-31": "0.06260", "2018-12-31": "", "2018-09-30": "", "2018-06-30": "", "2018-03-31": "", "2017-12-31": "", "2017-09-30": "", "2017-06-30": "", "2017-03-31": "", "2016-12-31": "0.01090", "2016-09-30": "0.03850", "2016-06-30": "0.16280", "2016-03-31": "0.17680", "2015-12-31": "0.07680", "2015-09-30": "", "2015-06-30": "", "2015-03-31": "", "2014-12-31": "", "2014-09-30": "", "2014-06-30": "", "2014-03-31": "", "2013-12-31": "", "2013-09-30": "", "2013-06-30": "", "2013-03-31": "", "2012-12-31": "0.12390", "2012-09-30": "0.23730", "2012-06-30": "0.65960", "2012-03-31": "0.63820", "2011-12-31": "0.77710", "2011-09-30": "0.89630", "2011-06-30": "0.30160", "2011-03-31": "0.20760", "2010-12-31": "0.24770", "2010-09-30": "0.16510", "2010-06-30": "0.10660", "2010-03-31": "", "2009-12-31": "", "2009-09-30": "0.01690", "2009-06-30": "0.12570", "2009-03-31": "0.06600", "2008-12-31": "0.07000", "2008-09-30": "", "2008-06-30": "", "2008-03-31": "", "2007-12-31": "", "2007-09-30": "", "2007-06-30": "", "2007-03-31": "", "2006-12-31": "", "2006-09-30": "", "2006-06-30": "", "2006-03-31": "", "2005-12-31": "", "2005-09-30": "", "2005-06-30": "", "2005-03-31": ""}, "Gross Margin": {"2020-09-30": "50.22260", "2020-06-30": "48.39810", "2020-03-31": "46.69510", "2019-12-31": "49.25790", "2019-09-30": "47.46440", "2019-06-30": "46.47360", "2019-03-31": "46.97040", "2018-12-31": "47.88430", "2018-09-30": "47.28570", "2018-06-30": "46.29160", "2018-03-31": "46.48150", "2017-12-31": "48.39210", "2017-09-30": "48.43320", "2017-06-30": "45.74710", "2017-03-31": "47.33160", "2016-12-31": "49.03360", "2016-09-30": "48.06240", "2016-06-30": "46.00470", "2016-03-31": "45.80100", "2015-12-31": "46.07590", "2015-09-30": "47.62040", "2015-06-30": "46.65440", "2015-03-31": "47.32970", "2014-12-31": "47.46630", "2014-09-30": "48.02590", "2014-06-30": "47.08330", "2014-03-31": "46.64110", "2013-12-31": "47.65160", "2013-09-30": "46.29840", "2013-06-30": "45.63290", "2013-03-31": "45.76770", "2012-12-31": "46.80820", "2012-09-30": "47.89170", "2012-06-30": "44.54400", "2012-03-31": "45.23410", "2011-12-31": "47.53960", "2011-09-30": "46.81280", "2011-06-30": "44.48690", "2011-03-31": "44.44980", "2010-12-31": "45.02550", "2010-09-30": "45.01490", "2010-06-30": "44.73140", "2010-03-31": "42.99480", "2009-12-31": "44.78620", "2009-09-30": "44.71160", "2009-06-30": "44.33440", "2009-03-31": "43.54490", "2008-12-31": "41.62110", "2008-09-30": "43.63540", "2008-06-30": "43.05080", "2008-03-31": "36.73570", "2007-12-31": "40.44360", "2007-09-30": "39.37600", "2007-06-30": "37.58320", "2007-03-31": "35.80620", "2006-12-31": "39.56410", "2006-09-30": "40.20220", "2006-06-30": "38.54650", "2006-03-31": "34.46880", "2005-12-31": "37.69160", "2005-09-30": "37.39900", "2005-06-30": "37.16570", "2005-03-31": "31.76420"}, "Operating Margin": {"2020-09-30": "17.37770", "2020-06-30": "15.24990", "2020-03-31": "12.25610", "2019-12-31": "15.63410", "2019-09-30": "14.54360", "2019-06-30": "13.32710", "2019-03-31": "13.96020", "2018-12-31": "16.08680", "2018-09-30": "15.92130", "2018-06-30": "15.73410", "2018-03-31": "17.55990", "2017-12-31": "20.37060", "2017-09-30": "20.62450", "2017-06-30": "17.86620", "2017-03-31": "18.44050", "2016-12-31": "21.18280", "2016-09-30": "18.99520", "2016-06-30": "16.35960", "2016-03-31": "15.63980", "2015-12-31": "12.44680", "2015-09-30": "20.87510", "2015-06-30": "20.23040", "2015-03-31": "20.13690", "2014-12-31": "19.29770", "2014-09-30": "20.78670", "2014-06-30": "18.99320", "2014-03-31": "17.63540", "2013-12-31": "17.56630", "2013-09-30": "16.68550", "2013-06-30": "14.88920", "2013-03-31": "15.10460", "2012-12-31": "16.16790", "2012-09-30": "19.88280", "2012-06-30": "13.63170", "2012-03-31": "12.14170", "2011-12-31": "17.44910", "2011-09-30": "16.03960", "2011-06-30": "12.81420", "2011-03-31": "13.60080", "2010-12-31": "15.44610", "2010-09-30": "16.03790", "2010-06-30": "14.44220", "2010-03-31": "11.65280", "2009-12-31": "14.75270", "2009-09-30": "16.76670", "2009-06-30": "15.79140", "2009-03-31": "14.33910", "2008-12-31": "13.95950", "2008-09-30": "17.39150", "2008-06-30": "2.63730", "2008-03-31": "7.86510", "2007-12-31": "15.85570", "2007-09-30": "14.43240", "2007-06-30": "10.71110", "2007-03-31": "6.90610", "2006-12-31": "12.22760", "2006-09-30": "13.22320", "2006-06-30": "11.45040", "2006-03-31": "7.27180", "2005-12-31": "10.82000", "2005-09-30": "9.59680", "2005-06-30": "7.43550", "2005-03-31": "1.60850"}, "EBIT Margin": {"2020-09-30": "17.37770", "2020-06-30": "15.24990", "2020-03-31": "12.25610", "2019-12-31": "15.63410", "2019-09-30": "14.54360", "2019-06-30": "13.32710", "2019-03-31": "13.96020", "2018-12-31": "16.08680", "2018-09-30": "15.92130", "2018-06-30": "15.73410", "2018-03-31": "17.55990", "2017-12-31": "20.37060", "2017-09-30": "20.62450", "2017-06-30": "17.86620", "2017-03-31": "18.44050", "2016-12-31": "21.18280", "2016-09-30": "18.99520", "2016-06-30": "16.35960", "2016-03-31": "15.63980", "2015-12-31": "12.44680", "2015-09-30": "20.87510", "2015-06-30": "20.23040", "2015-03-31": "20.13690", "2014-12-31": "19.29770", "2014-09-30": "20.78670", "2014-06-30": "18.99320", "2014-03-31": "17.63540", "2013-12-31": "17.56620", "2013-09-30": "16.68550", "2013-06-30": "14.88920", "2013-03-31": "15.10460", "2012-12-31": "16.16790", "2012-09-30": "19.88280", "2012-06-30": "13.63170", "2012-03-31": "12.14170", "2011-12-31": "17.44900", "2011-09-30": "16.03960", "2011-06-30": "12.81420", "2011-03-31": "13.60080", "2010-12-31": "15.44610", "2010-09-30": "16.03790", "2010-06-30": "14.44220", "2010-03-31": "11.65280", "2009-12-31": "14.75270", "2009-09-30": "16.76670", "2009-06-30": "15.79140", "2009-03-31": "14.33910", "2008-12-31": "13.95950", "2008-09-30": "17.39150", "2008-06-30": "2.63730", "2008-03-31": "7.86510", "2007-12-31": "15.85570", "2007-09-30": "14.43240", "2007-06-30": "10.71110", "2007-03-31": "6.90610", "2006-12-31": "12.22750", "2006-09-30": "13.22320", "2006-06-30": "11.45040", "2006-03-31": "7.27180", "2005-12-31": "10.82000", "2005-09-30": "9.59680", "2005-06-30": "7.43550", "2005-03-31": "1.60850"}, "EBITDA Margin": {"2020-09-30": "", "2020-06-30": "", "2020-03-31": "", "2019-12-31": "", "2019-09-30": "", "2019-06-30": "", "2019-03-31": "", "2018-12-31": "", "2018-09-30": "", "2018-06-30": "", "2018-03-31": "", "2017-12-31": "", "2017-09-30": "", "2017-06-30": "", "2017-03-31": "", "2016-12-31": "", "2016-09-30": "", "2016-06-30": "", "2016-03-31": "", "2015-12-31": "", "2015-09-30": "", "2015-06-30": "", "2015-03-31": "", "2014-12-31": "", "2014-09-30": "", "2014-06-30": "", "2014-03-31": "", "2013-12-31": "", "2013-09-30": "", "2013-06-30": "", "2013-03-31": "", "2012-12-31": "", "2012-09-30": "", "2012-06-30": "", "2012-03-31": "", "2011-12-31": "", "2011-09-30": "", "2011-06-30": "", "2011-03-31": "", "2010-12-31": "", "2010-09-30": "", "2010-06-30": "", "2010-03-31": "", "2009-12-31": "", "2009-09-30": "", "2009-06-30": "", "2009-03-31": "", "2008-12-31": "", "2008-09-30": "", "2008-06-30": "", "2008-03-31": "", "2007-12-31": "", "2007-09-30": "", "2007-06-30": "", "2007-03-31": "", "2006-12-31": "", "2006-09-30": "", "2006-06-30": "", "2006-03-31": "", "2005-12-31": "", "2005-09-30": "", "2005-06-30": "", "2005-03-31": ""}, "Pre-Tax Profit Margin": {"2020-09-30": "17.47570", "2020-06-30": "15.42320", "2020-03-31": "12.61400", "2019-12-31": "16.54570", "2019-09-30": "14.72480", "2019-06-30": "13.23730", "2019-03-31": "14.19740", "2018-12-31": "16.57440", "2018-09-30": "16.36230", "2018-06-30": "15.97050", "2018-03-31": "17.83080", "2017-12-31": "20.79040", "2017-09-30": "20.65940", "2017-06-30": "17.81780", "2017-03-31": "18.34540", "2016-12-31": "21.03820", "2016-09-30": "18.72470", "2016-06-30": "15.97860", "2016-03-31": "15.37930", "2015-12-31": "12.29580", "2015-09-30": "21.04410", "2015-06-30": "20.35680", "2015-03-31": "20.27100", "2014-12-31": "19.42880", "2014-09-30": "20.75020", "2014-06-30": "18.81950", "2014-03-31": "17.40540", "2013-12-31": "17.21410", "2013-09-30": "16.41920", "2013-06-30": "14.60210", "2013-03-31": "14.75170", "2012-12-31": "15.76530", "2012-09-30": "18.97810", "2012-06-30": "12.78570", "2012-03-31": "11.29190", "2011-12-31": "16.45240", "2011-09-30": "15.31150", "2011-06-30": "12.13140", "2011-03-31": "12.91950", "2010-12-31": "14.02420", "2010-09-30": "15.26790", "2010-06-30": "14.30170", "2010-03-31": "11.59270", "2009-12-31": "14.71630", "2009-09-30": "16.71020", "2009-06-30": "15.70420", "2009-03-31": "14.31900", "2008-12-31": "14.15650", "2008-09-30": "17.97140", "2008-06-30": "2.99840", "2008-03-31": "8.54240", "2007-12-31": "16.76270", "2007-09-30": "15.23520", "2007-06-30": "11.38380", "2007-03-31": "7.79420", "2006-12-31": "13.16000", "2006-09-30": "13.83350", "2006-06-30": "11.85730", "2006-03-31": "7.48810", "2005-12-31": "11.50380", "2005-09-30": "10.12620", "2005-06-30": "7.97500", "2005-03-31": "1.96760"}, "Net Profit Margin": {"2020-09-30": "13.74790", "2020-06-30": "19.87970", "2020-03-31": "17.19460", "2019-12-31": "16.19950", "2019-09-30": "14.66590", "2019-06-30": "11.63080", "2019-03-31": "11.06910", "2018-12-31": "13.03910", "2018-09-30": "16.48850", "2018-06-30": "16.58940", "2018-03-31": "17.10190", "2017-12-31": "30.40690", "2017-09-30": "18.08800", "2017-06-30": "15.21820", "2017-03-31": "16.40670", "2016-12-31": "17.77620", "2016-09-30": "18.21620", "2016-06-30": "13.23320", "2016-03-31": "10.16440", "2015-12-31": "5.42300", "2015-09-30": "13.35280", "2015-06-30": "12.87540", "2015-03-31": "12.79800", "2014-12-31": "12.01900", "2014-09-30": "13.21270", "2014-06-30": "11.85160", "2014-03-31": "10.55090", "2013-12-31": "9.49290", "2013-09-30": "10.32410", "2013-06-30": "8.77600", "2013-03-31": "8.86540", "2012-12-31": "9.83140", "2012-09-30": "11.54240", "2012-06-30": "7.77620", "2012-03-31": "6.86750", "2011-12-31": "10.59830", "2011-09-30": "9.72480", "2011-06-30": "7.32910", "2011-03-31": "7.80460", "2010-12-31": "9.95320", "2010-09-30": "9.11360", "2010-06-30": "8.60740", "2010-03-31": "6.97790", "2009-12-31": "8.96830", "2009-09-30": "10.05620", "2009-06-30": "9.52310", "2009-03-31": "8.63370", "2008-12-31": "7.37810", "2008-09-30": "9.26470", "2008-06-30": "0.36410", "2008-03-31": "5.26700", "2007-12-31": "10.24500", "2007-09-30": "9.39340", "2007-06-30": "6.93010", "2007-03-31": "4.77030", "2006-12-31": "8.16540", "2006-09-30": "8.80150", "2006-06-30": "7.64990", "2006-03-31": "4.48530", "2005-12-31": "7.04400", "2005-09-30": "6.10080", "2005-06-30": "4.67990", "2005-03-31": "1.15600"}, "Asset Turnover": {"2020-09-30": "0.11470", "2020-06-30": "0.11380", "2020-03-31": "0.12460", "2019-12-31": "0.13180", "2019-09-30": "0.13400", "2019-06-30": "0.14110", "2019-03-31": "0.12940", "2018-12-31": "0.13510", "2018-09-30": "0.12660", "2018-06-30": "0.13410", "2018-03-31": "0.13610", "2017-12-31": "0.13510", "2017-09-30": "0.14380", "2017-06-30": "0.14510", "2017-03-31": "0.14730", "2016-12-31": "0.14520", "2016-09-30": "0.14380", "2016-06-30": "0.13370", "2016-03-31": "0.13600", "2015-12-31": "0.11710", "2015-09-30": "0.22240", "2015-06-30": "0.22650", "2015-03-31": "0.23750", "2014-12-31": "0.22370", "2014-09-30": "0.24640", "2014-06-30": "0.25550", "2014-03-31": "0.25940", "2013-12-31": "0.24910", "2013-09-30": "0.27200", "2013-06-30": "0.27940", "2013-03-31": "0.30380", "2012-12-31": "0.28160", "2012-09-30": "0.31690", "2012-06-30": "0.28510", "2012-03-31": "0.29780", "2011-12-31": "0.27790", "2011-09-30": "0.29490", "2011-06-30": "0.27890", "2011-03-31": "0.29080", "2010-12-31": "0.27440", "2010-09-30": "0.27860", "2010-06-30": "0.26210", "2010-03-31": "0.27530", "2009-12-31": "0.27420", "2009-09-30": "0.28200", "2009-06-30": "0.27570", "2009-03-31": "0.28870", "2008-12-31": "0.27620", "2008-09-30": "0.25990", "2008-06-30": "0.25190", "2008-03-31": "0.23990", "2007-12-31": "0.25020", "2007-09-30": "0.23960", "2007-06-30": "0.24850", "2007-03-31": "0.23800", "2006-12-31": "0.23220", "2006-09-30": "0.24640", "2006-06-30": "0.24670", "2006-03-31": "0.23220", "2005-12-31": "0.22790", "2005-09-30": "0.23280", "2005-06-30": "0.23490", "2005-03-31": "0.22720"}, "Inventory Turnover Ratio": {"2020-09-30": "", "2020-06-30": "", "2020-03-31": "", "2019-12-31": "", "2019-09-30": "", "2019-06-30": "", "2019-03-31": "", "2018-12-31": "", "2018-09-30": "", "2018-06-30": "", "2018-03-31": "", "2017-12-31": "", "2017-09-30": "", "2017-06-30": "", "2017-03-31": "", "2016-12-31": "", "2016-09-30": "", "2016-06-30": "", "2016-03-31": "", "2015-12-31": "", "2015-09-30": "", "2015-06-30": "", "2015-03-31": "", "2014-12-31": "", "2014-09-30": "", "2014-06-30": "", "2014-03-31": "", "2013-12-31": "", "2013-09-30": "", "2013-06-30": "", "2013-03-31": "", "2012-12-31": "", "2012-09-30": "", "2012-06-30": "", "2012-03-31": "", "2011-12-31": "", "2011-09-30": "", "2011-06-30": "", "2011-03-31": "", "2010-12-31": "", "2010-09-30": "", "2010-06-30": "", "2010-03-31": "", "2009-12-31": "", "2009-09-30": "", "2009-06-30": "", "2009-03-31": "", "2008-12-31": "", "2008-09-30": "", "2008-06-30": "", "2008-03-31": "", "2007-12-31": "", "2007-09-30": "", "2007-06-30": "", "2007-03-31": "", "2006-12-31": "", "2006-09-30": "", "2006-06-30": "", "2006-03-31": "", "2005-12-31": "", "2005-09-30": "", "2005-06-30": "", "2005-03-31": ""}, "Receiveable Turnover": {"2020-09-30": "0.74530", "2020-06-30": "0.62510", "2020-03-31": "0.82600", "2019-12-31": "0.75900", "2019-09-30": "0.79140", "2019-06-30": "0.72140", "2019-03-31": "0.82640", "2018-12-31": "0.79700", "2018-09-30": "0.80080", "2018-06-30": "0.75570", "2018-03-31": "0.98830", "2017-12-31": "0.84540", "2017-09-30": "1.02340", "2017-06-30": "0.84850", "2017-03-31": "1.21990", "2016-12-31": "0.96990", "2016-09-30": "0.94370", "2016-06-30": "0.80940", "2016-03-31": "1.20230", "2015-12-31": "0.80490", "2015-09-30": "1.16730", "2015-06-30": "0.96130", "2015-03-31": "1.27580", "2014-12-31": "1.13100", "2014-09-30": "1.15080", "2014-06-30": "0.84070", "2014-03-31": "1.30020", "2013-12-31": "0.95220", "2013-09-30": "1.18250", "2013-06-30": "0.85020", "2013-03-31": "1.25690", "2012-12-31": "0.95730", "2012-09-30": "1.19980", "2012-06-30": "0.90950", "2012-03-31": "1.40480", "2011-12-31": "0.91190", "2011-09-30": "1.02290", "2011-06-30": "0.84800", "2011-03-31": "1.10410", "2010-12-31": "0.88490", "2010-09-30": "0.95630", "2010-06-30": "0.81110", "2010-03-31": "1.10690", "2009-12-31": "0.91350", "2009-09-30": "0.86820", "2009-06-30": "0.86760", "2009-03-31": "1.06050", "2008-12-31": "0.90330", "2008-09-30": "1.03320", "2008-06-30": "0.84850", "2008-03-31": "1.00140", "2007-12-31": "0.94460", "2007-09-30": "0.96510", "2007-06-30": "0.87830", "2007-03-31": "1.06590", "2006-12-31": "0.87910", "2006-09-30": "1.12340", "2006-06-30": "0.94000", "2006-03-31": "1.15760", "2005-12-31": "0.89250", "2005-09-30": "1.01450", "2005-06-30": "0.92090", "2005-03-31": "1.08590"}, "Days Sales In Receivables": {"2020-09-30": "120.76360", "2020-06-30": "143.97360", "2020-03-31": "108.96070", "2019-12-31": "118.58380", "2019-09-30": "113.72090", "2019-06-30": "124.75870", "2019-03-31": "108.91100", "2018-12-31": "112.92130", "2018-09-30": "112.39330", "2018-06-30": "119.08740", "2018-03-31": "91.06940", "2017-12-31": "106.46450", "2017-09-30": "87.94600", "2017-06-30": "106.06920", "2017-03-31": "73.77530", "2016-12-31": "92.79020", "2016-09-30": "95.37330", "2016-06-30": "111.19600", "2016-03-31": "74.85900", "2015-12-31": "111.81760", "2015-09-30": "77.10250", "2015-06-30": "93.61920", "2015-03-31": "70.54440", "2014-12-31": "79.57560", "2014-09-30": "78.20580", "2014-06-30": "107.05910", "2014-03-31": "69.22170", "2013-12-31": "94.51560", "2013-09-30": "76.10910", "2013-06-30": "105.86140", "2013-03-31": "71.60620", "2012-12-31": "94.01080", "2012-09-30": "75.01330", "2012-06-30": "98.95590", "2012-03-31": "64.06830", "2011-12-31": "98.69860", "2011-09-30": "87.98510", "2011-06-30": "106.12810", "2011-03-31": "81.51540", "2010-12-31": "101.70490", "2010-09-30": "94.11150", "2010-06-30": "110.95410", "2010-03-31": "81.30680", "2009-12-31": "98.52260", "2009-09-30": "103.65890", "2009-06-30": "103.73090", "2009-03-31": "84.86510", "2008-12-31": "99.63490", "2008-09-30": "87.10610", "2008-06-30": "106.07560", "2008-03-31": "89.87870", "2007-12-31": "95.28050", "2007-09-30": "93.25550", "2007-06-30": "102.47250", "2007-03-31": "84.43360", "2006-12-31": "102.37360", "2006-09-30": "80.11490", "2006-06-30": "95.74600", "2006-03-31": "77.74530", "2005-12-31": "100.84090", "2005-09-30": "88.71300", "2005-06-30": "97.72770", "2005-03-31": "82.87690"}, "ROE - Return On Equity": {"2020-09-30": "2.06960", "2020-06-30": "2.94600", "2020-03-31": "2.77610", "2019-12-31": "2.89350", "2019-09-30": "2.65790", "2019-06-30": "2.25090", "2019-03-31": "2.01270", "2018-12-31": "2.38160", "2018-09-30": "2.73700", "2018-06-30": "2.92180", "2018-03-31": "2.99910", "2017-12-31": "5.55460", "2017-09-30": "3.60330", "2017-06-30": "3.12200", "2017-03-31": "3.38930", "2016-12-31": "3.82730", "2016-09-30": "4.01580", "2016-06-30": "3.01540", "2016-03-31": "2.30100", "2015-12-31": "1.00340", "2015-09-30": "4.67230", "2015-06-30": "4.70170", "2015-03-31": "4.71440", "2014-12-31": "4.54550", "2014-09-30": "5.74340", "2014-06-30": "5.53140", "2014-03-31": "4.45550", "2013-12-31": "4.26760", "2013-09-30": "5.32150", "2013-06-30": "5.02180", "2013-03-31": "5.30160", "2012-12-31": "6.45290", "2012-09-30": "9.17900", "2012-06-30": "7.13300", "2012-03-31": "6.47430", "2011-12-31": "11.13690", "2011-09-30": "11.59910", "2011-06-30": "5.38440", "2011-03-31": "5.28420", "2010-12-31": "6.74010", "2010-09-30": "6.72870", "2010-06-30": "4.54540", "2010-03-31": "3.50630", "2009-12-31": "4.95390", "2009-09-30": "6.00610", "2009-06-30": "5.60010", "2009-03-31": "5.28260", "2008-12-31": "4.49060", "2008-09-30": "4.69980", "2008-06-30": "0.17290", "2008-03-31": "2.35410", "2007-12-31": "4.51130", "2007-09-30": "3.86290", "2007-06-30": "3.01980", "2007-03-31": "1.90070", "2006-12-31": "3.31840", "2006-09-30": "3.65380", "2006-06-30": "3.26010", "2006-03-31": "1.72530", "2005-12-31": "2.78170", "2005-09-30": "2.35940", "2005-06-30": "1.81910", "2005-03-31": "0.42220"}, "Return On Tangible Equity": {"2020-09-30": "5.48570", "2020-06-30": "8.48450", "2020-03-31": "9.39170", "2019-12-31": "11.75550", "2019-09-30": "12.78260", "2019-06-30": "15.36630", "2019-03-31": "20.32710", "2018-12-31": "10.72190", "2018-09-30": "9.98520", "2018-06-30": "12.75810", "2018-03-31": "9.89100", "2017-12-31": "21.76560", "2017-09-30": "21.91770", "2017-06-30": "28.11330", "2017-03-31": "56.18820", "2016-12-31": "-1777.71500", "2016-09-30": "-85.17650", "2016-06-30": "-22.41250", "2016-03-31": "-12.17750", "2015-12-31": "-9.55570", "2015-09-30": "7.47490", "2015-06-30": "7.94270", "2015-03-31": "8.25940", "2014-12-31": "8.59980", "2014-09-30": "12.53550", "2014-06-30": "13.44110", "2014-03-31": "10.97060", "2013-12-31": "12.17770", "2013-09-30": "24.02530", "2013-06-30": "53.67540", "2013-03-31": "-175.33050", "2012-12-31": "-43.58490", "2012-09-30": "-29.22830", "2012-06-30": "-12.43590", "2012-03-31": "-9.34710", "2011-12-31": "-13.67510", "2011-09-30": "-13.18440", "2011-06-30": "-30.66690", "2011-03-31": "-36.86210", "2010-12-31": "-39.68960", "2010-09-30": "-25.32490", "2010-06-30": "64.98560", "2010-03-31": "50.30460", "2009-12-31": "53.98650", "2009-09-30": "628.68190", "2009-06-30": "-625.94780", "2009-03-31": "-63.59600", "2008-12-31": "-53.72780", "2008-09-30": "71.54600", "2008-06-30": "0.96030", "2008-03-31": "22.35250", "2007-12-31": "16.65500", "2007-09-30": "16.53110", "2007-06-30": "15.76030", "2007-03-31": "9.91330", "2006-12-31": "15.75990", "2006-09-30": "22.29580", "2006-06-30": "27.88700", "2006-03-31": "15.35530", "2005-12-31": "14.26090", "2005-09-30": "15.04960", "2005-06-30": "11.81390", "2005-03-31": "3.00300"}, "ROA - Return On Assets": {"2020-09-30": "1.57630", "2020-06-30": "2.26190", "2020-03-31": "2.14250", "2019-12-31": "2.13500", "2019-09-30": "1.96540", "2019-06-30": "1.64150", "2019-03-31": "1.43240", "2018-12-31": "1.76170", "2018-09-30": "2.08750", "2018-06-30": "2.22540", "2018-03-31": "2.32680", "2017-12-31": "4.10810", "2017-09-30": "2.60100", "2017-06-30": "2.20850", "2017-03-31": "2.41720", "2016-12-31": "2.58040", "2016-09-30": "2.61910", "2016-06-30": "1.76970", "2016-03-31": "1.38270", "2015-12-31": "0.63530", "2015-09-30": "2.96910", "2015-06-30": "2.91560", "2015-03-31": "3.03900", "2014-12-31": "2.68810", "2014-09-30": "3.25510", "2014-06-30": "3.02780", "2014-03-31": "2.73650", "2013-12-31": "2.36500", "2013-09-30": "2.80850", "2013-06-30": "2.45220", "2013-03-31": "2.69300", "2012-12-31": "2.76850", "2012-09-30": "3.65830", "2012-06-30": "2.21720", "2012-03-31": "2.04530", "2011-12-31": "2.94490", "2011-09-30": "2.86780", "2011-06-30": "2.04390", "2011-03-31": "2.26940", "2010-12-31": "2.73070", "2010-09-30": "2.53930", "2010-06-30": "2.25600", "2010-03-31": "1.92070", "2009-12-31": "2.45910", "2009-09-30": "2.83540", "2009-06-30": "2.62560", "2009-03-31": "2.49210", "2008-12-31": "2.03800", "2008-09-30": "2.40800", "2008-06-30": "0.09170", "2008-03-31": "1.26330", "2007-12-31": "2.56310", "2007-09-30": "2.25100", "2007-06-30": "1.72210", "2007-03-31": "1.13530", "2006-12-31": "1.89630", "2006-09-30": "2.16910", "2006-06-30": "1.88700", "2006-03-31": "1.04150", "2005-12-31": "1.60510", "2005-09-30": "1.42060", "2005-06-30": "1.09910", "2005-03-31": "0.26270"}, "ROI - Return On Investment": {"2020-09-30": "2.06960", "2020-06-30": "2.94600", "2020-03-31": "2.77610", "2019-12-31": "2.89350", "2019-09-30": "2.65790", "2019-06-30": "2.22740", "2019-03-31": "1.89420", "2018-12-31": "2.38160", "2018-09-30": "2.73700", "2018-06-30": "2.92180", "2018-03-31": "2.99910", "2017-12-31": "5.55460", "2017-09-30": "3.60330", "2017-06-30": "3.12200", "2017-03-31": "3.38930", "2016-12-31": "3.78600", "2016-09-30": "3.86680", "2016-06-30": "2.59330", "2016-03-31": "1.95540", "2015-12-31": "0.93180", "2015-09-30": "4.67230", "2015-06-30": "4.70170", "2015-03-31": "4.71440", "2014-12-31": "4.54550", "2014-09-30": "5.74340", "2014-06-30": "5.53140", "2014-03-31": "4.45550", "2013-12-31": "4.26760", "2013-09-30": "5.32150", "2013-06-30": "5.02180", "2013-03-31": "5.30160", "2012-12-31": "5.74160", "2012-09-30": "7.41870", "2012-06-30": "4.29810", "2012-03-31": "3.95210", "2011-12-31": "6.26680", "2011-09-30": "6.11680", "2011-06-30": "4.13680", "2011-03-31": "4.37590", "2010-12-31": "5.40190", "2010-09-30": "5.77500", "2010-06-30": "4.54540", "2010-03-31": "3.50630", "2009-12-31": "4.95390", "2009-09-30": "6.00610", "2009-06-30": "5.60010", "2009-03-31": "5.28260", "2008-12-31": "4.49060", "2008-09-30": "4.69980", "2008-06-30": "0.17290", "2008-03-31": "2.35410", "2007-12-31": "4.51130", "2007-09-30": "3.86290", "2007-06-30": "3.01980", "2007-03-31": "1.90070", "2006-12-31": "3.31840", "2006-09-30": "3.65380", "2006-06-30": "3.26010", "2006-03-31": "1.72530", "2005-12-31": "2.78170", "2005-09-30": "2.35940", "2005-06-30": "1.81910", "2005-03-31": "0.42220"}, "Book Value Per Share": {"2020-09-30": "39.42310", "2020-06-30": "45.47170", "2020-03-31": "43.08900", "2019-12-31": "33.58520", "2019-09-30": "38.98800", "2019-06-30": "36.86230", "2019-03-31": "35.45510", "2018-12-31": "34.61390", "2018-09-30": "36.49470", "2018-06-30": "34.69560", "2018-03-31": "32.97460", "2017-12-31": "31.45580", "2017-09-30": "28.70100", "2017-06-30": "27.29180", "2017-03-31": "26.08700", "2016-12-31": "24.90140", "2016-09-30": "24.09550", "2016-06-30": "22.85790", "2016-03-31": "21.93630", "2015-12-31": "23.35500", "2015-09-30": "12.70540", "2015-06-30": "11.83370", "2015-03-31": "10.88530", "2014-12-31": "10.06820", "2014-09-30": "8.96430", "2014-06-30": "8.11570", "2014-03-31": "8.08100", "2013-12-31": "7.50100", "2013-09-30": "6.44170", "2013-06-30": "5.66040", "2013-03-31": "5.08810", "2012-12-31": "4.63750", "2012-09-30": "3.86450", "2012-06-30": "3.28960", "2012-03-31": "2.91660", "2011-12-31": "2.60610", "2011-09-30": "2.17590", "2011-06-30": "3.29060", "2011-03-31": "3.38070", "2010-12-31": "3.31240", "2010-09-30": "3.10030", "2010-06-30": "3.96930", "2010-03-31": "3.96610", "2009-12-31": "3.82570", "2009-09-30": "3.56050", "2009-06-30": "3.47000", "2009-03-31": "3.22430", "2008-12-31": "3.19040", "2008-09-30": "3.57700", "2008-06-30": "3.75900", "2008-03-31": "3.49530", "2007-12-31": "3.55280", "2007-09-30": "3.43850", "2007-06-30": "3.23280", "2007-03-31": "3.24580", "2006-12-31": "3.23650", "2006-09-30": "3.11130", "2006-06-30": "2.97910", "2006-03-31": "2.97280", "2005-12-31": "2.88610", "2005-09-30": "2.81600", "2005-06-30": "2.82140", "2005-03-31": "2.80290"}, "Operating Cash Flow Per Share": {"2020-09-30": 4.0707, "2020-06-30": 0.9523, "2020-03-31": "1.37820", "2019-12-31": 1.9191, "2019-09-30": 3.2152, "2019-06-30": 0.6118, "2019-03-31": "0.60520", "2018-12-31": 1.8105, "2018-09-30": 2.754, "2018-06-30": 0.551, "2018-03-31": "1.12040", "2017-12-31": 1.3688, "2017-09-30": 2.3545, "2017-06-30": 0.0271, "2017-03-31": "1.23750", "2016-12-31": 1.339, "2016-09-30": 2.0149, "2016-06-30": 0.5129, "2016-03-31": "1.05760", "2015-12-31": 1.7516, "2015-09-30": 1.513, "2015-06-30": 0.4688, "2015-03-31": "-0.05840", "2014-12-31": 1.3387, "2014-09-30": 1.8763, "2014-06-30": 0.3534, "2014-03-31": "0.46650", "2013-12-31": 0.2221, "2013-09-30": 1.2049, "2013-06-30": -0.0195, "2013-03-31": "0.50320", "2012-12-31": 0.5014, "2012-09-30": 1.0239, "2012-06-30": -0.2988, "2012-03-31": "0.55590", "2011-12-31": 0.3337, "2011-09-30": 0.7975, "2011-06-30": 0.053, "2011-03-31": "0.51800", "2010-12-31": 0.225, "2010-09-30": 0.7803, "2010-06-30": -0.1995, "2010-03-31": "0.18920", "2009-12-31": 0.3161, "2009-09-30": 0.6295, "2009-06-30": -0.1053, "2009-03-31": "0.33220", "2008-12-31": 0.0855, "2008-09-30": 0.6818, "2008-06-30": 0.0031, "2008-03-31": "0.44950", "2007-12-31": 0.2321, "2007-09-30": 0.3809, "2007-06-30": 0.0485, "2007-03-31": "0.16340", "2006-12-31": 0.0987, "2006-09-30": 0.2881, "2006-06-30": 0.0146, "2006-03-31": "0.23880", "2005-12-31": 0.1038, "2005-09-30": 0.228, "2005-06-30": -0.0031, "2005-03-31": "0.17490"}, "Free Cash Flow Per Share": {"2020-09-30": 3.9667, "2020-06-30": 0.7536, "2020-03-31": "1.11900", "2019-12-31": 1.6746, "2019-09-30": 3.0716, "2019-06-30": 0.2804, "2019-03-31": "0.27650", "2018-12-31": 1.7058, "2018-09-30": 2.5469, "2018-06-30": 0.4026, "2018-03-31": "0.89710", "2017-12-31": 1.2309, "2017-09-30": 2.1637, "2017-06-30": -0.2322, "2017-03-31": "0.72840", "2016-12-31": 1.1266, "2016-09-30": 1.8258, "2016-06-30": 0.3741, "2016-03-31": "0.62960", "2015-12-31": 1.6441, "2015-09-30": 1.4482, "2015-06-30": 0.3522, "2015-03-31": "-0.11150", "2014-12-31": 1.3026, "2014-09-30": 1.8327, "2014-06-30": 0.2715, "2014-03-31": "0.36420", "2013-12-31": 0.0285, "2013-09-30": 1.0256, "2013-06-30": -0.2732, "2013-03-31": "0.35330", "2012-12-31": 0.4174, "2012-09-30": 0.9636, "2012-06-30": -0.3989, "2012-03-31": "0.52370", "2011-12-31": 0.2646, "2011-09-30": 0.7449, "2011-06-30": 0.0358, "2011-03-31": "0.28660", "2010-12-31": 0.2048, "2010-09-30": 0.7582, "2010-06-30": -0.2349, "2010-03-31": "0.12810", "2009-12-31": 0.2153, "2009-09-30": 0.5166, "2009-06-30": -0.1654, "2009-03-31": "0.26870", "2008-12-31": 0.0056, "2008-09-30": 0.3716, "2008-06-30": -0.0983, "2008-03-31": "0.42700", "2007-12-31": 0.2051, "2007-09-30": 0.356, "2007-06-30": 0.0256, "2007-03-31": "0.14520", "2006-12-31": 0.0787, "2006-09-30": 0.2628, "2006-06-30": -0.0189, "2006-03-31": "0.21430", "2005-12-31": 0.0901, "2005-09-30": 0.2163, "2005-06-30": -0.017, "2005-03-31": "0.14910"}}, "revenue": {"Tyler Technologies Annual Revenue (Millions of US $)": {"2019": "$1,086", "2018": "$935", "2017": "$841", "2016": "$760", "2015": "$591", "2014": "$493", "2013": "$417", "2012": "$363", "2011": "$309", "2010": "$289", "2009": "$290", "2008": "$265", "2007": "$220", "2006": "$195", "2005": "$170"}, "Tyler Technologies Quarterly Revenue (Millions of US $)": {"2020-09-30": "$286", "2020-06-30": "$271", "2020-03-31": "$277", "2019-12-31": "$289", "2019-09-30": "$275", "2019-06-30": "$275", "2019-03-31": "$247", "2018-12-31": "$242", "2018-09-30": "$236", "2018-06-30": "$236", "2018-03-31": "$221", "2017-12-31": "$218", "2017-09-30": "$215", "2017-06-30": "$209", "2017-03-31": "$200", "2016-12-31": "$197", "2016-09-30": "$194", "2016-06-30": "$189", "2016-03-31": "$179", "2015-12-31": "$159", "2015-09-30": "$151", "2015-06-30": "$146", "2015-03-31": "$135", "2014-12-31": "$127", "2014-09-30": "$129", "2014-06-30": "$124", "2014-03-31": "$113", "2013-12-31": "$111", "2013-09-30": "$107", "2013-06-30": "$103", "2013-03-31": "$96", "2012-12-31": "$95", "2012-09-30": "$94", "2012-06-30": "$91", "2012-03-31": "$83", "2011-12-31": "$82", "2011-09-30": "$77", "2011-06-30": "$77", "2011-03-31": "$73", "2010-12-31": "$72", "2010-09-30": "$74", "2010-06-30": "$73", "2010-03-31": "$70", "2009-12-31": "$74", "2009-09-30": "$74", "2009-06-30": "$72", "2009-03-31": "$70", "2008-12-31": "$70", "2008-09-30": "$69", "2008-06-30": "$68", "2008-03-31": "$59", "2007-12-31": "$60", "2007-09-30": "$55", "2007-06-30": "$54", "2007-03-31": "$50", "2006-12-31": "$51", "2006-09-30": "$50", "2006-06-30": "$49", "2006-03-31": "$45", "2005-12-31": "$44", "2005-09-30": "$42", "2005-06-30": "$43", "2005-03-31": "$41"}}, "gross-profit": {"Tyler Technologies Annual Gross Profit (Millions of US $)": {"2019": "$517", "2018": "$440", "2017": "$399", "2016": "$359", "2015": "$277", "2014": "$233", "2013": "$193", "2012": "$168", "2011": "$142", "2010": "$128", "2009": "$129", "2008": "$110", "2007": "$84", "2006": "$75", "2005": "$61"}, "Tyler Technologies Quarterly Gross Profit (Millions of US $)": {"2020-09-30": "$144", "2020-06-30": "$131", "2020-03-31": "$129", "2019-12-31": "$142", "2019-09-30": "$131", "2019-06-30": "$128", "2019-03-31": "$116", "2018-12-31": "$116", "2018-09-30": "$112", "2018-06-30": "$109", "2018-03-31": "$103", "2017-12-31": "$105", "2017-09-30": "$104", "2017-06-30": "$96", "2017-03-31": "$95", "2016-12-31": "$97", "2016-09-30": "$93", "2016-06-30": "$87", "2016-03-31": "$82", "2015-12-31": "$73", "2015-09-30": "$72", "2015-06-30": "$68", "2015-03-31": "$64", "2014-12-31": "$60", "2014-09-30": "$62", "2014-06-30": "$59", "2014-03-31": "$53", "2013-12-31": "$53", "2013-09-30": "$50", "2013-06-30": "$47", "2013-03-31": "$44", "2012-12-31": "$45", "2012-09-30": "$45", "2012-06-30": "$41", "2012-03-31": "$37", "2011-12-31": "$39", "2011-09-30": "$36", "2011-06-30": "$34", "2011-03-31": "$33", "2010-12-31": "$33", "2010-09-30": "$33", "2010-06-30": "$32", "2010-03-31": "$30", "2009-12-31": "$33", "2009-09-30": "$33", "2009-06-30": "$32", "2009-03-31": "$30", "2008-12-31": "$29", "2008-09-30": "$30", "2008-06-30": "$29", "2008-03-31": "$22", "2007-12-31": "$24", "2007-09-30": "$22", "2007-06-30": "$20", "2007-03-31": "$18", "2006-12-31": "$20", "2006-09-30": "$20", "2006-06-30": "$19", "2006-03-31": "$15", "2005-12-31": "$17", "2005-09-30": "$16", "2005-06-30": "$16", "2005-03-31": "$13"}}, "operating-income": {"Tyler Technologies Annual Operating Income (Millions of US $)": {"2019": "$156", "2018": "$152", "2017": "$163", "2016": "$138", "2015": "$108", "2014": "$95", "2013": "$67", "2012": "$57", "2011": "$47", "2010": "$42", "2009": "$45", "2008": "$28", "2007": "$27", "2006": "$22", "2005": "$13"}, "Tyler Technologies Quarterly Operating Income (Millions of US $)": {"2020-09-30": "$50", "2020-06-30": "$41", "2020-03-31": "$34", "2019-12-31": "$45", "2019-09-30": "$40", "2019-06-30": "$37", "2019-03-31": "$34", "2018-12-31": "$39", "2018-09-30": "$38", "2018-06-30": "$37", "2018-03-31": "$39", "2017-12-31": "$44", "2017-09-30": "$44", "2017-06-30": "$37", "2017-03-31": "$37", "2016-12-31": "$42", "2016-09-30": "$37", "2016-06-30": "$31", "2016-03-31": "$28", "2015-12-31": "$20", "2015-09-30": "$31", "2015-06-30": "$30", "2015-03-31": "$27", "2014-12-31": "$25", "2014-09-30": "$27", "2014-06-30": "$24", "2014-03-31": "$20", "2013-12-31": "$19", "2013-09-30": "$18", "2013-06-30": "$15", "2013-03-31": "$14", "2012-12-31": "$15", "2012-09-30": "$19", "2012-06-30": "$12", "2012-03-31": "$10", "2011-12-31": "$14", "2011-09-30": "$12", "2011-06-30": "$10", "2011-03-31": "$10", "2010-12-31": "$11", "2010-09-30": "$12", "2010-06-30": "$10", "2010-03-31": "$8", "2009-12-31": "$11", "2009-09-30": "$12", "2009-06-30": "$11", "2009-03-31": "$10", "2008-12-31": "$10", "2008-09-30": "$12", "2008-06-30": "$2", "2008-03-31": "$5", "2007-12-31": "$10", "2007-09-30": "$8", "2007-06-30": "$6", "2007-03-31": "$3", "2006-12-31": "$6", "2006-09-30": "$7", "2006-06-30": "$6", "2006-03-31": "$3", "2005-12-31": "$5", "2005-09-30": "$4", "2005-06-30": "$3", "2005-03-31": "$1"}}, "ebitda": {"Tyler Technologies Annual EBITDA (Millions of US $)": {"2019": "$233", "2018": "$214", "2017": "$216", "2016": "$187", "2015": "$128", "2014": "$109", "2013": "$81", "2012": "$69", "2011": "$57", "2010": "$52", "2009": "$54", "2008": "$41", "2007": "$38", "2006": "$32", "2005": "$23"}, "Tyler Technologies Quarterly EBITDA (Millions of US $)": {"2020-09-30": "$70", "2020-06-30": "$62", "2020-03-31": "$54", "2019-12-31": "$65", "2019-09-30": "$60", "2019-06-30": "$56", "2019-03-31": "$52", "2018-12-31": "$55", "2018-09-30": "$54", "2018-06-30": "$53", "2018-03-31": "$53", "2017-12-31": "$58", "2017-09-30": "$58", "2017-06-30": "$50", "2017-03-31": "$50", "2016-12-31": "$54", "2016-09-30": "$50", "2016-06-30": "$44", "2016-03-31": "$40", "2015-12-31": "$28", "2015-09-30": "$36", "2015-06-30": "$33", "2015-03-31": "$31", "2014-12-31": "$28", "2014-09-30": "$30", "2014-06-30": "$27", "2014-03-31": "$24", "2013-12-31": "$23", "2013-09-30": "$21", "2013-06-30": "$19", "2013-03-31": "$18", "2012-12-31": "$19", "2012-09-30": "$22", "2012-06-30": "$16", "2012-03-31": "$13", "2011-12-31": "$17", "2011-09-30": "$15", "2011-06-30": "$12", "2011-03-31": "$13", "2010-12-31": "$14", "2010-09-30": "$15", "2010-06-30": "$13", "2010-03-31": "$11", "2009-12-31": "$13", "2009-09-30": "$15", "2009-06-30": "$14", "2009-03-31": "$12", "2008-12-31": "$13", "2008-09-30": "$15", "2008-06-30": "$5", "2008-03-31": "$8", "2007-12-31": "$13", "2007-09-30": "$11", "2007-06-30": "$8", "2007-03-31": "$6", "2006-12-31": "$9", "2006-09-30": "$9", "2006-06-30": "$8", "2006-03-31": "$6", "2005-12-31": "$7", "2005-09-30": "$7", "2005-06-30": "$6", "2005-03-31": "$3"}}, "net-income": {"Tyler Technologies Annual Net Income (Millions of US $)": {"2019": "$147", "2018": "$147", "2017": "$170", "2016": "$114", "2015": "$65", "2014": "$59", "2013": "$39", "2012": "$33", "2011": "$28", "2010": "$25", "2009": "$27", "2008": "$15", "2007": "$18", "2006": "$14", "2005": "$8"}, "Tyler Technologies Quarterly Net Income (Millions of US $)": {"2020-09-30": "$39", "2020-06-30": "$54", "2020-03-31": "$48", "2019-12-31": "$47", "2019-09-30": "$40", "2019-06-30": "$32", "2019-03-31": "$27", "2018-12-31": "$32", "2018-09-30": "$39", "2018-06-30": "$39", "2018-03-31": "$38", "2017-12-31": "$66", "2017-09-30": "$39", "2017-06-30": "$32", "2017-03-31": "$33", "2016-12-31": "$35", "2016-09-30": "$35", "2016-06-30": "$25", "2016-03-31": "$18", "2015-12-31": "$9", "2015-09-30": "$20", "2015-06-30": "$19", "2015-03-31": "$17", "2014-12-31": "$15", "2014-09-30": "$17", "2014-06-30": "$15", "2014-03-31": "$12", "2013-12-31": "$11", "2013-09-30": "$11", "2013-06-30": "$9", "2013-03-31": "$8", "2012-12-31": "$9", "2012-09-30": "$11", "2012-06-30": "$7", "2012-03-31": "$6", "2011-12-31": "$9", "2011-09-30": "$8", "2011-06-30": "$6", "2011-03-31": "$6", "2010-12-31": "$7", "2010-09-30": "$7", "2010-06-30": "$6", "2010-03-31": "$5", "2009-12-31": "$7", "2009-09-30": "$7", "2009-06-30": "$7", "2009-03-31": "$6", "2008-12-31": "$5", "2008-09-30": "$6", "2008-06-30": "$0", "2008-03-31": "$3", "2007-12-31": "$6", "2007-09-30": "$5", "2007-06-30": "$4", "2007-03-31": "$2", "2006-12-31": "$4", "2006-09-30": "$4", "2006-06-30": "$4", "2006-03-31": "$2", "2005-12-31": "$3", "2005-09-30": "$3", "2005-06-30": "$2", "2005-03-31": "$0"}}, "eps-earnings-per-share-diluted": {"Tyler Technologies Annual EPS": {"2019": "$3.65", "2018": "$3.68", "2017": "$4.32", "2016": "$2.92", "2015": "$1.77", "2014": "$1.66", "2013": "$1.13", "2012": "$1.00", "2011": "$0.83", "2010": "$0.71", "2009": "$0.74", "2008": "$0.38", "2007": "$0.42", "2006": "$0.34", "2005": "$0.19"}, "Tyler Technologies Quarterly EPS": {"2020-09-30": "$0.94", "2020-06-30": "$1.30", "2020-03-31": "$1.16", "2019-12-31": "$1.16", "2019-09-30": "$1.00", "2019-06-30": "$0.80", "2019-03-31": "$0.69", "2018-12-31": "$0.80", "2018-09-30": "$0.96", "2018-06-30": "$0.97", "2018-03-31": "$0.95", "2017-12-31": "$1.68", "2017-09-30": "$0.99", "2017-06-30": "$0.81", "2017-03-31": "$0.84", "2016-12-31": "$0.89", "2016-09-30": "$0.91", "2016-06-30": "$0.65", "2016-03-31": "$0.47", "2015-12-31": "$0.22", "2015-09-30": "$0.55", "2015-06-30": "$0.52", "2015-03-31": "$0.48", "2014-12-31": "$0.43", "2014-09-30": "$0.48", "2014-06-30": "$0.42", "2014-03-31": "$0.33", "2013-12-31": "$0.30", "2013-09-30": "$0.32", "2013-06-30": "$0.26", "2013-03-31": "$0.25", "2012-12-31": "$0.28", "2012-09-30": "$0.33", "2012-06-30": "$0.22", "2012-03-31": "$0.17", "2011-12-31": "$0.26", "2011-09-30": "$0.23", "2011-06-30": "$0.17", "2011-03-31": "$0.17", "2010-12-31": "$0.22", "2010-09-30": "$0.19", "2010-06-30": "$0.17", "2010-03-31": "$0.13", "2009-12-31": "$0.19", "2009-09-30": "$0.20", "2009-06-30": "$0.19", "2009-03-31": "$0.16", "2008-12-31": "$0.13", "2008-09-30": "$0.16", "2008-06-30": "$0.01", "2008-03-31": "$0.08", "2007-12-31": "$0.15", "2007-09-30": "$0.12", "2007-06-30": "$0.09", "2007-03-31": "$0.06", "2006-12-31": "$0.09", "2006-09-30": "$0.11", "2006-06-30": "$0.09", "2006-03-31": "$0.05", "2005-12-31": "$0.07", "2005-09-30": "$0.06", "2005-06-30": "$0.05", "2005-03-31": "$0.01"}}, "shares-outstanding": {"Tyler Technologies Annual Shares Outstanding (Millions of Shares)": {"2019": "40", "2018": "40", "2017": "39", "2016": "39", "2015": "37", "2014": "35", "2013": "35", "2012": "33", "2011": "33", "2010": "36", "2009": "37", "2008": "39", "2007": "41", "2006": "42", "2005": "42"}, "Tyler Technologies Quarterly Shares Outstanding (Millions of Shares)": {"2020-09-30": "42", "2020-06-30": "41", "2020-03-31": "41", "2019-12-31": "40", "2019-09-30": "40", "2019-06-30": "40", "2019-03-31": "40", "2018-12-31": "40", "2018-09-30": "41", "2018-06-30": "40", "2018-03-31": "40", "2017-12-31": "39", "2017-09-30": "39", "2017-06-30": "39", "2017-03-31": "39", "2016-12-31": "39", "2016-09-30": "39", "2016-06-30": "39", "2016-03-31": "39", "2015-12-31": "37", "2015-09-30": "36", "2015-06-30": "36", "2015-03-31": "36", "2014-12-31": "35", "2014-09-30": "35", "2014-06-30": "35", "2014-03-31": "36", "2013-12-31": "35", "2013-09-30": "35", "2013-06-30": "34", "2013-03-31": "34", "2012-12-31": "33", "2012-09-30": "33", "2012-06-30": "33", "2012-03-31": "33", "2011-12-31": "33", "2011-09-30": "33", "2011-06-30": "34", "2011-03-31": "34", "2010-12-31": "36", "2010-09-30": "35", "2010-06-30": "36", "2010-03-31": "37", "2009-12-31": "37", "2009-09-30": "36", "2009-06-30": "37", "2009-03-31": "37", "2008-12-31": "39", "2008-09-30": "40", "2008-06-30": "40", "2008-03-31": "40", "2007-12-31": "41", "2007-09-30": "41", "2007-06-30": "41", "2007-03-31": "42", "2006-12-31": "42", "2006-09-30": "42", "2006-06-30": "42", "2006-03-31": "42", "2005-12-31": "42", "2005-09-30": "42", "2005-06-30": "42", "2005-03-31": "43"}}, "total-assets": {"Tyler Technologies Annual Total Assets (Millions of US $)": {"2019": "$2,192", "2018": "$1,791", "2017": "$1,611", "2016": "$1,358", "2015": "$1,357", "2014": "$570", "2013": "$444", "2012": "$339", "2011": "$295", "2010": "$264", "2009": "$271", "2008": "$252", "2007": "$242", "2006": "$220", "2005": "$194"}, "Tyler Technologies Quarterly Total Assets (Millions of US $)": {"2020-09-30": "$2,492", "2020-06-30": "$2,383", "2020-03-31": "$2,219", "2019-12-31": "$2,192", "2019-09-30": "$2,055", "2019-06-30": "$1,949", "2019-03-31": "$1,909", "2018-12-31": "$1,791", "2018-09-30": "$1,865", "2018-06-30": "$1,760", "2018-03-31": "$1,626", "2017-12-31": "$1,611", "2017-09-30": "$1,493", "2017-06-30": "$1,439", "2017-03-31": "$1,356", "2016-12-31": "$1,358", "2016-09-30": "$1,353", "2016-06-30": "$1,413", "2016-03-31": "$1,318", "2015-12-31": "$1,357", "2015-09-30": "$678", "2015-06-30": "$646", "2015-03-31": "$568", "2014-12-31": "$570", "2014-09-30": "$522", "2014-06-30": "$487", "2014-03-31": "$434", "2013-12-31": "$444", "2013-09-30": "$393", "2013-06-30": "$369", "2013-03-31": "$315", "2012-12-31": "$339", "2012-09-30": "$296", "2012-06-30": "$320", "2012-03-31": "$278", "2011-12-31": "$295", "2011-09-30": "$262", "2011-06-30": "$275", "2011-03-31": "$252", "2010-12-31": "$264", "2010-09-30": "$265", "2010-06-30": "$277", "2010-03-31": "$254", "2009-12-31": "$271", "2009-09-30": "$264", "2009-06-30": "$262", "2009-03-31": "$241", "2008-12-31": "$252", "2008-09-30": "$264", "2008-06-30": "$268", "2008-03-31": "$247", "2007-12-31": "$242", "2007-09-30": "$229", "2007-06-30": "$218", "2007-03-31": "$211", "2006-12-31": "$220", "2006-09-30": "$203", "2006-06-30": "$199", "2006-03-31": "$193", "2005-12-31": "$194", "2005-09-30": "$182", "2005-06-30": "$184", "2005-03-31": "$179"}}, "cash-on-hand": {"Tyler Technologies Annual Cash on Hand (Millions of US $)": {"2019": "$272", "2018": "$179", "2017": "$229", "2016": "$56", "2015": "$47", "2014": "$206", "2013": "$79", "2012": "$6", "2011": "$1", "2010": "$2", "2009": "$16", "2008": "$8", "2007": "$56", "2006": "$42", "2005": "$37"}, "Tyler Technologies Quarterly Cash on Hand (Millions of US $)": {"2020-09-30": "$574", "2020-06-30": "$404", "2020-03-31": "$340", "2019-12-31": "$272", "2019-09-30": "$194", "2019-06-30": "$42", "2019-03-31": "$76", "2018-12-31": "$179", "2018-09-30": "$272", "2018-06-30": "$153", "2018-03-31": "$276", "2017-12-31": "$229", "2017-09-30": "$165", "2017-06-30": "$80", "2017-03-31": "$84", "2016-12-31": "$56", "2016-09-30": "$47", "2016-06-30": "$64", "2016-03-31": "$54", "2015-12-31": "$47", "2015-09-30": "$248", "2015-06-30": "$204", "2015-03-31": "$195", "2014-12-31": "$206", "2014-09-30": "$157", "2014-06-30": "$89", "2014-03-31": "$97", "2013-12-31": "$79", "2013-09-30": "$52", "2013-06-30": "$3", "2013-03-31": "$4", "2012-12-31": "$6", "2012-09-30": "$0", "2012-06-30": "$0", "2012-03-31": "$10", "2011-12-31": "$1", "2011-09-30": "$5", "2011-06-30": "$1", "2011-03-31": "$2", "2010-12-31": "$2", "2010-09-30": "$6", "2010-06-30": "$6", "2010-03-31": "$9", "2009-12-31": "$16", "2009-09-30": "$8", "2009-06-30": "$9", "2009-03-31": "$7", "2008-12-31": "$8", "2008-09-30": "$29", "2008-06-30": "$38", "2008-03-31": "$40", "2007-12-31": "$56", "2007-09-30": "$49", "2007-06-30": "$35", "2007-03-31": "$40", "2006-12-31": "$42", "2006-09-30": "$38", "2006-06-30": "$27", "2006-03-31": "$34", "2005-12-31": "$37", "2005-09-30": "$27", "2005-06-30": "$22", "2005-03-31": "$25"}}, "long-term-debt": {"Tyler Technologies Annual Long Term Debt (Millions of US $)": {"2019": "$", "2018": "$", "2017": "$", "2016": "$10", "2015": "$66", "2014": "$", "2013": "$", "2012": "$18", "2011": "$61", "2010": "$27", "2009": "$", "2008": "$", "2007": "$", "2006": "$", "2005": "$"}, "Tyler Technologies Quarterly Long Term Debt (Millions of US $)": {"2020-09-30": "", "2020-06-30": "", "2020-03-31": "", "2019-12-31": "", "2019-09-30": "", "2019-06-30": "$15", "2019-03-31": "$85", "2018-12-31": "", "2018-09-30": "", "2018-06-30": "", "2018-03-31": "", "2017-12-31": "", "2017-09-30": "", "2017-06-30": "", "2017-03-31": "", "2016-12-31": "$10", "2016-09-30": "$34", "2016-06-30": "$135", "2016-03-31": "$140", "2015-12-31": "$66", "2015-09-30": "", "2015-06-30": "", "2015-03-31": "", "2014-12-31": "", "2014-09-30": "", "2014-06-30": "", "2014-03-31": "", "2013-12-31": "", "2013-09-30": "", "2013-06-30": "", "2013-03-31": "", "2012-12-31": "$18", "2012-09-30": "$28", "2012-06-30": "$66", "2012-03-31": "$56", "2011-12-31": "$61", "2011-09-30": "$58", "2011-06-30": "$32", "2011-03-31": "$23", "2010-12-31": "$27", "2010-09-30": "$17", "2010-06-30": "", "2010-03-31": "", "2009-12-31": "", "2009-09-30": "", "2009-06-30": "", "2009-03-31": "", "2008-12-31": "", "2008-09-30": "", "2008-06-30": "", "2008-03-31": "", "2007-12-31": "", "2007-09-30": "", "2007-06-30": "", "2007-03-31": "", "2006-12-31": "", "2006-09-30": "", "2006-06-30": "", "2006-03-31": "", "2005-12-31": "", "2005-09-30": "", "2005-06-30": "", "2005-03-31": ""}}, "total-liabilities": {"Tyler Technologies Annual Total Liabilities (Millions of US $)": {"2019": "$575", "2018": "$466", "2017": "$420", "2016": "$442", "2015": "$498", "2014": "$233", "2013": "$198", "2012": "$193", "2011": "$217", "2010": "$157", "2009": "$136", "2008": "$137", "2007": "$104", "2006": "$94", "2005": "$82"}, "Tyler Technologies Quarterly Total Liabilities (Millions of US $)": {"2020-09-30": "$594", "2020-06-30": "$553", "2020-03-31": "$507", "2019-12-31": "$575", "2019-09-30": "$535", "2019-06-30": "$528", "2019-03-31": "$551", "2018-12-31": "$466", "2018-09-30": "$442", "2018-06-30": "$419", "2018-03-31": "$364", "2017-12-31": "$420", "2017-09-30": "$415", "2017-06-30": "$421", "2017-03-31": "$389", "2016-12-31": "$442", "2016-09-30": "$471", "2016-06-30": "$584", "2016-03-31": "$526", "2015-12-31": "$498", "2015-09-30": "$247", "2015-06-30": "$245", "2015-03-31": "$202", "2014-12-31": "$233", "2014-09-30": "$226", "2014-06-30": "$220", "2014-03-31": "$168", "2013-12-31": "$198", "2013-09-30": "$186", "2013-06-30": "$189", "2013-03-31": "$155", "2012-12-31": "$193", "2012-09-30": "$178", "2012-06-30": "$221", "2012-03-31": "$190", "2011-12-31": "$217", "2011-09-30": "$197", "2011-06-30": "$171", "2011-03-31": "$144", "2010-12-31": "$157", "2010-09-30": "$165", "2010-06-30": "$140", "2010-03-31": "$115", "2009-12-31": "$136", "2009-09-30": "$139", "2009-06-30": "$139", "2009-03-31": "$127", "2008-12-31": "$137", "2008-09-30": "$129", "2008-06-30": "$126", "2008-03-31": "$115", "2007-12-31": "$104", "2007-09-30": "$96", "2007-06-30": "$94", "2007-03-31": "$85", "2006-12-31": "$94", "2006-09-30": "$83", "2006-06-30": "$84", "2006-03-31": "$77", "2005-12-31": "$82", "2005-09-30": "$72", "2005-06-30": "$73", "2005-03-31": "$68"}}, "total-share-holder-equity": {"Tyler Technologies Annual Share Holder Equity (Millions of US $)": {"2019": "$1,617", "2018": "$1,325", "2017": "$1,192", "2016": "$916", "2015": "$859", "2014": "$337", "2013": "$246", "2012": "$145", "2011": "$78", "2010": "$107", "2009": "$134", "2008": "$114", "2007": "$137", "2006": "$126", "2005": "$112"}, "Tyler Technologies Quarterly Share Holder Equity (Millions of US $)": {"2020-09-30": "$1,898", "2020-06-30": "$1,829", "2020-03-31": "$1,713", "2019-12-31": "$1,617", "2019-09-30": "$1,520", "2019-06-30": "$1,422", "2019-03-31": "$1,359", "2018-12-31": "$1,325", "2018-09-30": "$1,422", "2018-06-30": "$1,340", "2018-03-31": "$1,261", "2017-12-31": "$1,192", "2017-09-30": "$1,078", "2017-06-30": "$1,018", "2017-03-31": "$967", "2016-12-31": "$916", "2016-09-30": "$882", "2016-06-30": "$829", "2016-03-31": "$792", "2015-12-31": "$859", "2015-09-30": "$431", "2015-06-30": "$401", "2015-03-31": "$366", "2014-12-31": "$337", "2014-09-30": "$296", "2014-06-30": "$266", "2014-03-31": "$267", "2013-12-31": "$246", "2013-09-30": "$208", "2013-06-30": "$180", "2013-03-31": "$160", "2012-12-31": "$145", "2012-09-30": "$118", "2012-06-30": "$100", "2012-03-31": "$88", "2011-12-31": "$78", "2011-09-30": "$65", "2011-06-30": "$104", "2011-03-31": "$108", "2010-12-31": "$107", "2010-09-30": "$100", "2010-06-30": "$137", "2010-03-31": "$139", "2009-12-31": "$134", "2009-09-30": "$124", "2009-06-30": "$123", "2009-03-31": "$114", "2008-12-31": "$114", "2008-09-30": "$135", "2008-06-30": "$142", "2008-03-31": "$133", "2007-12-31": "$137", "2007-09-30": "$134", "2007-06-30": "$124", "2007-03-31": "$126", "2006-12-31": "$126", "2006-09-30": "$121", "2006-06-30": "$115", "2006-03-31": "$117", "2005-12-31": "$112", "2005-09-30": "$109", "2005-06-30": "$111", "2005-03-31": "$111"}}, "profit-margins": {"current": "16.71%"}, "gross margin": {"2020-09-30": "48.62%", "2020-06-30": "47.93%", "2020-03-31": "47.49%", "2019-12-31": "47.61%", "2019-09-30": "47.26%", "2019-06-30": "47.20%", "2019-03-31": "47.14%", "2018-12-31": "47.06%", "2018-09-30": "47.09%", "2018-06-30": "47.30%", "2018-03-31": "47.28%", "2017-12-31": "47.51%", "2017-09-30": "47.75%", "2017-06-30": "47.63%", "2017-03-31": "47.69%", "2016-12-31": "47.30%", "2016-09-30": "46.46%", "2016-06-30": "46.31%", "2016-03-31": "46.46%", "2015-12-31": "46.87%", "2015-09-30": "47.23%", "2015-06-30": "47.30%", "2015-03-31": "47.57%", "2014-12-31": "47.46%", "2014-09-30": "47.59%", "2014-06-30": "47.25%", "2014-03-31": "46.77%", "2013-12-31": "46.52%", "2013-09-30": "46.38%", "2013-06-30": "46.65%", "2013-03-31": "46.54%", "2012-12-31": "46.28%", "2012-09-30": "46.29%", "2012-06-30": "45.95%", "2012-03-31": "45.77%", "2011-12-31": "45.95%", "2011-09-30": "45.48%", "2011-06-30": "44.93%", "2011-03-31": "44.86%", "2010-12-31": "44.29%", "2010-09-30": "43.99%", "2010-06-30": "43.99%", "2010-03-31": "44.14%", "2009-12-31": "44.14%", "2009-09-30": "43.36%", "2009-06-30": "43.06%", "2009-03-31": "42.60%", "2008-12-31": "41.35%", "2008-09-30": "41.02%", "2008-06-30": "40.08%", "2008-03-31": "38.60%", "2007-12-31": "38.36%", "2007-09-30": "38.10%", "2007-06-30": "38.05%", "2007-03-31": "38.50%", "2006-12-31": "37.95%", "2006-09-30": "37.77%", "2006-06-30": "37.22%", "2006-03-31": "36.78%", "2005-12-31": "36.47%"}, "operating margin": {"2020-09-30": "15.14%", "2020-06-30": "14.39%", "2020-03-31": "13.98%", "2019-12-31": "14.36%", "2019-09-30": "14.44%", "2019-06-30": "14.80%", "2019-03-31": "15.40%", "2018-12-31": "16.36%", "2018-09-30": "17.34%", "2018-06-30": "18.43%", "2018-03-31": "19.00%", "2017-12-31": "19.24%", "2017-09-30": "19.49%", "2017-06-30": "19.13%", "2017-03-31": "18.85%", "2016-12-31": "18.18%", "2016-09-30": "16.09%", "2016-06-30": "16.22%", "2016-03-31": "17.17%", "2015-12-31": "18.27%", "2015-09-30": "20.21%", "2015-06-30": "20.30%", "2015-03-31": "20.00%", "2014-12-31": "19.47%", "2014-09-30": "18.87%", "2014-06-30": "17.80%", "2014-03-31": "16.59%", "2013-12-31": "15.83%", "2013-09-30": "15.46%", "2013-06-30": "16.24%", "2013-03-31": "15.96%", "2012-12-31": "15.43%", "2012-09-30": "15.71%", "2012-06-30": "14.41%", "2012-03-31": "14.42%", "2011-12-31": "14.89%", "2011-09-30": "14.38%", "2011-06-30": "14.53%", "2011-03-31": "14.73%", "2010-12-31": "14.19%", "2010-09-30": "14.09%", "2010-06-30": "14.09%", "2010-03-31": "14.48%", "2009-12-31": "15.17%", "2009-09-30": "15.03%", "2009-06-30": "15.30%", "2009-03-31": "12.27%", "2008-12-31": "10.90%", "2008-09-30": "11.33%", "2008-06-30": "10.33%", "2008-03-31": "12.72%", "2007-12-31": "12.33%", "2007-09-30": "10.95%", "2007-06-30": "10.73%", "2007-03-31": "11.00%", "2006-12-31": "11.28%", "2006-09-30": "11.17%", "2006-06-30": "10.00%", "2006-03-31": "8.62%", "2005-12-31": "7.65%"}, "ebitda margin": {"2020-09-30": "22.35%", "2020-06-30": "21.67%", "2020-03-31": "21.06%", "2019-12-31": "21.45%", "2019-09-30": "21.46%", "2019-06-30": "21.70%", "2019-03-31": "22.27%", "2018-12-31": "22.99%", "2018-09-30": "23.93%", "2018-06-30": "24.94%", "2018-03-31": "25.38%", "2017-12-31": "25.65%", "2017-09-30": "25.82%", "2017-06-30": "25.50%", "2017-03-31": "25.38%", "2016-12-31": "24.77%", "2016-09-30": "22.47%", "2016-06-30": "21.83%", "2016-03-31": "21.57%", "2015-12-31": "21.66%", "2015-09-30": "22.90%", "2015-06-30": "22.72%", "2015-03-31": "22.52%", "2014-12-31": "22.11%", "2014-09-30": "21.80%", "2014-06-30": "20.88%", "2014-03-31": "20.05%", "2013-12-31": "19.42%", "2013-09-30": "19.20%", "2013-06-30": "20.10%", "2013-03-31": "19.95%", "2012-12-31": "19.28%", "2012-09-30": "19.43%", "2012-06-30": "18.32%", "2012-03-31": "17.87%", "2011-12-31": "18.45%", "2011-09-30": "18.06%", "2011-06-30": "18.24%", "2011-03-31": "18.84%", "2010-12-31": "18.34%", "2010-09-30": "17.87%", "2010-06-30": "17.87%", "2010-03-31": "18.28%", "2009-12-31": "18.62%", "2009-09-30": "18.88%", "2009-06-30": "19.22%", "2009-03-31": "16.25%", "2008-12-31": "15.41%", "2008-09-30": "16.02%", "2008-06-30": "15.29%", "2008-03-31": "17.54%", "2007-12-31": "17.35%", "2007-09-30": "16.19%", "2007-06-30": "15.61%", "2007-03-31": "16.00%", "2006-12-31": "16.41%", "2006-09-30": "15.96%", "2006-06-30": "15.56%", "2006-03-31": "14.94%", "2005-12-31": "13.53%"}, "pre tax profit margin": {"2020-09-30": "15.58%", "2020-06-30": "14.93%", "2020-03-31": "14.34%", "2019-12-31": "14.73%", "2019-09-30": "14.63%", "2019-06-30": "15.00%", "2019-03-31": "15.82%", "2018-12-31": "16.68%", "2018-09-30": "17.67%", "2018-06-30": "18.65%", "2018-03-31": "19.12%", "2017-12-31": "19.36%", "2017-09-30": "19.37%", "2017-06-30": "18.88%", "2017-03-31": "18.46%", "2016-12-31": "17.79%", "2016-09-30": "15.81%", "2016-06-30": "16.22%", "2016-03-31": "17.32%", "2015-12-31": "18.44%", "2015-09-30": "20.39%", "2015-06-30": "20.30%", "2015-03-31": "19.81%", "2014-12-31": "19.27%", "2014-09-30": "18.66%", "2014-06-30": "17.58%", "2014-03-31": "16.59%", "2013-12-31": "15.83%", "2013-09-30": "15.46%", "2013-06-30": "15.98%", "2013-03-31": "15.69%", "2012-12-31": "14.88%", "2012-09-30": "15.14%", "2012-06-30": "14.11%", "2012-03-31": "13.79%", "2011-12-31": "14.24%", "2011-09-30": "13.38%", "2011-06-30": "13.18%", "2011-03-31": "13.70%", "2010-12-31": "13.49%", "2010-09-30": "13.75%", "2010-06-30": "14.09%", "2010-03-31": "14.48%", "2009-12-31": "15.17%", "2009-09-30": "15.03%", "2009-06-30": "15.30%", "2009-03-31": "12.27%", "2008-12-31": "10.90%", "2008-09-30": "11.33%", "2008-06-30": "10.33%", "2008-03-31": "12.72%", "2007-12-31": "12.79%", "2007-09-30": "11.90%", "2007-06-30": "11.71%", "2007-03-31": "12.00%", "2006-12-31": "11.79%", "2006-09-30": "11.17%", "2006-06-30": "10.00%", "2006-03-31": "8.62%", "2005-12-31": "7.65%"}, "net profit margin": {"2020-09-30": "16.74%", "2020-06-30": "17.00%", "2020-03-31": "14.96%", "2019-12-31": "13.44%", "2019-09-30": "12.61%", "2019-06-30": "13.00%", "2019-03-31": "14.26%", "2018-12-31": "15.83%", "2018-09-30": "19.98%", "2018-06-30": "20.45%", "2018-03-31": "20.28%", "2017-12-31": "20.19%", "2017-09-30": "16.93%", "2017-06-30": "16.88%", "2017-03-31": "16.41%", "2016-12-31": "14.89%", "2016-09-30": "12.07%", "2016-06-30": "10.62%", "2016-03-31": "10.39%", "2015-12-31": "11.00%", "2015-09-30": "12.70%", "2015-06-30": "12.66%", "2015-03-31": "12.43%", "2014-12-31": "11.97%", "2014-09-30": "11.53%", "2014-06-30": "10.77%", "2014-03-31": "9.91%", "2013-12-31": "9.35%", "2013-09-30": "9.23%", "2013-06-30": "9.54%", "2013-03-31": "9.31%", "2012-12-31": "9.09%", "2012-09-30": "9.43%", "2012-06-30": "9.01%", "2012-03-31": "9.09%", "2011-12-31": "9.39%", "2011-09-30": "9.03%", "2011-06-30": "8.78%", "2011-03-31": "8.90%", "2010-12-31": "8.65%", "2010-09-30": "8.59%", "2010-06-30": "8.59%", "2010-03-31": "8.97%", "2009-12-31": "9.31%", "2009-09-30": "8.74%", "2009-06-30": "8.54%", "2009-03-31": "6.14%", "2008-12-31": "5.26%", "2008-09-30": "5.86%", "2008-06-30": "5.79%", "2008-03-31": "7.89%", "2007-12-31": "7.76%", "2007-09-30": "7.14%", "2007-06-30": "6.83%", "2007-03-31": "7.00%", "2006-12-31": "7.18%", "2006-09-30": "6.91%", "2006-06-30": "6.67%", "2006-03-31": "5.75%", "2005-12-31": "4.71%"}, "pe ratio": {"current": "99.56", "2021-02-05": "92.77", "2020-09-30": "76.61", "2020-06-30": "75.25", "2020-03-31": "72.16", "2019-12-31": "82.42", "2019-09-30": "80.03", "2019-06-30": "66.67", "2019-03-31": "59.94", "2018-12-31": "50.63", "2018-09-30": "55.19", "2018-06-30": "49.91", "2018-03-31": "49.17", "2017-12-31": "42.46", "2017-09-30": "51.12", "2017-06-30": "58.17", "2017-03-31": "57.24", "2016-12-31": "61.81", "2016-09-30": "98.41", "2016-06-30": "97.49", "2016-03-31": "73.91", "2015-12-31": "97.93", "2015-09-30": "75.41", "2015-06-30": "67.74", "2015-03-31": "66.59", "2014-12-31": "65.93", "2014-09-30": "57.78", "2014-06-30": "66.58", "2014-03-31": "69.16", "2013-12-31": "90.38", "2013-09-30": "78.80", "2013-06-30": "61.21", "2013-03-31": "56.72", "2012-12-31": "48.44", "2012-09-30": "44.46", "2012-06-30": "45.34", "2012-03-31": "45.73", "2011-12-31": "35.85", "2011-09-30": "32.41", "2011-06-30": "36.19", "2011-03-31": "32.04", "2010-12-31": "29.66", "2010-09-30": "30.09", "2010-06-30": "22.82", "2010-03-31": "26.77", "2009-12-31": "27.27", "2009-09-30": "24.77", "2009-06-30": "24.03", "2009-03-31": "31.13", "2008-12-31": "30.72", "2008-09-30": "37.93", "2008-06-30": "37.69", "2008-03-31": "31.77", "2007-12-31": "30.69", "2007-09-30": "36.08", "2007-06-30": "34.47", "2007-03-31": "35.28", "2006-12-31": "40.17"}, "price sales": {"2021-02-05": "15.44", "2020-09-30": "12.75", "2020-06-30": "12.70", "2020-03-31": "10.72", "2019-12-31": "11.03", "2019-09-30": "10.09", "2019-06-30": "8.64", "2019-03-31": "8.53", "2018-12-31": "7.98", "2018-09-30": "10.75", "2018-06-30": "9.90", "2018-03-31": "9.64", "2017-12-31": "8.25", "2017-09-30": "8.31", "2017-06-30": "8.57", "2017-03-31": "7.71", "2016-12-31": "7.32", "2016-09-30": "9.11", "2016-06-30": "9.28", "2016-03-31": "7.50", "2015-12-31": "10.69", "2015-09-30": "9.59", "2015-06-30": "8.59", "2015-03-31": "8.29", "2014-12-31": "7.84", "2014-09-30": "6.52", "2014-06-30": "7.02", "2014-03-31": "6.72", "2013-12-31": "8.43", "2013-09-30": "7.41", "2013-06-30": "5.92", "2013-03-31": "5.40", "2012-12-31": "4.37", "2012-09-30": "4.13", "2012-06-30": "3.98", "2012-03-31": "3.99", "2011-12-31": "3.25", "2011-09-30": "2.86", "2011-06-30": "3.13", "2011-03-31": "2.86", "2010-12-31": "2.58", "2010-09-30": "2.51", "2010-06-30": "1.95", "2010-03-31": "2.36", "2009-12-31": "2.51", "2009-09-30": "2.23", "2009-06-30": "2.13", "2009-03-31": "2.06", "2008-12-31": "1.79", "2008-09-30": "2.38", "2008-06-30": "2.26", "2008-03-31": "2.50", "2007-12-31": "2.44", "2007-09-30": "2.64", "2007-06-30": "2.52", "2007-03-31": "2.65", "2006-12-31": "3.02"}, "price book": {"current": "8.95", "2021-02-05": "10.71", "2020-09-30": "8.84", "2020-06-30": "7.63", "2020-03-31": "6.88", "2019-12-31": "8.93", "2019-09-30": "6.73", "2019-06-30": "5.86", "2019-03-31": "5.77", "2018-12-31": "5.37", "2018-09-30": "6.71", "2018-06-30": "6.40", "2018-03-31": "6.40", "2017-12-31": "5.63", "2017-09-30": "6.07", "2017-06-30": "6.44", "2017-03-31": "5.92", "2016-12-31": "5.73", "2016-09-30": "7.11", "2016-06-30": "7.29", "2016-03-31": "5.86", "2015-12-31": "7.46", "2015-09-30": "11.75", "2015-06-30": "10.93", "2015-03-31": "11.07", "2014-12-31": "10.87", "2014-09-30": "9.86", "2014-06-30": "11.24", "2014-03-31": "10.36", "2013-12-31": "13.62", "2013-09-30": "13.58", "2013-06-30": "12.11", "2013-03-31": "12.04", "2012-12-31": "10.45", "2012-09-30": "11.39", "2012-06-30": "12.27", "2012-03-31": "13.17", "2011-12-31": "11.55", "2011-09-30": "11.62", "2011-06-30": "8.14", "2011-03-31": "7.01", "2010-12-31": "6.27", "2010-09-30": "6.50", "2010-06-30": "3.91", "2010-03-31": "4.73", "2009-12-31": "5.20", "2009-09-30": "4.80", "2009-06-30": "4.50", "2009-03-31": "4.54", "2008-12-31": "3.76", "2008-09-30": "4.24", "2008-06-30": "3.61", "2008-03-31": "4.00", "2007-12-31": "3.63", "2007-09-30": "3.88", "2007-06-30": "3.84", "2007-03-31": "3.91", "2006-12-31": "4.34", "2006-09-30": "4.16", "2006-06-30": "3.76", "2006-03-31": "3.70"}, "price fcf": {"2021-02-05": "", "2020-09-30": "$7.51", "2020-06-30": "$6.62", "2020-03-31": "$6.15", "2019-12-31": "$5.30", "2019-09-30": "$5.33", "2019-06-30": "$4.81", "2019-03-31": "$4.93", "2018-12-31": "$5.55", "2018-09-30": "$5.08", "2018-06-30": "$4.69", "2018-03-31": "$4.06", "2017-12-31": "$3.89", "2017-09-30": "$3.79", "2017-06-30": "$3.45", "2017-03-31": "$4.05", "2016-12-31": "$3.96", "2016-09-30": "$4.47", "2016-06-30": "$4.10", "2016-03-31": "$4.07", "2015-12-31": "$3.33", "2015-09-30": "$2.99", "2015-06-30": "$3.38", "2015-03-31": "$3.30", "2014-12-31": "$3.77", "2014-09-30": "$2.50", "2014-06-30": "$1.69", "2014-03-31": "$1.15", "2013-12-31": "$1.13", "2013-09-30": "$1.52", "2013-06-30": "$1.46", "2013-03-31": "$1.34", "2012-12-31": "$1.51", "2012-09-30": "$1.35", "2012-06-30": "$1.13", "2012-03-31": "$1.57", "2011-12-31": "$1.33", "2011-09-30": "$1.27", "2011-06-30": "$1.29", "2011-03-31": "$1.01", "2010-12-31": "$0.86", "2010-09-30": "$0.87", "2010-06-30": "$0.63", "2010-03-31": "$0.69", "2009-12-31": "$0.84", "2009-09-30": "$0.63", "2009-06-30": "$0.48", "2009-03-31": "$0.55", "2008-12-31": "$0.71", "2008-09-30": "$0.91", "2008-06-30": "$0.89", "2008-03-31": "$1.01", "2007-12-31": "$0.73", "2007-09-30": "$0.61", "2007-06-30": "$0.51", "2007-03-31": "$0.47", "2006-12-31": "$0.54"}, "net worth": {"value": "$17.02B"}, "current ratio": {"current": "1.85", "2020-09-30": "1.85", "2020-06-30": "1.77", "2020-03-31": "1.60", "2019-12-31": "1.34", "2019-09-30": "1.20", "2019-06-30": "1.00", "2019-03-31": "1.00", "2018-12-31": "1.22", "2018-09-30": "1.52", "2018-06-30": "1.34", "2018-03-31": "1.67", "2017-12-31": "1.40", "2017-09-30": "1.11", "2017-06-30": "0.98", "2017-03-31": "0.84", "2016-12-31": "0.78", "2016-09-30": "0.80", "2016-06-30": "0.92", "2016-03-31": "0.78", "2015-12-31": "0.80", "2015-09-30": "1.70", "2015-06-30": "1.64", "2015-03-31": "1.66", "2014-12-31": "1.45", "2014-09-30": "1.32", "2014-06-30": "1.21", "2014-03-31": "1.29", "2013-12-31": "1.13", "2013-09-30": "0.91", "2013-06-30": "0.80", "2013-03-31": "0.65", "2012-12-31": "0.72", "2012-09-30": "0.65", "2012-06-30": "0.78", "2012-03-31": "0.65", "2011-12-31": "0.71", "2011-09-30": "0.71", "2011-06-30": "0.81", "2011-03-31": "0.71", "2010-12-31": "0.79", "2010-09-30": "0.69", "2010-06-30": "0.83", "2010-03-31": "0.79", "2009-12-31": "0.85", "2009-09-30": "0.81", "2009-06-30": "0.81", "2009-03-31": "0.72", "2008-12-31": "0.75", "2008-09-30": "0.89", "2008-06-30": "1.13", "2008-03-31": "1.06", "2007-12-31": "1.36", "2007-09-30": "1.34", "2007-06-30": "1.26", "2007-03-31": "1.31", "2006-12-31": "1.31", "2006-09-30": "1.28", "2006-06-30": "1.21", "2006-03-31": "1.26", "2005-12-31": "1.36", "2005-09-30": "1.28", "2005-06-30": "1.27", "2005-03-31": "1.26"}, "quick ratio": {"2020-09-30": "0.00", "2020-06-30": "0.00", "2020-03-31": "0.00", "2019-12-31": "0.00", "2019-09-30": "0.00", "2019-06-30": "0.00", "2019-03-31": "0.00", "2018-12-31": "0.00", "2018-09-30": "0.00", "2018-06-30": "0.00", "2018-03-31": "0.00", "2017-12-31": "0.00", "2017-09-30": "0.00", "2017-06-30": "0.00", "2017-03-31": "0.00", "2016-12-31": "0.00", "2016-09-30": "0.00", "2016-06-30": "0.00", "2016-03-31": "0.00", "2015-12-31": "0.00", "2015-09-30": "0.00", "2015-06-30": "0.00", "2015-03-31": "0.00", "2014-12-31": "0.00", "2014-09-30": "0.00", "2014-06-30": "0.00", "2014-03-31": "0.00", "2013-12-31": "0.00", "2013-09-30": "0.00", "2013-06-30": "0.00", "2013-03-31": "0.00", "2012-12-31": "0.00", "2012-09-30": "0.00", "2012-06-30": "0.00", "2012-03-31": "0.00", "2011-12-31": "0.00", "2011-09-30": "0.00", "2011-06-30": "0.00", "2011-03-31": "0.00", "2010-12-31": "0.00", "2010-09-30": "0.00", "2010-06-30": "0.00", "2010-03-31": "0.00", "2009-12-31": "0.00", "2009-09-30": "0.00", "2009-06-30": "0.00", "2009-03-31": "0.00", "2008-12-31": "0.00", "2008-09-30": "0.00", "2008-06-30": "0.00", "2008-03-31": "0.00", "2007-12-31": "0.00", "2007-09-30": "0.00", "2007-06-30": "0.00", "2007-03-31": "0.00", "2006-12-31": "0.00", "2006-09-30": "0.00", "2006-06-30": "0.00", "2006-03-31": "0.00", "2005-12-31": "0.00", "2005-09-30": "0.00", "2005-06-30": "0.00", "2005-03-31": "0.00"}, "debt equity ratio": {"current": "0.00", "2020-09-30": "0.31", "2020-06-30": "0.30", "2020-03-31": "0.30", "2019-12-31": "0.36", "2019-09-30": "0.35", "2019-06-30": "0.37", "2019-03-31": "0.41", "2018-12-31": "0.35", "2018-09-30": "0.31", "2018-06-30": "0.31", "2018-03-31": "0.29", "2017-12-31": "0.35", "2017-09-30": "0.39", "2017-06-30": "0.41", "2017-03-31": "0.40", "2016-12-31": "0.48", "2016-09-30": "0.53", "2016-06-30": "0.70", "2016-03-31": "0.66", "2015-12-31": "0.58", "2015-09-30": "0.57", "2015-06-30": "0.61", "2015-03-31": "0.55", "2014-12-31": "0.69", "2014-09-30": "0.76", "2014-06-30": "0.83", "2014-03-31": "0.63", "2013-12-31": "0.81", "2013-09-30": "0.90", "2013-06-30": "1.05", "2013-03-31": "0.97", "2012-12-31": "1.33", "2012-09-30": "1.51", "2012-06-30": "2.22", "2012-03-31": "2.17", "2011-12-31": "2.78", "2011-09-30": "3.05", "2011-06-30": "1.63", "2011-03-31": "1.33", "2010-12-31": "1.47", "2010-09-30": "1.65", "2010-06-30": "1.02", "2010-03-31": "0.83", "2009-12-31": "1.02", "2009-09-30": "1.12", "2009-06-30": "1.13", "2009-03-31": "1.12", "2008-12-31": "1.20", "2008-09-30": "0.95", "2008-06-30": "0.89", "2008-03-31": "0.86", "2007-12-31": "0.76", "2007-09-30": "0.72", "2007-06-30": "0.75", "2007-03-31": "0.67", "2006-12-31": "0.75", "2006-09-30": "0.69", "2006-06-30": "0.73", "2006-03-31": "0.66", "2005-12-31": "0.73", "2005-09-30": "0.66", "2005-06-30": "0.66", "2005-03-31": "0.61"}, "return on equity": {"2020-09-30": "10.66%", "2020-06-30": "11.32%", "2020-03-31": "10.65%", "2019-12-31": "9.87%", "2019-09-30": "9.31%", "2019-06-30": "9.41%", "2019-03-31": "10.06%", "2018-12-31": "11.07%", "2018-09-30": "13.96%", "2018-06-30": "14.95%", "2018-03-31": "15.39%", "2017-12-31": "15.98%", "2017-09-30": "13.97%", "2017-06-30": "14.27%", "2017-03-31": "14.25%", "2016-12-31": "13.22%", "2016-09-30": "10.35%", "2016-06-30": "9.89%", "2016-03-31": "10.63%", "2015-12-31": "12.64%", "2015-09-30": "18.50%", "2015-06-30": "19.43%", "2015-03-31": "20.24%", "2014-12-31": "20.24%", "2014-09-30": "20.47%", "2014-06-30": "19.86%", "2014-03-31": "19.09%", "2013-12-31": "19.65%", "2013-09-30": "21.36%", "2013-06-30": "24.54%", "2013-03-31": "26.77%", "2012-12-31": "29.27%", "2012-09-30": "34.38%", "2012-06-30": "36.25%", "2012-03-31": "34.63%", "2011-12-31": "32.68%", "2011-09-30": "28.13%", "2011-06-30": "24.82%", "2011-03-31": "23.01%", "2010-12-31": "20.70%", "2010-09-30": "19.61%", "2010-06-30": "18.73%", "2010-03-31": "20.00%", "2009-12-31": "21.82%", "2009-09-30": "21.05%", "2009-06-30": "19.75%", "2009-03-31": "13.47%", "2008-12-31": "10.69%", "2008-09-30": "10.97%", "2008-06-30": "10.26%", "2008-03-31": "13.64%", "2007-12-31": "13.05%", "2007-09-30": "11.76%", "2007-06-30": "11.27%", "2007-03-31": "11.48%", "2006-12-31": "11.69%", "2006-09-30": "11.18%", "2006-06-30": "10.60%", "2006-03-31": "8.91%", "2005-12-31": "7.22%"}, "return on assets": {"2020-09-30": "8.10%", "2020-06-30": "8.54%", "2020-03-31": "7.94%", "2019-12-31": "7.21%", "2019-09-30": "6.80%", "2019-06-30": "6.92%", "2019-03-31": "7.48%", "2018-12-31": "8.41%", "2018-09-30": "10.61%", "2018-06-30": "11.22%", "2018-03-31": "11.35%", "2017-12-31": "11.53%", "2017-09-30": "9.85%", "2017-06-30": "9.81%", "2017-03-31": "9.34%", "2016-12-31": "8.31%", "2016-09-30": "6.40%", "2016-06-30": "6.04%", "2016-03-31": "6.60%", "2015-12-31": "8.00%", "2015-09-30": "11.54%", "2015-06-30": "11.80%", "2015-03-31": "11.92%", "2014-12-31": "11.72%", "2014-09-30": "11.66%", "2014-06-30": "11.15%", "2014-03-31": "10.49%", "2013-12-31": "10.26%", "2013-09-30": "10.45%", "2013-06-30": "11.22%", "2013-03-31": "11.02%", "2012-12-31": "10.71%", "2012-09-30": "11.10%", "2012-06-30": "10.39%", "2012-03-31": "10.45%", "2011-12-31": "10.70%", "2011-09-30": "10.26%", "2011-06-30": "9.85%", "2011-03-31": "9.83%", "2010-12-31": "9.43%", "2010-09-30": "9.37%", "2010-06-30": "9.38%", "2010-03-31": "9.90%", "2009-12-31": "10.40%", "2009-09-30": "9.81%", "2009-06-30": "9.42%", "2009-03-31": "6.63%", "2008-12-31": "5.43%", "2008-09-30": "5.88%", "2008-06-30": "5.68%", "2008-03-31": "7.69%", "2007-12-31": "7.56%", "2007-09-30": "6.83%", "2007-06-30": "6.57%", "2007-03-31": "6.72%", "2006-12-31": "6.87%", "2006-09-30": "6.59%", "2006-06-30": "6.25%", "2006-03-31": "5.31%", "2005-12-31": "4.33%"}, "return on investments": {"2020-09-30": "inf%", "2020-06-30": "inf%", "2020-03-31": "43.42%", "2019-12-31": "21.66%", "2019-09-30": "20.83%", "2019-06-30": "20.55%", "2019-03-31": "41.00%", "2018-12-31": "inf%", "2018-09-30": "inf%", "2018-06-30": "inf%", "2018-03-31": "inf%", "2017-12-31": "inf%", "2017-09-30": "69.11%", "2017-06-30": "33.22%", "2017-03-31": "20.96%", "2016-12-31": "14.77%", "2016-09-30": "12.42%", "2016-06-30": "15.60%", "2016-03-31": "23.48%", "2015-12-31": "46.70%", "2015-09-30": "inf%", "2015-06-30": "inf%", "2015-03-31": "inf%", "2014-12-31": "inf%", "2014-09-30": "inf%", "2014-06-30": "inf%", "2014-03-31": "inf%", "2013-12-31": "inf%", "2013-09-30": "152.15%", "2013-06-30": "81.55%", "2013-03-31": "50.63%", "2012-12-31": "36.25%", "2012-09-30": "37.04%", "2012-06-30": "33.63%", "2012-03-31": "33.95%", "2011-12-31": "34.78%", "2011-09-30": "32.89%", "2011-06-30": "33.33%", "2011-03-31": "45.26%", "2010-12-31": "65.86%", "2010-09-30": "141.38%", "2010-06-30": "inf%", "2010-03-31": "inf%", "2009-12-31": "inf%", "2009-09-30": "inf%", "2009-06-30": "inf%", "2009-03-31": "inf%", "2008-12-31": "inf%", "2008-09-30": "inf%", "2008-06-30": "inf%", "2008-03-31": "inf%", "2007-12-31": "inf%", "2007-09-30": "inf%", "2007-06-30": "inf%", "2007-03-31": "inf%", "2006-12-31": "inf%", "2006-09-30": "inf%", "2006-06-30": "inf%", "2006-03-31": "inf%", "2005-12-31": "inf%"}, "return on tangible equity": {"2020-09-30": "33.35%", "2020-06-30": "40.75%", "2020-03-31": "46.78%", "2019-12-31": "55.25%", "2019-09-30": "54.98%", "2019-06-30": "50.63%", "2019-03-31": "48.67%", "2018-12-31": "43.12%", "2018-09-30": "52.64%", "2018-06-30": "62.22%", "2018-03-31": "71.72%", "2017-12-31": "104.29%", "2017-09-30": "160.69%", "2017-06-30": "425.20%", "2017-03-31": "-522.45%", "2016-12-31": "-147.71%", "2016-09-30": "-88.32%", "2016-06-30": "-346.99%", "2016-03-31": "99.25%", "2015-12-31": "41.60%", "2015-09-30": "31.80%", "2015-06-30": "35.79%", "2015-03-31": "40.44%", "2014-12-31": "44.36%", "2014-09-30": "50.00%", "2014-06-30": "56.00%", "2014-03-31": "66.93%", "2013-12-31": "108.33%", "2013-09-30": "411.11%", "2013-06-30": "-314.89%", "2013-03-31": "-115.70%", "2012-12-31": "-74.58%", "2012-09-30": "-60.27%", "2012-06-30": "-50.21%", "2012-03-31": "-58.00%", "2011-12-31": "-74.84%", "2011-09-30": "-99.08%", "2011-06-30": "-131.65%", "2011-03-31": "-203.92%", "2010-12-31": "-400.00%", "2010-09-30": "2000.00%", "2010-06-30": "303.03%", "2010-03-31": "472.73%", "2009-12-31": "3600.00%", "2009-09-30": "-526.32%", "2009-06-30": "-872.73%", "2009-03-31": "425.00%", "2008-12-31": "143.59%", "2008-09-30": "69.77%", "2008-06-30": "51.85%", "2008-03-31": "67.92%", "2007-12-31": "58.62%", "2007-09-30": "56.60%", "2007-06-30": "58.95%", "2007-03-31": "66.67%", "2006-12-31": "76.71%", "2006-09-30": "76.47%", "2006-06-30": "73.85%", "2006-03-31": "57.97%", "2005-12-31": "44.44%"}, "dividend yield history": {"last payout": "$0.00", "last yield": "0.00%"}}