{"ticker": "USM", "price": {"title": "United States Cellular Historical Annual Stock Price Data", "value": 33.54, "historical": {"2021": {"Average Stock Price": "32.2817", "Year Open": "30.9100", "Year High": "34.2400", "Year Low": "30.5800", "Year Close": "33.5400", "Annual % Change": "9.29%"}, "2020": {"Average Stock Price": "31.6756", "Year Open": "36.3500", "Year High": "36.9300", "Year Low": "25.3100", "Year Close": "30.6900", "Annual % Change": "-15.29%"}, "2019": {"Average Stock Price": "43.4883", "Year Open": "52.4700", "Year High": "59.0600", "Year Low": "31.4900", "Year Close": "36.2300", "Annual % Change": "-30.29%"}, "2018": {"Average Stock Price": "41.6727", "Year Open": "37.2400", "Year High": "58.2600", "Year Low": "32.7600", "Year Close": "51.9700", "Annual % Change": "38.11%"}, "2017": {"Average Stock Price": "38.3939", "Year Open": "45.6700", "Year High": "45.6700", "Year Low": "32.9500", "Year Close": "37.6300", "Annual % Change": "-13.93%"}, "2016": {"Average Stock Price": "38.7659", "Year Open": "38.7300", "Year High": "45.8700", "Year Low": "33.9700", "Year Close": "43.7200", "Annual % Change": "7.13%"}, "2015": {"Average Stock Price": "37.8640", "Year Open": "39.8000", "Year High": "43.3600", "Year Low": "34.4200", "Year Close": "40.8100", "Annual % Change": "2.46%"}, "2014": {"Average Stock Price": "39.2244", "Year Open": "41.1900", "Year High": "44.4500", "Year Low": "31.9300", "Year Close": "39.8300", "Annual % Change": "-4.76%"}, "2013": {"Average Stock Price": "40.0778", "Year Open": "36.1000", "Year High": "48.8000", "Year Low": "32.6200", "Year Close": "41.8200", "Annual % Change": "18.67%"}, "2012": {"Average Stock Price": "39.5451", "Year Open": "43.5000", "Year High": "48.1200", "Year Low": "33.7600", "Year Close": "35.2400", "Annual % Change": "-19.23%"}, "2011": {"Average Stock Price": "45.4521", "Year Open": "50.3700", "Year High": "51.9900", "Year Low": "36.0700", "Year Close": "43.6300", "Annual % Change": "-12.64%"}, "2010": {"Average Stock Price": "43.0057", "Year Open": "41.9900", "Year High": "50.0500", "Year Low": "34.7500", "Year Close": "49.9400", "Annual % Change": "17.76%"}, "2009": {"Average Stock Price": "38.4839", "Year Open": "44.7100", "Year High": "47.0800", "Year Low": "30.3400", "Year Close": "42.4100", "Annual % Change": "-1.92%"}, "2008": {"Average Stock Price": "53.7859", "Year Open": "84.7500", "Year High": "84.7500", "Year Low": "28.6000", "Year Close": "43.2400", "Annual % Change": "-48.59%"}, "2007": {"Average Stock Price": "84.1394", "Year Open": "71.6200", "Year High": "104.2300", "Year Low": "68.5000", "Year Close": "84.1000", "Annual % Change": "20.85%"}, "2006": {"Average Stock Price": "59.9848", "Year Open": "49.8000", "Year High": "69.8300", "Year Low": "49.8000", "Year Close": "69.5900", "Annual % Change": "40.87%"}, "2005": {"Average Stock Price": "49.3867", "Year Open": "45.6800", "Year High": "56.1200", "Year Low": "42.8000", "Year Close": "49.4000", "Annual % Change": "10.37%"}, "2004": {"Average Stock Price": "39.7500", "Year Open": "35.1600", "Year High": "45.8500", "Year Low": "32.8000", "Year Close": "44.7600", "Annual % Change": "26.08%"}, "2003": {"Average Stock Price": "27.6410", "Year Open": "25.9000", "Year High": "35.5000", "Year Low": "21.7700", "Year Close": "35.5000", "Annual % Change": "41.89%"}, "2002": {"Average Stock Price": "32.7138", "Year Open": "44.6100", "Year High": "44.6100", "Year Low": "23.2000", "Year Close": "25.0200", "Annual % Change": "-44.71%"}, "2001": {"Average Stock Price": "55.2510", "Year Open": "56.7500", "Year High": "68.0400", "Year Low": "41.5500", "Year Close": "45.2500", "Annual % Change": "-24.90%"}, "2000": {"Average Stock Price": "66.8652", "Year Open": "100.3800", "Year High": "102.7500", "Year Low": "52.5400", "Year Close": "60.2500", "Annual % Change": "-40.31%"}, "1999": {"Average Stock Price": "61.1872", "Year Open": "37.2500", "Year High": "120.5000", "Year Low": "37.2500", "Year Close": "100.9400", "Annual % Change": "165.63%"}, "1998": {"Average Stock Price": "32.4179", "Year Open": "30.5000", "Year High": "40.5000", "Year Low": "28.0600", "Year Close": "38.0000", "Annual % Change": "22.58%"}, "1997": {"Average Stock Price": "29.4149", "Year Open": "27.2500", "Year High": "36.8800", "Year Low": "23.5000", "Year Close": "31.0000", "Annual % Change": "11.19%"}, "1996": {"Average Stock Price": "31.6119", "Year Open": "33.7500", "Year High": "36.8800", "Year Low": "27.1200", "Year Close": "27.8800", "Annual % Change": "-17.39%"}, "1995": {"Average Stock Price": "32.4738", "Year Open": "32.5000", "Year High": "36.5000", "Year Low": "28.1200", "Year Close": "33.7500", "Annual % Change": "3.05%"}, "1994": {"Average Stock Price": "29.1834", "Year Open": "35.0000", "Year High": "35.0000", "Year Low": "23.0000", "Year Close": "32.7500", "Annual % Change": "-6.43%"}, "1993": {"Average Stock Price": "28.2549", "Year Open": "21.7500", "Year High": "39.1200", "Year Low": "21.0000", "Year Close": "35.0000", "Annual % Change": "59.96%"}}}, "market cap": {"value": "$2.89B"}, "income statement": {"Revenue": {"2019-12-31": "4022.00000", "2018-12-31": "3967.00000", "2017-12-31": "3890.00000", "2016-12-31": "3990.00000", "2015-12-31": "4031.00000", "2014-12-31": "3893.00000", "2013-12-31": "3918.83600", "2012-12-31": "4452.08400", "2011-12-31": "4343.34600", "2010-12-31": "4177.68100", "2009-12-31": "4213.88000", "2008-12-31": "4242.55400", "2007-12-31": "3946.26400", "2006-12-31": "3473.15500", "2005-12-31": "3030.76500"}, "Cost Of Goods Sold": {"2019-12-31": "1784.00000", "2018-12-31": "1789.00000", "2017-12-31": "1803.00000", "2016-12-31": "1841.00000", "2015-12-31": "1828.00000", "2014-12-31": "1963.00000", "2013-12-31": "1762.43500", "2012-12-31": "1882.75200", "2011-12-31": "1721.18100", "2010-12-31": "1611.22100", "2009-12-31": "1545.84700", "2008-12-31": "1526.47200", "2007-12-31": "1354.37200", "2006-12-31": "1208.58600", "2005-12-31": "1116.03200"}, "Gross Profit": {"2019-12-31": "2238.00000", "2018-12-31": "2178.00000", "2017-12-31": "2087.00000", "2016-12-31": "2149.00000", "2015-12-31": "2203.00000", "2014-12-31": "1930.00000", "2013-12-31": "2156.40100", "2012-12-31": "2569.33200", "2011-12-31": "2622.16500", "2010-12-31": "2566.46000", "2009-12-31": "2668.03300", "2008-12-31": "2716.08200", "2007-12-31": "2591.89200", "2006-12-31": "2264.56900", "2005-12-31": "1914.73300"}, "Research And Development Expenses": {"2019-12-31": "", "2018-12-31": "", "2017-12-31": "", "2016-12-31": "", "2015-12-31": "", "2014-12-31": "", "2013-12-31": "", "2012-12-31": "", "2011-12-31": "", "2010-12-31": "", "2009-12-31": "", "2008-12-31": "", "2007-12-31": "", "2006-12-31": "", "2005-12-31": ""}, "SG&A Expenses": {"2019-12-31": "1406.00000", "2018-12-31": "1388.00000", "2017-12-31": "1412.00000", "2016-12-31": "1480.00000", "2015-12-31": "1494.00000", "2014-12-31": "1592.00000", "2013-12-31": "1677.39500", "2012-12-31": "1764.93300", "2011-12-31": "1769.70100", "2010-12-31": "1783.31500", "2009-12-31": "1747.40400", "2008-12-31": "1706.58500", "2007-12-31": "1558.56800", "2006-12-31": "1399.56100", "2005-12-31": "1217.70900"}, "Other Operating Income Or Expenses": {"2019-12-31": "-18.00000", "2018-12-31": "8.00000", "2017-12-31": "-364.00000", "2016-12-31": "-3.00000", "2015-12-31": "245.00000", "2014-12-31": "125.00000", "2013-12-31": "471.64000", "2012-12-31": "-39.11000", "2011-12-31": "1.87300", "2010-12-31": "-10.71700", "2009-12-31": "-30.16900", "2008-12-31": "-404.06600", "2007-12-31": "-58.93900", "2006-12-31": "-19.58700", "2005-12-31": "24.26600"}, "Operating Expenses": {"2019-12-31": "3910.00000", "2018-12-31": "3809.00000", "2017-12-31": "4194.00000", "2016-12-31": "3942.00000", "2015-12-31": "3684.00000", "2014-12-31": "4036.00000", "2013-12-31": "3771.97100", "2012-12-31": "4295.42800", "2011-12-31": "4062.56600", "2010-12-31": "3976.20800", "2009-12-31": "3888.35500", "2008-12-31": "4213.94400", "2007-12-31": "3550.06500", "2006-12-31": "3183.25900", "2005-12-31": "2799.56800"}, "Operating Income": {"2019-12-31": "112.00000", "2018-12-31": "158.00000", "2017-12-31": "-304.00000", "2016-12-31": "48.00000", "2015-12-31": "347.00000", "2014-12-31": "-143.00000", "2013-12-31": "146.86450", "2012-12-31": "156.65630", "2011-12-31": "280.78030", "2010-12-31": "201.47310", "2009-12-31": "325.52490", "2008-12-31": "28.61040", "2007-12-31": "396.19900", "2006-12-31": "289.89600", "2005-12-31": "231.19700"}, "Total Non-Operating Income/Expense": {"2019-12-31": "73.00000", "2018-12-31": "57.00000", "2017-12-31": "32.00000", "2016-12-31": "34.00000", "2015-12-31": "57.00000", "2014-12-31": "84.00000", "2013-12-31": "110.79100", "2012-12-31": "48.39700", "2011-12-31": "32.04200", "2010-12-31": "39.64300", "2009-12-31": "23.64000", "2008-12-31": "37.07300", "2007-12-31": "150.30200", "2006-12-31": "23.24200", "2005-12-31": "30.15000"}, "Pre-Tax Income": {"2019-12-31": "185.00000", "2018-12-31": "215.00000", "2017-12-31": "-272.00000", "2016-12-31": "82.00000", "2015-12-31": "404.00000", "2014-12-31": "-59.00000", "2013-12-31": "257.65600", "2012-12-31": "205.05300", "2011-12-31": "312.82200", "2010-12-31": "241.11600", "2009-12-31": "349.16500", "2008-12-31": "65.68300", "2007-12-31": "546.50100", "2006-12-31": "313.13800", "2005-12-31": "261.34700"}, "Income Taxes": {"2019-12-31": "52.00000", "2018-12-31": "51.00000", "2017-12-31": "-287.00000", "2016-12-31": "33.00000", "2015-12-31": "157.00000", "2014-12-31": "-12.00000", "2013-12-31": "113.13400", "2012-12-31": "63.97700", "2011-12-31": "114.07800", "2010-12-31": "81.95800", "2009-12-31": "117.85000", "2008-12-31": "7.46000", "2007-12-31": "216.71100", "2006-12-31": "120.60400", "2005-12-31": "95.85600"}, "Income After Taxes": {"2019-12-31": "133.00000", "2018-12-31": "164.00000", "2017-12-31": "15.00000", "2016-12-31": "49.00000", "2015-12-31": "247.00000", "2014-12-31": "-47.00000", "2013-12-31": "144.52200", "2012-12-31": "141.07600", "2011-12-31": "198.74400", "2010-12-31": "159.15800", "2009-12-31": "231.31500", "2008-12-31": "58.22300", "2007-12-31": "329.79000", "2006-12-31": "192.53400", "2005-12-31": "165.49100"}, "Other Income": {"2019-12-31": "", "2018-12-31": "", "2017-12-31": "", "2016-12-31": "", "2015-12-31": "", "2014-12-31": "", "2013-12-31": "", "2012-12-31": "", "2011-12-31": "", "2010-12-31": "", "2009-12-31": "", "2008-12-31": "", "2007-12-31": "", "2006-12-31": "", "2005-12-31": ""}, "Income From Continuous Operations": {"2019-12-31": "133.00000", "2018-12-31": "164.00000", "2017-12-31": "15.00000", "2016-12-31": "49.00000", "2015-12-31": "247.00000", "2014-12-31": "-47.00000", "2013-12-31": "144.52200", "2012-12-31": "141.07600", "2011-12-31": "198.74400", "2010-12-31": "159.15800", "2009-12-31": "231.31500", "2008-12-31": "58.22300", "2007-12-31": "329.79000", "2006-12-31": "179.49000", "2005-12-31": "154.95100"}, "Income From Discontinued Operations": {"2019-12-31": "", "2018-12-31": "", "2017-12-31": "", "2016-12-31": "", "2015-12-31": "", "2014-12-31": "", "2013-12-31": "", "2012-12-31": "", "2011-12-31": "", "2010-12-31": "", "2009-12-31": "", "2008-12-31": "", "2007-12-31": "", "2006-12-31": "", "2005-12-31": ""}, "Net Income": {"2019-12-31": "127.00000", "2018-12-31": "150.00000", "2017-12-31": "12.00000", "2016-12-31": "48.00000", "2015-12-31": "241.00000", "2014-12-31": "-43.00000", "2013-12-31": "140.03800", "2012-12-31": "111.00600", "2011-12-31": "175.04100", "2010-12-31": "136.07400", "2009-12-31": "209.54700", "2008-12-31": "33.14000", "2007-12-31": "314.73400", "2006-12-31": "179.49000", "2005-12-31": "154.95100"}, "EBITDA": {"2019-12-31": "814.00000", "2018-12-31": "798.00000", "2017-12-31": "311.00000", "2016-12-31": "666.00000", "2015-12-31": "954.00000", "2014-12-31": "463.00000", "2013-12-31": "950.64550", "2012-12-31": "765.28920", "2011-12-31": "854.33730", "2010-12-31": "772.42820", "2009-12-31": "890.45990", "2008-12-31": "605.43130", "2007-12-31": "974.38490", "2006-12-31": "845.42100", "2005-12-31": "721.29000"}, "EBIT": {"2019-12-31": "112.00000", "2018-12-31": "158.00000", "2017-12-31": "-304.00000", "2016-12-31": "48.00000", "2015-12-31": "347.00000", "2014-12-31": "-143.00000", "2013-12-31": "146.86450", "2012-12-31": "156.65630", "2011-12-31": "280.78030", "2010-12-31": "201.47310", "2009-12-31": "325.52490", "2008-12-31": "28.61040", "2007-12-31": "396.19900", "2006-12-31": "289.89600", "2005-12-31": "231.19700"}, "Basic Shares Outstanding": {"2019-12-31": "86.00000", "2018-12-31": "86.00000", "2017-12-31": "85.00000", "2016-12-31": "85.00000", "2015-12-31": "84.00000", "2014-12-31": "84.00000", "2013-12-31": "83.96800", "2012-12-31": "84.64500", "2011-12-31": "84.87700", "2010-12-31": "86.12800", "2009-12-31": "86.94600", "2008-12-31": "87.45700", "2007-12-31": "87.73000", "2006-12-31": "87.34600", "2005-12-31": "86.77500"}, "Shares Outstanding": {"2019-12-31": "88.00000", "2018-12-31": "87.00000", "2017-12-31": "86.00000", "2016-12-31": "85.00000", "2015-12-31": "85.00000", "2014-12-31": "84.00000", "2013-12-31": "84.73000", "2012-12-31": "85.23000", "2011-12-31": "85.44800", "2010-12-31": "86.51800", "2009-12-31": "87.16800", "2008-12-31": "87.75400", "2007-12-31": "88.48100", "2006-12-31": "88.10900", "2005-12-31": "87.46400"}, "Basic EPS": {"2019-12-31": "1.47000", "2018-12-31": "1.75000", "2017-12-31": "0.14000", "2016-12-31": "0.56000", "2015-12-31": "2.86000", "2014-12-31": "-0.51000", "2013-12-31": "1.67000", "2012-12-31": "1.31000", "2011-12-31": "2.06000", "2010-12-31": "1.58000", "2009-12-31": "2.41000", "2008-12-31": "0.38000", "2007-12-31": "3.59000", "2006-12-31": "2.05000", "2005-12-31": "1.79000"}, "EPS - Earnings Per Share": {"2019-12-31": "1.44000", "2018-12-31": "1.72000", "2017-12-31": "0.14000", "2016-12-31": "0.56000", "2015-12-31": "2.84000", "2014-12-31": "-0.51000", "2013-12-31": "1.65000", "2012-12-31": "1.30000", "2011-12-31": "2.05000", "2010-12-31": "1.57000", "2009-12-31": "2.40000", "2008-12-31": "0.38000", "2007-12-31": "3.56000", "2006-12-31": "2.04000", "2005-12-31": "1.77000"}}, "income statement, quarterly": {"Revenue": {"2020-09-30": "1027.00000", "2020-06-30": "973.00000", "2020-03-31": "963.00000", "2019-12-31": "1052.00000", "2019-09-30": "1031.00000", "2019-06-30": "973.00000", "2019-03-31": "966.00000", "2018-12-31": "1050.00000", "2018-09-30": "1001.00000", "2018-06-30": "974.00000", "2018-03-31": "942.00000", "2017-12-31": "1028.00000", "2017-09-30": "963.00000", "2017-06-30": "963.00000", "2017-03-31": "936.00000", "2016-12-31": "1006.00000", "2016-09-30": "1023.00000", "2016-06-30": "992.00000", "2016-03-31": "969.00000", "2015-12-31": "1021.00000", "2015-09-30": "1069.00000", "2015-06-30": "976.00000", "2015-03-31": "965.00000", "2014-12-31": "1008.99700", "2014-09-30": "1000.41900", "2014-06-30": "957.77300", "2014-03-31": "925.81100", "2013-12-31": "902.72390", "2013-09-30": "939.23600", "2013-06-30": "995.13000", "2013-03-31": "1081.74600", "2012-12-31": "1115.20600", "2012-09-30": "1140.35700", "2012-06-30": "1104.40000", "2012-03-31": "1092.12100", "2011-12-31": "1099.63300", "2011-09-30": "1110.43900", "2011-06-30": "1076.18200", "2011-03-31": "1057.09200", "2010-12-31": "1063.15000", "2010-09-30": "1060.78100", "2010-06-30": "1029.89300", "2010-03-31": "1023.85700", "2009-12-31": "1059.93700", "2009-09-30": "1057.29500", "2009-06-30": "1042.14300", "2009-03-31": "1054.50500", "2008-12-31": "1052.23100", "2008-09-30": "1091.87500", "2008-06-30": "1060.59200", "2008-03-31": "1037.85600", "2007-12-31": "1024.11000", "2007-09-30": "1015.83400", "2007-06-30": "971.64600", "2007-03-31": "934.67400", "2006-12-31": "902.11910", "2006-09-30": "888.52300", "2006-06-30": "846.13700", "2006-03-31": "836.37600", "2005-12-31": "782.62900", "2005-09-30": "795.10000", "2005-06-30": "741.96500", "2005-03-31": "711.07100"}, "Cost Of Goods Sold": {"2020-09-30": "460.00000", "2020-06-30": "415.00000", "2020-03-31": "397.00000", "2019-12-31": "493.00000", "2019-09-30": "465.00000", "2019-06-30": "417.00000", "2019-03-31": "409.00000", "2018-12-31": "506.00000", "2018-09-30": "458.00000", "2018-06-30": "427.00000", "2018-03-31": "398.00000", "2017-12-31": "505.00000", "2017-09-30": "446.00000", "2017-06-30": "449.00000", "2017-03-31": "403.00000", "2016-12-31": "470.00000", "2016-09-30": "476.00000", "2016-06-30": "455.00000", "2016-03-31": "440.00000", "2015-12-31": "463.00000", "2015-09-30": "486.00000", "2015-06-30": "450.00000", "2015-03-31": "429.00000", "2014-12-31": "545.19790", "2014-09-30": "507.61200", "2014-06-30": "459.10900", "2014-03-31": "451.08100", "2013-12-31": "524.28500", "2013-09-30": "370.82300", "2013-06-30": "409.33700", "2013-03-31": "457.99000", "2012-12-31": "530.35100", "2012-09-30": "497.27400", "2012-06-30": "434.92700", "2012-03-31": "420.20000", "2011-12-31": "472.50310", "2011-09-30": "438.08100", "2011-06-30": "398.63400", "2011-03-31": "411.96300", "2010-12-31": "460.18300", "2010-09-30": "407.31200", "2010-06-30": "375.50700", "2010-03-31": "368.21900", "2009-12-31": "414.53390", "2009-09-30": "394.96500", "2009-06-30": "350.76400", "2009-03-31": "385.58400", "2008-12-31": "401.14910", "2008-09-30": "383.46500", "2008-06-30": "372.79700", "2008-03-31": "369.06100", "2007-12-31": "364.78700", "2007-09-30": "346.90700", "2007-06-30": "324.65000", "2007-03-31": "318.02800", "2006-12-31": "322.11710", "2006-09-30": "305.86400", "2006-06-30": "283.97100", "2006-03-31": "296.63400", "2005-12-31": "296.10600", "2005-09-30": "290.15800", "2005-06-30": "264.04900", "2005-03-31": "265.71900"}, "Gross Profit": {"2020-09-30": "567.00000", "2020-06-30": "558.00000", "2020-03-31": "566.00000", "2019-12-31": "559.00000", "2019-09-30": "566.00000", "2019-06-30": "556.00000", "2019-03-31": "557.00000", "2018-12-31": "544.00000", "2018-09-30": "543.00000", "2018-06-30": "547.00000", "2018-03-31": "544.00000", "2017-12-31": "523.00000", "2017-09-30": "517.00000", "2017-06-30": "514.00000", "2017-03-31": "533.00000", "2016-12-31": "536.00000", "2016-09-30": "547.00000", "2016-06-30": "537.00000", "2016-03-31": "529.00000", "2015-12-31": "558.00000", "2015-09-30": "583.00000", "2015-06-30": "526.00000", "2015-03-31": "536.00000", "2014-12-31": "463.79920", "2014-09-30": "492.80700", "2014-06-30": "498.66400", "2014-03-31": "474.73000", "2013-12-31": "378.43880", "2013-09-30": "568.41300", "2013-06-30": "585.79300", "2013-03-31": "623.75600", "2012-12-31": "584.85520", "2012-09-30": "643.08310", "2012-06-30": "669.47300", "2012-03-31": "671.92100", "2011-12-31": "627.13000", "2011-09-30": "672.35800", "2011-06-30": "677.54800", "2011-03-31": "645.12900", "2010-12-31": "602.96730", "2010-09-30": "653.46900", "2010-06-30": "654.38590", "2010-03-31": "655.63800", "2009-12-31": "645.40300", "2009-09-30": "662.33010", "2009-06-30": "691.37890", "2009-03-31": "668.92100", "2008-12-31": "651.08220", "2008-09-30": "708.41000", "2008-06-30": "687.79500", "2008-03-31": "668.79490", "2007-12-31": "659.32290", "2007-09-30": "668.92700", "2007-06-30": "646.99600", "2007-03-31": "616.64600", "2006-12-31": "580.00210", "2006-09-30": "582.65910", "2006-06-30": "562.16600", "2006-03-31": "539.74190", "2005-12-31": "486.52300", "2005-09-30": "504.94200", "2005-06-30": "477.91600", "2005-03-31": "445.35200"}, "Research And Development Expenses": {"2020-09-30": "", "2020-06-30": "", "2020-03-31": "", "2019-12-31": "", "2019-09-30": "", "2019-06-30": "", "2019-03-31": "", "2018-12-31": "", "2018-09-30": "", "2018-06-30": "", "2018-03-31": "", "2017-12-31": "", "2017-09-30": "", "2017-06-30": "", "2017-03-31": "", "2016-12-31": "", "2016-09-30": "", "2016-06-30": "", "2016-03-31": "", "2015-12-31": "", "2015-09-30": "", "2015-06-30": "", "2015-03-31": "", "2014-12-31": "", "2014-09-30": "", "2014-06-30": "", "2014-03-31": "", "2013-12-31": "", "2013-09-30": "", "2013-06-30": "", "2013-03-31": "", "2012-12-31": "", "2012-09-30": "", "2012-06-30": "", "2012-03-31": "", "2011-12-31": "", "2011-09-30": "", "2011-06-30": "", "2011-03-31": "", "2010-12-31": "", "2010-09-30": "", "2010-06-30": "", "2010-03-31": "", "2009-12-31": "", "2009-09-30": "", "2009-06-30": "", "2009-03-31": "", "2008-12-31": "", "2008-09-30": "", "2008-06-30": "", "2008-03-31": "", "2007-12-31": "", "2007-09-30": "", "2007-06-30": "", "2007-03-31": "", "2006-12-31": "", "2006-09-30": "", "2006-06-30": "", "2006-03-31": "", "2005-12-31": "", "2005-09-30": "", "2005-06-30": "", "2005-03-31": ""}, "SG&A Expenses": {"2020-09-30": "335.00000", "2020-06-30": "323.00000", "2020-03-31": "335.00000", "2019-12-31": "378.00000", "2019-09-30": "358.00000", "2019-06-30": "344.00000", "2019-03-31": "326.00000", "2018-12-31": "374.00000", "2018-09-30": "346.00000", "2018-06-30": "342.00000", "2018-03-31": "326.00000", "2017-12-31": "372.00000", "2017-09-30": "350.00000", "2017-06-30": "351.00000", "2017-03-31": "339.00000", "2016-12-31": "392.00000", "2016-09-30": "370.00000", "2016-06-30": "357.00000", "2016-03-31": "361.00000", "2015-12-31": "386.00000", "2015-09-30": "375.00000", "2015-06-30": "364.00000", "2015-03-31": "369.00000", "2014-12-31": "394.63890", "2014-09-30": "397.54500", "2014-06-30": "404.25200", "2014-03-31": "395.56400", "2013-12-31": "442.72000", "2013-09-30": "410.46800", "2013-06-30": "404.12700", "2013-03-31": "420.08000", "2012-12-31": "449.11000", "2012-09-30": "438.52600", "2012-06-30": "435.05300", "2012-03-31": "442.24400", "2011-12-31": "464.97000", "2011-09-30": "438.77400", "2011-06-30": "423.95300", "2011-03-31": "442.00400", "2010-12-31": "461.59490", "2010-09-30": "446.93800", "2010-06-30": "445.17700", "2010-03-31": "429.60500", "2009-12-31": "473.44700", "2009-09-30": "454.64500", "2009-06-30": "411.15300", "2009-03-31": "408.15900", "2008-12-31": "448.40790", "2008-09-30": "436.13500", "2008-06-30": "418.41600", "2008-03-31": "403.62600", "2007-12-31": "406.82200", "2007-09-30": "418.21200", "2007-06-30": "374.66800", "2007-03-31": "358.86600", "2006-12-31": "370.69600", "2006-09-30": "358.39200", "2006-06-30": "342.76900", "2006-03-31": "327.70400", "2005-12-31": "341.79600", "2005-09-30": "313.37400", "2005-06-30": "284.20900", "2005-03-31": "278.33000"}, "Other Operating Income Or Expenses": {"2020-09-30": "-6.00000", "2020-06-30": "-4.00000", "2020-03-31": "-4.00000", "2019-12-31": "-8.00000", "2019-09-30": "-7.00000", "2019-06-30": "-5.00000", "2019-03-31": "2.00000", "2018-12-31": "-5.00000", "2018-09-30": "-3.00000", "2018-06-30": "10.00000", "2018-03-31": "6.00000", "2017-12-31": "", "2017-09-30": "-374.00000", "2017-06-30": "-3.00000", "2017-03-31": "13.00000", "2016-12-31": "-2.00000", "2016-09-30": "0.00000", "2016-06-30": "4.00000", "2016-03-31": "-5.00000", "2015-12-31": "-4.00000", "2015-09-30": "22.00000", "2015-06-30": "-3.00000", "2015-03-31": "230.00000", "2014-12-31": "22.63400", "2014-09-30": "2.33600", "2014-06-30": "3.61800", "2014-03-31": "96.41200", "2013-12-31": "244.16600", "2013-09-30": "-0.16700", "2013-06-30": "240.00600", "2013-03-31": "-12.36500", "2012-12-31": "-27.29100", "2012-09-30": "-11.32700", "2012-06-30": "-2.70200", "2012-03-31": "2.21000", "2011-12-31": "-3.86800", "2011-09-30": "9.70000", "2011-06-30": "-2.92200", "2011-03-31": "-1.03700", "2010-12-31": "-2.31000", "2010-09-30": "-1.98100", "2010-06-30": "-1.25000", "2010-03-31": "-5.17600", "2009-12-31": "-21.52800", "2009-09-30": "-2.08500", "2009-06-30": "-2.61100", "2009-03-31": "-3.94500", "2008-12-31": "-387.29000", "2008-09-30": "-6.88400", "2008-06-30": "-6.21900", "2008-03-31": "-3.67300", "2007-12-31": "-51.04000", "2007-09-30": "-1.76200", "2007-06-30": "-2.83200", "2007-03-31": "-3.30500", "2006-12-31": "", "2006-09-30": "", "2006-06-30": "", "2006-03-31": "", "2005-12-31": "", "2005-09-30": "", "2005-06-30": "", "2005-03-31": ""}, "Operating Expenses": {"2020-09-30": "962.00000", "2020-06-30": "920.00000", "2020-03-31": "913.00000", "2019-12-31": "1054.00000", "2019-09-30": "1011.00000", "2019-06-30": "943.00000", "2019-03-31": "902.00000", "2018-12-31": "1047.00000", "2018-09-30": "967.00000", "2018-06-30": "918.00000", "2018-03-31": "877.00000", "2017-12-31": "1031.00000", "2017-09-30": "1323.00000", "2017-06-30": "958.00000", "2017-03-31": "882.00000", "2016-12-31": "1020.00000", "2016-09-30": "1001.00000", "2016-06-30": "962.00000", "2016-03-31": "959.00000", "2015-12-31": "1010.00000", "2015-09-30": "991.00000", "2015-06-30": "968.00000", "2015-03-31": "715.00000", "2014-12-31": "1058.16100", "2014-09-30": "1051.77300", "2014-06-30": "1008.08000", "2014-03-31": "917.98600", "2013-12-31": "933.21030", "2013-09-30": "982.44300", "2013-06-30": "776.03800", "2013-03-31": "1080.28000", "2012-12-31": "1175.99400", "2012-09-30": "1092.27800", "2012-06-30": "1020.23700", "2012-03-31": "1006.91900", "2011-12-31": "1083.31700", "2011-09-30": "1008.81900", "2011-06-30": "972.08600", "2011-03-31": "998.34400", "2010-12-31": "1064.16400", "2010-09-30": "999.42200", "2010-06-30": "966.38900", "2010-03-31": "946.23300", "2009-12-31": "1051.73700", "2009-09-30": "997.74700", "2009-06-30": "903.30510", "2009-03-31": "935.56600", "2008-12-31": "1380.44600", "2008-09-30": "971.91800", "2008-06-30": "942.68990", "2008-03-31": "918.89000", "2007-12-31": "960.84490", "2007-09-30": "914.89510", "2007-06-30": "848.17400", "2007-03-31": "826.15090", "2006-12-31": "838.47400", "2006-09-30": "811.19600", "2006-06-30": "767.22600", "2006-03-31": "766.36300", "2005-12-31": "721.21390", "2005-09-30": "731.77000", "2005-06-30": "675.04200", "2005-03-31": "671.54200"}, "Operating Income": {"2020-09-30": "65.00000", "2020-06-30": "53.00000", "2020-03-31": "50.00000", "2019-12-31": "-2.00000", "2019-09-30": "20.00000", "2019-06-30": "30.00000", "2019-03-31": "64.00000", "2018-12-31": "3.00000", "2018-09-30": "34.00000", "2018-06-30": "56.00000", "2018-03-31": "65.00000", "2017-12-31": "-3.00000", "2017-09-30": "-360.00000", "2017-06-30": "5.00000", "2017-03-31": "54.00000", "2016-12-31": "-14.00000", "2016-09-30": "22.00000", "2016-06-30": "30.00000", "2016-03-31": "10.00000", "2015-12-31": "11.00000", "2015-09-30": "78.00000", "2015-06-30": "8.00000", "2015-03-31": "250.00000", "2014-12-31": "-49.16390", "2014-09-30": "-51.35390", "2014-06-30": "-50.30710", "2014-03-31": "7.82500", "2013-12-31": "-30.48650", "2013-09-30": "-43.20700", "2013-06-30": "219.09200", "2013-03-31": "1.46610", "2012-12-31": "-60.78770", "2012-09-30": "48.07910", "2012-06-30": "84.16300", "2012-03-31": "85.20200", "2011-12-31": "16.31590", "2011-09-30": "101.62000", "2011-06-30": "104.09600", "2011-03-31": "58.74810", "2010-12-31": "-1.01370", "2010-09-30": "61.35900", "2010-06-30": "63.50390", "2010-03-31": "77.62400", "2009-12-31": "8.20010", "2009-09-30": "59.54800", "2009-06-30": "138.83790", "2009-03-31": "118.93900", "2008-12-31": "-328.21470", "2008-09-30": "119.95700", "2008-06-30": "117.90210", "2008-03-31": "118.96590", "2007-12-31": "63.26500", "2007-09-30": "100.93890", "2007-06-30": "123.47200", "2007-03-31": "108.52310", "2006-12-31": "63.64510", "2006-09-30": "77.32700", "2006-06-30": "78.91110", "2006-03-31": "70.01290", "2005-12-31": "61.41510", "2005-09-30": "63.33000", "2005-06-30": "66.92300", "2005-03-31": "39.52900"}, "Total Non-Operating Income/Expense": {"2020-09-30": "24.00000", "2020-06-30": "20.00000", "2020-03-31": "26.00000", "2019-12-31": "17.00000", "2019-09-30": "19.00000", "2019-06-30": "16.00000", "2019-03-31": "21.00000", "2018-12-31": "14.00000", "2018-09-30": "17.00000", "2018-06-30": "14.00000", "2018-03-31": "12.00000", "2017-12-31": "9.00000", "2017-09-30": "9.00000", "2017-06-30": "7.00000", "2017-03-31": "7.00000", "2016-12-31": "3.00000", "2016-09-30": "11.00000", "2016-06-30": "10.00000", "2016-03-31": "10.00000", "2015-12-31": "-18.00000", "2015-09-30": "28.00000", "2015-06-30": "25.00000", "2015-03-31": "22.00000", "2014-12-31": "14.23600", "2014-09-30": "26.12400", "2014-06-30": "20.45700", "2014-03-31": "23.18300", "2013-12-31": "21.74000", "2013-09-30": "27.17300", "2013-06-30": "45.26500", "2013-03-31": "16.61300", "2012-12-31": "12.81700", "2012-09-30": "16.45000", "2012-06-30": "9.68200", "2012-03-31": "9.44800", "2011-12-31": "2.86600", "2011-09-30": "11.17900", "2011-06-30": "11.56800", "2011-03-31": "6.42900", "2010-12-31": "11.37200", "2010-09-30": "8.49600", "2010-06-30": "10.64900", "2010-03-31": "9.12600", "2009-12-31": "5.48700", "2009-09-30": "5.66900", "2009-06-30": "5.68700", "2009-03-31": "6.79700", "2008-12-31": "9.11500", "2008-09-30": "20.75300", "2008-06-30": "4.06200", "2008-03-31": "3.14300", "2007-12-31": "10.49500", "2007-09-30": "7.73100", "2007-06-30": "118.23600", "2007-03-31": "13.84000", "2006-12-31": "35.06700", "2006-09-30": "-21.40000", "2006-06-30": "7.69500", "2006-03-31": "1.88000", "2005-12-31": "51.24300", "2005-09-30": "-18.25400", "2005-06-30": "0.65700", "2005-03-31": "-3.49600"}, "Pre-Tax Income": {"2020-09-30": "89.00000", "2020-06-30": "73.00000", "2020-03-31": "76.00000", "2019-12-31": "15.00000", "2019-09-30": "39.00000", "2019-06-30": "46.00000", "2019-03-31": "85.00000", "2018-12-31": "17.00000", "2018-09-30": "51.00000", "2018-06-30": "70.00000", "2018-03-31": "77.00000", "2017-12-31": "6.00000", "2017-09-30": "-351.00000", "2017-06-30": "12.00000", "2017-03-31": "61.00000", "2016-12-31": "-11.00000", "2016-09-30": "33.00000", "2016-06-30": "40.00000", "2016-03-31": "20.00000", "2015-12-31": "-7.00000", "2015-09-30": "106.00000", "2015-06-30": "33.00000", "2015-03-31": "272.00000", "2014-12-31": "-34.92800", "2014-09-30": "-25.23000", "2014-06-30": "-29.85000", "2014-03-31": "31.00800", "2013-12-31": "-8.74600", "2013-09-30": "-16.03400", "2013-06-30": "264.35700", "2013-03-31": "18.07900", "2012-12-31": "-47.97100", "2012-09-30": "64.52900", "2012-06-30": "93.84500", "2012-03-31": "94.65000", "2011-12-31": "19.18200", "2011-09-30": "112.79900", "2011-06-30": "115.66400", "2011-03-31": "65.17700", "2010-12-31": "10.35800", "2010-09-30": "69.85500", "2010-06-30": "74.15300", "2010-03-31": "86.75000", "2009-12-31": "13.68700", "2009-09-30": "65.21700", "2009-06-30": "144.52500", "2009-03-31": "125.73600", "2008-12-31": "-319.10000", "2008-09-30": "140.71000", "2008-06-30": "121.96400", "2008-03-31": "122.10900", "2007-12-31": "73.76000", "2007-09-30": "108.67000", "2007-06-30": "241.70800", "2007-03-31": "122.36300", "2006-12-31": "98.71200", "2006-09-30": "55.92700", "2006-06-30": "86.60600", "2006-03-31": "71.89300", "2005-12-31": "112.65800", "2005-09-30": "45.07600", "2005-06-30": "67.58000", "2005-03-31": "36.03300"}, "Income Taxes": {"2020-09-30": "4.00000", "2020-06-30": "4.00000", "2020-03-31": "4.00000", "2019-12-31": "-4.00000", "2019-09-30": "15.00000", "2019-06-30": "14.00000", "2019-03-31": "27.00000", "2018-12-31": "-3.00000", "2018-09-30": "14.00000", "2018-06-30": "18.00000", "2018-03-31": "22.00000", "2017-12-31": "-267.00000", "2017-09-30": "-53.00000", "2017-06-30": "", "2017-03-31": "33.00000", "2016-12-31": "-6.00000", "2016-09-30": "15.00000", "2016-06-30": "13.00000", "2016-03-31": "11.00000", "2015-12-31": "-4.00000", "2015-09-30": "41.00000", "2015-06-30": "13.00000", "2015-03-31": "107.00000", "2014-12-31": "-12.74600", "2014-09-30": "-1.45900", "2014-06-30": "-10.39900", "2014-03-31": "12.60400", "2013-12-31": "-8.48400", "2013-09-30": "-6.43300", "2013-06-30": "120.68200", "2013-03-31": "7.36900", "2012-12-31": "-18.64700", "2012-09-30": "22.38900", "2012-06-30": "34.59700", "2012-03-31": "25.63800", "2011-12-31": "11.30700", "2011-09-30": "43.29200", "2011-06-30": "34.73200", "2011-03-31": "24.74700", "2010-12-31": "-5.52400", "2010-09-30": "25.63900", "2010-06-30": "28.18100", "2010-03-31": "33.66200", "2009-12-31": "0.55700", "2009-09-30": "25.27900", "2009-06-30": "56.78800", "2009-03-31": "35.22600", "2008-12-31": "-129.60200", "2008-09-30": "45.50600", "2008-06-30": "44.01600", "2008-03-31": "47.54000", "2007-12-31": "40.16900", "2007-09-30": "41.15400", "2007-06-30": "91.50000", "2007-03-31": "43.88800", "2006-12-31": "42.70100", "2006-09-30": "15.51000", "2006-06-30": "33.68300", "2006-03-31": "28.71000", "2005-12-31": "36.91600", "2005-09-30": "17.96600", "2005-06-30": "27.04000", "2005-03-31": "13.93400"}, "Income After Taxes": {"2020-09-30": "85.00000", "2020-06-30": "69.00000", "2020-03-31": "72.00000", "2019-12-31": "19.00000", "2019-09-30": "24.00000", "2019-06-30": "32.00000", "2019-03-31": "58.00000", "2018-12-31": "20.00000", "2018-09-30": "37.00000", "2018-06-30": "52.00000", "2018-03-31": "55.00000", "2017-12-31": "273.00000", "2017-09-30": "-298.00000", "2017-06-30": "12.00000", "2017-03-31": "28.00000", "2016-12-31": "-5.00000", "2016-09-30": "18.00000", "2016-06-30": "27.00000", "2016-03-31": "9.00000", "2015-12-31": "-3.00000", "2015-09-30": "65.00000", "2015-06-30": "20.00000", "2015-03-31": "165.00000", "2014-12-31": "-22.18200", "2014-09-30": "-23.77100", "2014-06-30": "-19.45100", "2014-03-31": "18.40400", "2013-12-31": "-0.26200", "2013-09-30": "-9.60100", "2013-06-30": "143.67500", "2013-03-31": "10.71000", "2012-12-31": "-29.32400", "2012-09-30": "42.14000", "2012-06-30": "59.24800", "2012-03-31": "69.01200", "2011-12-31": "7.87500", "2011-09-30": "69.50700", "2011-06-30": "80.93200", "2011-03-31": "40.43000", "2010-12-31": "15.88200", "2010-09-30": "44.21600", "2010-06-30": "45.97200", "2010-03-31": "53.08800", "2009-12-31": "13.13000", "2009-09-30": "39.93800", "2009-06-30": "87.73700", "2009-03-31": "90.51000", "2008-12-31": "-189.49800", "2008-09-30": "95.20400", "2008-06-30": "77.94800", "2008-03-31": "74.56900", "2007-12-31": "33.59100", "2007-09-30": "67.51600", "2007-06-30": "150.20800", "2007-03-31": "78.47500", "2006-12-31": "56.01100", "2006-09-30": "40.41700", "2006-06-30": "52.92300", "2006-03-31": "43.18300", "2005-12-31": "75.74200", "2005-09-30": "27.11000", "2005-06-30": "40.54000", "2005-03-31": "22.09900"}, "Other Income": {"2020-09-30": "", "2020-06-30": "", "2020-03-31": "", "2019-12-31": "", "2019-09-30": "", "2019-06-30": "", "2019-03-31": "", "2018-12-31": "", "2018-09-30": "", "2018-06-30": "", "2018-03-31": "", "2017-12-31": "", "2017-09-30": "", "2017-06-30": "", "2017-03-31": "", "2016-12-31": "", "2016-09-30": "", "2016-06-30": "", "2016-03-31": "", "2015-12-31": "", "2015-09-30": "", "2015-06-30": "", "2015-03-31": "", "2014-12-31": "", "2014-09-30": "", "2014-06-30": "", "2014-03-31": "", "2013-12-31": "", "2013-09-30": "", "2013-06-30": "", "2013-03-31": "", "2012-12-31": "", "2012-09-30": "", "2012-06-30": "", "2012-03-31": "", "2011-12-31": "", "2011-09-30": "", "2011-06-30": "", "2011-03-31": "", "2010-12-31": "", "2010-09-30": "", "2010-06-30": "", "2010-03-31": "", "2009-12-31": "", "2009-09-30": "", "2009-06-30": "", "2009-03-31": "", "2008-12-31": "", "2008-09-30": "", "2008-06-30": "", "2008-03-31": "", "2007-12-31": "", "2007-09-30": "", "2007-06-30": "", "2007-03-31": "", "2006-12-31": "", "2006-09-30": "", "2006-06-30": "", "2006-03-31": "", "2005-12-31": "", "2005-09-30": "", "2005-06-30": "", "2005-03-31": ""}, "Income From Continuous Operations": {"2020-09-30": "85.00000", "2020-06-30": "69.00000", "2020-03-31": "72.00000", "2019-12-31": "19.00000", "2019-09-30": "24.00000", "2019-06-30": "32.00000", "2019-03-31": "58.00000", "2018-12-31": "20.00000", "2018-09-30": "37.00000", "2018-06-30": "52.00000", "2018-03-31": "55.00000", "2017-12-31": "273.00000", "2017-09-30": "-298.00000", "2017-06-30": "12.00000", "2017-03-31": "28.00000", "2016-12-31": "-5.00000", "2016-09-30": "18.00000", "2016-06-30": "27.00000", "2016-03-31": "9.00000", "2015-12-31": "-3.00000", "2015-09-30": "65.00000", "2015-06-30": "20.00000", "2015-03-31": "165.00000", "2014-12-31": "-22.18200", "2014-09-30": "-23.77100", "2014-06-30": "-19.45100", "2014-03-31": "18.40400", "2013-12-31": "-0.26200", "2013-09-30": "-9.60100", "2013-06-30": "143.67500", "2013-03-31": "10.71000", "2012-12-31": "-29.32400", "2012-09-30": "42.14000", "2012-06-30": "59.24800", "2012-03-31": "69.01200", "2011-12-31": "7.87500", "2011-09-30": "69.50700", "2011-06-30": "80.93200", "2011-03-31": "40.43000", "2010-12-31": "15.88200", "2010-09-30": "44.21600", "2010-06-30": "45.97200", "2010-03-31": "53.08800", "2009-12-31": "13.13000", "2009-09-30": "39.93800", "2009-06-30": "87.73700", "2009-03-31": "90.51000", "2008-12-31": "-189.49800", "2008-09-30": "95.20400", "2008-06-30": "77.94800", "2008-03-31": "74.56900", "2007-12-31": "44.26300", "2007-09-30": "63.55500", "2007-06-30": "147.57100", "2007-03-31": "74.40100", "2006-12-31": "54.10500", "2006-09-30": "35.87500", "2006-06-30": "50.06400", "2006-03-31": "39.44600", "2005-12-31": "73.63700", "2005-09-30": "23.67200", "2005-06-30": "38.07700", "2005-03-31": "19.56500"}, "Income From Discontinued Operations": {"2020-09-30": "", "2020-06-30": "", "2020-03-31": "", "2019-12-31": "", "2019-09-30": "", "2019-06-30": "", "2019-03-31": "", "2018-12-31": "", "2018-09-30": "", "2018-06-30": "", "2018-03-31": "", "2017-12-31": "", "2017-09-30": "", "2017-06-30": "", "2017-03-31": "", "2016-12-31": "", "2016-09-30": "", "2016-06-30": "", "2016-03-31": "", "2015-12-31": "", "2015-09-30": "", "2015-06-30": "", "2015-03-31": "", "2014-12-31": "", "2014-09-30": "", "2014-06-30": "", "2014-03-31": "", "2013-12-31": "", "2013-09-30": "", "2013-06-30": "", "2013-03-31": "", "2012-12-31": "", "2012-09-30": "", "2012-06-30": "", "2012-03-31": "", "2011-12-31": "", "2011-09-30": "", "2011-06-30": "", "2011-03-31": "", "2010-12-31": "", "2010-09-30": "", "2010-06-30": "", "2010-03-31": "", "2009-12-31": "", "2009-09-30": "", "2009-06-30": "", "2009-03-31": "", "2008-12-31": "", "2008-09-30": "", "2008-06-30": "", "2008-03-31": "", "2007-12-31": "", "2007-09-30": "", "2007-06-30": "", "2007-03-31": "", "2006-12-31": "", "2006-09-30": "", "2006-06-30": "", "2006-03-31": "", "2005-12-31": "", "2005-09-30": "", "2005-06-30": "", "2005-03-31": ""}, "Net Income": {"2020-09-30": "85.00000", "2020-06-30": "68.00000", "2020-03-31": "71.00000", "2019-12-31": "19.00000", "2019-09-30": "23.00000", "2019-06-30": "31.00000", "2019-03-31": "54.00000", "2018-12-31": "20.00000", "2018-09-30": "36.00000", "2018-06-30": "49.00000", "2018-03-31": "45.00000", "2017-12-31": "273.00000", "2017-09-30": "-299.00000", "2017-06-30": "12.00000", "2017-03-31": "26.00000", "2016-12-31": "-5.00000", "2016-09-30": "17.00000", "2016-06-30": "27.00000", "2016-03-31": "9.00000", "2015-12-31": "-2.00000", "2015-09-30": "64.00000", "2015-06-30": "19.00000", "2015-03-31": "160.00000", "2014-12-31": "-21.52800", "2014-09-30": "-22.16500", "2014-06-30": "-18.78900", "2014-03-31": "19.48200", "2013-12-31": "1.59200", "2013-09-30": "-9.85900", "2013-06-30": "143.39100", "2013-03-31": "4.91400", "2012-12-31": "-39.62200", "2012-09-30": "35.45100", "2012-06-30": "52.68500", "2012-03-31": "62.49200", "2011-12-31": "2.80100", "2011-09-30": "62.14000", "2011-06-30": "74.93900", "2011-03-31": "35.16100", "2010-12-31": "9.65600", "2010-09-30": "38.29600", "2010-06-30": "40.75300", "2010-03-31": "47.36900", "2009-12-31": "8.94500", "2009-09-30": "34.33200", "2009-06-30": "81.76800", "2009-03-31": "84.50200", "2008-12-31": "-199.96800", "2008-09-30": "89.94900", "2008-06-30": "72.60200", "2008-03-31": "70.55700", "2007-12-31": "29.20700", "2007-09-30": "63.55500", "2007-06-30": "147.57100", "2007-03-31": "74.40100", "2006-12-31": "54.10500", "2006-09-30": "35.87500", "2006-06-30": "50.06400", "2006-03-31": "39.44600", "2005-12-31": "73.63700", "2005-09-30": "23.67200", "2005-06-30": "38.07700", "2005-03-31": "19.56500"}, "EBITDA": {"2020-09-30": "227.00000", "2020-06-30": "230.00000", "2020-03-31": "227.00000", "2019-12-31": "176.00000", "2019-09-30": "199.00000", "2019-06-30": "206.00000", "2019-03-31": "233.00000", "2018-12-31": "165.00000", "2018-09-30": "195.00000", "2018-06-30": "214.00000", "2018-03-31": "224.00000", "2017-12-31": "152.00000", "2017-09-30": "-207.00000", "2017-06-30": "159.00000", "2017-03-31": "207.00000", "2016-12-31": "142.00000", "2016-09-30": "177.00000", "2016-06-30": "184.00000", "2016-03-31": "163.00000", "2015-12-31": "168.00000", "2015-09-30": "230.00000", "2015-06-30": "159.00000", "2015-03-31": "397.00000", "2014-12-31": "91.79410", "2014-09-30": "97.59810", "2014-06-30": "98.02990", "2014-03-31": "175.57800", "2013-12-31": "179.88460", "2013-09-30": "157.77800", "2013-06-30": "421.67200", "2013-03-31": "191.31110", "2012-12-31": "108.45430", "2012-09-30": "193.23010", "2012-06-30": "231.71800", "2012-03-31": "231.88700", "2011-12-31": "158.29190", "2011-09-30": "243.28400", "2011-06-30": "250.67300", "2011-03-31": "202.08800", "2010-12-31": "142.11040", "2010-09-30": "201.50200", "2010-06-30": "207.95890", "2010-03-31": "220.85700", "2009-12-31": "150.42810", "2009-09-30": "205.60000", "2009-06-30": "277.61490", "2009-03-31": "256.81700", "2008-12-31": "-184.61570", "2008-09-30": "265.39100", "2008-06-30": "263.16010", "2008-03-31": "261.49590", "2007-12-31": "201.46090", "2007-09-30": "248.95290", "2007-06-30": "269.49600", "2007-03-31": "254.47510", "2006-12-31": "189.71920", "2006-09-30": "224.26700", "2006-06-30": "219.39710", "2006-03-31": "212.03790", "2005-12-31": "169.26410", "2005-09-30": "191.29700", "2005-06-30": "193.70700", "2005-03-31": "167.02200"}, "EBIT": {"2020-09-30": "65.00000", "2020-06-30": "53.00000", "2020-03-31": "50.00000", "2019-12-31": "-2.00000", "2019-09-30": "20.00000", "2019-06-30": "30.00000", "2019-03-31": "64.00000", "2018-12-31": "3.00000", "2018-09-30": "34.00000", "2018-06-30": "56.00000", "2018-03-31": "65.00000", "2017-12-31": "-3.00000", "2017-09-30": "-360.00000", "2017-06-30": "5.00000", "2017-03-31": "54.00000", "2016-12-31": "-14.00000", "2016-09-30": "22.00000", "2016-06-30": "30.00000", "2016-03-31": "10.00000", "2015-12-31": "11.00000", "2015-09-30": "78.00000", "2015-06-30": "8.00000", "2015-03-31": "250.00000", "2014-12-31": "-49.16400", "2014-09-30": "-51.35390", "2014-06-30": "-50.30710", "2014-03-31": "7.82500", "2013-12-31": "-30.48660", "2013-09-30": "-43.20700", "2013-06-30": "219.09200", "2013-03-31": "1.46610", "2012-12-31": "-60.78780", "2012-09-30": "48.07910", "2012-06-30": "84.16300", "2012-03-31": "85.20200", "2011-12-31": "16.31620", "2011-09-30": "101.62000", "2011-06-30": "104.09600", "2011-03-31": "58.74810", "2010-12-31": "-1.01370", "2010-09-30": "61.35900", "2010-06-30": "63.50390", "2010-03-31": "77.62400", "2009-12-31": "8.20000", "2009-09-30": "59.54800", "2009-06-30": "138.83790", "2009-03-31": "118.93900", "2008-12-31": "-328.21470", "2008-09-30": "119.95700", "2008-06-30": "117.90210", "2008-03-31": "118.96590", "2007-12-31": "63.26500", "2007-09-30": "100.93890", "2007-06-30": "123.47200", "2007-03-31": "108.52310", "2006-12-31": "63.64500", "2006-09-30": "77.32700", "2006-06-30": "78.91110", "2006-03-31": "70.01290", "2005-12-31": "61.41500", "2005-09-30": "63.33000", "2005-06-30": "66.92300", "2005-03-31": "39.52900"}, "Basic Shares Outstanding": {"2020-09-30": "86.00000", "2020-06-30": "86.00000", "2020-03-31": "86.00000", "2019-12-31": "86.00000", "2019-09-30": "86.00000", "2019-06-30": "87.00000", "2019-03-31": "86.00000", "2018-12-31": "86.00000", "2018-09-30": "86.00000", "2018-06-30": "86.00000", "2018-03-31": "85.00000", "2017-12-31": "85.00000", "2017-09-30": "85.00000", "2017-06-30": "85.00000", "2017-03-31": "85.00000", "2016-12-31": "85.00000", "2016-09-30": "85.00000", "2016-06-30": "85.00000", "2016-03-31": "84.00000", "2015-12-31": "84.00000", "2015-09-30": "84.00000", "2015-06-30": "84.00000", "2015-03-31": "84.00000", "2014-12-31": "84.00000", "2014-09-30": "84.23300", "2014-06-30": "84.34100", "2014-03-31": "84.21300", "2013-12-31": "83.96800", "2013-09-30": "84.00500", "2013-06-30": "83.84500", "2013-03-31": "83.83800", "2012-12-31": "84.64500", "2012-09-30": "84.73700", "2012-06-30": "84.70700", "2012-03-31": "84.57000", "2011-12-31": "84.87700", "2011-09-30": "84.54700", "2011-06-30": "84.93000", "2011-03-31": "85.48400", "2010-12-31": "86.12800", "2010-09-30": "85.99200", "2010-06-30": "86.42500", "2010-03-31": "86.57600", "2009-12-31": "86.94600", "2009-09-30": "86.84800", "2009-06-30": "86.99200", "2009-03-31": "87.19600", "2008-12-31": "87.45700", "2008-09-30": "87.46000", "2008-06-30": "87.57100", "2008-03-31": "87.57100", "2007-12-31": "87.73000", "2007-09-30": "87.75700", "2007-06-30": "87.59000", "2007-03-31": "87.88200", "2006-12-31": "87.34600", "2006-09-30": "87.28100", "2006-06-30": "87.28100", "2006-03-31": "87.21300", "2005-12-31": "86.77500", "2005-09-30": "86.90400", "2005-06-30": "86.70800", "2005-03-31": "86.40500"}, "Shares Outstanding": {"2020-09-30": "88.00000", "2020-06-30": "87.00000", "2020-03-31": "88.00000", "2019-12-31": "88.00000", "2019-09-30": "88.00000", "2019-06-30": "88.00000", "2019-03-31": "88.00000", "2018-12-31": "87.00000", "2018-09-30": "87.00000", "2018-06-30": "86.00000", "2018-03-31": "86.00000", "2017-12-31": "86.00000", "2017-09-30": "85.00000", "2017-06-30": "86.00000", "2017-03-31": "86.00000", "2016-12-31": "85.00000", "2016-09-30": "85.00000", "2016-06-30": "85.00000", "2016-03-31": "85.00000", "2015-12-31": "85.00000", "2015-09-30": "85.00000", "2015-06-30": "85.00000", "2015-03-31": "85.00000", "2014-12-31": "84.00000", "2014-09-30": "84.23300", "2014-06-30": "84.34100", "2014-03-31": "85.06500", "2013-12-31": "84.73000", "2013-09-30": "84.00500", "2013-06-30": "84.66100", "2013-03-31": "84.58800", "2012-12-31": "85.23000", "2012-09-30": "85.34800", "2012-06-30": "85.23600", "2012-03-31": "85.13300", "2011-12-31": "85.44800", "2011-09-30": "84.94000", "2011-06-30": "85.39700", "2011-03-31": "86.10100", "2010-12-31": "86.51800", "2010-09-30": "86.42800", "2010-06-30": "86.78700", "2010-03-31": "86.97800", "2009-12-31": "87.16800", "2009-09-30": "87.12800", "2009-06-30": "87.17700", "2009-03-31": "87.44600", "2008-12-31": "87.75400", "2008-09-30": "87.83300", "2008-06-30": "87.87200", "2008-03-31": "88.06400", "2007-12-31": "88.48100", "2007-09-30": "88.58900", "2007-06-30": "88.41000", "2007-03-31": "88.68800", "2006-12-31": "88.10900", "2006-09-30": "88.09200", "2006-06-30": "88.08300", "2006-03-31": "87.80700", "2005-12-31": "87.46400", "2005-09-30": "87.66100", "2005-06-30": "87.37500", "2005-03-31": "87.12500"}, "Basic EPS": {"2020-09-30": "0.98000", "2020-06-30": "0.79000", "2020-03-31": "0.82000", "2019-12-31": "0.21000", "2019-09-30": "0.27000", "2019-06-30": "0.36000", "2019-03-31": "0.63000", "2018-12-31": "0.24000", "2018-09-30": "0.42000", "2018-06-30": "0.57000", "2018-03-31": "0.52000", "2017-12-31": "3.20000", "2017-09-30": "-3.51000", "2017-06-30": "0.14000", "2017-03-31": "0.31000", "2016-12-31": "-0.06000", "2016-09-30": "0.20000", "2016-06-30": "0.32000", "2016-03-31": "0.10000", "2015-12-31": "-0.02000", "2015-09-30": "0.75000", "2015-06-30": "0.23000", "2015-03-31": "1.90000", "2014-12-31": "-0.26000", "2014-09-30": "-0.26000", "2014-06-30": "-0.22000", "2014-03-31": "0.23000", "2013-12-31": "0.02000", "2013-09-30": "-0.12000", "2013-06-30": "1.71000", "2013-03-31": "0.06000", "2012-12-31": "-0.47000", "2012-09-30": "0.42000", "2012-06-30": "0.62000", "2012-03-31": "0.74000", "2011-12-31": "0.04000", "2011-09-30": "0.73000", "2011-06-30": "0.88000", "2011-03-31": "0.41000", "2010-12-31": "0.11000", "2010-09-30": "0.45000", "2010-06-30": "0.47000", "2010-03-31": "0.55000", "2009-12-31": "0.10000", "2009-09-30": "0.40000", "2009-06-30": "0.94000", "2009-03-31": "0.97000", "2008-12-31": "-2.29000", "2008-09-30": "1.03000", "2008-06-30": "0.83000", "2008-03-31": "0.81000", "2007-12-31": "0.34000", "2007-09-30": "0.72000", "2007-06-30": "1.68000", "2007-03-31": "0.85000", "2006-12-31": "0.62000", "2006-09-30": "0.41000", "2006-06-30": "0.57000", "2006-03-31": "0.45000", "2005-12-31": "0.85000", "2005-09-30": "0.27000", "2005-06-30": "0.44000", "2005-03-31": "0.23000"}, "EPS - Earnings Per Share": {"2020-09-30": "0.97000", "2020-06-30": "0.78000", "2020-03-31": "0.81000", "2019-12-31": "0.20000", "2019-09-30": "0.27000", "2019-06-30": "0.35000", "2019-03-31": "0.62000", "2018-12-31": "0.23000", "2018-09-30": "0.41000", "2018-06-30": "0.56000", "2018-03-31": "0.52000", "2017-12-31": "3.20000", "2017-09-30": "-3.51000", "2017-06-30": "0.14000", "2017-03-31": "0.31000", "2016-12-31": "-0.06000", "2016-09-30": "0.20000", "2016-06-30": "0.32000", "2016-03-31": "0.10000", "2015-12-31": "-0.03000", "2015-09-30": "0.75000", "2015-06-30": "0.23000", "2015-03-31": "1.89000", "2014-12-31": "-0.26000", "2014-09-30": "-0.26000", "2014-06-30": "-0.22000", "2014-03-31": "0.23000", "2013-12-31": "0.02000", "2013-09-30": "-0.12000", "2013-06-30": "1.69000", "2013-03-31": "0.06000", "2012-12-31": "-0.47000", "2012-09-30": "0.42000", "2012-06-30": "0.62000", "2012-03-31": "0.73000", "2011-12-31": "0.03000", "2011-09-30": "0.73000", "2011-06-30": "0.88000", "2011-03-31": "0.41000", "2010-12-31": "0.12000", "2010-09-30": "0.44000", "2010-06-30": "0.47000", "2010-03-31": "0.54000", "2009-12-31": "0.10000", "2009-09-30": "0.39000", "2009-06-30": "0.94000", "2009-03-31": "0.97000", "2008-12-31": "-2.27000", "2008-09-30": "1.02000", "2008-06-30": "0.83000", "2008-03-31": "0.80000", "2007-12-31": "0.33000", "2007-09-30": "0.72000", "2007-06-30": "1.67000", "2007-03-31": "0.84000", "2006-12-31": "0.61000", "2006-09-30": "0.41000", "2006-06-30": "0.57000", "2006-03-31": "0.45000", "2005-12-31": "0.84000", "2005-09-30": "0.27000", "2005-06-30": "0.44000", "2005-03-31": "0.22000"}}, "balance sheet": {"Cash On Hand": {"2019-12-31": "285.00000", "2018-12-31": "597.00000", "2017-12-31": "402.00000", "2016-12-31": "586.00000", "2015-12-31": "715.00000", "2014-12-31": "211.51300", "2013-12-31": "392.16900", "2012-12-31": "479.03400", "2011-12-31": "551.19400", "2010-12-31": "423.50100", "2009-12-31": "294.74100", "2008-12-31": "170.99600", "2007-12-31": "220.88500", "2006-12-31": "281.95100", "2005-12-31": "29.00300"}, "Receivables": {"2019-12-31": "1056.00000", "2018-12-31": "991.00000", "2017-12-31": "843.00000", "2016-12-31": "727.00000", "2015-12-31": "672.00000", "2014-12-31": "556.95800", "2013-12-31": "586.59500", "2012-12-31": "446.83200", "2011-12-31": "516.61200", "2010-12-31": "465.41600", "2009-12-31": "425.77400", "2008-12-31": "442.13400", "2007-12-31": "435.49700", "2006-12-31": "407.43800", "2005-12-31": "362.35900"}, "Inventory": {"2019-12-31": "162.00000", "2018-12-31": "142.00000", "2017-12-31": "138.00000", "2016-12-31": "138.00000", "2015-12-31": "149.00000", "2014-12-31": "267.06800", "2013-12-31": "238.18800", "2012-12-31": "155.88600", "2011-12-31": "127.05600", "2010-12-31": "112.27900", "2009-12-31": "152.55600", "2008-12-31": "116.56400", "2007-12-31": "100.99000", "2006-12-31": "117.18900", "2005-12-31": "92.74800"}, "Pre-Paid Expenses": {"2019-12-31": "50.00000", "2018-12-31": "63.00000", "2017-12-31": "79.00000", "2016-12-31": "84.00000", "2015-12-31": "81.00000", "2014-12-31": "59.74400", "2013-12-31": "65.59600", "2012-12-31": "62.56000", "2011-12-31": "55.98000", "2010-12-31": "53.35600", "2009-12-31": "63.46300", "2008-12-31": "51.64500", "2007-12-31": "41.58800", "2006-12-31": "34.95500", "2005-12-31": "32.06800"}, "Other Current Assets": {"2019-12-31": "20.00000", "2018-12-31": "19.00000", "2017-12-31": "21.00000", "2016-12-31": "23.00000", "2015-12-31": "55.00000", "2014-12-31": "90.83400", "2013-12-31": "19.53800", "2012-12-31": "16.74500", "2011-12-31": "10.09600", "2010-12-31": "10.80400", "2009-12-31": "51.01300", "2008-12-31": "14.22700", "2007-12-31": "16.22700", "2006-12-31": "13.38500", "2005-12-31": "15.48900"}, "Total Current Assets": {"2019-12-31": "1573.00000", "2018-12-31": "1812.00000", "2017-12-31": "1483.00000", "2016-12-31": "1558.00000", "2015-12-31": "1672.00000", "2014-12-31": "1279.17500", "2013-12-31": "1401.19100", "2012-12-31": "1196.47600", "2011-12-31": "1292.84300", "2010-12-31": "1092.11300", "2009-12-31": "1009.11700", "2008-12-31": "815.04700", "2007-12-31": "833.75300", "2006-12-31": "854.91800", "2005-12-31": "539.88500"}, "Property, Plant, And Equipment": {"2019-12-31": "2207.00000", "2018-12-31": "2202.00000", "2017-12-31": "2320.00000", "2016-12-31": "2470.00000", "2015-12-31": "2649.00000", "2014-12-31": "2728.21700", "2013-12-31": "2856.52000", "2012-12-31": "3022.58800", "2011-12-31": "2790.30200", "2010-12-31": "2574.52200", "2009-12-31": "2601.33800", "2008-12-31": "2620.37600", "2007-12-31": "2595.09600", "2006-12-31": "2628.84800", "2005-12-31": "2553.02900"}, "Long-Term Investments": {"2019-12-31": "447.00000", "2018-12-31": "441.00000", "2017-12-31": "415.00000", "2016-12-31": "413.00000", "2015-12-31": "363.00000", "2014-12-31": "283.01400", "2013-12-31": "265.58500", "2012-12-31": "194.83600", "2011-12-31": "168.15300", "2010-12-31": "206.88000", "2009-12-31": "161.48100", "2008-12-31": "156.63700", "2007-12-31": "157.69300", "2006-12-31": "155.19800", "2005-12-31": "397.48000"}, "Goodwill And Intangible Assets": {"2019-12-31": "2471.00000", "2018-12-31": "2186.00000", "2017-12-31": "2223.00000", "2016-12-31": "2256.00000", "2015-12-31": "2204.00000", "2014-12-31": "1813.58900", "2013-12-31": "1788.65000", "2012-12-31": "1878.53700", "2011-12-31": "1965.82000", "2010-12-31": "1947.59700", "2009-12-31": "1933.82000", "2008-12-31": "1936.63000", "2007-12-31": "1989.13700", "2006-12-31": "2005.97500", "2005-12-31": "1891.14700"}, "Other Long-Term Assets": {"2019-12-31": "566.00000", "2018-12-31": "633.00000", "2017-12-31": "400.00000", "2016-12-31": "413.00000", "2015-12-31": "172.00000", "2014-12-31": "358.31400", "2013-12-31": "133.76200", "2012-12-31": "295.01300", "2011-12-31": "108.93700", "2010-12-31": "50.36700", "2009-12-31": "38.77600", "2008-12-31": "33.05500", "2007-12-31": "31.77300", "2006-12-31": "31.13600", "2005-12-31": "29.98500"}, "Total Long-Term Assets": {"2019-12-31": "6591.00000", "2018-12-31": "5462.00000", "2017-12-31": "5358.00000", "2016-12-31": "5552.00000", "2015-12-31": "5388.00000", "2014-12-31": "5183.13400", "2013-12-31": "5044.51700", "2012-12-31": "5390.97400", "2011-12-31": "5035.13300", "2010-12-31": "4783.43600", "2009-12-31": "4739.62900", "2008-12-31": "4750.99600", "2007-12-31": "4778.12100", "2006-12-31": "4825.69800", "2005-12-31": "4876.34800"}, "Total Assets": {"2019-12-31": "8164.00000", "2018-12-31": "7274.00000", "2017-12-31": "6841.00000", "2016-12-31": "7110.00000", "2015-12-31": "7060.00000", "2014-12-31": "6462.30900", "2013-12-31": "6445.70800", "2012-12-31": "6587.45000", "2011-12-31": "6327.97600", "2010-12-31": "5875.54900", "2009-12-31": "5748.74600", "2008-12-31": "5566.04200", "2007-12-31": "5611.87400", "2006-12-31": "5680.61600", "2005-12-31": "5416.23300"}, "Total Current Liabilities": {"2019-12-31": "750.00000", "2018-12-31": "691.00000", "2017-12-31": "733.00000", "2016-12-31": "718.00000", "2015-12-31": "748.00000", "2014-12-31": "856.89400", "2013-12-31": "1006.17300", "2012-12-31": "754.99900", "2011-12-31": "722.28000", "2010-12-31": "648.48400", "2009-12-31": "663.97700", "2008-12-31": "601.88300", "2007-12-31": "604.24300", "2006-12-31": "856.71000", "2005-12-31": "662.72100"}, "Long Term Debt": {"2019-12-31": "1502.00000", "2018-12-31": "1605.00000", "2017-12-31": "1622.00000", "2016-12-31": "1618.00000", "2015-12-31": "1629.00000", "2014-12-31": "1126.86000", "2013-12-31": "878.03200", "2012-12-31": "878.85800", "2011-12-31": "880.32000", "2010-12-31": "867.94100", "2009-12-31": "867.52200", "2008-12-31": "996.63600", "2007-12-31": "1002.29300", "2006-12-31": "1001.83900", "2005-12-31": "1161.24100"}, "Other Non-Current Liabilities": {"2019-12-31": "319.00000", "2018-12-31": "390.00000", "2017-12-31": "337.00000", "2016-12-31": "302.00000", "2015-12-31": "290.00000", "2014-12-31": "304.93600", "2013-12-31": "315.07300", "2012-12-31": "308.03500", "2011-12-31": "249.26400", "2010-12-31": "234.85500", "2009-12-31": "262.41200", "2008-12-31": "233.61900", "2007-12-31": "211.37400", "2006-12-31": "190.55300", "2005-12-31": "162.27600"}, "Total Long Term Liabilities": {"2019-12-31": "3204.00000", "2018-12-31": "2516.00000", "2017-12-31": "2421.00000", "2016-12-31": "2747.00000", "2015-12-31": "2741.00000", "2014-12-31": "2292.81300", "2013-12-31": "2029.93800", "2012-12-31": "2037.20400", "2011-12-31": "1929.77900", "2010-12-31": "1687.09500", "2009-12-31": "1644.65500", "2008-12-31": "1708.95000", "2007-12-31": "1811.47500", "2006-12-31": "1830.62700", "2005-12-31": "2012.47400"}, "Total Liabilities": {"2019-12-31": "3954.00000", "2018-12-31": "3207.00000", "2017-12-31": "3154.00000", "2016-12-31": "3465.00000", "2015-12-31": "3489.00000", "2014-12-31": "3149.70700", "2013-12-31": "3036.11100", "2012-12-31": "2792.20300", "2011-12-31": "2652.05900", "2010-12-31": "2335.57900", "2009-12-31": "2308.63200", "2008-12-31": "2310.83300", "2007-12-31": "2415.71800", "2006-12-31": "2687.33700", "2005-12-31": "2675.19500"}, "Common Stock Net": {"2019-12-31": "88.00000", "2018-12-31": "88.00000", "2017-12-31": "88.00000", "2016-12-31": "88.00000", "2015-12-31": "88.00000", "2014-12-31": "88.07400", "2013-12-31": "88.07400", "2012-12-31": "88.07400", "2011-12-31": "88.07400", "2010-12-31": "88.07400", "2009-12-31": "88.07400", "2008-12-31": "88.07400", "2007-12-31": "88.05200", "2006-12-31": "88.05200", "2005-12-31": "88.05200"}, "Retained Earnings (Accumulated Deficit)": {"2019-12-31": "2550.00000", "2018-12-31": "2444.00000", "2017-12-31": "2157.00000", "2016-12-31": "2160.00000", "2015-12-31": "2133.00000", "2014-12-31": "1910.49800", "2013-12-31": "2043.09500", "2012-12-31": "2399.05200", "2011-12-31": "2297.36300", "2010-12-31": "2135.50700", "2009-12-31": "2013.63300", "2008-12-31": "1828.68000", "2007-12-31": "1823.02200", "2006-12-31": "1548.47800", "2005-12-31": "1368.98800"}, "Comprehensive Income": {"2019-12-31": "", "2018-12-31": "", "2017-12-31": "", "2016-12-31": "", "2015-12-31": "", "2014-12-31": "", "2013-12-31": "", "2012-12-31": "", "2011-12-31": "", "2010-12-31": "", "2009-12-31": "", "2008-12-31": "", "2007-12-31": "10.13400", "2006-12-31": "80.38200", "2005-12-31": "44.12200"}, "Other Share Holders Equity": {"2019-12-31": "", "2018-12-31": "", "2017-12-31": "", "2016-12-31": "", "2015-12-31": "", "2014-12-31": "", "2013-12-31": "", "2012-12-31": "", "2011-12-31": "", "2010-12-31": "", "2009-12-31": "", "2008-12-31": "", "2007-12-31": "", "2006-12-31": "", "2005-12-31": ""}, "Share Holder Equity": {"2019-12-31": "4210.00000", "2018-12-31": "4067.00000", "2017-12-31": "3687.00000", "2016-12-31": "3645.00000", "2015-12-31": "3571.00000", "2014-12-31": "3312.60200", "2013-12-31": "3409.59700", "2012-12-31": "3795.24700", "2011-12-31": "3675.91700", "2010-12-31": "3539.97000", "2009-12-31": "3440.11400", "2008-12-31": "3255.20900", "2007-12-31": "3196.15600", "2006-12-31": "2993.27900", "2005-12-31": "2741.03800"}, "Total Liabilities And Share Holders Equity": {"2019-12-31": "8164.00000", "2018-12-31": "7274.00000", "2017-12-31": "6841.00000", "2016-12-31": "7110.00000", "2015-12-31": "7060.00000", "2014-12-31": "6462.30900", "2013-12-31": "6445.70800", "2012-12-31": "6587.45000", "2011-12-31": "6327.97600", "2010-12-31": "5875.54900", "2009-12-31": "5748.74600", "2008-12-31": "5566.04200", "2007-12-31": "5611.87400", "2006-12-31": "5680.61600", "2005-12-31": "5416.23300"}}, "balance sheet, quarterly": {"Cash On Hand": {"2020-09-30": "931.00000", "2020-06-30": "418.00000", "2020-03-31": "258.00000", "2019-12-31": "285.00000", "2019-09-30": "570.00000", "2019-06-30": "546.00000", "2019-03-31": "665.00000", "2018-12-31": "597.00000", "2018-09-30": "730.00000", "2018-06-30": "596.00000", "2018-03-31": "509.00000", "2017-12-31": "402.00000", "2017-09-30": "548.00000", "2017-06-30": "472.00000", "2017-03-31": "572.00000", "2016-12-31": "586.00000", "2016-09-30": "674.00000", "2016-06-30": "621.00000", "2016-03-31": "772.00000", "2015-12-31": "715.00000", "2015-09-30": "596.76600", "2015-06-30": "362.28200", "2015-03-31": "336.89300", "2014-12-31": "211.51300", "2014-09-30": "313.81200", "2014-06-30": "444.09300", "2014-03-31": "438.59700", "2013-12-31": "392.16900", "2013-09-30": "228.26300", "2013-06-30": "577.77300", "2013-03-31": "530.28100", "2012-12-31": "479.03400", "2012-09-30": "550.07300", "2012-06-30": "538.36200", "2012-03-31": "627.44600", "2011-12-31": "551.19400", "2011-09-30": "615.71300", "2011-06-30": "524.71000", "2011-03-31": "542.54600", "2010-12-31": "423.50100", "2010-09-30": "390.06300", "2010-06-30": "368.65100", "2010-03-31": "315.19200", "2009-12-31": "294.74100", "2009-09-30": "404.89400", "2009-06-30": "275.92000", "2009-03-31": "191.79700", "2008-12-31": "170.99600", "2008-09-30": "177.60800", "2008-06-30": "117.66300", "2008-03-31": "232.87900", "2007-12-31": "220.88500", "2007-09-30": "198.15300", "2007-06-30": "146.08200", "2007-03-31": "430.64800", "2006-12-31": "281.95100", "2006-09-30": "243.84300", "2006-06-30": "240.19500", "2006-03-31": "17.04500", "2005-12-31": "29.00300", "2005-09-30": "31.06900", "2005-06-30": "17.56200", "2005-03-31": "30.86600"}, "Receivables": {"2020-09-30": "1119.00000", "2020-06-30": "1076.00000", "2020-03-31": "1026.00000", "2019-12-31": "1056.00000", "2019-09-30": "993.00000", "2019-06-30": "959.00000", "2019-03-31": "941.00000", "2018-12-31": "991.00000", "2018-09-30": "929.00000", "2018-06-30": "875.00000", "2018-03-31": "843.00000", "2017-12-31": "843.00000", "2017-09-30": "757.00000", "2017-06-30": "732.00000", "2017-03-31": "705.00000", "2016-12-31": "727.00000", "2016-09-30": "688.00000", "2016-06-30": "680.00000", "2016-03-31": "666.00000", "2015-12-31": "672.00000", "2015-09-30": "628.79600", "2015-06-30": "562.46800", "2015-03-31": "558.99800", "2014-12-31": "556.95800", "2014-09-30": "516.37300", "2014-06-30": "480.48800", "2014-03-31": "484.47100", "2013-12-31": "586.59500", "2013-09-30": "560.91500", "2013-06-30": "368.82600", "2013-03-31": "397.47700", "2012-12-31": "446.83200", "2012-09-30": "466.06500", "2012-06-30": "431.08500", "2012-03-31": "397.63700", "2011-12-31": "516.61200", "2011-09-30": "469.45500", "2011-06-30": "462.55300", "2011-03-31": "410.47300", "2010-12-31": "465.41600", "2010-09-30": "447.19300", "2010-06-30": "411.45000", "2010-03-31": "404.55300", "2009-12-31": "425.77400", "2009-09-30": "452.75100", "2009-06-30": "447.52100", "2009-03-31": "414.38300", "2008-12-31": "442.13400", "2008-09-30": "443.53400", "2008-06-30": "442.41500", "2008-03-31": "415.17800", "2007-12-31": "435.49700", "2007-09-30": "429.68400", "2007-06-30": "409.77100", "2007-03-31": "382.43100", "2006-12-31": "407.43800", "2006-09-30": "393.52000", "2006-06-30": "396.78700", "2006-03-31": "367.63500", "2005-12-31": "362.35900", "2005-09-30": "325.55100", "2005-06-30": "323.00300", "2005-03-31": "309.14800"}, "Inventory": {"2020-09-30": "157.00000", "2020-06-30": "145.00000", "2020-03-31": "212.00000", "2019-12-31": "162.00000", "2019-09-30": "139.00000", "2019-06-30": "146.00000", "2019-03-31": "157.00000", "2018-12-31": "142.00000", "2018-09-30": "123.00000", "2018-06-30": "141.00000", "2018-03-31": "141.00000", "2017-12-31": "138.00000", "2017-09-30": "102.00000", "2017-06-30": "141.00000", "2017-03-31": "141.00000", "2016-12-31": "138.00000", "2016-09-30": "140.00000", "2016-06-30": "176.00000", "2016-03-31": "151.00000", "2015-12-31": "149.00000", "2015-09-30": "176.25900", "2015-06-30": "135.40100", "2015-03-31": "164.90000", "2014-12-31": "267.06800", "2014-09-30": "184.82200", "2014-06-30": "199.85900", "2014-03-31": "218.88200", "2013-12-31": "238.18800", "2013-09-30": "142.56000", "2013-06-30": "163.43300", "2013-03-31": "139.13600", "2012-12-31": "155.88600", "2012-09-30": "196.52300", "2012-06-30": "183.13900", "2012-03-31": "131.51000", "2011-12-31": "127.05600", "2011-09-30": "148.77000", "2011-06-30": "160.78300", "2011-03-31": "108.81800", "2010-12-31": "112.27900", "2010-09-30": "119.88200", "2010-06-30": "120.30400", "2010-03-31": "153.27800", "2009-12-31": "152.55600", "2009-09-30": "121.07300", "2009-06-30": "125.57800", "2009-03-31": "108.05100", "2008-12-31": "116.56400", "2008-09-30": "112.55300", "2008-06-30": "120.81700", "2008-03-31": "114.68700", "2007-12-31": "100.99000", "2007-09-30": "113.07800", "2007-06-30": "118.07200", "2007-03-31": "101.19600", "2006-12-31": "117.18900", "2006-09-30": "76.92500", "2006-06-30": "82.23900", "2006-03-31": "85.11800", "2005-12-31": "92.74800", "2005-09-30": "54.89900", "2005-06-30": "55.12700", "2005-03-31": "69.75100"}, "Pre-Paid Expenses": {"2020-09-30": "54.00000", "2020-06-30": "50.00000", "2020-03-31": "58.00000", "2019-12-31": "50.00000", "2019-09-30": "49.00000", "2019-06-30": "48.00000", "2019-03-31": "47.00000", "2018-12-31": "63.00000", "2018-09-30": "62.00000", "2018-06-30": "63.00000", "2018-03-31": "66.00000", "2017-12-31": "79.00000", "2017-09-30": "76.00000", "2017-06-30": "80.00000", "2017-03-31": "85.00000", "2016-12-31": "84.00000", "2016-09-30": "80.00000", "2016-06-30": "86.00000", "2016-03-31": "96.00000", "2015-12-31": "81.00000", "2015-09-30": "88.04100", "2015-06-30": "73.31900", "2015-03-31": "69.70200", "2014-12-31": "59.74400", "2014-09-30": "62.15800", "2014-06-30": "63.83600", "2014-03-31": "65.51000", "2013-12-31": "65.59600", "2013-09-30": "71.04700", "2013-06-30": "68.06300", "2013-03-31": "64.36500", "2012-12-31": "62.56000", "2012-09-30": "60.63100", "2012-06-30": "61.19400", "2012-03-31": "57.65500", "2011-12-31": "55.98000", "2011-09-30": "56.60700", "2011-06-30": "64.20800", "2011-03-31": "62.70900", "2010-12-31": "53.35600", "2010-09-30": "70.75900", "2010-06-30": "65.21900", "2010-03-31": "72.82900", "2009-12-31": "63.46300", "2009-09-30": "63.02000", "2009-06-30": "49.04000", "2009-03-31": "57.76600", "2008-12-31": "51.64500", "2008-09-30": "59.56500", "2008-06-30": "51.92300", "2008-03-31": "56.61900", "2007-12-31": "41.58800", "2007-09-30": "46.63400", "2007-06-30": "46.27700", "2007-03-31": "45.52000", "2006-12-31": "34.95500", "2006-09-30": "36.60500", "2006-06-30": "43.08200", "2006-03-31": "37.53900", "2005-12-31": "32.06800", "2005-09-30": "31.36000", "2005-06-30": "29.35100", "2005-03-31": "32.93800"}, "Other Current Assets": {"2020-09-30": "28.00000", "2020-06-30": "29.00000", "2020-03-31": "22.00000", "2019-12-31": "20.00000", "2019-09-30": "19.00000", "2019-06-30": "36.00000", "2019-03-31": "29.00000", "2018-12-31": "19.00000", "2018-09-30": "20.00000", "2018-06-30": "34.00000", "2018-03-31": "32.00000", "2017-12-31": "21.00000", "2017-09-30": "21.00000", "2017-06-30": "15.00000", "2017-03-31": "21.00000", "2016-12-31": "23.00000", "2016-09-30": "25.00000", "2016-06-30": "22.00000", "2016-03-31": "23.00000", "2015-12-31": "55.00000", "2015-09-30": "18.73000", "2015-06-30": "18.14400", "2015-03-31": "18.11200", "2014-12-31": "90.83400", "2014-09-30": "23.23700", "2014-06-30": "20.90800", "2014-03-31": "19.70200", "2013-12-31": "19.53800", "2013-09-30": "19.05100", "2013-06-30": "18.84500", "2013-03-31": "17.11100", "2012-12-31": "16.74500", "2012-09-30": "15.99300", "2012-06-30": "11.19700", "2012-03-31": "11.14900", "2011-12-31": "10.09600", "2011-09-30": "10.69300", "2011-06-30": "11.09900", "2011-03-31": "10.28200", "2010-12-31": "10.80400", "2010-09-30": "49.11100", "2010-06-30": "48.66200", "2010-03-31": "55.25000", "2009-12-31": "51.01300", "2009-09-30": "53.10100", "2009-06-30": "54.70500", "2009-03-31": "8.28300", "2008-12-31": "14.22700", "2008-09-30": "14.52700", "2008-06-30": "24.21300", "2008-03-31": "16.82200", "2007-12-31": "16.22700", "2007-09-30": "12.22900", "2007-06-30": "10.73400", "2007-03-31": "10.64200", "2006-12-31": "13.38500", "2006-09-30": "21.16000", "2006-06-30": "21.41800", "2006-03-31": "17.54900", "2005-12-31": "15.48900", "2005-09-30": "12.85400", "2005-06-30": "18.05600", "2005-03-31": "14.99800"}, "Total Current Assets": {"2020-09-30": "2289.00000", "2020-06-30": "1718.00000", "2020-03-31": "1576.00000", "2019-12-31": "1573.00000", "2019-09-30": "1770.00000", "2019-06-30": "1735.00000", "2019-03-31": "1839.00000", "2018-12-31": "1812.00000", "2018-09-30": "1864.00000", "2018-06-30": "1709.00000", "2018-03-31": "1591.00000", "2017-12-31": "1483.00000", "2017-09-30": "1504.00000", "2017-06-30": "1440.00000", "2017-03-31": "1524.00000", "2016-12-31": "1558.00000", "2016-09-30": "1607.00000", "2016-06-30": "1585.00000", "2016-03-31": "1708.00000", "2015-12-31": "1672.00000", "2015-09-30": "1591.31100", "2015-06-30": "1229.58300", "2015-03-31": "1225.85100", "2014-12-31": "1279.17500", "2014-09-30": "1198.25800", "2014-06-30": "1308.28900", "2014-03-31": "1326.26700", "2013-12-31": "1401.19100", "2013-09-30": "1076.31100", "2013-06-30": "1245.75800", "2013-03-31": "1184.67200", "2012-12-31": "1196.47600", "2012-09-30": "1327.15300", "2012-06-30": "1260.61800", "2012-03-31": "1257.30200", "2011-12-31": "1292.84300", "2011-09-30": "1327.99500", "2011-06-30": "1260.93500", "2011-03-31": "1161.58500", "2010-12-31": "1092.11300", "2010-09-30": "1098.57800", "2010-06-30": "1035.85600", "2010-03-31": "1022.67200", "2009-12-31": "1009.11700", "2009-09-30": "1114.32000", "2009-06-30": "972.24500", "2009-03-31": "799.76100", "2008-12-31": "815.04700", "2008-09-30": "828.34200", "2008-06-30": "775.26600", "2008-03-31": "855.52000", "2007-12-31": "833.75300", "2007-09-30": "801.10600", "2007-06-30": "740.01800", "2007-03-31": "970.43700", "2006-12-31": "854.91800", "2006-09-30": "772.05300", "2006-06-30": "783.72100", "2006-03-31": "532.93800", "2005-12-31": "539.88500", "2005-09-30": "471.07000", "2005-06-30": "489.56000", "2005-03-31": "530.36800"}, "Property, Plant, And Equipment": {"2020-09-30": "2322.00000", "2020-06-30": "2258.00000", "2020-03-31": "2268.00000", "2019-12-31": "2207.00000", "2019-09-30": "2144.00000", "2019-06-30": "2154.00000", "2019-03-31": "2137.00000", "2018-12-31": "2202.00000", "2018-09-30": "2126.00000", "2018-06-30": "2159.00000", "2018-03-31": "2233.00000", "2017-12-31": "2320.00000", "2017-09-30": "2263.00000", "2017-06-30": "2304.00000", "2017-03-31": "2377.00000", "2016-12-31": "2470.00000", "2016-09-30": "2458.00000", "2016-06-30": "2510.00000", "2016-03-31": "2573.00000", "2015-12-31": "2649.00000", "2015-09-30": "2608.43800", "2015-06-30": "2625.81500", "2015-03-31": "2645.11700", "2014-12-31": "2728.21700", "2014-09-30": "2746.44900", "2014-06-30": "2761.40400", "2014-03-31": "2776.22000", "2013-12-31": "2856.52000", "2013-09-30": "2874.59300", "2013-06-30": "2823.50900", "2013-03-31": "2948.50800", "2012-12-31": "3022.58800", "2012-09-30": "2934.78500", "2012-06-30": "2883.11800", "2012-03-31": "2847.42600", "2011-12-31": "2790.30200", "2011-09-30": "2654.49400", "2011-06-30": "2582.04500", "2011-03-31": "2567.27400", "2010-12-31": "2574.52200", "2010-09-30": "2553.87300", "2010-06-30": "2571.34000", "2010-03-31": "2578.46000", "2009-12-31": "2601.33800", "2009-09-30": "2561.76600", "2009-06-30": "2578.00200", "2009-03-31": "2622.80500", "2008-12-31": "2620.37600", "2008-09-30": "2575.28000", "2008-06-30": "2566.94000", "2008-03-31": "2568.33800", "2007-12-31": "2595.09600", "2007-09-30": "2569.83100", "2007-06-30": "2598.00400", "2007-03-31": "2599.84200", "2006-12-31": "2628.84800", "2006-09-30": "2599.54900", "2006-06-30": "2589.74300", "2006-03-31": "2559.54900", "2005-12-31": "2553.02900", "2005-09-30": "2421.40700", "2005-06-30": "2450.29600", "2005-03-31": "2428.47000"}, "Long-Term Investments": {"2020-09-30": "467.00000", "2020-06-30": "445.00000", "2020-03-31": "469.00000", "2019-12-31": "447.00000", "2019-09-30": "471.00000", "2019-06-30": "450.00000", "2019-03-31": "468.00000", "2018-12-31": "441.00000", "2018-09-30": "461.00000", "2018-06-30": "439.00000", "2018-03-31": "450.00000", "2017-12-31": "415.00000", "2017-09-30": "429.00000", "2017-06-30": "414.00000", "2017-03-31": "434.00000", "2016-12-31": "413.00000", "2016-09-30": "420.00000", "2016-06-30": "407.00000", "2016-03-31": "384.00000", "2015-12-31": "363.00000", "2015-09-30": "347.71000", "2015-06-30": "325.85700", "2015-03-31": "304.50100", "2014-12-31": "283.01400", "2014-09-30": "296.90000", "2014-06-30": "270.21500", "2014-03-31": "289.84200", "2013-12-31": "265.58500", "2013-09-30": "349.58000", "2013-06-30": "316.48300", "2013-03-31": "205.67100", "2012-12-31": "194.83600", "2012-09-30": "172.18300", "2012-06-30": "231.13100", "2012-03-31": "194.70700", "2011-12-31": "168.15300", "2011-09-30": "205.67100", "2011-06-30": "182.70300", "2011-03-31": "207.22200", "2010-12-31": "206.88000", "2010-09-30": "223.23100", "2010-06-30": "204.50500", "2010-03-31": "178.90300", "2009-12-31": "161.48100", "2009-09-30": "177.49700", "2009-06-30": "192.44500", "2009-03-31": "175.57100", "2008-12-31": "156.63700", "2008-09-30": "175.42400", "2008-06-30": "157.16200", "2008-03-31": "172.58600", "2007-12-31": "157.69300", "2007-09-30": "176.55700", "2007-06-30": "171.76200", "2007-03-31": "175.47600", "2006-12-31": "155.19800", "2006-09-30": "201.38900", "2006-06-30": "178.97200", "2006-03-31": "405.49900", "2005-12-31": "397.48000", "2005-09-30": "449.45600", "2005-06-30": "417.42500", "2005-03-31": "450.44600"}, "Goodwill And Intangible Assets": {"2020-09-30": "2628.00000", "2020-06-30": "2621.00000", "2020-03-31": "2502.00000", "2019-12-31": "2471.00000", "2019-09-30": "2461.00000", "2019-06-30": "2469.00000", "2019-03-31": "2213.00000", "2018-12-31": "2186.00000", "2018-09-30": "2189.00000", "2018-06-30": "2231.00000", "2018-03-31": "2231.00000", "2017-12-31": "2223.00000", "2017-09-30": "2225.00000", "2017-06-30": "2596.00000", "2017-03-31": "2265.00000", "2016-12-31": "2256.00000", "2016-09-30": "2236.00000", "2016-06-30": "2224.00000", "2016-03-31": "2178.00000", "2015-12-31": "2204.00000", "2015-09-30": "2203.65700", "2015-06-30": "2197.25200", "2015-03-31": "2197.25300", "2014-12-31": "1813.58900", "2014-09-30": "1778.19600", "2014-06-30": "1825.35500", "2014-03-31": "1813.46900", "2013-12-31": "1788.65000", "2013-09-30": "1785.24800", "2013-06-30": "1783.57200", "2013-03-31": "1892.75500", "2012-12-31": "1878.53700", "2012-09-30": "2026.74500", "2012-06-30": "1979.10900", "2012-03-31": "1976.82500", "2011-12-31": "1965.82000", "2011-09-30": "1965.71200", "2011-06-30": "1950.17400", "2011-03-31": "1947.78600", "2010-12-31": "1947.59700", "2010-09-30": "1941.10700", "2010-06-30": "1941.93900", "2010-03-31": "1936.42900", "2009-12-31": "1933.82000", "2009-09-30": "1945.51100", "2009-06-30": "1946.70300", "2009-03-31": "1948.05800", "2008-12-31": "1936.63000", "2008-09-30": "2299.30500", "2008-06-30": "2299.09700", "2008-03-31": "2295.16700", "2007-12-31": "1989.13700", "2007-09-30": "2008.85000", "2007-06-30": "2012.78900", "2007-03-31": "2017.48000", "2006-12-31": "2005.97500", "2006-09-30": "1965.10200", "2006-06-30": "1888.61100", "2006-03-31": "1880.25700", "2005-12-31": "1891.14700", "2005-09-30": "1802.06300", "2005-06-30": "1809.44400", "2005-03-31": "1807.24800"}, "Other Long-Term Assets": {"2020-09-30": "555.00000", "2020-06-30": "544.00000", "2020-03-31": "534.00000", "2019-12-31": "566.00000", "2019-09-30": "548.00000", "2019-06-30": "527.00000", "2019-03-31": "684.00000", "2018-12-31": "633.00000", "2018-09-30": "588.00000", "2018-06-30": "537.00000", "2018-03-31": "543.00000", "2017-12-31": "400.00000", "2017-09-30": "359.00000", "2017-06-30": "323.00000", "2017-03-31": "424.00000", "2016-12-31": "413.00000", "2016-09-30": "383.00000", "2016-06-30": "365.00000", "2016-03-31": "214.00000", "2015-12-31": "172.00000", "2015-09-30": "187.26800", "2015-06-30": "218.11200", "2015-03-31": "233.65600", "2014-12-31": "358.31400", "2014-09-30": "237.27200", "2014-06-30": "133.70400", "2014-03-31": "132.53600", "2013-12-31": "133.76200", "2013-09-30": "174.12200", "2013-06-30": "160.45600", "2013-03-31": "292.02900", "2012-12-31": "295.01300", "2012-09-30": "75.48200", "2012-06-30": "71.19400", "2012-03-31": "65.09400", "2011-12-31": "108.93700", "2011-09-30": "122.77000", "2011-06-30": "110.06200", "2011-03-31": "74.02800", "2010-12-31": "50.36700", "2010-09-30": "38.19500", "2010-06-30": "", "2010-03-31": "38.39300", "2009-12-31": "38.77600", "2009-09-30": "38.48400", "2009-06-30": "37.62100", "2009-03-31": "69.49500", "2008-12-31": "33.05500", "2008-09-30": "31.29000", "2008-06-30": "29.72800", "2008-03-31": "30.07200", "2007-12-31": "31.77300", "2007-09-30": "28.65800", "2007-06-30": "30.35600", "2007-03-31": "30.44700", "2006-12-31": "31.13600", "2006-09-30": "30.64700", "2006-06-30": "30.12500", "2006-03-31": "29.17800", "2005-12-31": "29.98500", "2005-09-30": "66.64400", "2005-06-30": "", "2005-03-31": ""}, "Total Long-Term Assets": {"2020-09-30": "6891.00000", "2020-06-30": "6782.00000", "2020-03-31": "6675.00000", "2019-12-31": "6591.00000", "2019-09-30": "6521.00000", "2019-06-30": "6488.00000", "2019-03-31": "6390.00000", "2018-12-31": "5462.00000", "2018-09-30": "5364.00000", "2018-06-30": "5366.00000", "2018-03-31": "5457.00000", "2017-12-31": "5358.00000", "2017-09-30": "5276.00000", "2017-06-30": "5637.00000", "2017-03-31": "5500.00000", "2016-12-31": "5552.00000", "2016-09-30": "5497.00000", "2016-06-30": "5506.00000", "2016-03-31": "5349.00000", "2015-12-31": "5388.00000", "2015-09-30": "5347.07300", "2015-06-30": "5367.03600", "2015-03-31": "5380.52700", "2014-12-31": "5183.13400", "2014-09-30": "5058.81700", "2014-06-30": "4990.67800", "2014-03-31": "5012.06700", "2013-12-31": "5044.51700", "2013-09-30": "5183.54300", "2013-06-30": "5084.02000", "2013-03-31": "5338.96300", "2012-12-31": "5390.97400", "2012-09-30": "5209.19500", "2012-06-30": "5164.63400", "2012-03-31": "5084.13300", "2011-12-31": "5035.13300", "2011-09-30": "4952.60600", "2011-06-30": "4828.98100", "2011-03-31": "4800.34200", "2010-12-31": "4783.43600", "2010-09-30": "4760.51300", "2010-06-30": "4759.79200", "2010-03-31": "4736.36400", "2009-12-31": "4739.62900", "2009-09-30": "4727.50500", "2009-06-30": "4759.00200", "2009-03-31": "4820.19400", "2008-12-31": "4750.99600", "2008-09-30": "5085.62700", "2008-06-30": "5057.28600", "2008-03-31": "5070.55400", "2007-12-31": "4778.12100", "2007-09-30": "4788.34900", "2007-06-30": "4817.39300", "2007-03-31": "4827.75700", "2006-12-31": "4825.69800", "2006-09-30": "4801.45400", "2006-06-30": "4692.29800", "2006-03-31": "4879.34800", "2005-12-31": "4876.34800", "2005-09-30": "4772.55700", "2005-06-30": "4713.29000", "2005-03-31": "4722.89600"}, "Total Assets": {"2020-09-30": "9180.00000", "2020-06-30": "8500.00000", "2020-03-31": "8251.00000", "2019-12-31": "8164.00000", "2019-09-30": "8291.00000", "2019-06-30": "8223.00000", "2019-03-31": "8229.00000", "2018-12-31": "7274.00000", "2018-09-30": "7228.00000", "2018-06-30": "7075.00000", "2018-03-31": "7048.00000", "2017-12-31": "6841.00000", "2017-09-30": "6780.00000", "2017-06-30": "7077.00000", "2017-03-31": "7024.00000", "2016-12-31": "7110.00000", "2016-09-30": "7104.00000", "2016-06-30": "7091.00000", "2016-03-31": "7057.00000", "2015-12-31": "7060.00000", "2015-09-30": "6938.38400", "2015-06-30": "6596.61900", "2015-03-31": "6606.37800", "2014-12-31": "6462.30900", "2014-09-30": "6257.07500", "2014-06-30": "6298.96700", "2014-03-31": "6338.33400", "2013-12-31": "6445.70800", "2013-09-30": "6259.85400", "2013-06-30": "6329.77800", "2013-03-31": "6523.63500", "2012-12-31": "6587.45000", "2012-09-30": "6536.34800", "2012-06-30": "6425.25200", "2012-03-31": "6341.43500", "2011-12-31": "6327.97600", "2011-09-30": "6280.60100", "2011-06-30": "6089.91600", "2011-03-31": "5961.92800", "2010-12-31": "5875.54900", "2010-09-30": "5859.09100", "2010-06-30": "5795.64800", "2010-03-31": "5759.03600", "2009-12-31": "5748.74600", "2009-09-30": "5841.82500", "2009-06-30": "5731.24700", "2009-03-31": "5619.95500", "2008-12-31": "5566.04200", "2008-09-30": "5913.96900", "2008-06-30": "5832.55200", "2008-03-31": "5926.07400", "2007-12-31": "5611.87400", "2007-09-30": "5589.45400", "2007-06-30": "5557.41100", "2007-03-31": "5798.19400", "2006-12-31": "5680.61600", "2006-09-30": "5573.50700", "2006-06-30": "5476.01900", "2006-03-31": "5412.28600", "2005-12-31": "5416.23300", "2005-09-30": "5243.62700", "2005-06-30": "5202.85000", "2005-03-31": "5253.26400"}, "Total Current Liabilities": {"2020-09-30": "730.00000", "2020-06-30": "697.00000", "2020-03-31": "722.00000", "2019-12-31": "750.00000", "2019-09-30": "849.00000", "2019-06-30": "747.00000", "2019-03-31": "802.00000", "2018-12-31": "691.00000", "2018-09-30": "689.00000", "2018-06-30": "590.00000", "2018-03-31": "616.00000", "2017-12-31": "733.00000", "2017-09-30": "673.00000", "2017-06-30": "651.00000", "2017-03-31": "587.00000", "2016-12-31": "718.00000", "2016-09-30": "695.00000", "2016-06-30": "719.00000", "2016-03-31": "723.00000", "2015-12-31": "748.00000", "2015-09-30": "886.55200", "2015-06-30": "828.57400", "2015-03-31": "861.83400", "2014-12-31": "856.89400", "2014-09-30": "945.23200", "2014-06-30": "871.21000", "2014-03-31": "868.07100", "2013-12-31": "1006.17300", "2013-09-30": "852.38000", "2013-06-30": "901.89100", "2013-03-31": "685.56800", "2012-12-31": "754.99900", "2012-09-30": "672.10000", "2012-06-30": "642.71300", "2012-03-31": "646.29300", "2011-12-31": "722.28000", "2011-09-30": "737.68000", "2011-06-30": "644.80400", "2011-03-31": "617.79100", "2010-12-31": "648.48400", "2010-09-30": "618.25300", "2010-06-30": "634.39000", "2010-03-31": "619.23500", "2009-12-31": "663.97700", "2009-09-30": "615.96700", "2009-06-30": "571.93200", "2009-03-31": "569.85100", "2008-12-31": "601.88300", "2008-09-30": "614.57600", "2008-06-30": "645.61500", "2008-03-31": "827.45100", "2007-12-31": "604.24300", "2007-09-30": "598.05400", "2007-06-30": "588.43500", "2007-03-31": "900.36800", "2006-12-31": "856.71000", "2006-09-30": "894.04900", "2006-06-30": "836.62800", "2006-03-31": "592.71400", "2005-12-31": "662.72100", "2005-09-30": "489.20700", "2005-06-30": "518.02900", "2005-03-31": "593.88600"}, "Long Term Debt": {"2020-09-30": "2108.00000", "2020-06-30": "1625.00000", "2020-03-31": "1503.00000", "2019-12-31": "1502.00000", "2019-09-30": "1592.00000", "2019-06-30": "1596.00000", "2019-03-31": "1601.00000", "2018-12-31": "1605.00000", "2018-09-30": "1609.00000", "2018-06-30": "1614.00000", "2018-03-31": "1618.00000", "2017-12-31": "1622.00000", "2017-09-30": "1626.00000", "2017-06-30": "1613.00000", "2017-03-31": "1616.00000", "2016-12-31": "1618.00000", "2016-09-30": "1621.00000", "2016-06-30": "1623.00000", "2016-03-31": "1626.00000", "2015-12-31": "1629.00000", "2015-09-30": "1368.65600", "2015-06-30": "1151.99900", "2015-03-31": "1151.90100", "2014-12-31": "1126.86000", "2014-09-30": "876.75600", "2014-06-30": "876.71500", "2014-03-31": "878.12700", "2013-12-31": "878.03200", "2013-09-30": "878.93900", "2013-06-30": "879.12100", "2013-03-31": "878.97500", "2012-12-31": "878.85800", "2012-09-30": "880.48600", "2012-06-30": "880.62300", "2012-03-31": "880.48600", "2011-12-31": "880.32000", "2011-09-30": "880.41100", "2011-06-30": "880.30000", "2011-03-31": "868.10200", "2010-12-31": "867.94100", "2010-09-30": "867.79000", "2010-06-30": "867.88000", "2010-03-31": "867.66200", "2009-12-31": "867.52200", "2009-09-30": "997.55200", "2009-06-30": "997.65100", "2009-03-31": "997.53400", "2008-12-31": "996.63600", "2008-09-30": "1006.43100", "2008-06-30": "1007.05400", "2008-03-31": "1006.39500", "2007-12-31": "1002.29300", "2007-09-30": "1002.18000", "2007-06-30": "1002.06600", "2007-03-31": "1001.95300", "2006-12-31": "1001.83900", "2006-09-30": "1001.72500", "2006-06-30": "1001.61200", "2006-03-31": "1161.35400", "2005-12-31": "1161.24100", "2005-09-30": "1161.12700", "2005-06-30": "1161.01400", "2005-03-31": "1160.90000"}, "Other Non-Current Liabilities": {"2020-09-30": "364.00000", "2020-06-30": "346.00000", "2020-03-31": "327.00000", "2019-12-31": "319.00000", "2019-09-30": "313.00000", "2019-06-30": "299.00000", "2019-03-31": "296.00000", "2018-12-31": "390.00000", "2018-09-30": "386.00000", "2018-06-30": "367.00000", "2018-03-31": "359.00000", "2017-12-31": "337.00000", "2017-09-30": "321.00000", "2017-06-30": "316.00000", "2017-03-31": "311.00000", "2016-12-31": "302.00000", "2016-09-30": "311.00000", "2016-06-30": "300.00000", "2016-03-31": "297.00000", "2015-12-31": "290.00000", "2015-09-30": "287.87300", "2015-06-30": "290.30200", "2015-03-31": "295.28700", "2014-12-31": "304.93600", "2014-09-30": "305.89100", "2014-06-30": "318.79300", "2014-03-31": "330.46700", "2013-12-31": "315.07300", "2013-09-30": "295.14600", "2013-06-30": "306.82100", "2013-03-31": "311.04700", "2012-12-31": "308.03500", "2012-09-30": "259.49900", "2012-06-30": "247.69200", "2012-03-31": "250.17700", "2011-12-31": "249.26400", "2011-09-30": "235.89000", "2011-06-30": "278.41400", "2011-03-31": "287.21700", "2010-12-31": "234.85500", "2010-09-30": "269.33300", "2010-06-30": "273.46700", "2010-03-31": "268.79500", "2009-12-31": "262.41200", "2009-09-30": "250.76200", "2009-06-30": "243.25800", "2009-03-31": "236.47800", "2008-12-31": "233.61900", "2008-09-30": "229.18900", "2008-06-30": "219.40400", "2008-03-31": "215.53100", "2007-12-31": "211.37400", "2007-09-30": "204.52500", "2007-06-30": "213.64000", "2007-03-31": "203.62000", "2006-12-31": "190.55300", "2006-09-30": "173.46000", "2006-06-30": "149.39300", "2006-03-31": "167.35900", "2005-12-31": "162.27600", "2005-09-30": "181.04300", "2005-06-30": "152.88700", "2005-03-31": "168.79100"}, "Total Long Term Liabilities": {"2020-09-30": "4024.00000", "2020-06-30": "3469.00000", "2020-03-31": "3265.00000", "2019-12-31": "3204.00000", "2019-09-30": "3257.00000", "2019-06-30": "3301.00000", "2019-03-31": "3293.00000", "2018-12-31": "2516.00000", "2018-09-30": "2516.00000", "2018-06-30": "2514.00000", "2018-03-31": "2514.00000", "2017-12-31": "2421.00000", "2017-09-30": "2701.00000", "2017-06-30": "2729.00000", "2017-03-31": "2755.00000", "2016-12-31": "2747.00000", "2016-09-30": "2764.00000", "2016-06-30": "2751.00000", "2016-03-31": "2750.00000", "2015-12-31": "2741.00000", "2015-09-30": "2486.00200", "2015-06-30": "2270.81800", "2015-03-31": "2270.80600", "2014-12-31": "2292.81300", "2014-09-30": "1974.27200", "2014-06-30": "2018.62400", "2014-03-31": "2040.09700", "2013-12-31": "2029.93800", "2013-09-30": "2003.87200", "2013-06-30": "2022.26200", "2013-03-31": "2047.92700", "2012-12-31": "2037.20400", "2012-09-30": "2002.45300", "2012-06-30": "1969.84900", "2012-03-31": "1944.65600", "2011-12-31": "1929.77900", "2011-09-30": "1859.56700", "2011-06-30": "1844.04900", "2011-03-31": "1781.09700", "2010-12-31": "1687.09500", "2010-09-30": "1697.66000", "2010-06-30": "1639.89000", "2010-03-31": "1642.03100", "2009-12-31": "1644.65500", "2009-09-30": "1767.26700", "2009-06-30": "1740.37200", "2009-03-31": "1715.82000", "2008-12-31": "1708.95000", "2008-09-30": "1890.62700", "2008-06-30": "1855.04200", "2008-03-31": "1836.99700", "2007-12-31": "1811.47500", "2007-09-30": "1803.67800", "2007-06-30": "1837.56700", "2007-03-31": "1826.15800", "2006-12-31": "1830.62700", "2006-09-30": "1796.25400", "2006-06-30": "1795.93800", "2006-03-31": "2031.02700", "2005-12-31": "2012.47400", "2005-09-30": "2046.02900", "2005-06-30": "2028.91200", "2005-03-31": "2049.26000"}, "Total Liabilities": {"2020-09-30": "4754.00000", "2020-06-30": "4166.00000", "2020-03-31": "3987.00000", "2019-12-31": "3954.00000", "2019-09-30": "4106.00000", "2019-06-30": "4048.00000", "2019-03-31": "4095.00000", "2018-12-31": "3207.00000", "2018-09-30": "3205.00000", "2018-06-30": "3104.00000", "2018-03-31": "3130.00000", "2017-12-31": "3154.00000", "2017-09-30": "3374.00000", "2017-06-30": "3380.00000", "2017-03-31": "3342.00000", "2016-12-31": "3465.00000", "2016-09-30": "3459.00000", "2016-06-30": "3470.00000", "2016-03-31": "3473.00000", "2015-12-31": "3489.00000", "2015-09-30": "3372.55400", "2015-06-30": "3099.39200", "2015-03-31": "3132.64000", "2014-12-31": "3149.70700", "2014-09-30": "2919.50400", "2014-06-30": "2889.83400", "2014-03-31": "2908.16800", "2013-12-31": "3036.11100", "2013-09-30": "2856.25200", "2013-06-30": "2924.15300", "2013-03-31": "2733.49500", "2012-12-31": "2792.20300", "2012-09-30": "2674.55300", "2012-06-30": "2612.56200", "2012-03-31": "2590.94900", "2011-12-31": "2652.05900", "2011-09-30": "2597.24700", "2011-06-30": "2488.85300", "2011-03-31": "2398.88800", "2010-12-31": "2335.57900", "2010-09-30": "2315.91300", "2010-06-30": "2274.28000", "2010-03-31": "2261.26600", "2009-12-31": "2308.63200", "2009-09-30": "2383.23400", "2009-06-30": "2312.30400", "2009-03-31": "2285.67100", "2008-12-31": "2310.83300", "2008-09-30": "2505.20300", "2008-06-30": "2500.65700", "2008-03-31": "2664.44800", "2007-12-31": "2415.71800", "2007-09-30": "2401.73200", "2007-06-30": "2426.00200", "2007-03-31": "2726.52600", "2006-12-31": "2687.33700", "2006-09-30": "2690.30300", "2006-06-30": "2632.56600", "2006-03-31": "2623.74100", "2005-12-31": "2675.19500", "2005-09-30": "2535.23600", "2005-06-30": "2546.94100", "2005-03-31": "2643.14600"}, "Common Stock Net": {"2020-09-30": "88.00000", "2020-06-30": "88.00000", "2020-03-31": "88.00000", "2019-12-31": "88.00000", "2019-09-30": "88.00000", "2019-06-30": "88.00000", "2019-03-31": "88.00000", "2018-12-31": "88.00000", "2018-09-30": "88.00000", "2018-06-30": "88.00000", "2018-03-31": "88.00000", "2017-12-31": "88.00000", "2017-09-30": "88.00000", "2017-06-30": "88.00000", "2017-03-31": "88.00000", "2016-12-31": "88.00000", "2016-09-30": "88.00000", "2016-06-30": "88.00000", "2016-03-31": "88.00000", "2015-12-31": "88.00000", "2015-09-30": "88.07400", "2015-06-30": "88.07400", "2015-03-31": "88.07400", "2014-12-31": "88.07400", "2014-09-30": "88.07400", "2014-06-30": "88.07400", "2014-03-31": "88.07400", "2013-12-31": "88.07400", "2013-09-30": "88.07400", "2013-06-30": "88.07400", "2013-03-31": "88.07400", "2012-12-31": "88.07400", "2012-09-30": "88.07400", "2012-06-30": "88.07400", "2012-03-31": "88.07400", "2011-12-31": "88.07400", "2011-09-30": "88.07400", "2011-06-30": "88.07400", "2011-03-31": "88.07400", "2010-12-31": "88.07400", "2010-09-30": "88.07400", "2010-06-30": "88.07400", "2010-03-31": "88.07400", "2009-12-31": "88.07400", "2009-09-30": "88.07400", "2009-06-30": "88.07400", "2009-03-31": "88.07400", "2008-12-31": "88.07400", "2008-09-30": "88.05200", "2008-06-30": "88.05200", "2008-03-31": "88.05200", "2007-12-31": "88.05200", "2007-09-30": "88.05200", "2007-06-30": "88.05200", "2007-03-31": "88.05200", "2006-12-31": "88.05200", "2006-09-30": "88.05200", "2006-06-30": "88.05200", "2006-03-31": "88.05200", "2005-12-31": "88.05200", "2005-09-30": "88.05200", "2005-06-30": "88.05200", "2005-03-31": "88.05200"}, "Retained Earnings (Accumulated Deficit)": {"2020-09-30": "2736.00000", "2020-06-30": "2657.00000", "2020-03-31": "2620.00000", "2019-12-31": "2550.00000", "2019-09-30": "2532.00000", "2019-06-30": "2509.00000", "2019-03-31": "2497.00000", "2018-12-31": "2444.00000", "2018-09-30": "2430.00000", "2018-06-30": "2402.00000", "2018-03-31": "2375.00000", "2017-12-31": "2157.00000", "2017-09-30": "1884.00000", "2017-06-30": "2183.00000", "2017-03-31": "2185.00000", "2016-12-31": "2160.00000", "2016-09-30": "2167.00000", "2016-06-30": "2150.00000", "2016-03-31": "2140.00000", "2015-12-31": "2133.00000", "2015-09-30": "2135.14500", "2015-06-30": "2072.00000", "2015-03-31": "2067.45500", "2014-12-31": "1910.49800", "2014-09-30": "1933.64100", "2014-06-30": "2032.35500", "2014-03-31": "2061.56100", "2013-12-31": "2043.09500", "2013-09-30": "2042.25400", "2013-06-30": "2055.90500", "2013-03-31": "2403.32500", "2012-12-31": "2399.05200", "2012-09-30": "2438.76000", "2012-06-30": "2403.31200", "2012-03-31": "2359.58900", "2011-12-31": "2297.36300", "2011-09-30": "2294.56200", "2011-06-30": "2224.45300", "2011-03-31": "2162.55600", "2010-12-31": "2135.50700", "2010-09-30": "2126.82500", "2010-06-30": "2090.96600", "2010-03-31": "2066.06600", "2009-12-31": "2013.63300", "2009-09-30": "2020.71000", "2009-06-30": "1985.87600", "2009-03-31": "1911.99500", "2008-12-31": "1828.68000", "2008-09-30": "2035.83400", "2008-06-30": "1949.81200", "2008-03-31": "1887.54900", "2007-12-31": "1823.02200", "2007-09-30": "1799.22400", "2007-06-30": "1741.84300", "2007-03-31": "1621.53900", "2006-12-31": "1548.47800", "2006-09-30": "1494.37300", "2006-06-30": "1486.44500", "2006-03-31": "1435.36000", "2005-12-31": "1368.98800", "2005-09-30": "1355.38200", "2005-06-30": "1320.61000", "2005-03-31": "1282.67500"}, "Comprehensive Income": {"2020-09-30": "", "2020-06-30": "", "2020-03-31": "", "2019-12-31": "", "2019-09-30": "", "2019-06-30": "", "2019-03-31": "", "2018-12-31": "", "2018-09-30": "", "2018-06-30": "", "2018-03-31": "", "2017-12-31": "", "2017-09-30": "", "2017-06-30": "", "2017-03-31": "", "2016-12-31": "", "2016-09-30": "", "2016-06-30": "", "2016-03-31": "", "2015-12-31": "", "2015-09-30": "", "2015-06-30": "", "2015-03-31": "", "2014-12-31": "", "2014-09-30": "", "2014-06-30": "", "2014-03-31": "", "2013-12-31": "", "2013-09-30": "", "2013-06-30": "", "2013-03-31": "", "2012-12-31": "", "2012-09-30": "", "2012-06-30": "", "2012-03-31": "", "2011-12-31": "", "2011-09-30": "", "2011-06-30": "", "2011-03-31": "", "2010-12-31": "", "2010-09-30": "", "2010-06-30": "", "2010-03-31": "", "2009-12-31": "", "2009-09-30": "", "2009-06-30": "", "2009-03-31": "", "2008-12-31": "", "2008-09-30": "", "2008-06-30": "10.23300", "2008-03-31": "10.16700", "2007-12-31": "10.13400", "2007-09-30": "10.00900", "2007-06-30": "10.08200", "2007-03-31": "74.87900", "2006-12-31": "80.38200", "2006-09-30": "51.57100", "2006-06-30": "25.45700", "2006-03-31": "24.31900", "2005-12-31": "44.12200", "2005-09-30": "31.34300", "2005-06-30": "26.83200", "2005-03-31": "28.51600"}, "Other Share Holders Equity": {"2020-09-30": "", "2020-06-30": "", "2020-03-31": "", "2019-12-31": "", "2019-09-30": "", "2019-06-30": "", "2019-03-31": "", "2018-12-31": "", "2018-09-30": "", "2018-06-30": "", "2018-03-31": "", "2017-12-31": "", "2017-09-30": "", "2017-06-30": "", "2017-03-31": "", "2016-12-31": "", "2016-09-30": "", "2016-06-30": "", "2016-03-31": "", "2015-12-31": "", "2015-09-30": "", "2015-06-30": "", "2015-03-31": "", "2014-12-31": "", "2014-09-30": "", "2014-06-30": "", "2014-03-31": "", "2013-12-31": "", "2013-09-30": "", "2013-06-30": "", "2013-03-31": "", "2012-12-31": "", "2012-09-30": "", "2012-06-30": "", "2012-03-31": "", "2011-12-31": "", "2011-09-30": "", "2011-06-30": "", "2011-03-31": "", "2010-12-31": "", "2010-09-30": "", "2010-06-30": "", "2010-03-31": "", "2009-12-31": "", "2009-09-30": "", "2009-06-30": "", "2009-03-31": "", "2008-12-31": "", "2008-09-30": "", "2008-06-30": "", "2008-03-31": "", "2007-12-31": "", "2007-09-30": "", "2007-06-30": "", "2007-03-31": "", "2006-12-31": "", "2006-09-30": "", "2006-06-30": "", "2006-03-31": "", "2005-12-31": "", "2005-09-30": "", "2005-06-30": "", "2005-03-31": ""}, "Share Holder Equity": {"2020-09-30": "4426.00000", "2020-06-30": "4334.00000", "2020-03-31": "4264.00000", "2019-12-31": "4210.00000", "2019-09-30": "4185.00000", "2019-06-30": "4175.00000", "2019-03-31": "4134.00000", "2018-12-31": "4067.00000", "2018-09-30": "4023.00000", "2018-06-30": "3971.00000", "2018-03-31": "3918.00000", "2017-12-31": "3687.00000", "2017-09-30": "3406.00000", "2017-06-30": "3697.00000", "2017-03-31": "3682.00000", "2016-12-31": "3645.00000", "2016-09-30": "3645.00000", "2016-06-30": "3621.00000", "2016-03-31": "3584.00000", "2015-12-31": "3571.00000", "2015-09-30": "3565.83000", "2015-06-30": "3497.22700", "2015-03-31": "3473.73800", "2014-12-31": "3312.60200", "2014-09-30": "3337.57100", "2014-06-30": "3409.13300", "2014-03-31": "3430.16600", "2013-12-31": "3409.59700", "2013-09-30": "3403.60200", "2013-06-30": "3405.62500", "2013-03-31": "3790.14000", "2012-12-31": "3795.24700", "2012-09-30": "3861.79500", "2012-06-30": "3812.69000", "2012-03-31": "3750.48600", "2011-12-31": "3675.91700", "2011-09-30": "3683.35400", "2011-06-30": "3601.06300", "2011-03-31": "3563.04000", "2010-12-31": "3539.97000", "2010-09-30": "3543.17800", "2010-06-30": "3521.36800", "2010-03-31": "3497.77000", "2009-12-31": "3440.11400", "2009-09-30": "3458.59100", "2009-06-30": "3418.94300", "2009-03-31": "3334.28400", "2008-12-31": "3255.20900", "2008-09-30": "3408.76600", "2008-06-30": "3331.89500", "2008-03-31": "3261.62600", "2007-12-31": "3196.15600", "2007-09-30": "3187.72200", "2007-06-30": "3131.40900", "2007-03-31": "3071.66800", "2006-12-31": "2993.27900", "2006-09-30": "2883.20400", "2006-06-30": "2843.45300", "2006-03-31": "2788.54500", "2005-12-31": "2741.03800", "2005-09-30": "2708.39100", "2005-06-30": "2655.90900", "2005-03-31": "2610.11800"}, "Total Liabilities And Share Holders Equity": {"2020-09-30": "9180.00000", "2020-06-30": "8500.00000", "2020-03-31": "8251.00000", "2019-12-31": "8164.00000", "2019-09-30": "8291.00000", "2019-06-30": "8223.00000", "2019-03-31": "8229.00000", "2018-12-31": "7274.00000", "2018-09-30": "7228.00000", "2018-06-30": "7075.00000", "2018-03-31": "7048.00000", "2017-12-31": "6841.00000", "2017-09-30": "6780.00000", "2017-06-30": "7077.00000", "2017-03-31": "7024.00000", "2016-12-31": "7110.00000", "2016-09-30": "7104.00000", "2016-06-30": "7091.00000", "2016-03-31": "7057.00000", "2015-12-31": "7060.00000", "2015-09-30": "6938.38400", "2015-06-30": "6596.61900", "2015-03-31": "6606.37800", "2014-12-31": "6462.30900", "2014-09-30": "6257.07500", "2014-06-30": "6298.96700", "2014-03-31": "6338.33400", "2013-12-31": "6445.70800", "2013-09-30": "6259.85400", "2013-06-30": "6329.77800", "2013-03-31": "6523.63500", "2012-12-31": "6587.45000", "2012-09-30": "6536.34800", "2012-06-30": "6425.25200", "2012-03-31": "6341.43500", "2011-12-31": "6327.97600", "2011-09-30": "6280.60100", "2011-06-30": "6089.91600", "2011-03-31": "5961.92800", "2010-12-31": "5875.54900", "2010-09-30": "5859.09100", "2010-06-30": "5795.64800", "2010-03-31": "5759.03600", "2009-12-31": "5748.74600", "2009-09-30": "5841.82500", "2009-06-30": "5731.24700", "2009-03-31": "5619.95500", "2008-12-31": "5566.04200", "2008-09-30": "5913.96900", "2008-06-30": "5832.55200", "2008-03-31": "5926.07400", "2007-12-31": "5611.87400", "2007-09-30": "5589.45400", "2007-06-30": "5557.41100", "2007-03-31": "5798.19400", "2006-12-31": "5680.61600", "2006-09-30": "5573.50700", "2006-06-30": "5476.01900", "2006-03-31": "5412.28600", "2005-12-31": "5416.23300", "2005-09-30": "5243.62700", "2005-06-30": "5202.85000", "2005-03-31": "5253.26400"}}, "cash flow statement": {"Net Income/Loss": {"2019-12-31": "133.00000", "2018-12-31": "164.00000", "2017-12-31": "15.00000", "2016-12-31": "49.00000", "2015-12-31": "247.00000", "2014-12-31": "-47.00000", "2013-12-31": "144.52200", "2012-12-31": "141.07600", "2011-12-31": "198.74400", "2010-12-31": "159.15800", "2009-12-31": "231.31500", "2008-12-31": "58.22300", "2007-12-31": "329.79000", "2006-12-31": "179.49000", "2005-12-31": "154.95100"}, "Total Depreciation And Amortization - Cash Flow": {"2019-12-31": "702.00000", "2018-12-31": "640.00000", "2017-12-31": "615.00000", "2016-12-31": "618.00000", "2015-12-31": "607.00000", "2014-12-31": "606.00000", "2013-12-31": "803.78100", "2012-12-31": "608.63300", "2011-12-31": "573.55700", "2010-12-31": "570.95500", "2009-12-31": "564.93500", "2008-12-31": "576.82100", "2007-12-31": "578.18600", "2006-12-31": "555.52500", "2005-12-31": "490.09300"}, "Other Non-Cash Items": {"2019-12-31": "157.00000", "2018-12-31": "114.00000", "2017-12-31": "117.00000", "2016-12-31": "84.00000", "2015-12-31": "-137.00000", "2014-12-31": "39.00000", "2013-12-31": "-456.06600", "2012-12-31": "173.14100", "2011-12-31": "290.60000", "2010-12-31": "184.36100", "2009-12-31": "198.52900", "2008-12-31": "397.26800", "2007-12-31": "-31.66100", "2006-12-31": "58.37800", "2005-12-31": "46.21900"}, "Total Non-Cash Items": {"2019-12-31": "859.00000", "2018-12-31": "754.00000", "2017-12-31": "732.00000", "2016-12-31": "702.00000", "2015-12-31": "470.00000", "2014-12-31": "645.00000", "2013-12-31": "347.71510", "2012-12-31": "781.77400", "2011-12-31": "864.15700", "2010-12-31": "755.31600", "2009-12-31": "763.46410", "2008-12-31": "974.08890", "2007-12-31": "546.52500", "2006-12-31": "613.90300", "2005-12-31": "536.31200"}, "Change In Accounts Receivable": {"2019-12-31": "-46.00000", "2018-12-31": "-39.00000", "2017-12-31": "-68.00000", "2016-12-31": "-23.00000", "2015-12-31": "-96.00000", "2014-12-31": "13.00000", "2013-12-31": "-291.16800", "2012-12-31": "-64.81600", "2011-12-31": "-82.17500", "2010-12-31": "-75.25200", "2009-12-31": "-114.64600", "2008-12-31": "-69.01700", "2007-12-31": "-98.63400", "2006-12-31": "-95.64900", "2005-12-31": "-78.20900"}, "Change In Inventories": {"2019-12-31": "-20.00000", "2018-12-31": "-4.00000", "2017-12-31": "", "2016-12-31": "8.00000", "2015-12-31": "118.00000", "2014-12-31": "-29.00000", "2013-12-31": "-82.42200", "2012-12-31": "-28.78600", "2011-12-31": "-14.64000", "2010-12-31": "40.27700", "2009-12-31": "-35.99200", "2008-12-31": "-15.56300", "2007-12-31": "16.31200", "2006-12-31": "-24.18000", "2005-12-31": "-15.57100"}, "Change In Accounts Payable": {"2019-12-31": "-69.00000", "2018-12-31": "3.00000", "2017-12-31": "-14.00000", "2016-12-31": "48.00000", "2015-12-31": "5.00000", "2014-12-31": "-98.00000", "2013-12-31": "85.34600", "2012-12-31": "-6.43500", "2011-12-31": "29.80200", "2010-12-31": "-56.50800", "2009-12-31": "41.31400", "2008-12-31": "-3.47900", "2007-12-31": "5.92000", "2006-12-31": "0.25700", "2005-12-31": "40.37800"}, "Change In Assets/Liabilities": {"2019-12-31": "-114.00000", "2018-12-31": "-133.00000", "2017-12-31": "-224.00000", "2016-12-31": "-323.00000", "2015-12-31": "-227.00000", "2014-12-31": "-214.00000", "2013-12-31": "55.94800", "2012-12-31": "2.70100", "2011-12-31": "31.63100", "2010-12-31": "83.73200", "2009-12-31": "-59.71900", "2008-12-31": "6.51100", "2007-12-31": "33.84400", "2006-12-31": "24.57300", "2005-12-31": "19.31600"}, "Total Change In Assets/Liabilities": {"2019-12-31": "-272.00000", "2018-12-31": "-212.00000", "2017-12-31": "-280.00000", "2016-12-31": "-250.00000", "2015-12-31": "-162.00000", "2014-12-31": "-426.00000", "2013-12-31": "-201.98600", "2012-12-31": "-24.10500", "2011-12-31": "-75.14100", "2010-12-31": "-77.60400", "2009-12-31": "-122.94600", "2008-12-31": "-109.74500", "2007-12-31": "-7.69900", "2006-12-31": "-92.56900", "2005-12-31": "-67.29700"}, "Cash Flow From Operating Activities": {"2019-12-31": "724.00000", "2018-12-31": "709.00000", "2017-12-31": "469.00000", "2016-12-31": "501.00000", "2015-12-31": "555.00000", "2014-12-31": "172.00000", "2013-12-31": "290.89700", "2012-12-31": "899.29100", "2011-12-31": "987.86200", "2010-12-31": "834.38700", "2009-12-31": "871.80900", "2008-12-31": "922.77700", "2007-12-31": "863.07800", "2006-12-31": "701.06800", "2005-12-31": "630.15900"}, "Net Change In Property, Plant, And Equipment": {"2019-12-31": "-650.00000", "2018-12-31": "-512.00000", "2017-12-31": "-465.00000", "2016-12-31": "-443.00000", "2015-12-31": "-581.00000", "2014-12-31": "-605.00000", "2013-12-31": "-717.86200", "2012-12-31": "-826.40000", "2011-12-31": "-771.79800", "2010-12-31": "-569.32300", "2009-12-31": "-530.76900", "2008-12-31": "-585.59000", "2007-12-31": "-565.49500", "2006-12-31": "-579.78500", "2005-12-31": "-576.52500"}, "Net Change In Intangible Assets": {"2019-12-31": "-266.00000", "2018-12-31": "-8.00000", "2017-12-31": "-189.00000", "2016-12-31": "-53.00000", "2015-12-31": "", "2014-12-31": "", "2013-12-31": "", "2012-12-31": "", "2011-12-31": "", "2010-12-31": "", "2009-12-31": "", "2008-12-31": "", "2007-12-31": "", "2006-12-31": "", "2005-12-31": ""}, "Net Acquisitions/Divestitures": {"2019-12-31": "41.00000", "2018-12-31": "24.00000", "2017-12-31": "21.00000", "2016-12-31": "21.00000", "2015-12-31": "31.00000", "2014-12-31": "142.00000", "2013-12-31": "794.58000", "2012-12-31": "-72.75800", "2011-12-31": "-23.77300", "2010-12-31": "-17.10100", "2009-12-31": "-15.97700", "2008-12-31": "-334.85600", "2007-12-31": "-17.20100", "2006-12-31": "-44.09700", "2005-12-31": "-188.02000"}, "Net Change In Short-term Investments": {"2019-12-31": "", "2018-12-31": "", "2017-12-31": "", "2016-12-31": "", "2015-12-31": "", "2014-12-31": "", "2013-12-31": "", "2012-12-31": "", "2011-12-31": "", "2010-12-31": "", "2009-12-31": "", "2008-12-31": "", "2007-12-31": "", "2006-12-31": "", "2005-12-31": ""}, "Net Change In Long-Term Investments": {"2019-12-31": "18.00000", "2018-12-31": "33.00000", "2017-12-31": "-50.00000", "2016-12-31": "", "2015-12-31": "", "2014-12-31": "50.00000", "2013-12-31": "100.00000", "2012-12-31": "5.00000", "2011-12-31": "35.25000", "2010-12-31": "-189.92000", "2009-12-31": "-0.33000", "2008-12-31": "16.69000", "2007-12-31": "4.30100", "2006-12-31": "28.65000", "2005-12-31": ""}, "Net Change In Investments - Total": {"2019-12-31": "18.00000", "2018-12-31": "33.00000", "2017-12-31": "-50.00000", "2016-12-31": "", "2015-12-31": "", "2014-12-31": "50.00000", "2013-12-31": "100.00000", "2012-12-31": "5.00000", "2011-12-31": "35.25000", "2010-12-31": "-189.92000", "2009-12-31": "-0.33000", "2008-12-31": "16.69000", "2007-12-31": "4.30100", "2006-12-31": "28.65000", "2005-12-31": ""}, "Investing Activities - Other": {"2019-12-31": "-7.00000", "2018-12-31": "-1.00000", "2017-12-31": "", "2016-12-31": "-143.00000", "2015-12-31": "", "2014-12-31": "-58.00000", "2013-12-31": "-3.96900", "2012-12-31": "-2.45300", "2011-12-31": "0.71800", "2010-12-31": "-0.95300", "2009-12-31": "1.61400", "2008-12-31": "-0.27100", "2007-12-31": "-1.08600", "2006-12-31": "-0.95700", "2005-12-31": "-2.24900"}, "Cash Flow From Investing Activities": {"2019-12-31": "-864.00000", "2018-12-31": "-464.00000", "2017-12-31": "-683.00000", "2016-12-31": "-618.00000", "2015-12-31": "-550.00000", "2014-12-31": "-471.00000", "2013-12-31": "172.74900", "2012-12-31": "-896.61100", "2011-12-31": "-759.60300", "2010-12-31": "-777.29700", "2009-12-31": "-545.46200", "2008-12-31": "-904.02700", "2007-12-31": "-579.48100", "2006-12-31": "-596.18900", "2005-12-31": "-766.79400"}, "Net Long-Term Debt": {"2019-12-31": "-116.00000", "2018-12-31": "-19.00000", "2017-12-31": "-14.00000", "2016-12-31": "-11.00000", "2015-12-31": "525.00000", "2014-12-31": "275.00000", "2013-12-31": "", "2012-12-31": "", "2011-12-31": "11.66200", "2010-12-31": "-0.31600", "2009-12-31": "-140.23600", "2008-12-31": "-3.03900", "2007-12-31": "", "2006-12-31": "", "2005-12-31": ""}, "Net Current Debt": {"2019-12-31": "", "2018-12-31": "", "2017-12-31": "", "2016-12-31": "", "2015-12-31": "", "2014-12-31": "", "2013-12-31": "", "2012-12-31": "", "2011-12-31": "", "2010-12-31": "", "2009-12-31": "", "2008-12-31": "", "2007-12-31": "-35.00000", "2006-12-31": "-100.00000", "2005-12-31": "105.00000"}, "Debt Issuance/Retirement Net - Total": {"2019-12-31": "-116.00000", "2018-12-31": "-19.00000", "2017-12-31": "-14.00000", "2016-12-31": "-11.00000", "2015-12-31": "525.00000", "2014-12-31": "275.00000", "2013-12-31": "", "2012-12-31": "", "2011-12-31": "11.66200", "2010-12-31": "-0.31600", "2009-12-31": "-140.23600", "2008-12-31": "-3.03900", "2007-12-31": "-35.00000", "2006-12-31": "-100.00000", "2005-12-31": "105.00000"}, "Net Common Equity Issued/Repurchased": {"2019-12-31": "-30.00000", "2018-12-31": "18.00000", "2017-12-31": "1.00000", "2016-12-31": "1.00000", "2015-12-31": "-4.00000", "2014-12-31": "-18.00000", "2013-12-31": "-12.76000", "2012-12-31": "-22.25000", "2011-12-31": "-60.35900", "2010-12-31": "-52.31800", "2009-12-31": "-33.66700", "2008-12-31": "-30.65400", "2007-12-31": "-77.82900", "2006-12-31": "15.90900", "2005-12-31": "23.34500"}, "Net Total Equity Issued/Repurchased": {"2019-12-31": "-30.00000", "2018-12-31": "18.00000", "2017-12-31": "1.00000", "2016-12-31": "1.00000", "2015-12-31": "-4.00000", "2014-12-31": "-18.00000", "2013-12-31": "-12.76000", "2012-12-31": "-22.25000", "2011-12-31": "-60.35900", "2010-12-31": "-52.31800", "2009-12-31": "-33.66700", "2008-12-31": "-30.65400", "2007-12-31": "-77.82900", "2006-12-31": "15.90900", "2005-12-31": "23.34500"}, "Total Common And Preferred Stock Dividends Paid": {"2019-12-31": "", "2018-12-31": "", "2017-12-31": "", "2016-12-31": "", "2015-12-31": "", "2014-12-31": "", "2013-12-31": "-482.27000", "2012-12-31": "", "2011-12-31": "", "2010-12-31": "", "2009-12-31": "", "2008-12-31": "", "2007-12-31": "", "2006-12-31": "", "2005-12-31": ""}, "Financial Activities - Other": {"2019-12-31": "-6.00000", "2018-12-31": "-13.00000", "2017-12-31": "-7.00000", "2016-12-31": "-2.00000", "2015-12-31": "-24.00000", "2014-12-31": "-88.00000", "2013-12-31": "-4.90900", "2012-12-31": "-26.22700", "2011-12-31": "-32.32200", "2010-12-31": "-30.53200", "2009-12-31": "-23.03900", "2008-12-31": "-18.59400", "2007-12-31": "0.85300", "2006-12-31": "-16.87900", "2005-12-31": "-3.76900"}, "Cash Flow From Financial Activities": {"2019-12-31": "-152.00000", "2018-12-31": "-14.00000", "2017-12-31": "-20.00000", "2016-12-31": "-12.00000", "2015-12-31": "497.00000", "2014-12-31": "169.00000", "2013-12-31": "-499.93900", "2012-12-31": "-48.47700", "2011-12-31": "-81.01900", "2010-12-31": "-83.16600", "2009-12-31": "-196.94200", "2008-12-31": "-52.28700", "2007-12-31": "-111.97600", "2006-12-31": "-100.97000", "2005-12-31": "124.57600"}, "Net Cash Flow": {"2019-12-31": "-292.00000", "2018-12-31": "231.00000", "2017-12-31": "-234.00000", "2016-12-31": "-129.00000", "2015-12-31": "502.00000", "2014-12-31": "-130.00000", "2013-12-31": "-36.29300", "2012-12-31": "-45.79700", "2011-12-31": "147.24000", "2010-12-31": "-26.07600", "2009-12-31": "129.40500", "2008-12-31": "-33.53700", "2007-12-31": "171.62100", "2006-12-31": "3.90900", "2005-12-31": "-12.05900"}, "Stock-Based Compensation": {"2019-12-31": "41.00000", "2018-12-31": "37.00000", "2017-12-31": "30.00000", "2016-12-31": "26.00000", "2015-12-31": "25.00000", "2014-12-31": "22.00000", "2013-12-31": "15.84400", "2012-12-31": "21.46600", "2011-12-31": "20.18300", "2010-12-31": "18.04400", "2009-12-31": "16.36200", "2008-12-31": "15.12200", "2007-12-31": "14.68100", "2006-12-31": "20.05300", "2005-12-31": "6.19300"}, "Common Stock Dividends Paid": {"2019-12-31": "", "2018-12-31": "", "2017-12-31": "", "2016-12-31": "", "2015-12-31": "", "2014-12-31": "", "2013-12-31": "-482.27000", "2012-12-31": "", "2011-12-31": "0.00000", "2010-12-31": "", "2009-12-31": "", "2008-12-31": "", "2007-12-31": "", "2006-12-31": "", "2005-12-31": ""}}, "cash flow statement, quarterly": {"Net Income/Loss": {"2020-09-30": 86, "2020-06-30": 69, "2020-03-31": "72.00000", "2019-12-31": 18, "2019-09-30": 25, "2019-06-30": 32, "2019-03-31": "58.00000", "2018-12-31": 21, "2018-09-30": 36, "2018-06-30": 52, "2018-03-31": "55.00000", "2017-12-31": 274, "2017-09-30": -299, "2017-06-30": 12, "2017-03-31": "28.00000", "2016-12-31": -5, "2016-09-30": 17, "2016-06-30": 28, "2016-03-31": "9.00000", "2015-12-31": -3, "2015-09-30": 65, "2015-06-30": 20, "2015-03-31": "165.00000", "2014-12-31": -22.182, "2014-09-30": -23.771, "2014-06-30": -19.451, "2014-03-31": "18.40400", "2013-12-31": -0.262, "2013-09-30": -9.601, "2013-06-30": 143.675, "2013-03-31": "10.71000", "2012-12-31": -29.324, "2012-09-30": 42.14, "2012-06-30": 59.248, "2012-03-31": "69.01200", "2011-12-31": 7.875, "2011-09-30": 69.507, "2011-06-30": 80.932, "2011-03-31": "40.43000", "2010-12-31": 14.008, "2010-09-30": 46.09, "2010-06-30": 45.972, "2010-03-31": "53.08800", "2009-12-31": 13.573, "2009-09-30": 39.938, "2009-06-30": 87.294, "2009-03-31": "90.51000", "2008-12-31": -189.498, "2008-09-30": 95.204, "2008-06-30": 77.948, "2008-03-31": "74.56900", "2007-12-31": 44.263, "2007-09-30": 63.555, "2007-06-30": 147.571, "2007-03-31": "74.40100", "2006-12-31": 54.105, "2006-09-30": 35.875, "2006-06-30": 50.064, "2006-03-31": "39.44600", "2005-12-31": 61.17, "2005-09-30": 36.139, "2005-06-30": 38.077, "2005-03-31": "19.56500"}, "Total Depreciation And Amortization - Cash Flow": {"2020-09-30": 162, "2020-06-30": 177, "2020-03-31": "177.00000", "2019-12-31": 178, "2019-09-30": 179, "2019-06-30": 176, "2019-03-31": "169.00000", "2018-12-31": 162, "2018-09-30": 161, "2018-06-30": 158, "2018-03-31": "159.00000", "2017-12-31": 155, "2017-09-30": 153, "2017-06-30": 154, "2017-03-31": "153.00000", "2016-12-31": 156, "2016-09-30": 155, "2016-06-30": 154, "2016-03-31": "153.00000", "2015-12-31": 157, "2015-09-30": 152, "2015-06-30": 151, "2015-03-31": "147.00000", "2014-12-31": 140.958, "2014-09-30": 148.952, "2014-06-30": 148.337, "2014-03-31": "167.75300", "2013-12-31": 210.371, "2013-09-30": 200.985, "2013-06-30": 202.58, "2013-03-31": "189.84500", "2012-12-31": 169.242, "2012-09-30": 145.151, "2012-06-30": 147.555, "2012-03-31": "146.68500", "2011-12-31": 141.976, "2011-09-30": 141.664, "2011-06-30": 146.577, "2011-03-31": "143.34000", "2010-12-31": 143.124, "2010-09-30": 140.143, "2010-06-30": 144.455, "2010-03-31": "143.23300", "2009-12-31": 142.228, "2009-09-30": 146.052, "2009-06-30": 138.777, "2009-03-31": "137.87800", "2008-12-31": 143.599, "2008-09-30": 145.434, "2008-06-30": 145.258, "2008-03-31": "142.53000", "2007-12-31": 138.196, "2007-09-30": 148.014, "2007-06-30": 146.024, "2007-03-31": "145.95200", "2006-12-31": 126.074, "2006-09-30": 146.94, "2006-06-30": 140.486, "2006-03-31": "142.02500", "2005-12-31": 107.849, "2005-09-30": 127.967, "2005-06-30": 126.784, "2005-03-31": "127.49300"}, "Other Non-Cash Items": {"2020-09-30": 50, "2020-06-30": 102, "2020-03-31": "75.00000", "2019-12-31": 99, "2019-09-30": -37, "2019-06-30": 73, "2019-03-31": "22.00000", "2018-12-31": 68, "2018-09-30": 3, "2018-06-30": 27, "2018-03-31": "16.00000", "2017-12-31": -244, "2017-09-30": 337, "2017-06-30": 27, "2017-03-31": "-3.00000", "2016-12-31": 39, "2016-09-30": 22, "2016-06-30": 11, "2016-03-31": "12.00000", "2015-12-31": 100, "2015-09-30": -16, "2015-06-30": 21, "2015-03-31": "-242.00000", "2014-12-31": 95.099, "2014-09-30": 1.645, "2014-06-30": 42.026, "2014-03-31": "-99.77000", "2013-12-31": -185.484, "2013-09-30": -20.591, "2013-06-30": -270.613, "2013-03-31": "20.62200", "2012-12-31": 62.554, "2012-09-30": 73.295, "2012-06-30": 32.319, "2012-03-31": "4.97300", "2011-12-31": 107.504, "2011-09-30": 60.729, "2011-06-30": 69.723, "2011-03-31": "52.64400", "2010-12-31": 67.652, "2010-09-30": 75.326, "2010-06-30": 33.059, "2010-03-31": "8.32400", "2009-12-31": 81.243, "2009-09-30": 81.768, "2009-06-30": 26.982, "2009-03-31": "8.53600", "2008-12-31": 303.569, "2008-09-30": 16.152, "2008-06-30": 52.836, "2008-03-31": "24.71100", "2007-12-31": 61.206, "2007-09-30": -4.768, "2007-06-30": -75.954, "2007-03-31": "-12.14500", "2006-12-31": 24.855, "2006-09-30": 1.626, "2006-06-30": 33.188, "2006-03-31": "-1.29100", "2005-12-31": -13.407, "2005-09-30": 5.951, "2005-06-30": 45.171, "2005-03-31": "8.50400"}, "Total Non-Cash Items": {"2020-09-30": 212, "2020-06-30": 279, "2020-03-31": "252.00000", "2019-12-31": 277, "2019-09-30": 142, "2019-06-30": 249, "2019-03-31": "191.00000", "2018-12-31": 230, "2018-09-30": 164, "2018-06-30": 185, "2018-03-31": "175.00000", "2017-12-31": -89, "2017-09-30": 490, "2017-06-30": 181, "2017-03-31": "150.00000", "2016-12-31": 195, "2016-09-30": 177, "2016-06-30": 165, "2016-03-31": "165.00000", "2015-12-31": 257, "2015-09-30": 136, "2015-06-30": 172, "2015-03-31": "-95.00000", "2014-12-31": 236.057, "2014-09-30": 150.597, "2014-06-30": 190.363, "2014-03-31": "67.98300", "2013-12-31": 24.8871, "2013-09-30": 180.394, "2013-06-30": -68.033, "2013-03-31": "210.46700", "2012-12-31": 231.796, "2012-09-30": 218.446, "2012-06-30": 179.874, "2012-03-31": "151.65800", "2011-12-31": 249.4801, "2011-09-30": 202.3928, "2011-06-30": 216.3001, "2011-03-31": "195.98400", "2010-12-31": 210.776, "2010-09-30": 215.469, "2010-06-30": 177.514, "2010-03-31": "151.55700", "2009-12-31": 223.4711, "2009-09-30": 227.82, "2009-06-30": 165.759, "2009-03-31": "146.41400", "2008-12-31": 447.1679, "2008-09-30": 161.586, "2008-06-30": 198.094, "2008-03-31": "167.24100", "2007-12-31": 199.4021, "2007-09-30": 143.2459, "2007-06-30": 70.07, "2007-03-31": "133.80700", "2006-12-31": 150.929, "2006-09-30": 148.566, "2006-06-30": 173.674, "2006-03-31": "140.73400", "2005-12-31": 94.442, "2005-09-30": 133.918, "2005-06-30": 171.955, "2005-03-31": "135.99700"}, "Change In Accounts Receivable": {"2020-09-30": 8, "2020-06-30": -32, "2020-03-31": "55.00000", "2019-12-31": -11, "2019-09-30": -38, "2019-06-30": -28, "2019-03-31": "31.00000", "2018-12-31": -38, "2018-09-30": -44, "2018-06-30": -26, "2018-03-31": "69.00000", "2017-12-31": -52, "2017-09-30": -11, "2017-06-30": -31, "2017-03-31": "26.00000", "2016-12-31": -24, "2016-09-30": -8, "2016-06-30": -6, "2016-03-31": "15.00000", "2015-12-31": -42, "2015-09-30": -59, "2015-06-30": 6, "2015-03-31": "-1.00000", "2014-12-31": -60.741, "2014-09-30": -5.407, "2014-06-30": -0.438, "2014-03-31": "79.58600", "2013-12-31": -77.054, "2013-09-30": -212.57, "2013-06-30": -35.155, "2013-03-31": "33.61100", "2012-12-31": 2.486, "2012-09-30": -53.919, "2012-06-30": -50.004, "2012-03-31": "36.62100", "2011-12-31": -24.611, "2011-09-30": -21.657, "2011-06-30": -40.857, "2011-03-31": "4.95000", "2010-12-31": -28.959, "2010-09-30": -23.298, "2010-06-30": -24.308, "2010-03-31": "1.31300", "2009-12-31": -8.266, "2009-09-30": -37.457, "2009-06-30": -50.791, "2009-03-31": "-18.13200", "2008-12-31": 2.534, "2008-09-30": -21.492, "2008-06-30": -41.444, "2008-03-31": "-8.61500", "2007-12-31": -25.95, "2007-09-30": -42.581, "2007-06-30": -44.122, "2007-03-31": "14.01900", "2006-12-31": -21.248, "2006-09-30": -22.582, "2006-06-30": -44.107, "2006-03-31": "-7.71200", "2005-12-31": -43.301, "2005-09-30": -12.464, "2005-06-30": -27.157, "2005-03-31": "4.71300"}, "Change In Inventories": {"2020-09-30": -12, "2020-06-30": 67, "2020-03-31": "-50.00000", "2019-12-31": -23, "2019-09-30": 7, "2019-06-30": 11, "2019-03-31": "-15.00000", "2018-12-31": -19, "2018-09-30": 18, "2018-06-30": -1, "2018-03-31": "-2.00000", "2017-12-31": -36, "2017-09-30": 38, "2017-06-30": 1, "2017-03-31": "-3.00000", "2016-12-31": 6, "2016-09-30": 29, "2016-06-30": -25, "2016-03-31": "-2.00000", "2015-12-31": 27, "2015-09-30": -41, "2015-06-30": 30, "2015-03-31": "102.00000", "2014-12-31": -82.367, "2014-09-30": 15.038, "2014-06-30": 19.023, "2014-03-31": "19.30600", "2013-12-31": -95.658, "2013-09-30": 20.88, "2013-06-30": -24.394, "2013-03-31": "16.75000", "2012-12-31": 40.637, "2012-09-30": -13.384, "2012-06-30": -51.629, "2012-03-31": "-4.41000", "2011-12-31": 21.686, "2011-09-30": 12.178, "2011-06-30": -51.965, "2011-03-31": "3.46100", "2010-12-31": 7.604, "2010-09-30": 0.421, "2010-06-30": 32.974, "2010-03-31": "-0.72200", "2009-12-31": -31.483, "2009-09-30": 5.882, "2009-06-30": -17.595, "2009-03-31": "7.20400", "2008-12-31": -4.011, "2008-09-30": 8.264, "2008-06-30": -6.119, "2008-03-31": "-13.69700", "2007-12-31": 12.088, "2007-09-30": 4.994, "2007-06-30": -16.876, "2007-03-31": "16.10600", "2006-12-31": -40.264, "2006-09-30": 5.314, "2006-06-30": 3.141, "2006-03-31": "7.62900", "2005-12-31": -37.265, "2005-09-30": -0.097, "2005-06-30": 14.624, "2005-03-31": "7.16700"}, "Change In Accounts Payable": {"2020-09-30": 22, "2020-06-30": -42, "2020-03-31": "97.00000", "2019-12-31": -65, "2019-09-30": 3, "2019-06-30": -63, "2019-03-31": "56.00000", "2018-12-31": -18, "2018-09-30": 56, "2018-06-30": -5, "2018-03-31": "-30.00000", "2017-12-31": 44, "2017-09-30": -5, "2017-06-30": 25, "2017-03-31": "-78.00000", "2016-12-31": 3, "2016-09-30": 10, "2016-06-30": -8, "2016-03-31": "43.00000", "2015-12-31": -112, "2015-09-30": 92, "2015-06-30": 44, "2015-03-31": "-19.00000", "2014-12-31": -119.677, "2014-09-30": 58.277, "2014-06-30": 3.957, "2014-03-31": "-40.55700", "2013-12-31": 52.799, "2013-09-30": -39.644, "2013-06-30": 69.48, "2013-03-31": "2.71100", "2012-12-31": 27.252, "2012-09-30": -15.829, "2012-06-30": -3.158, "2012-03-31": "-14.70000", "2011-12-31": -13.116, "2011-09-30": 13.981, "2011-06-30": -22.735, "2011-03-31": "51.67200", "2010-12-31": 2.652, "2010-09-30": -22.134, "2010-06-30": 8.192, "2010-03-31": "-45.21800", "2009-12-31": 55.726, "2009-09-30": 22.829, "2009-06-30": -4.129, "2009-03-31": "-33.11200", "2008-12-31": -14.996, "2008-09-30": 8.508, "2008-06-30": 5.544, "2008-03-31": "-2.53500", "2007-12-31": 7.44, "2007-09-30": 5.791, "2007-06-30": 13.747, "2007-03-31": "-21.05800", "2006-12-31": 37.827, "2006-09-30": -4.108, "2006-06-30": 9.148, "2006-03-31": "-42.61000", "2005-12-31": 84.165, "2005-09-30": 0.856, "2005-06-30": 10.744, "2005-03-31": "-55.38700"}, "Change In Assets/Liabilities": {"2020-09-30": -38, "2020-06-30": 36, "2020-03-31": "-44.00000", "2019-12-31": -47, "2019-09-30": -16, "2019-06-30": 4, "2019-03-31": "-55.00000", "2018-12-31": -19, "2018-09-30": 1, "2018-06-30": -22, "2018-03-31": "-93.00000", "2017-12-31": -54, "2017-09-30": -34, "2017-06-30": -43, "2017-03-31": "-93.00000", "2016-12-31": -86, "2016-09-30": -76, "2016-06-30": -55, "2016-03-31": "-106.00000", "2015-12-31": 7, "2015-09-30": -94, "2015-06-30": -44, "2015-03-31": "-96.00000", "2014-12-31": -20.968, "2014-09-30": -87.878, "2014-06-30": -30.142, "2014-03-31": "-75.01200", "2013-12-31": 114.751, "2013-09-30": 0.665, "2013-06-30": 6.792, "2013-03-31": "-66.26000", "2012-12-31": 53.835, "2012-09-30": -5.062, "2012-06-30": 24.523, "2012-03-31": "-70.59500", "2011-12-31": 67.489, "2011-09-30": 16.894, "2011-06-30": 7.672, "2011-03-31": "-60.42400", "2010-12-31": 104.693, "2010-09-30": 1.865, "2010-06-30": 25.158, "2010-03-31": "-47.98400", "2009-12-31": 15.327, "2009-09-30": -2.047, "2009-06-30": -13.756, "2009-03-31": "-59.24300", "2008-12-31": 21.05, "2008-09-30": 11.541, "2008-06-30": 3.372, "2008-03-31": "-29.45200", "2007-12-31": 17.698, "2007-09-30": 18.05, "2007-06-30": 16.842, "2007-03-31": "-18.74600", "2006-12-31": 36.022, "2006-09-30": 4.899, "2006-06-30": 4.817, "2006-03-31": "-21.16500", "2005-12-31": 15.592, "2005-09-30": 7.546, "2005-06-30": 12.763, "2005-03-31": "-16.58500"}, "Total Change In Assets/Liabilities": {"2020-09-30": -41, "2020-06-30": 2, "2020-03-31": "18.00000", "2019-12-31": -259, "2019-09-30": 43, "2019-06-30": -93, "2019-03-31": "37.00000", "2018-12-31": -143, "2018-09-30": 35, "2018-06-30": -62, "2018-03-31": "-42.00000", "2017-12-31": -112, "2017-09-30": -17, "2017-06-30": -34, "2017-03-31": "-117.00000", "2016-12-31": -106, "2016-09-30": -40, "2016-06-30": -93, "2016-03-31": "-11.00000", "2015-12-31": -254, "2015-09-30": -69, "2015-06-30": -24, "2015-03-31": "185.00000", "2014-12-31": -372.44, "2014-09-30": -9.064, "2014-06-30": -21.598, "2014-03-31": "-22.89800", "2013-12-31": -30.017, "2013-09-30": -323.246, "2013-06-30": 149.089, "2013-03-31": "2.18800", "2012-12-31": 88.377, "2012-09-30": -64.606, "2012-06-30": -83.724, "2012-03-31": "35.84800", "2011-12-31": -7.273, "2011-09-30": 28.722, "2011-06-30": -117.283, "2011-03-31": "20.69300", "2010-12-31": 26.333, "2010-09-30": -81.207, "2010-06-30": 29.937, "2010-03-31": "-52.66700", "2009-12-31": -1.081, "2009-09-30": -3.802, "2009-06-30": -66.261, "2009-03-31": "-51.80200", "2008-12-31": -31.683, "2008-09-30": 12.958, "2008-06-30": -79.007, "2008-03-31": "-12.01300", "2007-12-31": -1.762, "2007-09-30": -25.525, "2007-06-30": -27.27, "2007-03-31": "46.85800", "2006-12-31": -3.604, "2006-09-30": -5.271, "2006-06-30": -60.408, "2006-03-31": "-23.28600", "2005-12-31": -41.142, "2005-09-30": 12.215, "2005-06-30": 4.319, "2005-03-31": "-42.68900"}, "Cash Flow From Operating Activities": {"2020-09-30": 258, "2020-06-30": 350, "2020-03-31": "342.00000", "2019-12-31": 37, "2019-09-30": 211, "2019-06-30": 189, "2019-03-31": "287.00000", "2018-12-31": 109, "2018-09-30": 235, "2018-06-30": 177, "2018-03-31": "188.00000", "2017-12-31": 75, "2017-09-30": 174, "2017-06-30": 159, "2017-03-31": "61.00000", "2016-12-31": 86, "2016-09-30": 154, "2016-06-30": 98, "2016-03-31": "163.00000", "2015-12-31": 0, "2015-09-30": 132, "2015-06-30": 168, "2015-03-31": "255.00000", "2014-12-31": -158.631, "2014-09-30": 117.771, "2014-06-30": 149.324, "2014-03-31": "63.53600", "2013-12-31": -5.336, "2013-09-30": -152.352, "2013-06-30": 224.97, "2013-03-31": "223.61500", "2012-12-31": 290.532, "2012-09-30": 196.522, "2012-06-30": 155.27, "2012-03-31": "256.96700", "2011-12-31": 249.041, "2011-09-30": 300.721, "2011-06-30": 180.392, "2011-03-31": "257.70800", "2010-12-31": 250.374, "2010-09-30": 180.307, "2010-06-30": 251.454, "2010-03-31": "152.25200", "2009-12-31": 234.115, "2009-09-30": 264.571, "2009-06-30": 187.561, "2009-03-31": "185.56200", "2008-12-31": 226.197, "2008-09-30": 269.748, "2008-06-30": 197.035, "2008-03-31": "229.79700", "2007-12-31": 241.365, "2007-09-30": 181.276, "2007-06-30": 185.371, "2007-03-31": "255.06600", "2006-12-31": 201.43, "2006-09-30": 179.414, "2006-06-30": 163.33, "2006-03-31": "156.89400", "2005-12-31": 120.663, "2005-09-30": 182.272, "2005-06-30": 214.351, "2005-03-31": "112.87300"}, "Net Change In Property, Plant, And Equipment": {"2020-09-30": -219, "2020-06-30": -156, "2020-03-31": "-315.00000", "2019-12-31": -211, "2019-09-30": -157, "2019-06-30": -175, "2019-03-31": "-107.00000", "2018-12-31": -235, "2018-09-30": -104, "2018-06-30": -97, "2018-03-31": "-76.00000", "2017-12-31": -213, "2017-09-30": -97, "2017-06-30": -67, "2017-03-31": "-88.00000", "2016-12-31": -163, "2016-09-30": -103, "2016-06-30": -74, "2016-03-31": "-103.00000", "2015-12-31": -174, "2015-09-30": -148, "2015-06-30": -143, "2015-03-31": "-116.00000", "2014-12-31": -180.226, "2014-09-30": -162.377, "2014-06-30": -152.899, "2014-03-31": "-109.49800", "2013-12-31": -195.682, "2013-09-30": -199.023, "2013-06-30": -172.133, "2013-03-31": "-151.02400", "2012-12-31": -214.969, "2012-09-30": -181.206, "2012-06-30": -221.065, "2012-03-31": "-209.16000", "2011-12-31": -309.471, "2011-09-30": -196.933, "2011-06-30": -144.353, "2011-03-31": "-121.04100", "2010-12-31": -189.631, "2010-09-30": -124.688, "2010-06-30": -133.49, "2010-03-31": "-121.51400", "2009-12-31": -172.999, "2009-09-30": -128.868, "2009-06-30": -91.161, "2009-03-31": "-137.74100", "2008-12-31": -189.953, "2008-09-30": -146.137, "2008-06-30": -137.81, "2008-03-31": "-111.69000", "2007-12-31": -188.096, "2007-09-30": -130.609, "2007-06-30": -137.061, "2007-03-31": "-109.72900", "2006-12-31": -158.407, "2006-09-30": -152.771, "2006-06-30": -151.398, "2006-03-31": "-117.20900", "2005-12-31": -197.437, "2005-09-30": -122.531, "2005-06-30": -143.782, "2005-03-31": "-112.77500"}, "Net Change In Intangible Assets": {"2020-09-30": -25, "2020-06-30": -118, "2020-03-31": "-26.00000", "2019-12-31": -9, "2019-09-30": -2, "2019-06-30": -254, "2019-03-31": "-1.00000", "2018-12-31": -6, "2018-09-30": 0, "2018-06-30": -1, "2018-03-31": "-1.00000", "2017-12-31": 0, "2017-09-30": 0, "2017-06-30": -189, "2017-03-31": "", "2016-12-31": -53, "2016-09-30": 0, "2016-06-30": 0, "2016-03-31": "", "2015-12-31": 0, "2015-09-30": 0, "2015-06-30": 0, "2015-03-31": "", "2014-12-31": 0, "2014-09-30": 0, "2014-06-30": 0, "2014-03-31": "", "2013-12-31": 0, "2013-09-30": 0, "2013-06-30": 0, "2013-03-31": "", "2012-12-31": 0, "2012-09-30": 0, "2012-06-30": 0, "2012-03-31": "", "2011-12-31": 0, "2011-09-30": 0, "2011-06-30": 0, "2011-03-31": "", "2010-12-31": 0, "2010-09-30": 0, "2010-06-30": 0, "2010-03-31": "", "2009-12-31": 0, "2009-09-30": 0, "2009-06-30": 0, "2009-03-31": "", "2008-12-31": 0, "2008-09-30": 0, "2008-06-30": 0, "2008-03-31": "", "2007-12-31": 0, "2007-09-30": 0, "2007-06-30": 0, "2007-03-31": "", "2006-12-31": 0, "2006-09-30": 0, "2006-06-30": 0, "2006-03-31": "", "2005-12-31": 0, "2005-09-30": 0, "2005-06-30": 0, "2005-03-31": ""}, "Net Acquisitions/Divestitures": {"2020-09-30": 16, "2020-06-30": -15, "2020-03-31": "", "2019-12-31": 9, "2019-09-30": 0, "2019-06-30": 136, "2019-03-31": "-104.00000", "2018-12-31": 1, "2018-09-30": 2, "2018-06-30": 17, "2018-03-31": "4.00000", "2017-12-31": 2, "2017-09-30": 2, "2017-06-30": 4, "2017-03-31": "13.00000", "2016-12-31": 47, "2016-09-30": 3, "2016-06-30": -31, "2016-03-31": "2.00000", "2015-12-31": 3, "2015-09-30": 26, "2015-06-30": 8, "2015-03-31": "-6.00000", "2014-12-31": 36.177, "2014-09-30": -2.837, "2014-06-30": 14.753, "2014-03-31": "93.90700", "2013-12-31": 326.82, "2013-09-30": 1.91, "2013-06-30": 480, "2013-03-31": "-14.15000", "2012-12-31": -64.733, "2012-09-30": -45.164, "2012-06-30": -1.551, "2012-03-31": "38.69000", "2011-12-31": 0, "2011-09-30": -1.606, "2011-06-30": -22.167, "2011-03-31": "", "2010-12-31": -6.6, "2010-09-30": 0, "2010-06-30": -6.701, "2010-03-31": "-3.80000", "2009-12-31": -3.45, "2009-09-30": -0.2, "2009-06-30": -0.2, "2009-03-31": "-12.12700", "2008-12-31": -26.964, "2008-09-30": -2.115, "2008-06-30": -210.615, "2008-03-31": "-95.16200", "2007-12-31": -3.195, "2007-09-30": 0, "2007-06-30": 3.952, "2007-03-31": "-17.95800", "2006-12-31": 54.484, "2006-09-30": -80.035, "2006-06-30": -18.546, "2006-03-31": "", "2005-12-31": -62.411, "2005-09-30": -0.127, "2005-06-30": -4.558, "2005-03-31": "-120.92400"}, "Net Change In Short-term Investments": {"2020-09-30": 0, "2020-06-30": 0, "2020-03-31": "", "2019-12-31": 0, "2019-09-30": 0, "2019-06-30": 0, "2019-03-31": "", "2018-12-31": 0, "2018-09-30": 0, "2018-06-30": 0, "2018-03-31": "", "2017-12-31": 0, "2017-09-30": 0, "2017-06-30": 0, "2017-03-31": "", "2016-12-31": 0, "2016-09-30": 0, "2016-06-30": 0, "2016-03-31": "", "2015-12-31": 0, "2015-09-30": 0, "2015-06-30": 0, "2015-03-31": "", "2014-12-31": 0, "2014-09-30": 0, "2014-06-30": 0, "2014-03-31": "", "2013-12-31": 0, "2013-09-30": 0, "2013-06-30": 0, "2013-03-31": "", "2012-12-31": 0, "2012-09-30": 0, "2012-06-30": 0, "2012-03-31": "", "2011-12-31": 0, "2011-09-30": 0, "2011-06-30": 0, "2011-03-31": "", "2010-12-31": 0, "2010-09-30": 0, "2010-06-30": 0, "2010-03-31": "", "2009-12-31": 0, "2009-09-30": 0, "2009-06-30": 0, "2009-03-31": "", "2008-12-31": 0, "2008-09-30": 0, "2008-06-30": 0, "2008-03-31": "", "2007-12-31": 0, "2007-09-30": 0, "2007-06-30": 0, "2007-03-31": "", "2006-12-31": 0, "2006-09-30": 0, "2006-06-30": 0, "2006-03-31": "", "2005-12-31": 0, "2005-09-30": 0, "2005-06-30": 0, "2005-03-31": ""}, "Net Change In Long-Term Investments": {"2020-09-30": 0, "2020-06-30": 1, "2020-03-31": "-1.00000", "2019-12-31": 0, "2019-09-30": 18, "2019-06-30": -1, "2019-03-31": "1.00000", "2018-12-31": -17, "2018-09-30": 0, "2018-06-30": 0, "2018-03-31": "50.00000", "2017-12-31": 0, "2017-09-30": -50, "2017-06-30": 0, "2017-03-31": "", "2016-12-31": 0, "2016-09-30": 0, "2016-06-30": 0, "2016-03-31": "", "2015-12-31": 0, "2015-09-30": 0, "2015-06-30": 0, "2015-03-31": "", "2014-12-31": 40, "2014-09-30": 0, "2014-06-30": 0, "2014-03-31": "10.00000", "2013-12-31": 35, "2013-09-30": 65, "2013-06-30": 0, "2013-03-31": "", "2012-12-31": 0, "2012-09-30": 5, "2012-06-30": 0, "2012-03-31": "", "2011-12-31": 0, "2011-09-30": -19.75, "2011-06-30": 20, "2011-03-31": "35.00000", "2010-12-31": -25, "2010-09-30": 9.854, "2010-06-30": -149.9, "2010-03-31": "-24.87400", "2009-12-31": -0.055, "2009-09-30": 0, "2009-06-30": 0.003, "2009-03-31": "-0.27800", "2008-12-31": 0, "2008-09-30": 16.69, "2008-06-30": 0, "2008-03-31": "", "2007-12-31": 0, "2007-09-30": 0, "2007-06-30": 4.301, "2007-03-31": "", "2006-12-31": 0, "2006-09-30": 28.65, "2006-06-30": 0, "2006-03-31": "", "2005-12-31": 0, "2005-09-30": 0, "2005-06-30": 0, "2005-03-31": ""}, "Net Change In Investments - Total": {"2020-09-30": 0, "2020-06-30": 1, "2020-03-31": "-1.00000", "2019-12-31": 0, "2019-09-30": 18, "2019-06-30": -1, "2019-03-31": "1.00000", "2018-12-31": -17, "2018-09-30": 0, "2018-06-30": 0, "2018-03-31": "50.00000", "2017-12-31": 0, "2017-09-30": -50, "2017-06-30": 0, "2017-03-31": "", "2016-12-31": 0, "2016-09-30": 0, "2016-06-30": 0, "2016-03-31": "", "2015-12-31": 0, "2015-09-30": 0, "2015-06-30": 0, "2015-03-31": "", "2014-12-31": 40, "2014-09-30": 0, "2014-06-30": 0, "2014-03-31": "10.00000", "2013-12-31": 35, "2013-09-30": 65, "2013-06-30": 0, "2013-03-31": "", "2012-12-31": 0, "2012-09-30": 5, "2012-06-30": 0, "2012-03-31": "", "2011-12-31": 0, "2011-09-30": -19.75, "2011-06-30": 20, "2011-03-31": "35.00000", "2010-12-31": -25, "2010-09-30": 9.854, "2010-06-30": -149.9, "2010-03-31": "-24.87400", "2009-12-31": -0.055, "2009-09-30": 0, "2009-06-30": 0.003, "2009-03-31": "-0.27800", "2008-12-31": 0, "2008-09-30": 16.69, "2008-06-30": 0, "2008-03-31": "", "2007-12-31": 0, "2007-09-30": 0, "2007-06-30": 4.301, "2007-03-31": "", "2006-12-31": 0, "2006-09-30": 28.65, "2006-06-30": 0, "2006-03-31": "", "2005-12-31": 0, "2005-09-30": 0, "2005-06-30": 0, "2005-03-31": ""}, "Investing Activities - Other": {"2020-09-30": 4, "2020-06-30": -1, "2020-03-31": "", "2019-12-31": -6, "2019-09-30": 0, "2019-06-30": 0, "2019-03-31": "-1.00000", "2018-12-31": -4, "2018-09-30": 0, "2018-06-30": 3, "2018-03-31": "", "2017-12-31": 0, "2017-09-30": 0, "2017-06-30": 0, "2017-03-31": "", "2016-12-31": 0, "2016-09-30": 1, "2016-06-30": -143, "2016-03-31": "-1.00000", "2015-12-31": -2, "2015-09-30": 1, "2015-06-30": -1, "2015-03-31": "2.00000", "2014-12-31": -58.804, "2014-09-30": -0.032, "2014-06-30": 0.252, "2014-03-31": "0.58400", "2013-12-31": -4.552, "2013-09-30": -3.41, "2013-06-30": 0.339, "2013-03-31": "3.65400", "2012-12-31": 2.577, "2012-09-30": -1.933, "2012-06-30": -3.393, "2012-03-31": "0.29600", "2011-12-31": 0.928, "2011-09-30": -2.901, "2011-06-30": 0.491, "2011-03-31": "2.20000", "2010-12-31": -1.609, "2010-09-30": -0.007, "2010-06-30": 0.433, "2010-03-31": "0.23000", "2009-12-31": -0.068, "2009-09-30": 0.25, "2009-06-30": 0.914, "2009-03-31": "0.51800", "2008-12-31": 0.984, "2008-09-30": -0.04, "2008-06-30": -1.454, "2008-03-31": "0.23900", "2007-12-31": 0.26, "2007-09-30": -1.19, "2007-06-30": -0.818, "2007-03-31": "0.66200", "2006-12-31": 2.299, "2006-09-30": -0.173, "2006-06-30": -1.386, "2006-03-31": "-1.69700", "2005-12-31": 2.745, "2005-09-30": -3.636, "2005-06-30": -0.316, "2005-03-31": "-1.04200"}, "Cash Flow From Investing Activities": {"2020-09-30": -224, "2020-06-30": -289, "2020-03-31": "-342.00000", "2019-12-31": -217, "2019-09-30": -141, "2019-06-30": -294, "2019-03-31": "-212.00000", "2018-12-31": -261, "2018-09-30": -102, "2018-06-30": -78, "2018-03-31": "-23.00000", "2017-12-31": -211, "2017-09-30": -145, "2017-06-30": -252, "2017-03-31": "-75.00000", "2016-12-31": -169, "2016-09-30": -99, "2016-06-30": -248, "2016-03-31": "-102.00000", "2015-12-31": -173, "2015-09-30": -121, "2015-06-30": -136, "2015-03-31": "-120.00000", "2014-12-31": -162.853, "2014-09-30": -165.246, "2014-06-30": -137.894, "2014-03-31": "-5.00700", "2013-12-31": 161.586, "2013-09-30": -135.523, "2013-06-30": 308.206, "2013-03-31": "-161.52000", "2012-12-31": -277.125, "2012-09-30": -223.303, "2012-06-30": -226.009, "2012-03-31": "-170.17400", "2011-12-31": -308.543, "2011-09-30": -221.19, "2011-06-30": -146.029, "2011-03-31": "-83.84100", "2010-12-31": -222.84, "2010-09-30": -114.841, "2010-06-30": -289.658, "2010-03-31": "-149.95800", "2009-12-31": -176.572, "2009-09-30": -128.818, "2009-06-30": -90.444, "2009-03-31": "-149.62800", "2008-12-31": -215.933, "2008-09-30": -131.602, "2008-06-30": -349.879, "2008-03-31": "-206.61300", "2007-12-31": -191.031, "2007-09-30": -131.799, "2007-06-30": -129.626, "2007-03-31": "-127.02500", "2006-12-31": -101.624, "2006-09-30": -204.329, "2006-06-30": -171.33, "2006-03-31": "-118.90600", "2005-12-31": -257.103, "2005-09-30": -126.294, "2005-06-30": -148.656, "2005-03-31": "-234.74100"}, "Net Long-Term Debt": {"2020-09-30": 498, "2020-06-30": 123, "2020-03-31": "-2.00000", "2019-12-31": -102, "2019-09-30": -4, "2019-06-30": -5, "2019-03-31": "-5.00000", "2018-12-31": -5, "2018-09-30": -4, "2018-06-30": -5, "2018-03-31": "-5.00000", "2017-12-31": -5, "2017-09-30": -3, "2017-06-30": -3, "2017-03-31": "-3.00000", "2016-12-31": -3, "2016-09-30": -2, "2016-06-30": -3, "2016-03-31": "-3.00000", "2015-12-31": 300, "2015-09-30": 225, "2015-06-30": 0, "2015-03-31": "", "2014-12-31": 275, "2014-09-30": 0, "2014-06-30": 0, "2014-03-31": "", "2013-12-31": 0.393, "2013-09-30": -0.322, "2013-06-30": -0.01, "2013-03-31": "-0.06100", "2012-12-31": 0.343, "2012-09-30": -0.298, "2012-06-30": -0.033, "2012-03-31": "-0.01200", "2011-12-31": -0.232, "2011-09-30": -0.063, "2011-06-30": 11.957, "2011-03-31": "", "2010-12-31": -0.009, "2010-09-30": -0.275, "2010-06-30": -0.032, "2010-03-31": "", "2009-12-31": -140.236, "2009-09-30": 0, "2009-06-30": 0, "2009-03-31": "", "2008-12-31": -3.039, "2008-09-30": 0, "2008-06-30": 0, "2008-03-31": "", "2007-12-31": 0, "2007-09-30": 0, "2007-06-30": 0, "2007-03-31": "", "2006-12-31": 0, "2006-09-30": 0, "2006-06-30": 0, "2006-03-31": "", "2005-12-31": 0, "2005-09-30": 0, "2005-06-30": 0, "2005-03-31": ""}, "Net Current Debt": {"2020-09-30": 0, "2020-06-30": 0, "2020-03-31": "", "2019-12-31": 0, "2019-09-30": 0, "2019-06-30": 0, "2019-03-31": "", "2018-12-31": 0, "2018-09-30": 0, "2018-06-30": 0, "2018-03-31": "", "2017-12-31": 0, "2017-09-30": 0, "2017-06-30": 0, "2017-03-31": "", "2016-12-31": 0, "2016-09-30": 0, "2016-06-30": 0, "2016-03-31": "", "2015-12-31": 0, "2015-09-30": 0, "2015-06-30": 0, "2015-03-31": "", "2014-12-31": 0, "2014-09-30": 0, "2014-06-30": 0, "2014-03-31": "", "2013-12-31": 0, "2013-09-30": 0, "2013-06-30": 0, "2013-03-31": "", "2012-12-31": 0, "2012-09-30": 0, "2012-06-30": 0, "2012-03-31": "", "2011-12-31": 0, "2011-09-30": 0, "2011-06-30": 0, "2011-03-31": "", "2010-12-31": 0, "2010-09-30": 0, "2010-06-30": 0, "2010-03-31": "", "2009-12-31": 0, "2009-09-30": 0, "2009-06-30": 0, "2009-03-31": "", "2008-12-31": 0, "2008-09-30": -50, "2008-06-30": 50, "2008-03-31": "", "2007-12-31": 0, "2007-09-30": 0, "2007-06-30": -60, "2007-03-31": "25.00000", "2006-12-31": -115, "2006-09-30": 45, "2006-06-30": 20, "2006-03-31": "-50.00000", "2005-12-31": 135, "2005-09-30": -50, "2005-06-30": -85, "2005-03-31": "105.00000"}, "Debt Issuance/Retirement Net - Total": {"2020-09-30": 498, "2020-06-30": 123, "2020-03-31": "-2.00000", "2019-12-31": -102, "2019-09-30": -4, "2019-06-30": -5, "2019-03-31": "-5.00000", "2018-12-31": -5, "2018-09-30": -4, "2018-06-30": -5, "2018-03-31": "-5.00000", "2017-12-31": -5, "2017-09-30": -3, "2017-06-30": -3, "2017-03-31": "-3.00000", "2016-12-31": -3, "2016-09-30": -2, "2016-06-30": -3, "2016-03-31": "-3.00000", "2015-12-31": 300, "2015-09-30": 225, "2015-06-30": 0, "2015-03-31": "", "2014-12-31": 275, "2014-09-30": 0, "2014-06-30": 0, "2014-03-31": "", "2013-12-31": 0.393, "2013-09-30": -0.322, "2013-06-30": -0.01, "2013-03-31": "-0.06100", "2012-12-31": 0.343, "2012-09-30": -0.298, "2012-06-30": -0.033, "2012-03-31": "-0.01200", "2011-12-31": -0.232, "2011-09-30": -0.063, "2011-06-30": 11.957, "2011-03-31": "", "2010-12-31": -0.009, "2010-09-30": -0.275, "2010-06-30": -0.032, "2010-03-31": "", "2009-12-31": -140.236, "2009-09-30": 0, "2009-06-30": 0, "2009-03-31": "", "2008-12-31": -3.039, "2008-09-30": -50, "2008-06-30": 50, "2008-03-31": "", "2007-12-31": 0, "2007-09-30": 0, "2007-06-30": -60, "2007-03-31": "25.00000", "2006-12-31": -115, "2006-09-30": 45, "2006-06-30": 20, "2006-03-31": "-50.00000", "2005-12-31": 135, "2005-09-30": -50, "2005-06-30": -85, "2005-03-31": "105.00000"}, "Net Common Equity Issued/Repurchased": {"2020-09-30": -4, "2020-06-30": -10, "2020-03-31": "-21.00000", "2019-12-31": -1, "2019-09-30": -21, "2019-06-30": -8, "2019-03-31": "", "2018-12-31": 11, "2018-09-30": 7, "2018-06-30": -2, "2018-03-31": "2.00000", "2017-12-31": 0, "2017-09-30": 1, "2017-06-30": -3, "2017-03-31": "3.00000", "2016-12-31": -1, "2016-09-30": 1, "2016-06-30": 2, "2016-03-31": "-1.00000", "2015-12-31": 1, "2015-09-30": -1, "2015-06-30": -2, "2015-03-31": "-2.00000", "2014-12-31": -4.452, "2014-09-30": -6.08, "2014-06-30": -5.784, "2014-03-31": "-1.68400", "2013-12-31": 2.944, "2013-09-30": 4.927, "2013-06-30": -2.329, "2013-03-31": "-18.30200", "2012-12-31": -19.951, "2012-09-30": 0.166, "2012-06-30": -2.822, "2012-03-31": "0.35700", "2011-12-31": 0.18, "2011-09-30": 0.505, "2011-06-30": -44.992, "2011-03-31": "-16.05200", "2010-12-31": -12.536, "2010-09-30": -18.503, "2010-06-30": -16.579, "2010-03-31": "-4.70000", "2009-12-31": -9.265, "2009-09-30": -4.665, "2009-06-30": -6.802, "2009-03-31": "-12.93500", "2008-12-31": -6.222, "2008-09-30": -8.038, "2008-06-30": -7.667, "2008-03-31": "-8.72700", "2007-12-31": -24.808, "2007-09-30": -13.187, "2007-06-30": -45.392, "2007-03-31": "5.55800", "2006-12-31": 12.053, "2006-09-30": 0, "2006-06-30": -0.002, "2006-03-31": "3.85800", "2005-12-31": 1.117, "2005-09-30": 8.216, "2005-06-30": 7.176, "2005-03-31": "6.83600"}, "Net Total Equity Issued/Repurchased": {"2020-09-30": -4, "2020-06-30": -10, "2020-03-31": "-21.00000", "2019-12-31": -1, "2019-09-30": -21, "2019-06-30": -8, "2019-03-31": "", "2018-12-31": 11, "2018-09-30": 7, "2018-06-30": -2, "2018-03-31": "2.00000", "2017-12-31": 0, "2017-09-30": 1, "2017-06-30": -3, "2017-03-31": "3.00000", "2016-12-31": -1, "2016-09-30": 1, "2016-06-30": 2, "2016-03-31": "-1.00000", "2015-12-31": 1, "2015-09-30": -1, "2015-06-30": -2, "2015-03-31": "-2.00000", "2014-12-31": -4.452, "2014-09-30": -6.08, "2014-06-30": -5.784, "2014-03-31": "-1.68400", "2013-12-31": 2.944, "2013-09-30": 4.927, "2013-06-30": -2.329, "2013-03-31": "-18.30200", "2012-12-31": -19.951, "2012-09-30": 0.166, "2012-06-30": -2.822, "2012-03-31": "0.35700", "2011-12-31": 0.18, "2011-09-30": 0.505, "2011-06-30": -44.992, "2011-03-31": "-16.05200", "2010-12-31": -12.536, "2010-09-30": -18.503, "2010-06-30": -16.579, "2010-03-31": "-4.70000", "2009-12-31": -9.265, "2009-09-30": -4.665, "2009-06-30": -6.802, "2009-03-31": "-12.93500", "2008-12-31": -6.222, "2008-09-30": -8.038, "2008-06-30": -7.667, "2008-03-31": "-8.72700", "2007-12-31": -24.808, "2007-09-30": -13.187, "2007-06-30": -45.392, "2007-03-31": "5.55800", "2006-12-31": 12.053, "2006-09-30": 0, "2006-06-30": -0.002, "2006-03-31": "3.85800", "2005-12-31": 1.117, "2005-09-30": 8.216, "2005-06-30": 7.176, "2005-03-31": "6.83600"}, "Total Common And Preferred Stock Dividends Paid": {"2020-09-30": 0, "2020-06-30": 0, "2020-03-31": "", "2019-12-31": 0, "2019-09-30": 0, "2019-06-30": 0, "2019-03-31": "", "2018-12-31": 0, "2018-09-30": 0, "2018-06-30": 0, "2018-03-31": "", "2017-12-31": 0, "2017-09-30": 0, "2017-06-30": 0, "2017-03-31": "", "2016-12-31": 0, "2016-09-30": 0, "2016-06-30": 0, "2016-03-31": "", "2015-12-31": 0, "2015-09-30": 0, "2015-06-30": 0, "2015-03-31": "", "2014-12-31": 0, "2014-09-30": 0, "2014-06-30": 0, "2014-03-31": "", "2013-12-31": 0, "2013-09-30": 0, "2013-06-30": -482.27, "2013-03-31": "", "2012-12-31": 0, "2012-09-30": 0, "2012-06-30": 0, "2012-03-31": "", "2011-12-31": 0, "2011-09-30": 0, "2011-06-30": 0, "2011-03-31": "", "2010-12-31": 0, "2010-09-30": 0, "2010-06-30": 0, "2010-03-31": "", "2009-12-31": 0, "2009-09-30": 0, "2009-06-30": 0, "2009-03-31": "", "2008-12-31": 0, "2008-09-30": 0, "2008-06-30": 0, "2008-03-31": "", "2007-12-31": 0, "2007-09-30": 0, "2007-06-30": 0, "2007-03-31": "", "2006-12-31": 0, "2006-09-30": 0, "2006-06-30": 0, "2006-03-31": "", "2005-12-31": 0, "2005-09-30": 0, "2005-06-30": 0, "2005-03-31": ""}, "Financial Activities - Other": {"2020-09-30": -16, "2020-06-30": -5, "2020-03-31": "-1.00000", "2019-12-31": -1, "2019-09-30": -2, "2019-06-30": -2, "2019-03-31": "-1.00000", "2018-12-31": -3, "2018-09-30": -1, "2018-06-30": -5, "2018-03-31": "-4.00000", "2017-12-31": -5, "2017-09-30": -1, "2017-06-30": -1, "2017-03-31": "", "2016-12-31": -1, "2016-09-30": -1, "2016-06-30": 0, "2016-03-31": "", "2015-12-31": -11, "2015-09-30": 0, "2015-06-30": -5, "2015-03-31": "-8.00000", "2014-12-31": -10.797, "2014-09-30": -76.705, "2014-06-30": -0.129, "2014-03-31": "-0.36900", "2013-12-31": -0.623, "2013-09-30": -1.05, "2013-06-30": -0.84, "2013-03-31": "-2.39600", "2012-12-31": -25.02, "2012-09-30": -1.132, "2012-06-30": 0.14, "2012-03-31": "-0.21500", "2011-12-31": -19.921, "2011-09-30": -0.458, "2011-06-30": -11.774, "2011-03-31": "-0.16900", "2010-12-31": -15.946, "2010-09-30": -10.249, "2010-06-30": -1.99, "2010-03-31": "-2.34700", "2009-12-31": -12.535, "2009-09-30": -2.114, "2009-06-30": -6.192, "2009-03-31": "-2.19800", "2008-12-31": -7.615, "2008-09-30": -3.655, "2008-06-30": -4.809, "2008-03-31": "-2.51500", "2007-12-31": -3.013, "2007-09-30": -0.352, "2007-06-30": 5.873, "2007-03-31": "-1.65500", "2006-12-31": -2.857, "2006-09-30": -3.144, "2006-06-30": -7.074, "2006-03-31": "-3.80400", "2005-12-31": -1.743, "2005-09-30": -0.77, "2005-06-30": -1.195, "2005-03-31": "-0.06100"}, "Cash Flow From Financial Activities": {"2020-09-30": 478, "2020-06-30": 108, "2020-03-31": "-24.00000", "2019-12-31": -104, "2019-09-30": -27, "2019-06-30": -15, "2019-03-31": "-6.00000", "2018-12-31": 3, "2018-09-30": 2, "2018-06-30": -12, "2018-03-31": "-7.00000", "2017-12-31": -10, "2017-09-30": -3, "2017-06-30": -7, "2017-03-31": "", "2016-12-31": -5, "2016-09-30": -2, "2016-06-30": -1, "2016-03-31": "-4.00000", "2015-12-31": 290, "2015-09-30": 224, "2015-06-30": -7, "2015-03-31": "-10.00000", "2014-12-31": 259.751, "2014-09-30": -82.785, "2014-06-30": -5.913, "2014-03-31": "-2.05300", "2013-12-31": 2.714, "2013-09-30": 3.555, "2013-06-30": -485.451, "2013-03-31": "-20.75700", "2012-12-31": -44.628, "2012-09-30": -1.264, "2012-06-30": -2.715, "2012-03-31": "0.13000", "2011-12-31": -19.973, "2011-09-30": -0.016, "2011-06-30": -44.809, "2011-03-31": "-16.22100", "2010-12-31": -28.491, "2010-09-30": -29.027, "2010-06-30": -18.601, "2010-03-31": "-7.04700", "2009-12-31": -162.036, "2009-09-30": -6.779, "2009-06-30": -12.994, "2009-03-31": "-15.13300", "2008-12-31": -16.876, "2008-09-30": -61.693, "2008-06-30": 37.524, "2008-03-31": "-11.24200", "2007-12-31": -27.821, "2007-09-30": -13.539, "2007-06-30": -99.519, "2007-03-31": "28.90300", "2006-12-31": -105.804, "2006-09-30": 41.856, "2006-06-30": 12.924, "2006-03-31": "-49.94600", "2005-12-31": 134.374, "2005-09-30": -42.554, "2005-06-30": -79.019, "2005-03-31": "111.77500"}, "Net Cash Flow": {"2020-09-30": 512, "2020-06-30": 169, "2020-03-31": "-24.00000", "2019-12-31": -284, "2019-09-30": 43, "2019-06-30": -120, "2019-03-31": "69.00000", "2018-12-31": -149, "2018-09-30": 135, "2018-06-30": 87, "2018-03-31": "158.00000", "2017-12-31": -146, "2017-09-30": 26, "2017-06-30": -100, "2017-03-31": "-14.00000", "2016-12-31": -88, "2016-09-30": 53, "2016-06-30": -151, "2016-03-31": "57.00000", "2015-12-31": 117, "2015-09-30": 235, "2015-06-30": 25, "2015-03-31": "125.00000", "2014-12-31": -61.733, "2014-09-30": -130.26, "2014-06-30": 5.517, "2014-03-31": "56.47600", "2013-12-31": 158.964, "2013-09-30": -284.32, "2013-06-30": 47.725, "2013-03-31": "41.33800", "2012-12-31": -31.221, "2012-09-30": -28.045, "2012-06-30": -73.454, "2012-03-31": "86.92300", "2011-12-31": -68.238, "2011-09-30": 73.965, "2011-06-30": -16.133, "2011-03-31": "157.64600", "2010-12-31": -0.957, "2010-09-30": 36.439, "2010-06-30": -56.805, "2010-03-31": "-4.75300", "2009-12-31": -104.493, "2009-09-30": 128.974, "2009-06-30": 84.123, "2009-03-31": "20.80100", "2008-12-31": -6.612, "2008-09-30": 76.453, "2008-06-30": -115.32, "2008-03-31": "11.94200", "2007-12-31": 22.513, "2007-09-30": 35.938, "2007-06-30": -43.774, "2007-03-31": "156.94400", "2006-12-31": -5.998, "2006-09-30": 16.941, "2006-06-30": 4.924, "2006-03-31": "-11.95800", "2005-12-31": -2.066, "2005-09-30": 13.424, "2005-06-30": -13.324, "2005-03-31": "-10.09300"}, "Stock-Based Compensation": {"2020-09-30": 8, "2020-06-30": 10, "2020-03-31": "7.00000", "2019-12-31": 9, "2019-09-30": 7, "2019-06-30": 16, "2019-03-31": "9.00000", "2018-12-31": 11, "2018-09-30": 9, "2018-06-30": 9, "2018-03-31": "8.00000", "2017-12-31": 9, "2017-09-30": 7, "2017-06-30": 7, "2017-03-31": "7.00000", "2016-12-31": 7, "2016-09-30": 7, "2016-06-30": 7, "2016-03-31": "5.00000", "2015-12-31": 7, "2015-09-30": 6, "2015-06-30": 6, "2015-03-31": "6.00000", "2014-12-31": 5.498, "2014-09-30": 5.942, "2014-06-30": 5.605, "2014-03-31": "4.95500", "2013-12-31": 4.701, "2013-09-30": 4.613, "2013-06-30": 1.494, "2013-03-31": "5.03600", "2012-12-31": 5.542, "2012-09-30": 4.867, "2012-06-30": 5.666, "2012-03-31": "5.39100", "2011-12-31": 4.708, "2011-09-30": 4.677, "2011-06-30": 5.006, "2011-03-31": "5.79200", "2010-12-31": 4.505, "2010-09-30": 4.527, "2010-06-30": 5.182, "2010-03-31": "3.83000", "2009-12-31": 3.362, "2009-09-30": 5.026, "2009-06-30": 5.01, "2009-03-31": "2.96400", "2008-12-31": 3.829, "2008-09-30": 4.812, "2008-06-30": 4.708, "2008-03-31": "1.77300", "2007-12-31": 3.298, "2007-09-30": 3.206, "2007-06-30": 5.155, "2007-03-31": "3.02200", "2006-12-31": 3.919, "2006-09-30": 5.677, "2006-06-30": 3.132, "2006-03-31": "7.32500", "2005-12-31": 0.429, "2005-09-30": 2.231, "2005-06-30": 2.362, "2005-03-31": "1.17100"}, "Common Stock Dividends Paid": {"2020-09-30": 0, "2020-06-30": 0, "2020-03-31": "", "2019-12-31": 0, "2019-09-30": 0, "2019-06-30": 0, "2019-03-31": "", "2018-12-31": 0, "2018-09-30": 0, "2018-06-30": 0, "2018-03-31": "", "2017-12-31": 0, "2017-09-30": 0, "2017-06-30": 0, "2017-03-31": "", "2016-12-31": 0, "2016-09-30": 0, "2016-06-30": 0, "2016-03-31": "", "2015-12-31": 0, "2015-09-30": 0, "2015-06-30": 0, "2015-03-31": "", "2014-12-31": 0, "2014-09-30": 0, "2014-06-30": 0, "2014-03-31": "", "2013-12-31": 0, "2013-09-30": 0, "2013-06-30": -482.27, "2013-03-31": "", "2012-12-31": 0, "2012-09-30": 0, "2012-06-30": 0, "2012-03-31": "", "2011-12-31": 0, "2011-09-30": 0, "2011-06-30": 0, "2011-03-31": "", "2010-12-31": 0, "2010-09-30": 0, "2010-06-30": 0, "2010-03-31": "", "2009-12-31": 0, "2009-09-30": 0, "2009-06-30": 0, "2009-03-31": "", "2008-12-31": 0, "2008-09-30": 0, "2008-06-30": 0, "2008-03-31": "", "2007-12-31": 0, "2007-09-30": 0, "2007-06-30": 0, "2007-03-31": "", "2006-12-31": 0, "2006-09-30": 0, "2006-06-30": 0, "2006-03-31": "", "2005-12-31": 0, "2005-09-30": 0, "2005-06-30": 0, "2005-03-31": ""}}, "financial ratios": {"Current Ratio": {"2019-12-31": "2.09730", "2018-12-31": "2.62230", "2017-12-31": "2.02320", "2016-12-31": "2.16990", "2015-12-31": "2.23530", "2014-12-31": "1.49280", "2013-12-31": "1.39260", "2012-12-31": "1.58470", "2011-12-31": "1.78990", "2010-12-31": "1.68410", "2009-12-31": "1.51980", "2008-12-31": "1.35420", "2007-12-31": "1.37980", "2006-12-31": "0.99790", "2005-12-31": "0.81460"}, "Long-term Debt / Capital": {"2019-12-31": "0.26300", "2018-12-31": "0.28300", "2017-12-31": "0.30550", "2016-12-31": "0.30740", "2015-12-31": "0.31330", "2014-12-31": "0.25380", "2013-12-31": "0.20480", "2012-12-31": "0.18800", "2011-12-31": "0.19320", "2010-12-31": "0.19690", "2009-12-31": "0.20140", "2008-12-31": "0.23440", "2007-12-31": "0.23870", "2006-12-31": "0.25080", "2005-12-31": "0.29760"}, "Debt/Equity Ratio": {"2019-12-31": "0.35870", "2018-12-31": "0.39930", "2017-12-31": "0.44480", "2016-12-31": "0.44690", "2015-12-31": "0.45930", "2014-12-31": "0.34020", "2013-12-31": "0.25760", "2012-12-31": "0.23160", "2011-12-31": "0.23950", "2010-12-31": "0.24520", "2009-12-31": "0.25220", "2008-12-31": "0.30930", "2007-12-31": "0.31360", "2006-12-31": "0.39980", "2005-12-31": "0.47290"}, "Gross Margin": {"2019-12-31": "55.64400", "2018-12-31": "54.90300", "2017-12-31": "53.65040", "2016-12-31": "53.85970", "2015-12-31": "54.65150", "2014-12-31": "49.57620", "2013-12-31": "55.02660", "2012-12-31": "57.71080", "2011-12-31": "60.37200", "2010-12-31": "61.43260", "2009-12-31": "63.31540", "2008-12-31": "64.02000", "2007-12-31": "65.67960", "2006-12-31": "65.20210", "2005-12-31": "63.17660"}, "Operating Margin": {"2019-12-31": "2.78470", "2018-12-31": "3.98290", "2017-12-31": "-7.81490", "2016-12-31": "1.20300", "2015-12-31": "8.60830", "2014-12-31": "-3.67330", "2013-12-31": "3.74770", "2012-12-31": "3.51870", "2011-12-31": "6.46460", "2010-12-31": "4.82260", "2009-12-31": "7.72510", "2008-12-31": "0.67440", "2007-12-31": "10.03990", "2006-12-31": "8.34680", "2005-12-31": "7.62830"}, "EBIT Margin": {"2019-12-31": "2.78470", "2018-12-31": "3.98290", "2017-12-31": "-7.81490", "2016-12-31": "1.20300", "2015-12-31": "8.60830", "2014-12-31": "-3.67330", "2013-12-31": "3.74770", "2012-12-31": "3.51870", "2011-12-31": "6.46460", "2010-12-31": "4.82260", "2009-12-31": "7.72510", "2008-12-31": "0.67440", "2007-12-31": "10.03990", "2006-12-31": "8.34680", "2005-12-31": "7.62830"}, "EBITDA Margin": {"2019-12-31": "20.23870", "2018-12-31": "20.11600", "2017-12-31": "7.99490", "2016-12-31": "16.69170", "2015-12-31": "23.66660", "2014-12-31": "11.89310", "2013-12-31": "24.25840", "2012-12-31": "17.18950", "2011-12-31": "19.67000", "2010-12-31": "18.48940", "2009-12-31": "21.13160", "2008-12-31": "14.27040", "2007-12-31": "24.69130", "2006-12-31": "24.34160", "2005-12-31": "23.79890"}, "Pre-Tax Profit Margin": {"2019-12-31": "4.59970", "2018-12-31": "5.41970", "2017-12-31": "-6.99230", "2016-12-31": "2.05510", "2015-12-31": "10.02230", "2014-12-31": "-1.51550", "2013-12-31": "6.57480", "2012-12-31": "4.60580", "2011-12-31": "7.20230", "2010-12-31": "5.77150", "2009-12-31": "8.28610", "2008-12-31": "1.54820", "2007-12-31": "13.84860", "2006-12-31": "9.01600", "2005-12-31": "8.62310"}, "Net Profit Margin": {"2019-12-31": "3.15760", "2018-12-31": "3.78120", "2017-12-31": "0.30850", "2016-12-31": "1.20300", "2015-12-31": "5.97870", "2014-12-31": "-1.10450", "2013-12-31": "3.57350", "2012-12-31": "2.49330", "2011-12-31": "4.03010", "2010-12-31": "3.25720", "2009-12-31": "4.97280", "2008-12-31": "0.78110", "2007-12-31": "7.97550", "2006-12-31": "5.16790", "2005-12-31": "5.11260"}, "Asset Turnover": {"2019-12-31": "0.49270", "2018-12-31": "0.54540", "2017-12-31": "0.56860", "2016-12-31": "0.56120", "2015-12-31": "0.57100", "2014-12-31": "0.60240", "2013-12-31": "0.60800", "2012-12-31": "0.67580", "2011-12-31": "0.68640", "2010-12-31": "0.71100", "2009-12-31": "0.73300", "2008-12-31": "0.76220", "2007-12-31": "0.70320", "2006-12-31": "0.61140", "2005-12-31": "0.55960"}, "Inventory Turnover Ratio": {"2019-12-31": "11.01240", "2018-12-31": "12.59860", "2017-12-31": "13.06520", "2016-12-31": "13.34060", "2015-12-31": "12.26850", "2014-12-31": "7.35020", "2013-12-31": "7.39930", "2012-12-31": "12.07780", "2011-12-31": "13.54660", "2010-12-31": "14.35020", "2009-12-31": "10.13300", "2008-12-31": "13.09560", "2007-12-31": "13.41100", "2006-12-31": "10.31310", "2005-12-31": "12.03300"}, "Receiveable Turnover": {"2019-12-31": "3.80870", "2018-12-31": "4.00300", "2017-12-31": "4.61450", "2016-12-31": "5.48830", "2015-12-31": "5.99850", "2014-12-31": "6.98980", "2013-12-31": "6.68070", "2012-12-31": "9.96370", "2011-12-31": "8.40740", "2010-12-31": "8.97620", "2009-12-31": "9.89700", "2008-12-31": "9.59560", "2007-12-31": "9.06150", "2006-12-31": "8.52440", "2005-12-31": "8.36400"}, "Days Sales In Receivables": {"2019-12-31": "95.83290", "2018-12-31": "91.18100", "2017-12-31": "79.09900", "2016-12-31": "66.50500", "2015-12-31": "60.84840", "2014-12-31": "52.21930", "2013-12-31": "54.63540", "2012-12-31": "36.63310", "2011-12-31": "43.41430", "2010-12-31": "40.66300", "2009-12-31": "36.87990", "2008-12-31": "38.03820", "2007-12-31": "40.28020", "2006-12-31": "42.81840", "2005-12-31": "43.63950"}, "ROE - Return On Equity": {"2019-12-31": "3.15910", "2018-12-31": "4.03250", "2017-12-31": "0.40680", "2016-12-31": "1.34430", "2015-12-31": "6.91680", "2014-12-31": "-1.41880", "2013-12-31": "4.23870", "2012-12-31": "3.71720", "2011-12-31": "5.40670", "2010-12-31": "4.49600", "2009-12-31": "6.72410", "2008-12-31": "1.78860", "2007-12-31": "10.31830", "2006-12-31": "5.99640", "2005-12-31": "5.65300"}, "Return On Tangible Equity": {"2019-12-31": "7.64810", "2018-12-31": "8.71880", "2017-12-31": "1.02460", "2016-12-31": "3.52770", "2015-12-31": "18.06880", "2014-12-31": "-3.13540", "2013-12-31": "8.91590", "2012-12-31": "7.36030", "2011-12-31": "11.62180", "2010-12-31": "9.99500", "2009-12-31": "15.35660", "2008-12-31": "4.41560", "2007-12-31": "27.32270", "2006-12-31": "18.17980", "2005-12-31": "18.23190"}, "ROA - Return On Assets": {"2019-12-31": "1.62910", "2018-12-31": "2.25460", "2017-12-31": "0.21930", "2016-12-31": "0.68920", "2015-12-31": "3.49860", "2014-12-31": "-0.72730", "2013-12-31": "2.24210", "2012-12-31": "2.14160", "2011-12-31": "3.14070", "2010-12-31": "2.70880", "2009-12-31": "4.02370", "2008-12-31": "1.04600", "2007-12-31": "5.87660", "2006-12-31": "3.15970", "2005-12-31": "2.86090"}, "ROI - Return On Investment": {"2019-12-31": "2.32840", "2018-12-31": "2.89140", "2017-12-31": "0.28250", "2016-12-31": "0.93100", "2015-12-31": "4.75000", "2014-12-31": "-1.05870", "2013-12-31": "3.37070", "2012-12-31": "3.01820", "2011-12-31": "4.36200", "2010-12-31": "3.61070", "2009-12-31": "5.36990", "2008-12-31": "1.36940", "2007-12-31": "7.85500", "2006-12-31": "4.49270", "2005-12-31": "3.97080"}, "Book Value Per Share": {"2019-12-31": "48.95350", "2018-12-31": "47.29070", "2017-12-31": "43.37650", "2016-12-31": "42.88240", "2015-12-31": "42.51190", "2014-12-31": "39.39820", "2013-12-31": "40.49160", "2012-12-31": "45.09130", "2011-12-31": "43.47270", "2010-12-31": "41.38040", "2009-12-31": "39.75170", "2008-12-31": "37.29620", "2007-12-31": "36.48750", "2006-12-31": "34.12230", "2005-12-31": "31.47400"}, "Operating Cash Flow Per Share": {"2019-12-31": 0.0779, "2018-12-31": 2.6959, "2017-12-31": -0.4406, "2016-12-31": -0.6353, "2015-12-31": 4.4818, "2014-12-31": -1.3856, "2013-12-31": -7.1181, "2012-12-31": -1.0097, "2011-12-31": 1.9169, "2010-12-31": -0.3574, "2009-12-31": -0.514, "2008-12-31": 0.7611, "2007-12-31": 1.7976, "2006-12-31": 0.752, "2005-12-31": 7.2048}, "Free Cash Flow Per Share": {"2019-12-31": -1.4235, "2018-12-31": 2.2179, "2017-12-31": -0.6359, "2016-12-31": 0.9883, "2015-12-31": 4.8489, "2014-12-31": -0.1157, "2013-12-31": -5.8943, "2012-12-31": -1.6734, "2011-12-31": -0.5351, "2010-12-31": -0.8487, "2009-12-31": 0.07, "2008-12-31": 0.4792, "2007-12-31": 1.9867, "2006-12-31": 0.7633, "2005-12-31": 0.6132}}, "financial ratios, quarterly": {"Current Ratio": {"2020-09-30": "3.13560", "2020-06-30": "2.46480", "2020-03-31": "2.18280", "2019-12-31": "2.09730", "2019-09-30": "2.08480", "2019-06-30": "2.32260", "2019-03-31": "2.29300", "2018-12-31": "2.62230", "2018-09-30": "2.70540", "2018-06-30": "2.89660", "2018-03-31": "2.58280", "2017-12-31": "2.02320", "2017-09-30": "2.23480", "2017-06-30": "2.21200", "2017-03-31": "2.59630", "2016-12-31": "2.16990", "2016-09-30": "2.31220", "2016-06-30": "2.20450", "2016-03-31": "2.36240", "2015-12-31": "2.23530", "2015-09-30": "1.79490", "2015-06-30": "1.48400", "2015-03-31": "1.42240", "2014-12-31": "1.49280", "2014-09-30": "1.26770", "2014-06-30": "1.50170", "2014-03-31": "1.52780", "2013-12-31": "1.39260", "2013-09-30": "1.26270", "2013-06-30": "1.38130", "2013-03-31": "1.72800", "2012-12-31": "1.58470", "2012-09-30": "1.97460", "2012-06-30": "1.96140", "2012-03-31": "1.94540", "2011-12-31": "1.78990", "2011-09-30": "1.80020", "2011-06-30": "1.95550", "2011-03-31": "1.88020", "2010-12-31": "1.68410", "2010-09-30": "1.77690", "2010-06-30": "1.63280", "2010-03-31": "1.65150", "2009-12-31": "1.51980", "2009-09-30": "1.80910", "2009-06-30": "1.69990", "2009-03-31": "1.40350", "2008-12-31": "1.35420", "2008-09-30": "1.34780", "2008-06-30": "1.20080", "2008-03-31": "1.03390", "2007-12-31": "1.37980", "2007-09-30": "1.33950", "2007-06-30": "1.25760", "2007-03-31": "1.07780", "2006-12-31": "0.99790", "2006-09-30": "0.86350", "2006-06-30": "0.93680", "2006-03-31": "0.89910", "2005-12-31": "0.81460", "2005-09-30": "0.96290", "2005-06-30": "0.94500", "2005-03-31": "0.89300"}, "Long-term Debt / Capital": {"2020-09-30": "0.32260", "2020-06-30": "0.27270", "2020-03-31": "0.26060", "2019-12-31": "0.26300", "2019-09-30": "0.27560", "2019-06-30": "0.27660", "2019-03-31": "0.27920", "2018-12-31": "0.28300", "2018-09-30": "0.28570", "2018-06-30": "0.28900", "2018-03-31": "0.29230", "2017-12-31": "0.30550", "2017-09-30": "0.32310", "2017-06-30": "0.30380", "2017-03-31": "0.30500", "2016-12-31": "0.30740", "2016-09-30": "0.30780", "2016-06-30": "0.30950", "2016-03-31": "0.31210", "2015-12-31": "0.31330", "2015-09-30": "0.27740", "2015-06-30": "0.24780", "2015-03-31": "0.24900", "2014-12-31": "0.25380", "2014-09-30": "0.20800", "2014-06-30": "0.20460", "2014-03-31": "0.20380", "2013-12-31": "0.20480", "2013-09-30": "0.20520", "2013-06-30": "0.20520", "2013-03-31": "0.18830", "2012-12-31": "0.18800", "2012-09-30": "0.18570", "2012-06-30": "0.18760", "2012-03-31": "0.19010", "2011-12-31": "0.19320", "2011-09-30": "0.19290", "2011-06-30": "0.19640", "2011-03-31": "0.19590", "2010-12-31": "0.19690", "2010-09-30": "0.19670", "2010-06-30": "0.19770", "2010-03-31": "0.19880", "2009-12-31": "0.20140", "2009-09-30": "0.22390", "2009-06-30": "0.22590", "2009-03-31": "0.23030", "2008-12-31": "0.23440", "2008-09-30": "0.22790", "2008-06-30": "0.23210", "2008-03-31": "0.23580", "2007-12-31": "0.23870", "2007-09-30": "0.23920", "2007-06-30": "0.24240", "2007-03-31": "0.24600", "2006-12-31": "0.25080", "2006-09-30": "0.25780", "2006-06-30": "0.26050", "2006-03-31": "0.29400", "2005-12-31": "0.29760", "2005-09-30": "0.30010", "2005-06-30": "0.30420", "2005-03-31": "0.30780"}, "Debt/Equity Ratio": {"2020-09-30": "0.47670", "2020-06-30": "0.37590", "2020-03-31": "0.35390", "2019-12-31": "0.35870", "2019-09-30": "0.38490", "2019-06-30": "0.38680", "2019-03-31": "0.39190", "2018-12-31": "0.39930", "2018-09-30": "0.40470", "2018-06-30": "0.41100", "2018-03-31": "0.41760", "2017-12-31": "0.44480", "2017-09-30": "0.48270", "2017-06-30": "0.43930", "2017-03-31": "0.44190", "2016-12-31": "0.44690", "2016-09-30": "0.44770", "2016-06-30": "0.45130", "2016-03-31": "0.45680", "2015-12-31": "0.45930", "2015-09-30": "0.38620", "2015-06-30": "0.32940", "2015-03-31": "0.33160", "2014-12-31": "0.34020", "2014-09-30": "0.26270", "2014-06-30": "0.25720", "2014-03-31": "0.25600", "2013-12-31": "0.25760", "2013-09-30": "0.25830", "2013-06-30": "0.25820", "2013-03-31": "0.23190", "2012-12-31": "0.23160", "2012-09-30": "0.22800", "2012-06-30": "0.23100", "2012-03-31": "0.23480", "2011-12-31": "0.23950", "2011-09-30": "0.23910", "2011-06-30": "0.24450", "2011-03-31": "0.24370", "2010-12-31": "0.24520", "2010-09-30": "0.24490", "2010-06-30": "0.24650", "2010-03-31": "0.24810", "2009-12-31": "0.25220", "2009-09-30": "0.29130", "2009-06-30": "0.29480", "2009-03-31": "0.30220", "2008-12-31": "0.30930", "2008-09-30": "0.29520", "2008-06-30": "0.31730", "2008-03-31": "0.30860", "2007-12-31": "0.31360", "2007-09-30": "0.31440", "2007-06-30": "0.32000", "2007-03-31": "0.39780", "2006-12-31": "0.39980", "2006-09-30": "0.49640", "2006-06-30": "0.44540", "2006-03-31": "0.44700", "2005-12-31": "0.47290", "2005-09-30": "0.42870", "2005-06-30": "0.45600", "2005-03-31": "0.49650"}, "Gross Margin": {"2020-09-30": "55.20940", "2020-06-30": "57.34840", "2020-03-31": "58.77470", "2019-12-31": "53.13690", "2019-09-30": "54.89820", "2019-06-30": "57.14290", "2019-03-31": "57.66050", "2018-12-31": "51.80950", "2018-09-30": "54.24580", "2018-06-30": "56.16020", "2018-03-31": "57.74950", "2017-12-31": "50.87550", "2017-09-30": "53.68640", "2017-06-30": "53.37490", "2017-03-31": "56.94440", "2016-12-31": "53.28030", "2016-09-30": "53.47020", "2016-06-30": "54.13310", "2016-03-31": "54.59240", "2015-12-31": "54.65230", "2015-09-30": "54.53700", "2015-06-30": "53.89340", "2015-03-31": "55.54400", "2014-12-31": "45.96630", "2014-09-30": "49.26010", "2014-06-30": "52.06490", "2014-03-31": "51.27720", "2013-12-31": "41.92190", "2013-09-30": "60.51870", "2013-06-30": "58.86600", "2013-03-31": "57.66200", "2012-12-31": "52.44370", "2012-09-30": "56.39310", "2012-06-30": "60.61870", "2012-03-31": "61.52440", "2011-12-31": "57.03090", "2011-09-30": "60.54890", "2011-06-30": "62.95850", "2011-03-31": "61.02870", "2010-12-31": "56.71510", "2010-09-30": "61.60260", "2010-06-30": "63.53920", "2010-03-31": "64.03610", "2009-12-31": "60.89070", "2009-09-30": "62.64380", "2009-06-30": "66.34200", "2009-03-31": "63.43460", "2008-12-31": "61.87630", "2008-09-30": "64.88010", "2008-06-30": "64.85010", "2008-03-31": "64.44010", "2007-12-31": "64.38010", "2007-09-30": "65.85000", "2007-06-30": "66.58760", "2007-03-31": "65.97440", "2006-12-31": "64.29330", "2006-09-30": "65.57610", "2006-06-30": "66.43910", "2006-03-31": "64.53340", "2005-12-31": "62.16520", "2005-09-30": "63.50670", "2005-06-30": "64.41220", "2005-03-31": "62.63120"}, "Operating Margin": {"2020-09-30": "6.32910", "2020-06-30": "5.44710", "2020-03-31": "5.19210", "2019-12-31": "-0.19010", "2019-09-30": "1.93990", "2019-06-30": "3.08320", "2019-03-31": "6.62530", "2018-12-31": "0.28570", "2018-09-30": "3.39660", "2018-06-30": "5.74950", "2018-03-31": "6.90020", "2017-12-31": "-0.29180", "2017-09-30": "-37.38320", "2017-06-30": "0.51920", "2017-03-31": "5.76920", "2016-12-31": "-1.39170", "2016-09-30": "2.15050", "2016-06-30": "3.02420", "2016-03-31": "1.03200", "2015-12-31": "1.07740", "2015-09-30": "7.29650", "2015-06-30": "0.81970", "2015-03-31": "25.90670", "2014-12-31": "-4.87250", "2014-09-30": "-5.13320", "2014-06-30": "-5.25250", "2014-03-31": "0.84520", "2013-12-31": "-3.37720", "2013-09-30": "-4.60020", "2013-06-30": "22.01640", "2013-03-31": "0.13550", "2012-12-31": "-5.45080", "2012-09-30": "4.21610", "2012-06-30": "7.62070", "2012-03-31": "7.80150", "2011-12-31": "1.48380", "2011-09-30": "9.15130", "2011-06-30": "9.67270", "2011-03-31": "5.55750", "2010-12-31": "-0.09530", "2010-09-30": "5.78430", "2010-06-30": "6.16610", "2010-03-31": "7.58150", "2009-12-31": "0.77360", "2009-09-30": "5.63210", "2009-06-30": "13.32240", "2009-03-31": "11.27910", "2008-12-31": "-31.19230", "2008-09-30": "10.98630", "2008-06-30": "11.11660", "2008-03-31": "11.46270", "2007-12-31": "6.17760", "2007-09-30": "9.93660", "2007-06-30": "12.70750", "2007-03-31": "11.61080", "2006-12-31": "7.05510", "2006-09-30": "8.70290", "2006-06-30": "9.32600", "2006-03-31": "8.37100", "2005-12-31": "7.84730", "2005-09-30": "7.96500", "2005-06-30": "9.01970", "2005-03-31": "5.55910"}, "EBIT Margin": {"2020-09-30": "6.32910", "2020-06-30": "5.44710", "2020-03-31": "5.19210", "2019-12-31": "-0.19010", "2019-09-30": "1.93990", "2019-06-30": "3.08320", "2019-03-31": "6.62530", "2018-12-31": "0.28570", "2018-09-30": "3.39660", "2018-06-30": "5.74950", "2018-03-31": "6.90020", "2017-12-31": "-0.29180", "2017-09-30": "-37.38320", "2017-06-30": "0.51920", "2017-03-31": "5.76920", "2016-12-31": "-1.39170", "2016-09-30": "2.15050", "2016-06-30": "3.02420", "2016-03-31": "1.03200", "2015-12-31": "1.07740", "2015-09-30": "7.29650", "2015-06-30": "0.81970", "2015-03-31": "25.90670", "2014-12-31": "-4.87260", "2014-09-30": "-5.13320", "2014-06-30": "-5.25250", "2014-03-31": "0.84520", "2013-12-31": "-3.37720", "2013-09-30": "-4.60020", "2013-06-30": "22.01640", "2013-03-31": "0.13550", "2012-12-31": "-5.45080", "2012-09-30": "4.21610", "2012-06-30": "7.62070", "2012-03-31": "7.80150", "2011-12-31": "1.48380", "2011-09-30": "9.15130", "2011-06-30": "9.67270", "2011-03-31": "5.55750", "2010-12-31": "-0.09540", "2010-09-30": "5.78430", "2010-06-30": "6.16610", "2010-03-31": "7.58150", "2009-12-31": "0.77360", "2009-09-30": "5.63210", "2009-06-30": "13.32240", "2009-03-31": "11.27910", "2008-12-31": "-31.19230", "2008-09-30": "10.98630", "2008-06-30": "11.11660", "2008-03-31": "11.46270", "2007-12-31": "6.17760", "2007-09-30": "9.93660", "2007-06-30": "12.70750", "2007-03-31": "11.61080", "2006-12-31": "7.05510", "2006-09-30": "8.70290", "2006-06-30": "9.32600", "2006-03-31": "8.37100", "2005-12-31": "7.84730", "2005-09-30": "7.96500", "2005-06-30": "9.01970", "2005-03-31": "5.55910"}, "EBITDA Margin": {"2020-09-30": "", "2020-06-30": "", "2020-03-31": "", "2019-12-31": "", "2019-09-30": "", "2019-06-30": "", "2019-03-31": "", "2018-12-31": "", "2018-09-30": "", "2018-06-30": "", "2018-03-31": "", "2017-12-31": "", "2017-09-30": "", "2017-06-30": "", "2017-03-31": "", "2016-12-31": "", "2016-09-30": "", "2016-06-30": "", "2016-03-31": "", "2015-12-31": "", "2015-09-30": "", "2015-06-30": "", "2015-03-31": "", "2014-12-31": "", "2014-09-30": "", "2014-06-30": "", "2014-03-31": "", "2013-12-31": "", "2013-09-30": "", "2013-06-30": "", "2013-03-31": "", "2012-12-31": "", "2012-09-30": "", "2012-06-30": "", "2012-03-31": "", "2011-12-31": "", "2011-09-30": "", "2011-06-30": "", "2011-03-31": "", "2010-12-31": "", "2010-09-30": "", "2010-06-30": "", "2010-03-31": "", "2009-12-31": "", "2009-09-30": "", "2009-06-30": "", "2009-03-31": "", "2008-12-31": "", "2008-09-30": "", "2008-06-30": "", "2008-03-31": "", "2007-12-31": "", "2007-09-30": "", "2007-06-30": "", "2007-03-31": "", "2006-12-31": "", "2006-09-30": "", "2006-06-30": "", "2006-03-31": "", "2005-12-31": "", "2005-09-30": "", "2005-06-30": "", "2005-03-31": ""}, "Pre-Tax Profit Margin": {"2020-09-30": "8.66600", "2020-06-30": "7.50260", "2020-03-31": "7.89200", "2019-12-31": "1.42590", "2019-09-30": "3.78270", "2019-06-30": "4.72760", "2019-03-31": "8.79920", "2018-12-31": "1.61900", "2018-09-30": "5.09490", "2018-06-30": "7.18690", "2018-03-31": "8.17410", "2017-12-31": "0.58370", "2017-09-30": "-36.44860", "2017-06-30": "1.24610", "2017-03-31": "6.51710", "2016-12-31": "-1.09340", "2016-09-30": "3.22580", "2016-06-30": "4.03230", "2016-03-31": "2.06400", "2015-12-31": "-0.68560", "2015-09-30": "9.91580", "2015-06-30": "3.38110", "2015-03-31": "28.18650", "2014-12-31": "-3.46170", "2014-09-30": "-2.52190", "2014-06-30": "-3.11660", "2014-03-31": "3.34930", "2013-12-31": "-0.96880", "2013-09-30": "-1.70710", "2013-06-30": "26.56510", "2013-03-31": "1.67130", "2012-12-31": "-4.30150", "2012-09-30": "5.65870", "2012-06-30": "8.49740", "2012-03-31": "8.66660", "2011-12-31": "1.74440", "2011-09-30": "10.15810", "2011-06-30": "10.74760", "2011-03-31": "6.16570", "2010-12-31": "0.97430", "2010-09-30": "6.58520", "2010-06-30": "7.20010", "2010-03-31": "8.47290", "2009-12-31": "1.29130", "2009-09-30": "6.16830", "2009-06-30": "13.86810", "2009-03-31": "11.92370", "2008-12-31": "-30.32600", "2008-09-30": "12.88700", "2008-06-30": "11.49960", "2008-03-31": "11.76550", "2007-12-31": "7.20240", "2007-09-30": "10.69760", "2007-06-30": "24.87610", "2007-03-31": "13.09150", "2006-12-31": "10.94220", "2006-09-30": "6.29440", "2006-06-30": "10.23550", "2006-03-31": "8.59580", "2005-12-31": "14.39480", "2005-09-30": "5.66920", "2005-06-30": "9.10820", "2005-03-31": "5.06740"}, "Net Profit Margin": {"2020-09-30": "8.27650", "2020-06-30": "6.98870", "2020-03-31": "7.37280", "2019-12-31": "1.80610", "2019-09-30": "2.23080", "2019-06-30": "3.18600", "2019-03-31": "5.59010", "2018-12-31": "1.90480", "2018-09-30": "3.59640", "2018-06-30": "5.03080", "2018-03-31": "4.77710", "2017-12-31": "26.55640", "2017-09-30": "-31.04880", "2017-06-30": "1.24610", "2017-03-31": "2.77780", "2016-12-31": "-0.49700", "2016-09-30": "1.66180", "2016-06-30": "2.72180", "2016-03-31": "0.92880", "2015-12-31": "-0.19590", "2015-09-30": "5.98690", "2015-06-30": "1.94670", "2015-03-31": "16.58030", "2014-12-31": "-2.13360", "2014-09-30": "-2.21560", "2014-06-30": "-1.96170", "2014-03-31": "2.10430", "2013-12-31": "0.17640", "2013-09-30": "-1.04970", "2013-06-30": "14.40930", "2013-03-31": "0.45430", "2012-12-31": "-3.55290", "2012-09-30": "3.10880", "2012-06-30": "4.77050", "2012-03-31": "5.72210", "2011-12-31": "0.25470", "2011-09-30": "5.59600", "2011-06-30": "6.96340", "2011-03-31": "3.32620", "2010-12-31": "0.90820", "2010-09-30": "3.61020", "2010-06-30": "3.95700", "2010-03-31": "4.62650", "2009-12-31": "0.84390", "2009-09-30": "3.24720", "2009-06-30": "7.84610", "2009-03-31": "8.01340", "2008-12-31": "-19.00420", "2008-09-30": "8.23800", "2008-06-30": "6.84540", "2008-03-31": "6.79830", "2007-12-31": "2.85190", "2007-09-30": "6.25640", "2007-06-30": "15.18770", "2007-03-31": "7.96010", "2006-12-31": "5.99750", "2006-09-30": "4.03760", "2006-06-30": "5.91680", "2006-03-31": "4.71630", "2005-12-31": "9.40890", "2005-09-30": "2.97720", "2005-06-30": "5.13190", "2005-03-31": "2.75150"}, "Asset Turnover": {"2020-09-30": "0.11190", "2020-06-30": "0.11450", "2020-03-31": "0.11670", "2019-12-31": "0.12890", "2019-09-30": "0.12440", "2019-06-30": "0.11830", "2019-03-31": "0.11740", "2018-12-31": "0.14430", "2018-09-30": "0.13850", "2018-06-30": "0.13770", "2018-03-31": "0.13370", "2017-12-31": "0.15030", "2017-09-30": "0.14200", "2017-06-30": "0.13610", "2017-03-31": "0.13330", "2016-12-31": "0.14150", "2016-09-30": "0.14400", "2016-06-30": "0.13990", "2016-03-31": "0.13730", "2015-12-31": "0.14460", "2015-09-30": "0.15410", "2015-06-30": "0.14800", "2015-03-31": "0.14610", "2014-12-31": "0.15610", "2014-09-30": "0.15990", "2014-06-30": "0.15210", "2014-03-31": "0.14610", "2013-12-31": "0.14010", "2013-09-30": "0.15000", "2013-06-30": "0.15720", "2013-03-31": "0.16580", "2012-12-31": "0.16930", "2012-09-30": "0.17450", "2012-06-30": "0.17190", "2012-03-31": "0.17220", "2011-12-31": "0.17380", "2011-09-30": "0.17680", "2011-06-30": "0.17670", "2011-03-31": "0.17730", "2010-12-31": "0.18090", "2010-09-30": "0.18100", "2010-06-30": "0.17770", "2010-03-31": "0.17780", "2009-12-31": "0.18440", "2009-09-30": "0.18100", "2009-06-30": "0.18180", "2009-03-31": "0.18760", "2008-12-31": "0.18900", "2008-09-30": "0.18460", "2008-06-30": "0.18180", "2008-03-31": "0.17510", "2007-12-31": "0.18250", "2007-09-30": "0.18170", "2007-06-30": "0.17480", "2007-03-31": "0.16120", "2006-12-31": "0.15880", "2006-09-30": "0.15940", "2006-06-30": "0.15450", "2006-03-31": "0.15450", "2005-12-31": "0.14450", "2005-09-30": "0.15160", "2005-06-30": "0.14260", "2005-03-31": "0.13540"}, "Inventory Turnover Ratio": {"2020-09-30": "2.92990", "2020-06-30": "2.86210", "2020-03-31": "1.87260", "2019-12-31": "3.04320", "2019-09-30": "3.34530", "2019-06-30": "2.85620", "2019-03-31": "2.60510", "2018-12-31": "3.56340", "2018-09-30": "3.72360", "2018-06-30": "3.02840", "2018-03-31": "2.82270", "2017-12-31": "3.65940", "2017-09-30": "4.37250", "2017-06-30": "3.18440", "2017-03-31": "2.85820", "2016-12-31": "3.40580", "2016-09-30": "3.40000", "2016-06-30": "2.58520", "2016-03-31": "2.91390", "2015-12-31": "3.10740", "2015-09-30": "2.75730", "2015-06-30": "3.32350", "2015-03-31": "2.60160", "2014-12-31": "2.04140", "2014-09-30": "2.74650", "2014-06-30": "2.29720", "2014-03-31": "2.06080", "2013-12-31": "2.20110", "2013-09-30": "2.60120", "2013-06-30": "2.50460", "2013-03-31": "3.29170", "2012-12-31": "3.40220", "2012-09-30": "2.53040", "2012-06-30": "2.37480", "2012-03-31": "3.19520", "2011-12-31": "3.71890", "2011-09-30": "2.94470", "2011-06-30": "2.47930", "2011-03-31": "3.78580", "2010-12-31": "4.09860", "2010-09-30": "3.39760", "2010-06-30": "3.12130", "2010-03-31": "2.40230", "2009-12-31": "2.71730", "2009-09-30": "3.26220", "2009-06-30": "2.79320", "2009-03-31": "3.56850", "2008-12-31": "3.44140", "2008-09-30": "3.40700", "2008-06-30": "3.08560", "2008-03-31": "3.21800", "2007-12-31": "3.61210", "2007-09-30": "3.06790", "2007-06-30": "2.74960", "2007-03-31": "3.14270", "2006-12-31": "2.74870", "2006-09-30": "3.97610", "2006-06-30": "3.45300", "2006-03-31": "3.48500", "2005-12-31": "3.19260", "2005-09-30": "5.28530", "2005-06-30": "4.78980", "2005-03-31": "3.80950"}, "Receiveable Turnover": {"2020-09-30": "0.91780", "2020-06-30": "0.90430", "2020-03-31": "0.93860", "2019-12-31": "0.99620", "2019-09-30": "1.03830", "2019-06-30": "1.01460", "2019-03-31": "1.02660", "2018-12-31": "1.05950", "2018-09-30": "1.07750", "2018-06-30": "1.11310", "2018-03-31": "1.11740", "2017-12-31": "1.21950", "2017-09-30": "1.27210", "2017-06-30": "1.31560", "2017-03-31": "1.32770", "2016-12-31": "1.38380", "2016-09-30": "1.48690", "2016-06-30": "1.45880", "2016-03-31": "1.45500", "2015-12-31": "1.51930", "2015-09-30": "1.70010", "2015-06-30": "1.73520", "2015-03-31": "1.72630", "2014-12-31": "1.81160", "2014-09-30": "1.93740", "2014-06-30": "1.99330", "2014-03-31": "1.91100", "2013-12-31": "1.53890", "2013-09-30": "1.67450", "2013-06-30": "2.69810", "2013-03-31": "2.72150", "2012-12-31": "2.49580", "2012-09-30": "2.44680", "2012-06-30": "2.56190", "2012-03-31": "2.74650", "2011-12-31": "2.12850", "2011-09-30": "2.36540", "2011-06-30": "2.32660", "2011-03-31": "2.57530", "2010-12-31": "2.28430", "2010-09-30": "2.37210", "2010-06-30": "2.50310", "2010-03-31": "2.53080", "2009-12-31": "2.48940", "2009-09-30": "2.33530", "2009-06-30": "2.32870", "2009-03-31": "2.54480", "2008-12-31": "2.37990", "2008-09-30": "2.46180", "2008-06-30": "2.39730", "2008-03-31": "2.49980", "2007-12-31": "2.35160", "2007-09-30": "2.36410", "2007-06-30": "2.37120", "2007-03-31": "2.44400", "2006-12-31": "2.21410", "2006-09-30": "2.25790", "2006-06-30": "2.13250", "2006-03-31": "2.27500", "2005-12-31": "2.15980", "2005-09-30": "2.44230", "2005-06-30": "2.29710", "2005-03-31": "2.30010"}, "Days Sales In Receivables": {"2020-09-30": "98.06230", "2020-06-30": "99.52720", "2020-03-31": "95.88790", "2019-12-31": "90.34220", "2019-09-30": "86.68280", "2019-06-30": "88.70500", "2019-03-31": "87.67080", "2018-12-31": "84.94290", "2018-09-30": "83.52650", "2018-06-30": "80.85220", "2018-03-31": "80.54140", "2017-12-31": "73.80350", "2017-09-30": "70.74770", "2017-06-30": "68.41120", "2017-03-31": "67.78850", "2016-12-31": "65.03980", "2016-09-30": "60.52790", "2016-06-30": "61.69360", "2016-03-31": "61.85760", "2015-12-31": "59.23600", "2015-09-30": "52.93890", "2015-06-30": "51.86690", "2015-03-31": "52.13450", "2014-12-31": "49.67930", "2014-09-30": "46.45410", "2014-06-30": "45.15050", "2014-03-31": "47.09640", "2013-12-31": "58.48250", "2013-09-30": "53.74830", "2013-06-30": "33.35680", "2013-03-31": "33.06960", "2012-12-31": "36.06050", "2012-09-30": "36.78310", "2012-06-30": "35.13010", "2012-03-31": "32.76870", "2011-12-31": "42.28240", "2011-09-30": "38.04890", "2011-06-30": "38.68280", "2011-03-31": "34.94740", "2010-12-31": "39.39940", "2010-09-30": "37.94130", "2010-06-30": "35.95570", "2010-03-31": "35.56140", "2009-12-31": "36.15280", "2009-09-30": "38.53950", "2009-06-30": "38.64810", "2009-03-31": "35.36680", "2008-12-31": "37.81680", "2008-09-30": "36.55920", "2008-06-30": "37.54260", "2008-03-31": "36.00310", "2007-12-31": "38.27200", "2007-09-30": "38.06880", "2007-06-30": "37.95560", "2007-03-31": "36.82440", "2006-12-31": "40.64810", "2006-09-30": "39.86030", "2006-06-30": "42.20450", "2006-03-31": "39.56010", "2005-12-31": "41.67020", "2005-09-30": "36.85020", "2005-06-30": "39.18010", "2005-03-31": "39.12880"}, "ROE - Return On Equity": {"2020-09-30": "1.92050", "2020-06-30": "1.59210", "2020-03-31": "1.68860", "2019-12-31": "0.45130", "2019-09-30": "0.57350", "2019-06-30": "0.76650", "2019-03-31": "1.40300", "2018-12-31": "0.49180", "2018-09-30": "0.91970", "2018-06-30": "1.30950", "2018-03-31": "1.40380", "2017-12-31": "7.40440", "2017-09-30": "-8.74930", "2017-06-30": "0.32460", "2017-03-31": "0.76050", "2016-12-31": "-0.13720", "2016-09-30": "0.49380", "2016-06-30": "0.74570", "2016-03-31": "0.25110", "2015-12-31": "-0.08400", "2015-09-30": "1.82290", "2015-06-30": "0.57190", "2015-03-31": "4.74990", "2014-12-31": "-0.66960", "2014-09-30": "-0.71220", "2014-06-30": "-0.57060", "2014-03-31": "0.53650", "2013-12-31": "-0.00770", "2013-09-30": "-0.28210", "2013-06-30": "4.21880", "2013-03-31": "0.28260", "2012-12-31": "-0.77270", "2012-09-30": "1.09120", "2012-06-30": "1.55400", "2012-03-31": "1.84010", "2011-12-31": "0.21420", "2011-09-30": "1.88710", "2011-06-30": "2.24740", "2011-03-31": "1.13470", "2010-12-31": "0.44860", "2010-09-30": "1.24790", "2010-06-30": "1.30550", "2010-03-31": "1.51780", "2009-12-31": "0.38170", "2009-09-30": "1.15470", "2009-06-30": "2.56620", "2009-03-31": "2.71450", "2008-12-31": "-5.82140", "2008-09-30": "2.79290", "2008-06-30": "2.33940", "2008-03-31": "2.28630", "2007-12-31": "1.38490", "2007-09-30": "1.99370", "2007-06-30": "4.71260", "2007-03-31": "2.42220", "2006-12-31": "1.80750", "2006-09-30": "1.24430", "2006-06-30": "1.76070", "2006-03-31": "1.41460", "2005-12-31": "2.68650", "2005-09-30": "0.87400", "2005-06-30": "1.43370", "2005-03-31": "0.74960"}, "Return On Tangible Equity": {"2020-09-30": "4.72750", "2020-06-30": "4.02800", "2020-03-31": "4.08630", "2019-12-31": "1.09260", "2019-09-30": "1.39210", "2019-06-30": "1.87570", "2019-03-31": "3.01930", "2018-12-31": "1.06330", "2018-09-30": "2.01740", "2018-06-30": "2.98850", "2018-03-31": "3.26020", "2017-12-31": "18.64750", "2017-09-30": "-25.23290", "2017-06-30": "1.08990", "2017-03-31": "1.97600", "2016-12-31": "-0.36000", "2016-09-30": "1.27750", "2016-06-30": "1.93270", "2016-03-31": "0.64010", "2015-12-31": "-0.21950", "2015-09-30": "4.77180", "2015-06-30": "1.53850", "2015-03-31": "12.92610", "2014-12-31": "-1.47980", "2014-09-30": "-1.52440", "2014-06-30": "-1.22810", "2014-03-31": "1.13840", "2013-12-31": "-0.01620", "2013-09-30": "-0.59330", "2013-06-30": "8.85760", "2013-03-31": "0.56450", "2012-12-31": "-1.52990", "2012-09-30": "2.29640", "2012-06-30": "3.23130", "2012-03-31": "3.89090", "2011-12-31": "0.46050", "2011-09-30": "4.04670", "2011-06-30": "4.90230", "2011-03-31": "2.50300", "2010-12-31": "0.99740", "2010-09-30": "2.75990", "2010-06-30": "2.91070", "2010-03-31": "3.40020", "2009-12-31": "0.87170", "2009-09-30": "2.63950", "2009-06-30": "5.95940", "2009-03-31": "6.52920", "2008-12-31": "-14.37140", "2008-09-30": "8.58110", "2008-06-30": "7.54730", "2008-03-31": "7.71570", "2007-12-31": "3.66710", "2007-09-30": "5.39120", "2007-06-30": "13.19220", "2007-03-31": "7.05770", "2006-12-31": "5.48010", "2006-09-30": "3.90750", "2006-06-30": "5.24320", "2006-03-31": "4.34290", "2005-12-31": "8.66430", "2005-09-30": "2.61190", "2005-06-30": "4.49840", "2005-03-31": "2.43690"}, "ROA - Return On Assets": {"2020-09-30": "0.92590", "2020-06-30": "0.81180", "2020-03-31": "0.87260", "2019-12-31": "0.23270", "2019-09-30": "0.28950", "2019-06-30": "0.38920", "2019-03-31": "0.70480", "2018-12-31": "0.27500", "2018-09-30": "0.51190", "2018-06-30": "0.73500", "2018-03-31": "0.78040", "2017-12-31": "3.99060", "2017-09-30": "-4.39530", "2017-06-30": "0.16960", "2017-03-31": "0.39860", "2016-12-31": "-0.07030", "2016-09-30": "0.25340", "2016-06-30": "0.38080", "2016-03-31": "0.12750", "2015-12-31": "-0.04250", "2015-09-30": "0.93680", "2015-06-30": "0.30320", "2015-03-31": "2.49760", "2014-12-31": "-0.34330", "2014-09-30": "-0.37990", "2014-06-30": "-0.30880", "2014-03-31": "0.29040", "2013-12-31": "-0.00410", "2013-09-30": "-0.15340", "2013-06-30": "2.26980", "2013-03-31": "0.16420", "2012-12-31": "-0.44510", "2012-09-30": "0.64470", "2012-06-30": "0.92210", "2012-03-31": "1.08830", "2011-12-31": "0.12440", "2011-09-30": "1.10670", "2011-06-30": "1.32900", "2011-03-31": "0.67810", "2010-12-31": "0.27030", "2010-09-30": "0.75470", "2010-06-30": "0.79320", "2010-03-31": "0.92180", "2009-12-31": "0.22840", "2009-09-30": "0.68370", "2009-06-30": "1.53090", "2009-03-31": "1.61050", "2008-12-31": "-3.40450", "2008-09-30": "1.60980", "2008-06-30": "1.33640", "2008-03-31": "1.25830", "2007-12-31": "0.78870", "2007-09-30": "1.13710", "2007-06-30": "2.65540", "2007-03-31": "1.28320", "2006-12-31": "0.95240", "2006-09-30": "0.64370", "2006-06-30": "0.91420", "2006-03-31": "0.72880", "2005-12-31": "1.35960", "2005-09-30": "0.45140", "2005-06-30": "0.73180", "2005-03-31": "0.37240"}, "ROI - Return On Investment": {"2020-09-30": "1.30090", "2020-06-30": "1.15790", "2020-03-31": "1.24850", "2019-12-31": "0.33260", "2019-09-30": "0.41540", "2019-06-30": "0.55450", "2019-03-31": "1.01130", "2018-12-31": "0.35260", "2018-09-30": "0.65700", "2018-06-30": "0.93110", "2018-03-31": "0.99350", "2017-12-31": "5.14220", "2017-09-30": "-5.92210", "2017-06-30": "0.22600", "2017-03-31": "0.52850", "2016-12-31": "-0.09500", "2016-09-30": "0.34180", "2016-06-30": "0.51490", "2016-03-31": "0.17270", "2015-12-31": "-0.05770", "2015-09-30": "1.31730", "2015-06-30": "0.43020", "2015-03-31": "3.56710", "2014-12-31": "-0.49970", "2014-09-30": "-0.56410", "2014-06-30": "-0.45380", "2014-03-31": "0.42720", "2013-12-31": "-0.00610", "2013-09-30": "-0.22420", "2013-06-30": "3.35320", "2013-03-31": "0.22940", "2012-12-31": "-0.62740", "2012-09-30": "0.88860", "2012-06-30": "1.26240", "2012-03-31": "1.49020", "2011-12-31": "0.17280", "2011-09-30": "1.52300", "2011-06-30": "1.80600", "2011-03-31": "0.91240", "2010-12-31": "0.36030", "2010-09-30": "1.00240", "2010-06-30": "1.04740", "2010-03-31": "1.21610", "2009-12-31": "0.30480", "2009-09-30": "0.89620", "2009-06-30": "1.98650", "2009-03-31": "2.08940", "2008-12-31": "-4.45680", "2008-09-30": "2.15630", "2008-06-30": "1.79650", "2008-03-31": "1.74720", "2007-12-31": "1.05430", "2007-09-30": "1.51690", "2007-06-30": "3.57010", "2007-03-31": "1.82640", "2006-12-31": "1.35430", "2006-09-30": "0.92340", "2006-06-30": "1.30200", "2006-03-31": "0.99870", "2005-12-31": "1.88700", "2005-09-30": "0.61180", "2005-06-30": "0.99760", "2005-03-31": "0.51880"}, "Book Value Per Share": {"2020-09-30": "51.46510", "2020-06-30": "50.39540", "2020-03-31": "50.16470", "2019-12-31": "48.95350", "2019-09-30": "47.02250", "2019-06-30": "47.98850", "2019-03-31": "48.06980", "2018-12-31": "47.29070", "2018-09-30": "46.77910", "2018-06-30": "46.17440", "2018-03-31": "46.09410", "2017-12-31": "43.37650", "2017-09-30": "40.07060", "2017-06-30": "43.49410", "2017-03-31": "43.31770", "2016-12-31": "42.88240", "2016-09-30": "42.88240", "2016-06-30": "42.60000", "2016-03-31": "42.66670", "2015-12-31": "42.51190", "2015-09-30": "42.30530", "2015-06-30": "41.46240", "2015-03-31": "41.33630", "2014-12-31": "39.39820", "2014-09-30": "39.66220", "2014-06-30": "40.43710", "2014-03-31": "40.74560", "2013-12-31": "40.49160", "2013-09-30": "40.47190", "2013-06-30": "40.60210", "2013-03-31": "45.28730", "2012-12-31": "45.09130", "2012-09-30": "45.57500", "2012-06-30": "44.99810", "2012-03-31": "44.34560", "2011-12-31": "43.47270", "2011-09-30": "43.56370", "2011-06-30": "42.59750", "2011-03-31": "41.80300", "2010-12-31": "41.38040", "2010-09-30": "41.32280", "2010-06-30": "40.86960", "2010-03-31": "40.46470", "2009-12-31": "39.75170", "2009-09-30": "39.87170", "2009-06-30": "39.35660", "2009-03-31": "38.35550", "2008-12-31": "37.29620", "2008-09-30": "39.01710", "2008-06-30": "38.08840", "2008-03-31": "37.24130", "2007-12-31": "36.48750", "2007-09-30": "36.34260", "2007-06-30": "35.68270", "2007-03-31": "34.95580", "2006-12-31": "34.12230", "2006-09-30": "33.06280", "2006-06-30": "32.60690", "2006-03-31": "31.97730", "2005-12-31": "31.47400", "2005-09-30": "31.11130", "2005-06-30": "30.59350", "2005-03-31": "30.13610"}, "Operating Cash Flow Per Share": {"2020-09-30": 2.8415, "2020-06-30": 4.0676, "2020-03-31": "3.88640", "2019-12-31": 0.4205, "2019-09-30": 2.3977, "2019-06-30": 2.1477, "2019-03-31": "3.26140", "2018-12-31": 1.2528, "2018-09-30": 2.6524, "2018-06-30": 2.0582, "2018-03-31": "2.18600", "2017-12-31": 0.8182, "2017-09-30": 2.0772, "2017-06-30": 1.8488, "2017-03-31": "0.70930", "2016-12-31": 1.0117, "2016-09-30": 1.8118, "2016-06-30": 1.153, "2016-03-31": "1.91760", "2015-12-31": 0, "2015-09-30": 1.5529, "2015-06-30": 1.9765, "2015-03-31": "3.00000", "2014-12-31": -1.8776, "2014-09-30": 1.4014, "2014-06-30": 1.7769, "2014-03-31": "0.74690", "2013-12-31": -0.0932, "2013-09-30": -1.7722, "2013-06-30": 2.655, "2013-03-31": "2.64360", "2012-12-31": 3.4186, "2012-09-30": 2.2963, "2012-06-30": 1.818, "2012-03-31": "3.01840", "2011-12-31": 2.8628, "2011-09-30": 3.568, "2011-06-30": 2.1371, "2011-03-31": "2.99310", "2010-12-31": 2.8869, "2010-09-30": 2.1055, "2010-06-30": 2.9012, "2010-03-31": "1.75050", "2009-12-31": 2.6825, "2009-09-30": 3.0389, "2009-06-30": 2.1581, "2009-03-31": "2.12200", "2008-12-31": 2.5848, "2008-09-30": 3.0733, "2008-06-30": 2.248, "2008-03-31": "2.60940", "2007-12-31": 2.7365, "2007-09-30": 2.0361, "2007-06-30": 2.1058, "2007-03-31": "2.87600", "2006-12-31": 2.285, "2006-09-30": 2.0363, "2006-06-30": 1.8487, "2006-03-31": "1.78680", "2005-12-31": 1.3927, "2005-09-30": 2.067, "2005-06-30": 2.4496, "2005-03-31": "1.29550"}, "Free Cash Flow Per Share": {"2020-09-30": 0.4143, "2020-06-30": 2.2334, "2020-03-31": "0.30680", "2019-12-31": -1.9773, "2019-09-30": 0.6137, "2019-06-30": 0.159, "2019-03-31": "2.04550", "2018-12-31": -1.4482, "2018-09-30": 1.48, "2018-06-30": 0.9303, "2018-03-31": "1.30230", "2017-12-31": -1.6241, "2017-09-30": 0.9148, "2017-06-30": 1.0698, "2017-03-31": "-0.31400", "2016-12-31": -0.9058, "2016-09-30": 0.6, "2016-06-30": 0.2823, "2016-03-31": "0.70590", "2015-12-31": -2.0471, "2015-09-30": -0.1882, "2015-06-30": 0.2941, "2015-03-31": "1.63530", "2014-12-31": -4.0371, "2014-09-30": -0.5304, "2014-06-30": -0.047, "2014-03-31": "-0.54030", "2013-12-31": -2.3494, "2013-09-30": -4.1712, "2013-06-30": 0.6233, "2013-03-31": "0.85820", "2012-12-31": 0.8865, "2012-09-30": 0.1797, "2012-06-30": -0.7726, "2012-03-31": "0.56160", "2011-12-31": -0.7266, "2011-09-30": 1.2328, "2011-06-30": 0.4351, "2011-03-31": "1.58730", "2010-12-31": 0.6996, "2010-09-30": 0.6507, "2010-06-30": 1.36, "2010-03-31": "0.35340", "2009-12-31": 0.6996, "2009-09-30": 1.5585, "2009-06-30": 1.1074, "2009-03-31": "0.54690", "2008-12-31": 0.4161, "2008-09-30": 1.4082, "2008-06-30": 0.6769, "2008-03-31": "1.34120", "2007-12-31": 0.6054, "2007-09-30": 0.5675, "2007-06-30": 0.5516, "2007-03-31": "1.63870", "2006-12-31": 0.4881, "2006-09-30": 0.3024, "2006-06-30": 0.134, "2006-03-31": "0.45200", "2005-12-31": -0.8744, "2005-09-30": 0.6788, "2005-06-30": 0.8077, "2005-03-31": "0.00110"}}, "revenue": {"United States Cellular Annual Revenue (Millions of US $)": {"2019": "$4,022", "2018": "$3,967", "2017": "$3,890", "2016": "$3,990", "2015": "$4,031", "2014": "$3,893", "2013": "$3,919", "2012": "$4,452", "2011": "$4,343", "2010": "$4,178", "2009": "$4,214", "2008": "$4,243", "2007": "$3,946", "2006": "$3,473", "2005": "$3,031"}, "United States Cellular Quarterly Revenue (Millions of US $)": {"2020-09-30": "$1,027", "2020-06-30": "$973", "2020-03-31": "$963", "2019-12-31": "$1,052", "2019-09-30": "$1,031", "2019-06-30": "$973", "2019-03-31": "$966", "2018-12-31": "$1,050", "2018-09-30": "$1,001", "2018-06-30": "$974", "2018-03-31": "$942", "2017-12-31": "$1,028", "2017-09-30": "$963", "2017-06-30": "$963", "2017-03-31": "$936", "2016-12-31": "$1,006", "2016-09-30": "$1,023", "2016-06-30": "$992", "2016-03-31": "$969", "2015-12-31": "$1,021", "2015-09-30": "$1,069", "2015-06-30": "$976", "2015-03-31": "$965", "2014-12-31": "$1,009", "2014-09-30": "$1,000", "2014-06-30": "$958", "2014-03-31": "$926", "2013-12-31": "$903", "2013-09-30": "$939", "2013-06-30": "$995", "2013-03-31": "$1,082", "2012-12-31": "$1,115", "2012-09-30": "$1,140", "2012-06-30": "$1,104", "2012-03-31": "$1,092", "2011-12-31": "$1,100", "2011-09-30": "$1,110", "2011-06-30": "$1,076", "2011-03-31": "$1,057", "2010-12-31": "$1,063", "2010-09-30": "$1,061", "2010-06-30": "$1,030", "2010-03-31": "$1,024", "2009-12-31": "$1,060", "2009-09-30": "$1,057", "2009-06-30": "$1,042", "2009-03-31": "$1,055", "2008-12-31": "$1,052", "2008-09-30": "$1,092", "2008-06-30": "$1,061", "2008-03-31": "$1,038", "2007-12-31": "$1,024", "2007-09-30": "$1,016", "2007-06-30": "$972", "2007-03-31": "$935", "2006-12-31": "$902", "2006-09-30": "$889", "2006-06-30": "$846", "2006-03-31": "$836", "2005-12-31": "$783", "2005-09-30": "$795", "2005-06-30": "$742", "2005-03-31": "$711"}}, "gross-profit": {"United States Cellular Annual Gross Profit (Millions of US $)": {"2019": "$2,238", "2018": "$2,178", "2017": "$2,087", "2016": "$2,149", "2015": "$2,203", "2014": "$1,930", "2013": "$2,156", "2012": "$2,569", "2011": "$2,622", "2010": "$2,566", "2009": "$2,668", "2008": "$2,716", "2007": "$2,592", "2006": "$2,265", "2005": "$1,915"}, "United States Cellular Quarterly Gross Profit (Millions of US $)": {"2020-09-30": "$567", "2020-06-30": "$558", "2020-03-31": "$566", "2019-12-31": "$559", "2019-09-30": "$566", "2019-06-30": "$556", "2019-03-31": "$557", "2018-12-31": "$544", "2018-09-30": "$543", "2018-06-30": "$547", "2018-03-31": "$544", "2017-12-31": "$523", "2017-09-30": "$517", "2017-06-30": "$514", "2017-03-31": "$533", "2016-12-31": "$536", "2016-09-30": "$547", "2016-06-30": "$537", "2016-03-31": "$529", "2015-12-31": "$558", "2015-09-30": "$583", "2015-06-30": "$526", "2015-03-31": "$536", "2014-12-31": "$464", "2014-09-30": "$493", "2014-06-30": "$499", "2014-03-31": "$475", "2013-12-31": "$378", "2013-09-30": "$568", "2013-06-30": "$586", "2013-03-31": "$624", "2012-12-31": "$585", "2012-09-30": "$643", "2012-06-30": "$669", "2012-03-31": "$672", "2011-12-31": "$627", "2011-09-30": "$672", "2011-06-30": "$678", "2011-03-31": "$645", "2010-12-31": "$603", "2010-09-30": "$653", "2010-06-30": "$654", "2010-03-31": "$656", "2009-12-31": "$645", "2009-09-30": "$662", "2009-06-30": "$691", "2009-03-31": "$669", "2008-12-31": "$651", "2008-09-30": "$708", "2008-06-30": "$688", "2008-03-31": "$669", "2007-12-31": "$659", "2007-09-30": "$669", "2007-06-30": "$647", "2007-03-31": "$617", "2006-12-31": "$580", "2006-09-30": "$583", "2006-06-30": "$562", "2006-03-31": "$540", "2005-12-31": "$487", "2005-09-30": "$505", "2005-06-30": "$478", "2005-03-31": "$445"}}, "operating-income": {"United States Cellular Annual Operating Income (Millions of US $)": {"2019": "$112", "2018": "$158", "2017": "$-304", "2016": "$48", "2015": "$347", "2014": "$-143", "2013": "$147", "2012": "$157", "2011": "$281", "2010": "$201", "2009": "$326", "2008": "$29", "2007": "$396", "2006": "$290", "2005": "$231"}, "United States Cellular Quarterly Operating Income (Millions of US $)": {"2020-09-30": "$65", "2020-06-30": "$53", "2020-03-31": "$50", "2019-12-31": "$-2", "2019-09-30": "$20", "2019-06-30": "$30", "2019-03-31": "$64", "2018-12-31": "$3", "2018-09-30": "$34", "2018-06-30": "$56", "2018-03-31": "$65", "2017-12-31": "$-3", "2017-09-30": "$-360", "2017-06-30": "$5", "2017-03-31": "$54", "2016-12-31": "$-14", "2016-09-30": "$22", "2016-06-30": "$30", "2016-03-31": "$10", "2015-12-31": "$11", "2015-09-30": "$78", "2015-06-30": "$8", "2015-03-31": "$250", "2014-12-31": "$-49", "2014-09-30": "$-51", "2014-06-30": "$-50", "2014-03-31": "$8", "2013-12-31": "$-30", "2013-09-30": "$-43", "2013-06-30": "$219", "2013-03-31": "$1", "2012-12-31": "$-61", "2012-09-30": "$48", "2012-06-30": "$84", "2012-03-31": "$85", "2011-12-31": "$16", "2011-09-30": "$102", "2011-06-30": "$104", "2011-03-31": "$59", "2010-12-31": "$-1", "2010-09-30": "$61", "2010-06-30": "$64", "2010-03-31": "$78", "2009-12-31": "$8", "2009-09-30": "$60", "2009-06-30": "$139", "2009-03-31": "$119", "2008-12-31": "$-328", "2008-09-30": "$120", "2008-06-30": "$118", "2008-03-31": "$119", "2007-12-31": "$63", "2007-09-30": "$101", "2007-06-30": "$123", "2007-03-31": "$109", "2006-12-31": "$64", "2006-09-30": "$77", "2006-06-30": "$79", "2006-03-31": "$70", "2005-12-31": "$61", "2005-09-30": "$63", "2005-06-30": "$67", "2005-03-31": "$40"}}, "ebitda": {"United States Cellular Annual EBITDA (Millions of US $)": {"2019": "$814", "2018": "$798", "2017": "$311", "2016": "$666", "2015": "$954", "2014": "$463", "2013": "$951", "2012": "$765", "2011": "$854", "2010": "$772", "2009": "$890", "2008": "$605", "2007": "$974", "2006": "$845", "2005": "$721"}, "United States Cellular Quarterly EBITDA (Millions of US $)": {"2020-09-30": "$227", "2020-06-30": "$230", "2020-03-31": "$227", "2019-12-31": "$176", "2019-09-30": "$199", "2019-06-30": "$206", "2019-03-31": "$233", "2018-12-31": "$165", "2018-09-30": "$195", "2018-06-30": "$214", "2018-03-31": "$224", "2017-12-31": "$152", "2017-09-30": "$-207", "2017-06-30": "$159", "2017-03-31": "$207", "2016-12-31": "$142", "2016-09-30": "$177", "2016-06-30": "$184", "2016-03-31": "$163", "2015-12-31": "$168", "2015-09-30": "$230", "2015-06-30": "$159", "2015-03-31": "$397", "2014-12-31": "$92", "2014-09-30": "$98", "2014-06-30": "$98", "2014-03-31": "$176", "2013-12-31": "$180", "2013-09-30": "$158", "2013-06-30": "$422", "2013-03-31": "$191", "2012-12-31": "$108", "2012-09-30": "$193", "2012-06-30": "$232", "2012-03-31": "$232", "2011-12-31": "$158", "2011-09-30": "$243", "2011-06-30": "$251", "2011-03-31": "$202", "2010-12-31": "$142", "2010-09-30": "$202", "2010-06-30": "$208", "2010-03-31": "$221", "2009-12-31": "$150", "2009-09-30": "$206", "2009-06-30": "$278", "2009-03-31": "$257", "2008-12-31": "$-185", "2008-09-30": "$265", "2008-06-30": "$263", "2008-03-31": "$261", "2007-12-31": "$201", "2007-09-30": "$249", "2007-06-30": "$269", "2007-03-31": "$254", "2006-12-31": "$190", "2006-09-30": "$224", "2006-06-30": "$219", "2006-03-31": "$212", "2005-12-31": "$169", "2005-09-30": "$191", "2005-06-30": "$194", "2005-03-31": "$167"}}, "net-income": {"United States Cellular Annual Net Income (Millions of US $)": {"2019": "$127", "2018": "$150", "2017": "$12", "2016": "$48", "2015": "$241", "2014": "$-43", "2013": "$140", "2012": "$111", "2011": "$175", "2010": "$136", "2009": "$210", "2008": "$33", "2007": "$315", "2006": "$179", "2005": "$155"}, "United States Cellular Quarterly Net Income (Millions of US $)": {"2020-09-30": "$85", "2020-06-30": "$68", "2020-03-31": "$71", "2019-12-31": "$19", "2019-09-30": "$23", "2019-06-30": "$31", "2019-03-31": "$54", "2018-12-31": "$20", "2018-09-30": "$36", "2018-06-30": "$49", "2018-03-31": "$45", "2017-12-31": "$273", "2017-09-30": "$-299", "2017-06-30": "$12", "2017-03-31": "$26", "2016-12-31": "$-5", "2016-09-30": "$17", "2016-06-30": "$27", "2016-03-31": "$9", "2015-12-31": "$-2", "2015-09-30": "$64", "2015-06-30": "$19", "2015-03-31": "$160", "2014-12-31": "$-22", "2014-09-30": "$-22", "2014-06-30": "$-19", "2014-03-31": "$19", "2013-12-31": "$2", "2013-09-30": "$-10", "2013-06-30": "$143", "2013-03-31": "$5", "2012-12-31": "$-40", "2012-09-30": "$35", "2012-06-30": "$53", "2012-03-31": "$62", "2011-12-31": "$3", "2011-09-30": "$62", "2011-06-30": "$75", "2011-03-31": "$35", "2010-12-31": "$10", "2010-09-30": "$38", "2010-06-30": "$41", "2010-03-31": "$47", "2009-12-31": "$9", "2009-09-30": "$34", "2009-06-30": "$82", "2009-03-31": "$85", "2008-12-31": "$-200", "2008-09-30": "$90", "2008-06-30": "$73", "2008-03-31": "$71", "2007-12-31": "$29", "2007-09-30": "$64", "2007-06-30": "$148", "2007-03-31": "$74", "2006-12-31": "$54", "2006-09-30": "$36", "2006-06-30": "$50", "2006-03-31": "$39", "2005-12-31": "$74", "2005-09-30": "$24", "2005-06-30": "$38", "2005-03-31": "$20"}}, "eps-earnings-per-share-diluted": {"United States Cellular Annual EPS": {"2019": "$1.44", "2018": "$1.72", "2017": "$0.14", "2016": "$0.56", "2015": "$2.84", "2014": "$-0.51", "2013": "$1.65", "2012": "$1.30", "2011": "$2.05", "2010": "$1.57", "2009": "$2.40", "2008": "$0.38", "2007": "$3.56", "2006": "$2.04", "2005": "$1.77"}, "United States Cellular Quarterly EPS": {"2020-09-30": "$0.97", "2020-06-30": "$0.78", "2020-03-31": "$0.81", "2019-12-31": "$0.20", "2019-09-30": "$0.27", "2019-06-30": "$0.35", "2019-03-31": "$0.62", "2018-12-31": "$0.23", "2018-09-30": "$0.41", "2018-06-30": "$0.56", "2018-03-31": "$0.52", "2017-12-31": "$3.20", "2017-09-30": "$-3.51", "2017-06-30": "$0.14", "2017-03-31": "$0.31", "2016-12-31": "$-0.06", "2016-09-30": "$0.20", "2016-06-30": "$0.32", "2016-03-31": "$0.10", "2015-12-31": "$-0.03", "2015-09-30": "$0.75", "2015-06-30": "$0.23", "2015-03-31": "$1.89", "2014-12-31": "$-0.26", "2014-09-30": "$-0.26", "2014-06-30": "$-0.22", "2014-03-31": "$0.23", "2013-12-31": "$0.02", "2013-09-30": "$-0.12", "2013-06-30": "$1.69", "2013-03-31": "$0.06", "2012-12-31": "$-0.47", "2012-09-30": "$0.42", "2012-06-30": "$0.62", "2012-03-31": "$0.73", "2011-12-31": "$0.03", "2011-09-30": "$0.73", "2011-06-30": "$0.88", "2011-03-31": "$0.41", "2010-12-31": "$0.12", "2010-09-30": "$0.44", "2010-06-30": "$0.47", "2010-03-31": "$0.54", "2009-12-31": "$0.10", "2009-09-30": "$0.39", "2009-06-30": "$0.94", "2009-03-31": "$0.97", "2008-12-31": "$-2.27", "2008-09-30": "$1.02", "2008-06-30": "$0.83", "2008-03-31": "$0.80", "2007-12-31": "$0.33", "2007-09-30": "$0.72", "2007-06-30": "$1.67", "2007-03-31": "$0.84", "2006-12-31": "$0.61", "2006-09-30": "$0.41", "2006-06-30": "$0.57", "2006-03-31": "$0.45", "2005-12-31": "$0.84", "2005-09-30": "$0.27", "2005-06-30": "$0.44", "2005-03-31": "$0.22"}}, "shares-outstanding": {"United States Cellular Annual Shares Outstanding (Millions of Shares)": {"2019": "88", "2018": "87", "2017": "86", "2016": "85", "2015": "85", "2014": "84", "2013": "85", "2012": "85", "2011": "85", "2010": "87", "2009": "87", "2008": "88", "2007": "88", "2006": "88", "2005": "87"}, "United States Cellular Quarterly Shares Outstanding (Millions of Shares)": {"2020-09-30": "88", "2020-06-30": "87", "2020-03-31": "88", "2019-12-31": "88", "2019-09-30": "88", "2019-06-30": "88", "2019-03-31": "88", "2018-12-31": "87", "2018-09-30": "87", "2018-06-30": "86", "2018-03-31": "86", "2017-12-31": "86", "2017-09-30": "85", "2017-06-30": "86", "2017-03-31": "86", "2016-12-31": "85", "2016-09-30": "85", "2016-06-30": "85", "2016-03-31": "85", "2015-12-31": "85", "2015-09-30": "85", "2015-06-30": "85", "2015-03-31": "85", "2014-12-31": "84", "2014-09-30": "84", "2014-06-30": "84", "2014-03-31": "85", "2013-12-31": "85", "2013-09-30": "84", "2013-06-30": "85", "2013-03-31": "85", "2012-12-31": "85", "2012-09-30": "85", "2012-06-30": "85", "2012-03-31": "85", "2011-12-31": "85", "2011-09-30": "85", "2011-06-30": "85", "2011-03-31": "86", "2010-12-31": "87", "2010-09-30": "86", "2010-06-30": "87", "2010-03-31": "87", "2009-12-31": "87", "2009-09-30": "87", "2009-06-30": "87", "2009-03-31": "87", "2008-12-31": "88", "2008-09-30": "88", "2008-06-30": "88", "2008-03-31": "88", "2007-12-31": "88", "2007-09-30": "89", "2007-06-30": "88", "2007-03-31": "89", "2006-12-31": "88", "2006-09-30": "88", "2006-06-30": "88", "2006-03-31": "88", "2005-12-31": "87", "2005-09-30": "88", "2005-06-30": "87", "2005-03-31": "87"}}, "total-assets": {"United States Cellular Annual Total Assets (Millions of US $)": {"2019": "$8,164", "2018": "$7,274", "2017": "$6,841", "2016": "$7,110", "2015": "$7,060", "2014": "$6,462", "2013": "$6,446", "2012": "$6,587", "2011": "$6,328", "2010": "$5,876", "2009": "$5,749", "2008": "$5,566", "2007": "$5,612", "2006": "$5,681", "2005": "$5,416"}, "United States Cellular Quarterly Total Assets (Millions of US $)": {"2020-09-30": "$9,180", "2020-06-30": "$8,500", "2020-03-31": "$8,251", "2019-12-31": "$8,164", "2019-09-30": "$8,291", "2019-06-30": "$8,223", "2019-03-31": "$8,229", "2018-12-31": "$7,274", "2018-09-30": "$7,228", "2018-06-30": "$7,075", "2018-03-31": "$7,048", "2017-12-31": "$6,841", "2017-09-30": "$6,780", "2017-06-30": "$7,077", "2017-03-31": "$7,024", "2016-12-31": "$7,110", "2016-09-30": "$7,104", "2016-06-30": "$7,091", "2016-03-31": "$7,057", "2015-12-31": "$7,060", "2015-09-30": "$6,938", "2015-06-30": "$6,597", "2015-03-31": "$6,606", "2014-12-31": "$6,462", "2014-09-30": "$6,257", "2014-06-30": "$6,299", "2014-03-31": "$6,338", "2013-12-31": "$6,446", "2013-09-30": "$6,260", "2013-06-30": "$6,330", "2013-03-31": "$6,524", "2012-12-31": "$6,587", "2012-09-30": "$6,536", "2012-06-30": "$6,425", "2012-03-31": "$6,341", "2011-12-31": "$6,328", "2011-09-30": "$6,281", "2011-06-30": "$6,090", "2011-03-31": "$5,962", "2010-12-31": "$5,876", "2010-09-30": "$5,859", "2010-06-30": "$5,796", "2010-03-31": "$5,759", "2009-12-31": "$5,749", "2009-09-30": "$5,842", "2009-06-30": "$5,731", "2009-03-31": "$5,620", "2008-12-31": "$5,566", "2008-09-30": "$5,914", "2008-06-30": "$5,833", "2008-03-31": "$5,926", "2007-12-31": "$5,612", "2007-09-30": "$5,589", "2007-06-30": "$5,557", "2007-03-31": "$5,798", "2006-12-31": "$5,681", "2006-09-30": "$5,574", "2006-06-30": "$5,476", "2006-03-31": "$5,412", "2005-12-31": "$5,416", "2005-09-30": "$5,244", "2005-06-30": "$5,203", "2005-03-31": "$5,253"}}, "cash-on-hand": {"United States Cellular Annual Cash on Hand (Millions of US $)": {"2019": "$285", "2018": "$597", "2017": "$402", "2016": "$586", "2015": "$715", "2014": "$212", "2013": "$392", "2012": "$479", "2011": "$551", "2010": "$424", "2009": "$295", "2008": "$171", "2007": "$221", "2006": "$282", "2005": "$29"}, "United States Cellular Quarterly Cash on Hand (Millions of US $)": {"2020-09-30": "$931", "2020-06-30": "$418", "2020-03-31": "$258", "2019-12-31": "$285", "2019-09-30": "$570", "2019-06-30": "$546", "2019-03-31": "$665", "2018-12-31": "$597", "2018-09-30": "$730", "2018-06-30": "$596", "2018-03-31": "$509", "2017-12-31": "$402", "2017-09-30": "$548", "2017-06-30": "$472", "2017-03-31": "$572", "2016-12-31": "$586", "2016-09-30": "$674", "2016-06-30": "$621", "2016-03-31": "$772", "2015-12-31": "$715", "2015-09-30": "$597", "2015-06-30": "$362", "2015-03-31": "$337", "2014-12-31": "$212", "2014-09-30": "$314", "2014-06-30": "$444", "2014-03-31": "$439", "2013-12-31": "$392", "2013-09-30": "$228", "2013-06-30": "$578", "2013-03-31": "$530", "2012-12-31": "$479", "2012-09-30": "$550", "2012-06-30": "$538", "2012-03-31": "$627", "2011-12-31": "$551", "2011-09-30": "$616", "2011-06-30": "$525", "2011-03-31": "$543", "2010-12-31": "$424", "2010-09-30": "$390", "2010-06-30": "$369", "2010-03-31": "$315", "2009-12-31": "$295", "2009-09-30": "$405", "2009-06-30": "$276", "2009-03-31": "$192", "2008-12-31": "$171", "2008-09-30": "$178", "2008-06-30": "$118", "2008-03-31": "$233", "2007-12-31": "$221", "2007-09-30": "$198", "2007-06-30": "$146", "2007-03-31": "$431", "2006-12-31": "$282", "2006-09-30": "$244", "2006-06-30": "$240", "2006-03-31": "$17", "2005-12-31": "$29", "2005-09-30": "$31", "2005-06-30": "$18", "2005-03-31": "$31"}}, "long-term-debt": {"United States Cellular Annual Long Term Debt (Millions of US $)": {"2019": "$1,502", "2018": "$1,605", "2017": "$1,622", "2016": "$1,618", "2015": "$1,629", "2014": "$1,127", "2013": "$878", "2012": "$879", "2011": "$880", "2010": "$868", "2009": "$868", "2008": "$997", "2007": "$1,002", "2006": "$1,002", "2005": "$1,161"}, "United States Cellular Quarterly Long Term Debt (Millions of US $)": {"2020-09-30": "$2,108", "2020-06-30": "$1,625", "2020-03-31": "$1,503", "2019-12-31": "$1,502", "2019-09-30": "$1,592", "2019-06-30": "$1,596", "2019-03-31": "$1,601", "2018-12-31": "$1,605", "2018-09-30": "$1,609", "2018-06-30": "$1,614", "2018-03-31": "$1,618", "2017-12-31": "$1,622", "2017-09-30": "$1,626", "2017-06-30": "$1,613", "2017-03-31": "$1,616", "2016-12-31": "$1,618", "2016-09-30": "$1,621", "2016-06-30": "$1,623", "2016-03-31": "$1,626", "2015-12-31": "$1,629", "2015-09-30": "$1,369", "2015-06-30": "$1,152", "2015-03-31": "$1,152", "2014-12-31": "$1,127", "2014-09-30": "$877", "2014-06-30": "$877", "2014-03-31": "$878", "2013-12-31": "$878", "2013-09-30": "$879", "2013-06-30": "$879", "2013-03-31": "$879", "2012-12-31": "$879", "2012-09-30": "$880", "2012-06-30": "$881", "2012-03-31": "$880", "2011-12-31": "$880", "2011-09-30": "$880", "2011-06-30": "$880", "2011-03-31": "$868", "2010-12-31": "$868", "2010-09-30": "$868", "2010-06-30": "$868", "2010-03-31": "$868", "2009-12-31": "$868", "2009-09-30": "$998", "2009-06-30": "$998", "2009-03-31": "$998", "2008-12-31": "$997", "2008-09-30": "$1,006", "2008-06-30": "$1,007", "2008-03-31": "$1,006", "2007-12-31": "$1,002", "2007-09-30": "$1,002", "2007-06-30": "$1,002", "2007-03-31": "$1,002", "2006-12-31": "$1,002", "2006-09-30": "$1,002", "2006-06-30": "$1,002", "2006-03-31": "$1,161", "2005-12-31": "$1,161", "2005-09-30": "$1,161", "2005-06-30": "$1,161", "2005-03-31": "$1,161"}}, "total-liabilities": {"United States Cellular Annual Total Liabilities (Millions of US $)": {"2019": "$3,954", "2018": "$3,207", "2017": "$3,154", "2016": "$3,465", "2015": "$3,489", "2014": "$3,150", "2013": "$3,036", "2012": "$2,792", "2011": "$2,652", "2010": "$2,336", "2009": "$2,309", "2008": "$2,311", "2007": "$2,416", "2006": "$2,687", "2005": "$2,675"}, "United States Cellular Quarterly Total Liabilities (Millions of US $)": {"2020-09-30": "$4,754", "2020-06-30": "$4,166", "2020-03-31": "$3,987", "2019-12-31": "$3,954", "2019-09-30": "$4,106", "2019-06-30": "$4,048", "2019-03-31": "$4,095", "2018-12-31": "$3,207", "2018-09-30": "$3,205", "2018-06-30": "$3,104", "2018-03-31": "$3,130", "2017-12-31": "$3,154", "2017-09-30": "$3,374", "2017-06-30": "$3,380", "2017-03-31": "$3,342", "2016-12-31": "$3,465", "2016-09-30": "$3,459", "2016-06-30": "$3,470", "2016-03-31": "$3,473", "2015-12-31": "$3,489", "2015-09-30": "$3,373", "2015-06-30": "$3,099", "2015-03-31": "$3,133", "2014-12-31": "$3,150", "2014-09-30": "$2,920", "2014-06-30": "$2,890", "2014-03-31": "$2,908", "2013-12-31": "$3,036", "2013-09-30": "$2,856", "2013-06-30": "$2,924", "2013-03-31": "$2,733", "2012-12-31": "$2,792", "2012-09-30": "$2,675", "2012-06-30": "$2,613", "2012-03-31": "$2,591", "2011-12-31": "$2,652", "2011-09-30": "$2,597", "2011-06-30": "$2,489", "2011-03-31": "$2,399", "2010-12-31": "$2,336", "2010-09-30": "$2,316", "2010-06-30": "$2,274", "2010-03-31": "$2,261", "2009-12-31": "$2,309", "2009-09-30": "$2,383", "2009-06-30": "$2,312", "2009-03-31": "$2,286", "2008-12-31": "$2,311", "2008-09-30": "$2,505", "2008-06-30": "$2,501", "2008-03-31": "$2,664", "2007-12-31": "$2,416", "2007-09-30": "$2,402", "2007-06-30": "$2,426", "2007-03-31": "$2,727", "2006-12-31": "$2,687", "2006-09-30": "$2,690", "2006-06-30": "$2,633", "2006-03-31": "$2,624", "2005-12-31": "$2,675", "2005-09-30": "$2,535", "2005-06-30": "$2,547", "2005-03-31": "$2,643"}}, "total-share-holder-equity": {"United States Cellular Annual Share Holder Equity (Millions of US $)": {"2019": "$4,210", "2018": "$4,067", "2017": "$3,687", "2016": "$3,645", "2015": "$3,571", "2014": "$3,313", "2013": "$3,410", "2012": "$3,795", "2011": "$3,676", "2010": "$3,540", "2009": "$3,440", "2008": "$3,255", "2007": "$3,196", "2006": "$2,993", "2005": "$2,741"}, "United States Cellular Quarterly Share Holder Equity (Millions of US $)": {"2020-09-30": "$4,426", "2020-06-30": "$4,334", "2020-03-31": "$4,264", "2019-12-31": "$4,210", "2019-09-30": "$4,185", "2019-06-30": "$4,175", "2019-03-31": "$4,134", "2018-12-31": "$4,067", "2018-09-30": "$4,023", "2018-06-30": "$3,971", "2018-03-31": "$3,918", "2017-12-31": "$3,687", "2017-09-30": "$3,406", "2017-06-30": "$3,697", "2017-03-31": "$3,682", "2016-12-31": "$3,645", "2016-09-30": "$3,645", "2016-06-30": "$3,621", "2016-03-31": "$3,584", "2015-12-31": "$3,571", "2015-09-30": "$3,566", "2015-06-30": "$3,497", "2015-03-31": "$3,474", "2014-12-31": "$3,313", "2014-09-30": "$3,338", "2014-06-30": "$3,409", "2014-03-31": "$3,430", "2013-12-31": "$3,410", "2013-09-30": "$3,404", "2013-06-30": "$3,406", "2013-03-31": "$3,790", "2012-12-31": "$3,795", "2012-09-30": "$3,862", "2012-06-30": "$3,813", "2012-03-31": "$3,750", "2011-12-31": "$3,676", "2011-09-30": "$3,683", "2011-06-30": "$3,601", "2011-03-31": "$3,563", "2010-12-31": "$3,540", "2010-09-30": "$3,543", "2010-06-30": "$3,521", "2010-03-31": "$3,498", "2009-12-31": "$3,440", "2009-09-30": "$3,459", "2009-06-30": "$3,419", "2009-03-31": "$3,334", "2008-12-31": "$3,255", "2008-09-30": "$3,409", "2008-06-30": "$3,332", "2008-03-31": "$3,262", "2007-12-31": "$3,196", "2007-09-30": "$3,188", "2007-06-30": "$3,131", "2007-03-31": "$3,072", "2006-12-31": "$2,993", "2006-09-30": "$2,883", "2006-06-30": "$2,843", "2006-03-31": "$2,789", "2005-12-31": "$2,741", "2005-09-30": "$2,708", "2005-06-30": "$2,656", "2005-03-31": "$2,610"}}, "profit-margins": {"current": "6.03%"}, "gross margin": {"2020-09-30": "56.04%", "2020-06-30": "55.96%", "2020-03-31": "55.91%", "2019-12-31": "55.64%", "2019-09-30": "55.30%", "2019-06-30": "55.14%", "2019-03-31": "54.90%", "2018-12-31": "54.90%", "2018-09-30": "54.68%", "2018-06-30": "54.54%", "2018-03-31": "53.85%", "2017-12-31": "53.65%", "2017-09-30": "54.29%", "2017-06-30": "54.23%", "2017-03-31": "54.41%", "2016-12-31": "53.86%", "2016-09-30": "54.21%", "2016-06-30": "54.48%", "2016-03-31": "54.42%", "2015-12-31": "54.65%", "2015-09-30": "52.48%", "2015-06-30": "51.11%", "2015-03-31": "50.66%", "2014-12-31": "49.60%", "2014-09-30": "48.72%", "2014-06-30": "51.53%", "2014-03-31": "53.34%", "2013-12-31": "55.01%", "2013-09-30": "57.20%", "2013-06-30": "56.28%", "2013-03-31": "56.77%", "2012-12-31": "57.72%", "2012-09-30": "58.86%", "2012-06-30": "59.92%", "2012-03-31": "60.51%", "2011-12-31": "60.37%", "2011-09-30": "60.33%", "2011-06-30": "60.58%", "2011-03-31": "60.67%", "2010-12-31": "61.42%", "2010-09-30": "62.47%", "2010-06-30": "62.74%", "2010-03-31": "63.45%", "2009-12-31": "63.29%", "2009-09-30": "63.55%", "2009-06-30": "64.11%", "2009-03-31": "63.76%", "2008-12-31": "64.01%", "2008-09-30": "64.63%", "2008-06-30": "64.87%", "2008-03-31": "65.28%", "2007-12-31": "65.67%", "2007-09-30": "65.70%", "2007-06-30": "65.63%", "2007-03-31": "65.57%", "2006-12-31": "65.22%", "2006-09-30": "64.76%", "2006-06-30": "64.23%", "2006-03-31": "63.69%", "2005-12-31": "63.18%"}, "operating margin": {"2020-09-30": "4.13%", "2020-06-30": "3.01%", "2020-03-31": "2.44%", "2019-12-31": "2.78%", "2019-09-30": "2.91%", "2019-06-30": "3.28%", "2019-03-31": "3.93%", "2018-12-31": "3.98%", "2018-09-30": "3.85%", "2018-06-30": "-6.19%", "2018-03-31": "-7.52%", "2017-12-31": "-7.81%", "2017-09-30": "-8.14%", "2017-06-30": "1.71%", "2017-03-31": "2.32%", "2016-12-31": "1.20%", "2016-09-30": "1.82%", "2016-06-30": "3.18%", "2016-03-31": "2.65%", "2015-12-31": "8.61%", "2015-09-30": "7.14%", "2015-06-30": "4.00%", "2015-03-31": "2.54%", "2014-12-31": "-3.65%", "2014-09-30": "-3.25%", "2014-06-30": "-3.09%", "2014-03-31": "4.09%", "2013-12-31": "3.75%", "2013-09-30": "2.81%", "2013-06-30": "4.78%", "2013-03-31": "1.62%", "2012-12-31": "3.50%", "2012-09-30": "5.25%", "2012-06-30": "6.51%", "2012-03-31": "7.01%", "2011-12-31": "6.47%", "2011-09-30": "6.13%", "2011-06-30": "5.24%", "2011-03-31": "4.35%", "2010-12-31": "4.83%", "2010-09-30": "5.05%", "2010-06-30": "5.03%", "2010-03-31": "6.81%", "2009-12-31": "7.74%", "2009-09-30": "-0.24%", "2009-06-30": "1.18%", "2009-03-31": "0.68%", "2008-12-31": "0.68%", "2008-09-30": "9.96%", "2008-06-30": "9.69%", "2008-03-31": "10.02%", "2007-12-31": "10.03%", "2007-09-30": "10.38%", "2007-06-30": "10.09%", "2007-03-31": "9.21%", "2006-12-31": "8.35%", "2006-09-30": "8.56%", "2006-06-30": "8.37%", "2006-03-31": "8.27%", "2005-12-31": "7.62%"}, "ebitda margin": {"2020-09-30": "21.42%", "2020-06-30": "20.70%", "2020-03-31": "20.10%", "2019-12-31": "20.24%", "2019-09-30": "19.98%", "2019-06-30": "20.03%", "2019-03-31": "20.22%", "2018-12-31": "20.12%", "2018-09-30": "19.90%", "2018-06-30": "9.80%", "2018-03-31": "8.42%", "2017-12-31": "7.99%", "2017-09-30": "7.78%", "2017-06-30": "17.44%", "2017-03-31": "17.94%", "2016-12-31": "16.69%", "2016-09-30": "17.28%", "2016-06-30": "18.39%", "2016-03-31": "17.84%", "2015-12-31": "23.67%", "2015-09-30": "21.85%", "2015-06-30": "18.89%", "2015-03-31": "17.42%", "2014-12-31": "11.92%", "2014-09-30": "14.58%", "2014-06-30": "16.43%", "2014-03-31": "24.87%", "2013-12-31": "24.27%", "2013-09-30": "21.28%", "2013-06-30": "21.10%", "2013-03-31": "16.30%", "2012-12-31": "17.19%", "2012-09-30": "18.37%", "2012-06-30": "19.63%", "2012-03-31": "20.19%", "2011-12-31": "19.66%", "2011-09-30": "19.46%", "2011-06-30": "18.72%", "2011-03-31": "17.91%", "2010-12-31": "18.50%", "2010-09-30": "18.71%", "2010-06-30": "18.82%", "2010-03-31": "20.44%", "2009-12-31": "21.14%", "2009-09-30": "13.22%", "2009-06-30": "14.50%", "2009-03-31": "14.08%", "2008-12-31": "14.24%", "2008-09-30": "23.49%", "2008-06-30": "23.53%", "2008-03-31": "24.20%", "2007-12-31": "24.65%", "2007-09-30": "25.15%", "2007-06-30": "25.34%", "2007-03-31": "24.83%", "2006-12-31": "24.33%", "2006-09-30": "24.57%", "2006-06-30": "24.26%", "2006-03-31": "24.27%", "2005-12-31": "23.79%"}, "pre tax profit margin": {"2020-09-30": "6.30%", "2020-06-30": "5.05%", "2020-03-31": "4.38%", "2019-12-31": "4.60%", "2019-09-30": "4.65%", "2019-06-30": "4.99%", "2019-03-31": "5.59%", "2018-12-31": "5.42%", "2018-09-30": "5.17%", "2018-06-30": "-5.07%", "2018-03-31": "-6.57%", "2017-12-31": "-6.99%", "2017-09-30": "-7.47%", "2017-06-30": "2.42%", "2017-03-31": "3.11%", "2016-12-31": "2.06%", "2016-09-30": "2.15%", "2016-06-30": "3.92%", "2016-03-31": "3.77%", "2015-12-31": "10.02%", "2015-09-30": "9.36%", "2015-06-30": "6.20%", "2015-03-31": "4.63%", "2014-12-31": "-1.52%", "2014-09-30": "-0.87%", "2014-06-30": "-0.64%", "2014-03-31": "7.18%", "2013-12-31": "6.56%", "2013-09-30": "5.28%", "2013-06-30": "6.90%", "2013-03-31": "2.90%", "2012-12-31": "4.63%", "2012-09-30": "6.15%", "2012-06-30": "7.29%", "2012-03-31": "7.83%", "2011-12-31": "7.21%", "2011-09-30": "7.06%", "2011-06-30": "6.13%", "2011-03-31": "5.20%", "2010-12-31": "5.77%", "2010-09-30": "5.87%", "2010-06-30": "5.75%", "2010-03-31": "7.43%", "2009-12-31": "8.31%", "2009-09-30": "0.40%", "2009-06-30": "2.19%", "2009-03-31": "1.64%", "2008-12-31": "1.56%", "2008-09-30": "10.89%", "2008-06-30": "10.32%", "2008-03-31": "13.51%", "2007-12-31": "13.86%", "2007-09-30": "14.95%", "2007-06-30": "14.03%", "2007-03-31": "10.19%", "2006-12-31": "9.04%", "2006-09-30": "9.78%", "2006-06-30": "9.72%", "2006-03-31": "9.44%", "2005-12-31": "8.64%"}, "net profit margin": {"2020-09-30": "6.05%", "2020-06-30": "4.50%", "2020-03-31": "3.58%", "2019-12-31": "3.16%", "2019-09-30": "3.18%", "2019-06-30": "3.53%", "2019-03-31": "3.98%", "2018-12-31": "3.78%", "2018-09-30": "10.22%", "2018-06-30": "1.74%", "2018-03-31": "0.80%", "2017-12-31": "0.31%", "2017-09-30": "-6.88%", "2017-06-30": "1.27%", "2017-03-31": "1.64%", "2016-12-31": "1.20%", "2016-09-30": "1.27%", "2016-06-30": "2.42%", "2016-03-31": "2.23%", "2015-12-31": "5.98%", "2015-09-30": "5.50%", "2015-06-30": "3.42%", "2015-03-31": "2.47%", "2014-12-31": "-1.13%", "2014-09-30": "-0.53%", "2014-06-30": "-0.21%", "2014-03-31": "4.09%", "2013-12-31": "3.57%", "2013-09-30": "2.37%", "2013-06-30": "3.30%", "2013-03-31": "1.19%", "2012-12-31": "2.47%", "2012-09-30": "3.45%", "2012-06-30": "4.09%", "2012-03-31": "4.61%", "2011-12-31": "4.03%", "2011-09-30": "4.23%", "2011-06-30": "3.71%", "2011-03-31": "2.94%", "2010-12-31": "3.26%", "2010-09-30": "3.23%", "2010-06-30": "3.14%", "2010-03-31": "4.11%", "2009-12-31": "4.98%", "2009-09-30": "0.02%", "2009-06-30": "1.34%", "2009-03-31": "1.13%", "2008-12-31": "0.80%", "2008-09-30": "6.24%", "2008-06-30": "5.73%", "2008-03-31": "7.70%", "2007-12-31": "7.98%", "2007-09-30": "8.89%", "2007-06-30": "8.44%", "2007-03-31": "5.99%", "2006-12-31": "5.15%", "2006-09-30": "5.93%", "2006-06-30": "5.74%", "2006-03-31": "5.54%", "2005-12-31": "5.15%"}, "pe ratio": {"current": "12.15", "2021-02-05": "12.15", "2020-09-30": "10.70", "2020-06-30": "14.99", "2020-03-31": "17.97", "2019-12-31": "25.16", "2019-09-30": "25.56", "2019-06-30": "27.75", "2019-03-31": "25.23", "2018-12-31": "30.22", "2018-09-30": "9.59", "2018-06-30": "49.39", "2018-03-31": "121.79", "2017-12-31": "313.58", "2017-09-30": "0.00", "2017-06-30": "66.07", "2017-03-31": "49.12", "2016-12-31": "79.49", "2016-09-30": "60.57", "2016-06-30": "34.15", "2016-03-31": "43.10", "2015-12-31": "14.32", "2015-09-30": "13.52", "2015-06-30": "23.40", "2015-03-31": "30.79", "2014-12-31": "0.00", "2014-09-30": "0.00", "2014-06-30": "0.00", "2014-03-31": "22.53", "2013-12-31": "25.35", "2013-09-30": "39.25", "2013-06-30": "21.58", "2013-03-31": "48.77", "2012-12-31": "23.13", "2012-09-30": "18.55", "2012-06-30": "15.62", "2012-03-31": "14.80", "2011-12-31": "18.34", "2011-09-30": "16.27", "2011-06-30": "23.22", "2011-03-31": "31.84", "2010-12-31": "27.68", "2010-09-30": "24.52", "2010-06-30": "22.23", "2010-03-31": "17.06", "2009-12-31": "14.59", "2009-09-30": "666.87", "2009-06-30": "49.72", "2009-03-31": "53.69", "2008-12-31": "102.51", "2008-09-30": "13.44", "2008-06-30": "18.01", "2008-03-31": "13.33", "2007-12-31": "20.16", "2007-09-30": "21.82", "2007-06-30": "21.90", "2007-03-31": "25.69", "2006-12-31": "29.26"}, "price sales": {"2021-02-05": "0.73", "2020-09-30": "0.65", "2020-06-30": "0.67", "2020-03-31": "0.64", "2019-12-31": "0.79", "2019-09-30": "0.82", "2019-06-30": "0.98", "2019-03-31": "1.00", "2018-12-31": "1.13", "2018-09-30": "0.98", "2018-06-30": "0.81", "2018-03-31": "0.88", "2017-12-31": "0.83", "2017-09-30": "0.78", "2017-06-30": "0.83", "2017-03-31": "0.80", "2016-12-31": "0.93", "2016-09-30": "0.77", "2016-06-30": "0.82", "2016-03-31": "0.96", "2015-12-31": "0.86", "2015-09-30": "0.75", "2015-06-30": "0.81", "2015-03-31": "0.77", "2014-12-31": "0.86", "2014-09-30": "0.79", "2014-06-30": "0.93", "2014-03-31": "0.92", "2013-12-31": "0.90", "2013-09-30": "0.93", "2013-06-30": "0.72", "2013-03-31": "0.59", "2012-12-31": "0.58", "2012-09-30": "0.64", "2012-06-30": "0.64", "2012-03-31": "0.68", "2011-12-31": "0.73", "2011-09-30": "0.67", "2011-06-30": "0.84", "2011-03-31": "0.90", "2010-12-31": "0.88", "2010-09-30": "0.82", "2010-06-30": "0.73", "2010-03-31": "0.74", "2009-12-31": "0.75", "2009-09-30": "0.69", "2009-06-30": "0.68", "2009-03-31": "0.59", "2008-12-31": "0.76", "2008-09-30": "0.84", "2008-06-30": "1.03", "2008-03-31": "1.02", "2007-12-31": "1.61", "2007-09-30": "1.94", "2007-06-30": "1.85", "2007-03-31": "1.55", "2006-12-31": "1.51"}, "price book": {"current": "0.65", "2021-02-05": "0.65", "2020-09-30": "0.57", "2020-06-30": "0.61", "2020-03-31": "0.58", "2019-12-31": "0.74", "2019-09-30": "0.80", "2019-06-30": "0.93", "2019-03-31": "0.96", "2018-12-31": "1.10", "2018-09-30": "0.96", "2018-06-30": "0.80", "2018-03-31": "0.87", "2017-12-31": "0.87", "2017-09-30": "0.88", "2017-06-30": "0.88", "2017-03-31": "0.86", "2016-12-31": "1.02", "2016-09-30": "0.85", "2016-06-30": "0.92", "2016-03-31": "1.07", "2015-12-31": "0.96", "2015-09-30": "0.84", "2015-06-30": "0.91", "2015-03-31": "0.86", "2014-12-31": "1.01", "2014-09-30": "0.89", "2014-06-30": "1.01", "2014-03-31": "1.01", "2013-12-31": "1.03", "2013-09-30": "1.12", "2013-06-30": "0.90", "2013-03-31": "0.68", "2012-12-31": "0.67", "2012-09-30": "0.73", "2012-06-30": "0.73", "2012-03-31": "0.79", "2011-12-31": "0.86", "2011-09-30": "0.78", "2011-06-30": "0.97", "2011-03-31": "1.05", "2010-12-31": "1.03", "2010-09-30": "0.95", "2010-06-30": "0.86", "2010-03-31": "0.87", "2009-12-31": "0.91", "2009-09-30": "0.84", "2009-06-30": "0.83", "2009-03-31": "0.74", "2008-12-31": "0.99", "2008-09-30": "1.03", "2008-06-30": "1.27", "2008-03-31": "1.26", "2007-12-31": "1.97", "2007-09-30": "2.31", "2007-06-30": "2.17", "2007-03-31": "1.79", "2006-12-31": "1.74", "2006-09-30": "1.54", "2006-06-30": "1.59", "2006-03-31": "1.58"}, "price fcf": {"2021-02-05": "", "2020-09-30": "$0.98", "2020-06-30": "$1.18", "2020-03-31": "$-0.90", "2019-12-31": "$0.84", "2019-09-30": "$1.37", "2019-06-30": "$2.24", "2019-03-31": "$3.01", "2018-12-31": "$2.26", "2018-09-30": "$2.09", "2018-06-30": "$1.52", "2018-03-31": "$1.66", "2017-12-31": "$0.05", "2017-09-30": "$0.76", "2017-06-30": "$0.45", "2017-03-31": "$-0.34", "2016-12-31": "$0.68", "2016-09-30": "$-0.46", "2016-06-30": "$-1.25", "2016-03-31": "$-1.24", "2015-12-31": "$-0.31", "2015-09-30": "$-2.30", "2015-06-30": "$-2.64", "2015-03-31": "$-2.98", "2014-12-31": "$-5.15", "2014-09-30": "$-3.47", "2014-06-30": "$-7.11", "2014-03-31": "$-6.44", "2013-12-31": "$-5.04", "2013-09-30": "$-1.80", "2013-06-30": "$2.55", "2013-03-31": "$1.15", "2012-12-31": "$0.86", "2012-09-30": "$-0.76", "2012-06-30": "$0.30", "2012-03-31": "$1.50", "2011-12-31": "$2.53", "2011-09-30": "$3.95", "2011-06-30": "$3.37", "2011-03-31": "$4.30", "2010-12-31": "$3.06", "2010-09-30": "$3.06", "2010-06-30": "$3.97", "2010-03-31": "$3.72", "2009-12-31": "$3.91", "2009-09-30": "$3.63", "2009-06-30": "$3.48", "2009-03-31": "$3.05", "2008-12-31": "$3.84", "2008-09-30": "$4.03", "2008-06-30": "$3.19", "2008-03-31": "$3.07", "2007-12-31": "$3.36", "2007-09-30": "$3.25", "2007-06-30": "$2.98", "2007-03-31": "$2.56", "2006-12-31": "$1.38"}, "net worth": {"value": "$2.89B"}, "current ratio": {"2020-09-30": "3.14", "2020-06-30": "2.47", "2020-03-31": "2.18", "2019-12-31": "2.10", "2019-09-30": "2.09", "2019-06-30": "2.32", "2019-03-31": "2.29", "2018-12-31": "2.62", "2018-09-30": "2.71", "2018-06-30": "2.90", "2018-03-31": "2.58", "2017-12-31": "2.02", "2017-09-30": "2.24", "2017-06-30": "2.21", "2017-03-31": "2.60", "2016-12-31": "2.17", "2016-09-30": "2.31", "2016-06-30": "2.20", "2016-03-31": "2.36", "2015-12-31": "2.24", "2015-09-30": "1.80", "2015-06-30": "1.48", "2015-03-31": "1.42", "2014-12-31": "1.49", "2014-09-30": "1.27", "2014-06-30": "1.50", "2014-03-31": "1.53", "2013-12-31": "1.39", "2013-09-30": "1.26", "2013-06-30": "1.38", "2013-03-31": "1.73", "2012-12-31": "1.59", "2012-09-30": "1.98", "2012-06-30": "1.96", "2012-03-31": "1.95", "2011-12-31": "1.79", "2011-09-30": "1.80", "2011-06-30": "1.96", "2011-03-31": "1.88", "2010-12-31": "1.68", "2010-09-30": "1.78", "2010-06-30": "1.63", "2010-03-31": "1.65", "2009-12-31": "1.52", "2009-09-30": "1.81", "2009-06-30": "1.70", "2009-03-31": "1.40", "2008-12-31": "1.35", "2008-09-30": "1.35", "2008-06-30": "1.20", "2008-03-31": "1.03", "2007-12-31": "1.38", "2007-09-30": "1.34", "2007-06-30": "1.26", "2007-03-31": "1.08", "2006-12-31": "1.00", "2006-09-30": "0.86", "2006-06-30": "0.94", "2006-03-31": "0.90", "2005-12-31": "0.82", "2005-09-30": "0.96", "2005-06-30": "0.95", "2005-03-31": "0.89"}, "quick ratio": {"2020-09-30": "2.92", "2020-06-30": "2.26", "2020-03-31": "1.89", "2019-12-31": "1.88", "2019-09-30": "1.92", "2019-06-30": "2.13", "2019-03-31": "2.10", "2018-12-31": "2.42", "2018-09-30": "2.53", "2018-06-30": "2.66", "2018-03-31": "2.35", "2017-12-31": "1.84", "2017-09-30": "2.08", "2017-06-30": "2.00", "2017-03-31": "2.36", "2016-12-31": "1.98", "2016-09-30": "2.11", "2016-06-30": "1.96", "2016-03-31": "2.15", "2015-12-31": "2.04", "2015-09-30": "1.60", "2015-06-30": "1.32", "2015-03-31": "1.23", "2014-12-31": "1.18", "2014-09-30": "1.07", "2014-06-30": "1.27", "2014-03-31": "1.28", "2013-12-31": "1.16", "2013-09-30": "1.10", "2013-06-30": "1.20", "2013-03-31": "1.53", "2012-12-31": "1.38", "2012-09-30": "1.68", "2012-06-30": "1.68", "2012-03-31": "1.74", "2011-12-31": "1.61", "2011-09-30": "1.60", "2011-06-30": "1.71", "2011-03-31": "1.70", "2010-12-31": "1.51", "2010-09-30": "1.58", "2010-06-30": "1.44", "2010-03-31": "1.40", "2009-12-31": "1.29", "2009-09-30": "1.61", "2009-06-30": "1.48", "2009-03-31": "1.21", "2008-12-31": "1.16", "2008-09-30": "1.17", "2008-06-30": "1.01", "2008-03-31": "0.90", "2007-12-31": "1.21", "2007-09-30": "1.15", "2007-06-30": "1.06", "2007-03-31": "0.97", "2006-12-31": "0.86", "2006-09-30": "0.78", "2006-06-30": "0.84", "2006-03-31": "0.76", "2005-12-31": "0.68", "2005-09-30": "0.85", "2005-06-30": "0.84", "2005-03-31": "0.78"}, "debt equity ratio": {"current": "0.48", "2020-09-30": "1.07", "2020-06-30": "0.96", "2020-03-31": "0.94", "2019-12-31": "0.94", "2019-09-30": "0.98", "2019-06-30": "0.97", "2019-03-31": "0.99", "2018-12-31": "0.79", "2018-09-30": "0.80", "2018-06-30": "0.78", "2018-03-31": "0.80", "2017-12-31": "0.86", "2017-09-30": "0.99", "2017-06-30": "0.91", "2017-03-31": "0.91", "2016-12-31": "0.95", "2016-09-30": "0.95", "2016-06-30": "0.96", "2016-03-31": "0.97", "2015-12-31": "0.98", "2015-09-30": "0.95", "2015-06-30": "0.89", "2015-03-31": "0.90", "2014-12-31": "0.95", "2014-09-30": "0.88", "2014-06-30": "0.85", "2014-03-31": "0.85", "2013-12-31": "0.89", "2013-09-30": "0.84", "2013-06-30": "0.86", "2013-03-31": "0.72", "2012-12-31": "0.74", "2012-09-30": "0.69", "2012-06-30": "0.69", "2012-03-31": "0.69", "2011-12-31": "0.72", "2011-09-30": "0.71", "2011-06-30": "0.69", "2011-03-31": "0.67", "2010-12-31": "0.66", "2010-09-30": "0.65", "2010-06-30": "0.65", "2010-03-31": "0.65", "2009-12-31": "0.67", "2009-09-30": "0.69", "2009-06-30": "0.68", "2009-03-31": "0.69", "2008-12-31": "0.71", "2008-09-30": "0.74", "2008-06-30": "0.75", "2008-03-31": "0.82", "2007-12-31": "0.76", "2007-09-30": "0.75", "2007-06-30": "0.78", "2007-03-31": "0.89", "2006-12-31": "0.90", "2006-09-30": "0.93", "2006-06-30": "0.93", "2006-03-31": "0.94", "2005-12-31": "0.98", "2005-09-30": "0.94", "2005-06-30": "0.96", "2005-03-31": "1.01"}, "return on equity": {"2020-09-30": "5.64%", "2020-06-30": "4.26%", "2020-03-31": "3.42%", "2019-12-31": "3.04%", "2019-09-30": "3.09%", "2019-06-30": "3.44%", "2019-03-31": "3.93%", "2018-12-31": "3.75%", "2018-09-30": "10.33%", "2018-06-30": "1.82%", "2018-03-31": "0.84%", "2017-12-31": "0.33%", "2017-09-30": "-7.37%", "2017-06-30": "1.36%", "2017-03-31": "1.78%", "2016-12-31": "1.32%", "2016-09-30": "1.41%", "2016-06-30": "2.73%", "2016-03-31": "2.53%", "2015-12-31": "6.83%", "2015-09-30": "6.38%", "2015-06-30": "3.96%", "2015-03-31": "2.87%", "2014-12-31": "-1.30%", "2014-09-30": "-0.59%", "2014-06-30": "-0.23%", "2014-03-31": "4.51%", "2013-12-31": "4.00%", "2013-09-30": "2.72%", "2013-06-30": "3.85%", "2013-03-31": "1.39%", "2012-12-31": "2.89%", "2012-09-30": "4.05%", "2012-06-30": "4.83%", "2012-03-31": "5.49%", "2011-12-31": "4.82%", "2011-09-30": "5.06%", "2011-06-30": "4.44%", "2011-03-31": "3.50%", "2010-12-31": "3.86%", "2010-09-30": "3.86%", "2010-06-30": "3.76%", "2010-03-31": "4.98%", "2009-12-31": "6.15%", "2009-09-30": "0.03%", "2009-06-30": "1.70%", "2009-03-31": "1.44%", "2008-12-31": "1.03%", "2008-09-30": "7.97%", "2008-06-30": "7.30%", "2008-03-31": "9.77%", "2007-12-31": "10.01%", "2007-09-30": "10.98%", "2007-06-30": "10.33%", "2007-03-31": "7.26%", "2006-12-31": "6.22%", "2006-09-30": "7.07%", "2006-06-30": "6.75%", "2006-03-31": "6.43%", "2005-12-31": "5.82%"}, "return on assets": {"2020-09-30": "2.85%", "2020-06-30": "2.18%", "2020-03-31": "1.75%", "2019-12-31": "1.54%", "2019-09-30": "1.60%", "2019-06-30": "1.82%", "2019-03-31": "2.13%", "2018-12-31": "2.10%", "2018-09-30": "5.72%", "2018-06-30": "0.98%", "2018-03-31": "0.45%", "2017-12-31": "0.17%", "2017-09-30": "-3.80%", "2017-06-30": "0.71%", "2017-03-31": "0.92%", "2016-12-31": "0.68%", "2016-09-30": "0.72%", "2016-06-30": "1.39%", "2016-03-31": "1.30%", "2015-12-31": "3.54%", "2015-09-30": "3.32%", "2015-06-30": "2.08%", "2015-03-31": "1.51%", "2014-12-31": "-0.69%", "2014-09-30": "-0.32%", "2014-06-30": "-0.13%", "2014-03-31": "2.43%", "2013-12-31": "2.19%", "2013-09-30": "1.53%", "2013-06-30": "2.20%", "2013-03-31": "0.81%", "2012-12-31": "1.70%", "2012-09-30": "2.39%", "2012-06-30": "2.84%", "2012-03-31": "3.23%", "2011-12-31": "2.84%", "2011-09-30": "3.01%", "2011-06-30": "2.66%", "2011-03-31": "2.11%", "2010-12-31": "2.34%", "2010-09-30": "2.33%", "2010-06-30": "2.26%", "2010-03-31": "2.98%", "2009-12-31": "3.66%", "2009-09-30": "0.02%", "2009-06-30": "1.00%", "2009-03-31": "0.84%", "2008-12-31": "0.59%", "2008-09-30": "4.52%", "2008-06-30": "4.13%", "2008-03-31": "5.50%", "2007-12-31": "5.59%", "2007-09-30": "6.01%", "2007-06-30": "5.52%", "2007-03-31": "3.80%", "2006-12-31": "3.23%", "2006-09-30": "3.64%", "2006-06-30": "3.47%", "2006-03-31": "3.29%", "2005-12-31": "2.96%"}, "return on investments": {"2020-09-30": "2.77%", "2020-06-30": "2.08%", "2020-03-31": "1.70%", "2019-12-31": "1.95%", "2019-09-30": "2.04%", "2019-06-30": "2.30%", "2019-03-31": "2.78%", "2018-12-31": "2.82%", "2018-09-30": "2.76%", "2018-06-30": "-4.51%", "2018-03-31": "-5.53%", "2017-12-31": "-5.80%", "2017-09-30": "-6.03%", "2017-06-30": "1.27%", "2017-03-31": "1.75%", "2016-12-31": "0.92%", "2016-09-30": "1.40%", "2016-06-30": "2.51%", "2016-03-31": "2.14%", "2015-12-31": "7.15%", "2015-09-30": "6.16%", "2015-06-30": "3.53%", "2015-03-31": "2.28%", "2014-12-31": "-3.29%", "2014-09-30": "-2.88%", "2014-06-30": "-2.68%", "2014-03-31": "3.59%", "2013-12-31": "3.36%", "2013-09-30": "2.59%", "2013-06-30": "4.51%", "2013-03-31": "1.53%", "2012-12-31": "3.33%", "2012-09-30": "5.00%", "2012-06-30": "6.22%", "2012-03-31": "6.74%", "2011-12-31": "6.23%", "2011-09-30": "5.90%", "2011-06-30": "5.03%", "2011-03-31": "4.15%", "2010-12-31": "4.60%", "2010-09-30": "4.83%", "2010-06-30": "4.80%", "2010-03-31": "6.50%", "2009-12-31": "7.45%", "2009-09-30": "-0.23%", "2009-06-30": "1.15%", "2009-03-31": "0.67%", "2008-12-31": "0.67%", "2008-09-30": "9.76%", "2008-06-30": "9.44%", "2008-03-31": "9.67%", "2007-12-31": "9.55%", "2007-09-30": "9.69%", "2007-06-30": "9.27%", "2007-03-31": "8.33%", "2006-12-31": "7.40%", "2006-09-30": "7.37%", "2006-06-30": "7.01%", "2006-03-31": "6.72%", "2005-12-31": "6.02%"}, "return on tangible equity": {"2020-09-30": "13.86%", "2020-06-30": "10.44%", "2020-03-31": "8.31%", "2019-12-31": "7.17%", "2019-09-30": "7.08%", "2019-06-30": "7.68%", "2019-03-31": "8.62%", "2018-12-31": "8.40%", "2018-09-30": "23.97%", "2018-06-30": "4.48%", "2018-03-31": "2.28%", "2017-12-31": "0.93%", "2017-09-30": "-20.91%", "2017-06-30": "3.76%", "2017-03-31": "4.63%", "2016-12-31": "3.43%", "2016-09-30": "3.66%", "2016-06-30": "7.09%", "2016-03-31": "6.62%", "2015-12-31": "18.17%", "2015-09-30": "16.26%", "2015-06-30": "9.58%", "2015-03-31": "6.56%", "2014-12-31": "-2.81%", "2014-09-30": "-1.25%", "2014-06-30": "-0.50%", "2014-03-31": "9.51%", "2013-12-31": "8.29%", "2013-09-30": "5.56%", "2013-06-30": "7.87%", "2013-03-31": "2.83%", "2012-12-31": "5.98%", "2012-09-30": "8.56%", "2012-06-30": "10.23%", "2012-03-31": "11.79%", "2011-12-31": "10.46%", "2011-09-30": "11.07%", "2011-06-30": "9.78%", "2011-03-31": "7.76%", "2010-12-31": "8.59%", "2010-09-30": "8.64%", "2010-06-30": "8.51%", "2010-03-31": "11.37%", "2009-12-31": "14.29%", "2009-09-30": "0.07%", "2009-06-30": "4.31%", "2009-03-31": "3.96%", "2008-12-31": "3.07%", "2008-09-30": "24.38%", "2008-06-30": "21.62%", "2008-03-31": "27.91%", "2007-12-31": "27.64%", "2007-09-30": "31.34%", "2007-06-30": "30.60%", "2007-03-31": "21.87%", "2006-12-31": "19.00%", "2006-09-30": "21.92%", "2006-06-30": "20.67%", "2006-03-31": "19.94%", "2005-12-31": "18.33%"}, "dividend yield history": {"last payout": "$0.00", "last yield": "0.00%"}}