{"ticker": "UBER", "price": {"title": "Uber Technologies Historical Annual Stock Price Data", "value": 58.58, "historical": {"2020": {"Average Stock Price": "35.5117", "Year Open": "30.9900", "Year High": "54.8600", "Year Low": "14.8200", "Year Close": "51.0000", "Annual % Change": "71.49%"}, "2019": {"Average Stock Price": "35.5377", "Year Open": "41.5700", "Year High": "46.3800", "Year Low": "25.9900", "Year Close": "29.7400", "Annual % Change": "0.00%"}}}, "market cap": {"value": "$103.32B"}, "income statement": {"Revenue": {"2019-12-31": "14147.00000", "2018-12-31": "11270.00000", "2017-12-31": "7932.00000", "2016-12-31": "3845.00000"}, "Cost Of Goods Sold": {"2019-12-31": "7208.00000", "2018-12-31": "5623.00000", "2017-12-31": "4160.00000", "2016-12-31": "2228.00000"}, "Gross Profit": {"2019-12-31": "6939.00000", "2018-12-31": "5647.00000", "2017-12-31": "3772.00000", "2016-12-31": "1617.00000"}, "Research And Development Expenses": {"2019-12-31": "4836.00000", "2018-12-31": "1505.00000", "2017-12-31": "1201.00000", "2016-12-31": "864.00000"}, "SG&A Expenses": {"2019-12-31": "10227.00000", "2018-12-31": "6749.00000", "2017-12-31": "6141.00000", "2016-12-31": "3456.00000"}, "Other Operating Income Or Expenses": {"2019-12-31": "", "2018-12-31": "", "2017-12-31": "", "2016-12-31": ""}, "Operating Expenses": {"2019-12-31": "22743.00000", "2018-12-31": "14303.00000", "2017-12-31": "12012.00000", "2016-12-31": "6868.00000"}, "Operating Income": {"2019-12-31": "-8596.00000", "2018-12-31": "-3033.00000", "2017-12-31": "-4080.00000", "2016-12-31": "-3023.00000"}, "Total Non-Operating Income/Expense": {"2019-12-31": "163.00000", "2018-12-31": "4345.00000", "2017-12-31": "-495.00000", "2016-12-31": "-195.00000"}, "Pre-Tax Income": {"2019-12-31": "-8433.00000", "2018-12-31": "1312.00000", "2017-12-31": "-4575.00000", "2016-12-31": "-3218.00000"}, "Income Taxes": {"2019-12-31": "45.00000", "2018-12-31": "283.00000", "2017-12-31": "-542.00000", "2016-12-31": "28.00000"}, "Income After Taxes": {"2019-12-31": "-8478.00000", "2018-12-31": "1029.00000", "2017-12-31": "-4033.00000", "2016-12-31": "-3246.00000"}, "Other Income": {"2019-12-31": "", "2018-12-31": "", "2017-12-31": "", "2016-12-31": ""}, "Income From Continuous Operations": {"2019-12-31": "-8512.00000", "2018-12-31": "987.00000", "2017-12-31": "-4033.00000", "2016-12-31": "-3246.00000"}, "Income From Discontinued Operations": {"2019-12-31": "", "2018-12-31": "", "2017-12-31": "", "2016-12-31": "2876.00000"}, "Net Income": {"2019-12-31": "-8506.00000", "2018-12-31": "997.00000", "2017-12-31": "-4033.00000", "2016-12-31": "-370.00000"}, "EBITDA": {"2019-12-31": "-8124.00000", "2018-12-31": "-2607.00000", "2017-12-31": "-3570.00000", "2016-12-31": "-2676.00000"}, "EBIT": {"2019-12-31": "-8596.00000", "2018-12-31": "-3033.00000", "2017-12-31": "-4080.00000", "2016-12-31": "-3023.00000"}, "Basic Shares Outstanding": {"2019-12-31": "1248.35300", "2018-12-31": "443.36800", "2017-12-31": "426.36000", "2016-12-31": "411.50100"}, "Shares Outstanding": {"2019-12-31": "1248.35300", "2018-12-31": "478.99900", "2017-12-31": "426.36000", "2016-12-31": "411.50100"}, "Basic EPS": {"2019-12-31": "-6.81000", "2018-12-31": "2.24870", "2017-12-31": "-9.46000", "2016-12-31": "-0.90000"}, "EPS - Earnings Per Share": {"2019-12-31": "-6.81000", "2018-12-31": "2.08140", "2017-12-31": "-9.46000", "2016-12-31": "-0.90000"}}, "income statement, quarterly": {"Revenue": {"2020-09-30": "3129.00000", "2020-06-30": "2241.00000", "2020-03-31": "3543.00000", "2019-12-31": "", "2019-09-30": "3813.00000", "2019-06-30": "3166.00000", "2019-03-31": "3099.00000", "2018-12-31": "2974.00000", "2018-09-30": "2944.00000", "2018-06-30": "2768.00000", "2018-03-31": "2584.00000", "2017-12-31": "", "2016-12-31": ""}, "Cost Of Goods Sold": {"2020-09-30": "1614.00000", "2020-06-30": "1252.00000", "2020-03-31": "1786.00000", "2019-12-31": "", "2019-09-30": "1860.00000", "2019-06-30": "1740.00000", "2019-03-31": "1681.00000", "2018-12-31": "1615.00000", "2018-09-30": "1510.00000", "2018-06-30": "1342.00000", "2018-03-31": "1156.00000", "2017-12-31": "", "2016-12-31": ""}, "Gross Profit": {"2020-09-30": "1515.00000", "2020-06-30": "989.00000", "2020-03-31": "1757.00000", "2019-12-31": "", "2019-09-30": "1953.00000", "2019-06-30": "1426.00000", "2019-03-31": "1418.00000", "2018-12-31": "1359.00000", "2018-09-30": "1434.00000", "2018-06-30": "1426.00000", "2018-03-31": "1428.00000", "2017-12-31": "", "2016-12-31": ""}, "Research And Development Expenses": {"2020-09-30": "493.00000", "2020-06-30": "584.00000", "2020-03-31": "645.00000", "2019-12-31": "", "2019-09-30": "755.00000", "2019-06-30": "3064.00000", "2019-03-31": "409.00000", "2018-12-31": "730.63500", "2018-09-30": "434.00000", "2018-06-30": "365.00000", "2018-03-31": "340.00000", "2017-12-31": "", "2016-12-31": ""}, "SG&A Expenses": {"2020-09-30": "2000.00000", "2020-06-30": "1883.00000", "2020-03-31": "2247.00000", "2019-12-31": "", "2019-09-30": "2202.00000", "2019-06-30": "3724.00000", "2019-03-31": "1897.00000", "2018-12-31": "1937.00000", "2018-09-30": "1632.00000", "2018-06-30": "1702.00000", "2018-03-31": "1478.00000", "2017-12-31": "", "2016-12-31": ""}, "Other Operating Income Or Expenses": {"2020-09-30": "", "2020-06-30": "", "2020-03-31": "", "2019-12-31": "", "2019-09-30": "", "2019-06-30": "", "2019-03-31": "", "2018-12-31": "", "2018-09-30": "", "2018-06-30": "", "2018-03-31": "", "2017-12-31": "", "2016-12-31": ""}, "Operating Expenses": {"2020-09-30": "4245.00000", "2020-06-30": "3848.00000", "2020-03-31": "4806.00000", "2019-12-31": "", "2019-09-30": "4919.00000", "2019-06-30": "8651.00000", "2019-03-31": "4133.00000", "2018-12-31": "4391.63500", "2018-09-30": "3707.00000", "2018-06-30": "3507.00000", "2018-03-31": "3062.00000", "2017-12-31": "", "2016-12-31": ""}, "Operating Income": {"2020-09-30": "-1116.00000", "2020-06-30": "-1607.00000", "2020-03-31": "-1263.00000", "2019-12-31": "", "2019-09-30": "-1106.00000", "2019-06-30": "-5485.00000", "2019-03-31": "-1034.00000", "2018-12-31": "-1417.63500", "2018-09-30": "-763.00000", "2018-06-30": "-739.00000", "2018-03-31": "-478.00000", "2017-12-31": "", "2016-12-31": ""}, "Total Non-Operating Income/Expense": {"2020-09-30": "39.00000", "2020-06-30": "-154.00000", "2020-03-31": "-1913.00000", "2019-12-31": "", "2019-09-30": "-41.00000", "2019-06-30": "247.00000", "2019-03-31": "43.00000", "2018-12-31": "-148.00000", "2018-09-30": "-215.00000", "2018-06-30": "-97.00000", "2018-03-31": "4805.00000", "2017-12-31": "", "2016-12-31": ""}, "Pre-Tax Income": {"2020-09-30": "-1077.00000", "2020-06-30": "-1761.00000", "2020-03-31": "-3176.00000", "2019-12-31": "", "2019-09-30": "-1147.00000", "2019-06-30": "-5238.00000", "2019-03-31": "-991.00000", "2018-12-31": "-1201.00000", "2018-09-30": "-978.00000", "2018-06-30": "-836.00000", "2018-03-31": "4327.00000", "2017-12-31": "", "2016-12-31": ""}, "Income Taxes": {"2020-09-30": "23.00000", "2020-06-30": "4.00000", "2020-03-31": "-242.00000", "2019-12-31": "", "2019-09-30": "3.00000", "2019-06-30": "-2.00000", "2019-03-31": "19.00000", "2018-12-31": "-322.00000", "2018-09-30": "1.00000", "2018-06-30": "28.00000", "2018-03-31": "576.00000", "2017-12-31": "", "2016-12-31": ""}, "Income After Taxes": {"2020-09-30": "-1100.00000", "2020-06-30": "-1765.00000", "2020-03-31": "-2934.00000", "2019-12-31": "", "2019-09-30": "-1150.00000", "2019-06-30": "-5236.00000", "2019-03-31": "-1010.00000", "2018-12-31": "-879.00000", "2018-09-30": "-979.00000", "2018-06-30": "-864.00000", "2018-03-31": "3751.00000", "2017-12-31": "", "2016-12-31": ""}, "Other Income": {"2020-09-30": "", "2020-06-30": "", "2020-03-31": "", "2019-12-31": "", "2019-09-30": "", "2019-06-30": "", "2019-03-31": "", "2018-12-31": "0.00000", "2018-09-30": "", "2018-06-30": "", "2018-03-31": "", "2017-12-31": "", "2016-12-31": ""}, "Income From Continuous Operations": {"2020-09-30": "-1108.00000", "2020-06-30": "-1772.00000", "2020-03-31": "-2946.00000", "2019-12-31": "", "2019-09-30": "-1159.00000", "2019-06-30": "-5246.00000", "2019-03-31": "-1016.00000", "2018-12-31": "-889.00000", "2018-09-30": "-994.00000", "2018-06-30": "-878.00000", "2018-03-31": "3748.00000", "2017-12-31": "", "2016-12-31": ""}, "Income From Discontinued Operations": {"2020-09-30": "", "2020-06-30": "", "2020-03-31": "", "2019-12-31": "", "2019-09-30": "", "2019-06-30": "", "2019-03-31": "", "2018-12-31": "0.00000", "2018-09-30": "", "2018-06-30": "", "2018-03-31": "", "2017-12-31": "", "2016-12-31": ""}, "Net Income": {"2020-09-30": "-1089.00000", "2020-06-30": "-1775.00000", "2020-03-31": "-2936.00000", "2019-12-31": "", "2019-09-30": "-1162.00000", "2019-06-30": "-5236.00000", "2019-03-31": "-1012.00000", "2018-12-31": "-887.00000", "2018-09-30": "-986.00000", "2018-06-30": "-878.00000", "2018-03-31": "876.00000", "2017-12-31": "", "2016-12-31": ""}, "EBITDA": {"2020-09-30": "-1275.00000", "2020-06-30": "-1181.00000", "2020-03-31": "-1135.00000", "2019-12-31": "101.00000", "2019-09-30": "-1004.00000", "2019-06-30": "-5362.00000", "2019-03-31": "-888.00000", "2018-12-31": "-1308.63500", "2018-09-30": "-632.00000", "2018-06-30": "-641.00000", "2018-03-31": "-390.00000", "2017-12-31": "", "2016-12-31": ""}, "EBIT": {"2020-09-30": "-1116.00000", "2020-06-30": "-1607.00000", "2020-03-31": "-1263.00000", "2019-12-31": "", "2019-09-30": "-1106.00000", "2019-06-30": "-5485.00000", "2019-03-31": "-1034.00000", "2018-12-31": "-1417.63500", "2018-09-30": "-763.00000", "2018-06-30": "-739.00000", "2018-03-31": "-478.00000", "2017-12-31": "", "2016-12-31": ""}, "Basic Shares Outstanding": {"2020-09-30": "1755.02900", "2020-06-30": "1738.89700", "2020-03-31": "1724.36700", "2019-12-31": "", "2019-09-30": "1700.21300", "2019-06-30": "1110.70400", "2019-03-31": "453.54300", "2018-12-31": "443.36800", "2018-09-30": "445.78300", "2018-06-30": "440.95800", "2018-03-31": "437.06500", "2017-12-31": "", "2016-12-31": ""}, "Shares Outstanding": {"2020-09-30": "1755.02900", "2020-06-30": "1738.89700", "2020-03-31": "1724.36700", "2019-12-31": "", "2019-09-30": "1700.21300", "2019-06-30": "1110.70400", "2019-03-31": "453.61900", "2018-12-31": "478.99900", "2018-09-30": "445.78300", "2018-06-30": "441.40800", "2018-03-31": "475.15300", "2017-12-31": "", "2016-12-31": ""}, "Basic EPS": {"2020-09-30": "-0.62000", "2020-06-30": "-1.02000", "2020-03-31": "-1.70000", "2019-12-31": "", "2019-09-30": "-0.68000", "2019-06-30": "-4.72000", "2019-03-31": "-2.23000", "2018-12-31": "4.44870", "2018-09-30": "-2.21000", "2018-06-30": "-1.99000", "2018-03-31": "2.00000", "2017-12-31": "", "2016-12-31": ""}, "EPS - Earnings Per Share": {"2020-09-30": "-0.62000", "2020-06-30": "-1.02000", "2020-03-31": "-1.70000", "2019-12-31": "0.00000", "2019-09-30": "-0.68000", "2019-06-30": "-4.72000", "2019-03-31": "-2.26000", "2018-12-31": "4.46140", "2018-09-30": "-2.21000", "2018-06-30": "-2.01000", "2018-03-31": "1.84000", "2017-12-31": "0.00000", "2016-12-31": "0.00000"}}, "balance sheet": {"Cash On Hand": {"2019-12-31": "11412.00000", "2018-12-31": "6473.00000", "2017-12-31": "4535.00000", "2016-12-31": ""}, "Receivables": {"2019-12-31": "1214.00000", "2018-12-31": "919.00000", "2017-12-31": "739.00000", "2016-12-31": ""}, "Inventory": {"2019-12-31": "", "2018-12-31": "", "2017-12-31": "", "2016-12-31": ""}, "Pre-Paid Expenses": {"2019-12-31": "1299.00000", "2018-12-31": "860.00000", "2017-12-31": "425.00000", "2016-12-31": ""}, "Other Current Assets": {"2019-12-31": "", "2018-12-31": "406.00000", "2017-12-31": "1138.00000", "2016-12-31": ""}, "Total Current Assets": {"2019-12-31": "13925.00000", "2018-12-31": "8658.00000", "2017-12-31": "6837.00000", "2016-12-31": ""}, "Property, Plant, And Equipment": {"2019-12-31": "1731.00000", "2018-12-31": "1641.00000", "2017-12-31": "1192.00000", "2016-12-31": ""}, "Long-Term Investments": {"2019-12-31": "11891.00000", "2018-12-31": "11667.00000", "2017-12-31": "5969.00000", "2016-12-31": ""}, "Goodwill And Intangible Assets": {"2019-12-31": "238.00000", "2018-12-31": "235.00000", "2017-12-31": "93.00000", "2016-12-31": "0.00000"}, "Other Long-Term Assets": {"2019-12-31": "2382.00000", "2018-12-31": "1787.00000", "2017-12-31": "1335.00000", "2016-12-31": ""}, "Total Long-Term Assets": {"2019-12-31": "17836.00000", "2018-12-31": "15330.00000", "2017-12-31": "8589.00000", "2016-12-31": ""}, "Total Assets": {"2019-12-31": "31761.00000", "2018-12-31": "23988.00000", "2017-12-31": "15426.00000", "2016-12-31": "0.00000"}, "Total Current Liabilities": {"2019-12-31": "5639.00000", "2018-12-31": "4259.00000", "2017-12-31": "3847.00000", "2016-12-31": ""}, "Long Term Debt": {"2019-12-31": "5707.00000", "2018-12-31": "6869.00000", "2017-12-31": "3048.00000", "2016-12-31": ""}, "Other Non-Current Liabilities": {"2019-12-31": "3709.00000", "2018-12-31": "6068.00000", "2017-12-31": "4878.00000", "2016-12-31": ""}, "Total Long Term Liabilities": {"2019-12-31": "11250.00000", "2018-12-31": "27114.00000", "2017-12-31": "20136.00000", "2016-12-31": ""}, "Total Liabilities": {"2019-12-31": "16889.00000", "2018-12-31": "31373.00000", "2017-12-31": "23983.00000", "2016-12-31": "0.00000"}, "Common Stock Net": {"2019-12-31": "", "2018-12-31": "", "2017-12-31": "0.00000", "2016-12-31": "0.00000"}, "Retained Earnings (Accumulated Deficit)": {"2019-12-31": "-16362.00000", "2018-12-31": "-7865.00000", "2017-12-31": "-8874.00000", "2016-12-31": ""}, "Comprehensive Income": {"2019-12-31": "-187.00000", "2018-12-31": "-188.00000", "2017-12-31": "-3.00000", "2016-12-31": ""}, "Other Share Holders Equity": {"2019-12-31": "", "2018-12-31": "", "2017-12-31": "", "2016-12-31": "0.00000"}, "Share Holder Equity": {"2019-12-31": "14872.00000", "2018-12-31": "-7385.00000", "2017-12-31": "-8557.00000", "2016-12-31": "0.00000"}, "Total Liabilities And Share Holders Equity": {"2019-12-31": "31761.00000", "2018-12-31": "23988.00000", "2017-12-31": "15426.00000", "2016-12-31": "0.00000"}}, "balance sheet, quarterly": {"Cash On Hand": {"2020-09-30": "7504.00000", "2020-06-30": "7910.00000", "2020-03-31": "9189.00000", "2019-12-31": "11412.00000", "2019-09-30": "12683.00000", "2019-06-30": "11881.00000", "2019-03-31": "5881.00000", "2018-12-31": "6473.00000", "2018-09-30": "", "2018-06-30": "", "2018-03-31": "", "2017-12-31": "4535.00000", "2016-12-31": ""}, "Receivables": {"2020-09-30": "773.00000", "2020-06-30": "604.00000", "2020-03-31": "683.00000", "2019-12-31": "1214.00000", "2019-09-30": "1154.00000", "2019-06-30": "1290.00000", "2019-03-31": "1074.00000", "2018-12-31": "919.00000", "2018-09-30": "", "2018-06-30": "", "2018-03-31": "", "2017-12-31": "739.00000", "2016-12-31": ""}, "Inventory": {"2020-09-30": "", "2020-06-30": "", "2020-03-31": "", "2019-12-31": "", "2019-09-30": "", "2019-06-30": "", "2019-03-31": "", "2018-12-31": "", "2018-09-30": "", "2018-06-30": "", "2018-03-31": "", "2017-12-31": "", "2016-12-31": ""}, "Pre-Paid Expenses": {"2020-09-30": "1135.00000", "2020-06-30": "1148.00000", "2020-03-31": "1242.00000", "2019-12-31": "1299.00000", "2019-09-30": "1316.00000", "2019-06-30": "1129.00000", "2019-03-31": "975.00000", "2018-12-31": "860.00000", "2018-09-30": "", "2018-06-30": "", "2018-03-31": "", "2017-12-31": "", "2016-12-31": ""}, "Other Current Assets": {"2020-09-30": "", "2020-06-30": "", "2020-03-31": "", "2019-12-31": "", "2019-09-30": "", "2019-06-30": "", "2019-03-31": "", "2018-12-31": "406.00000", "2018-09-30": "", "2018-06-30": "", "2018-03-31": "", "2017-12-31": "1563.00000", "2016-12-31": ""}, "Total Current Assets": {"2020-09-30": "9412.00000", "2020-06-30": "9662.00000", "2020-03-31": "11114.00000", "2019-12-31": "13925.00000", "2019-09-30": "15153.00000", "2019-06-30": "14300.00000", "2019-03-31": "7930.00000", "2018-12-31": "8658.00000", "2018-09-30": "", "2018-06-30": "", "2018-03-31": "", "2017-12-31": "6837.00000", "2016-12-31": ""}, "Property, Plant, And Equipment": {"2020-09-30": "1883.00000", "2020-06-30": "1846.00000", "2020-03-31": "1851.00000", "2019-12-31": "1731.00000", "2019-09-30": "1537.00000", "2019-06-30": "1447.00000", "2019-03-31": "1325.00000", "2018-12-31": "1641.00000", "2018-09-30": "", "2018-06-30": "", "2018-03-31": "", "2017-12-31": "1723.00000", "2016-12-31": ""}, "Long-Term Investments": {"2020-09-30": "10173.00000", "2020-06-30": "9875.00000", "2020-03-31": "9986.00000", "2019-12-31": "11891.00000", "2019-09-30": "11805.00000", "2019-06-30": "11785.00000", "2019-03-31": "11716.00000", "2018-12-31": "11667.00000", "2018-09-30": "", "2018-06-30": "", "2018-03-31": "", "2017-12-31": "5969.00000", "2016-12-31": ""}, "Goodwill And Intangible Assets": {"2020-09-30": "3642.00000", "2020-06-30": "3051.00000", "2020-03-31": "3126.00000", "2019-12-31": "238.00000", "2019-09-30": "241.00000", "2019-06-30": "245.00000", "2019-03-31": "231.00000", "2018-12-31": "235.00000", "2018-09-30": "0.00000", "2018-06-30": "0.00000", "2018-03-31": "0.00000", "2017-12-31": "93.00000", "2016-12-31": "0.00000"}, "Other Long-Term Assets": {"2020-09-30": "2457.00000", "2020-06-30": "2365.00000", "2020-03-31": "2424.00000", "2019-12-31": "2382.00000", "2019-09-30": "2018.00000", "2019-06-30": "1866.00000", "2019-03-31": "1865.00000", "2018-12-31": "1787.00000", "2018-09-30": "", "2018-06-30": "", "2018-03-31": "", "2017-12-31": "1335.00000", "2016-12-31": ""}, "Total Long-Term Assets": {"2020-09-30": "19482.00000", "2020-06-30": "18578.00000", "2020-03-31": "18976.00000", "2019-12-31": "17836.00000", "2019-09-30": "17139.00000", "2019-06-30": "16680.00000", "2019-03-31": "16460.00000", "2018-12-31": "15330.00000", "2018-09-30": "", "2018-06-30": "", "2018-03-31": "", "2017-12-31": "9120.00000", "2016-12-31": ""}, "Total Assets": {"2020-09-30": "28894.00000", "2020-06-30": "28240.00000", "2020-03-31": "30090.00000", "2019-12-31": "31761.00000", "2019-09-30": "32292.00000", "2019-06-30": "30980.00000", "2019-03-31": "24390.00000", "2018-12-31": "23988.00000", "2018-09-30": "0.00000", "2018-06-30": "0.00000", "2018-03-31": "0.00000", "2017-12-31": "15426.00000", "2016-12-31": "0.00000"}, "Total Current Liabilities": {"2020-09-30": "6921.00000", "2020-06-30": "5891.00000", "2020-03-31": "6631.00000", "2019-12-31": "5639.00000", "2019-09-30": "5372.00000", "2019-06-30": "5570.00000", "2019-03-31": "4714.00000", "2018-12-31": "4259.00000", "2018-09-30": "", "2018-06-30": "", "2018-03-31": "", "2017-12-31": "3847.00000", "2016-12-31": ""}, "Long Term Debt": {"2020-09-30": "6667.00000", "2020-06-30": "6691.00000", "2020-03-31": "5703.00000", "2019-12-31": "5707.00000", "2019-09-30": "5711.00000", "2019-06-30": "4526.00000", "2019-03-31": "6939.00000", "2018-12-31": "6869.00000", "2018-09-30": "", "2018-06-30": "", "2018-03-31": "", "2017-12-31": "3048.00000", "2016-12-31": ""}, "Other Non-Current Liabilities": {"2020-09-30": "3597.00000", "2020-06-30": "3612.00000", "2020-03-31": "3919.00000", "2019-12-31": "3709.00000", "2019-09-30": "3699.00000", "2019-06-30": "3702.00000", "2019-03-31": "5724.00000", "2018-12-31": "6068.00000", "2018-09-30": "", "2018-06-30": "", "2018-03-31": "", "2017-12-31": "17088.00000", "2016-12-31": ""}, "Total Long Term Liabilities": {"2020-09-30": "12340.00000", "2020-06-30": "12110.00000", "2020-03-31": "11431.00000", "2019-12-31": "11250.00000", "2019-09-30": "11178.00000", "2019-06-30": "9488.00000", "2019-03-31": "28108.00000", "2018-12-31": "27114.00000", "2018-09-30": "", "2018-06-30": "", "2018-03-31": "", "2017-12-31": "20136.00000", "2016-12-31": ""}, "Total Liabilities": {"2020-09-30": "19261.00000", "2020-06-30": "18001.00000", "2020-03-31": "18062.00000", "2019-12-31": "16889.00000", "2019-09-30": "16550.00000", "2019-06-30": "15058.00000", "2019-03-31": "32822.00000", "2018-12-31": "31373.00000", "2018-09-30": "0.00000", "2018-06-30": "0.00000", "2018-03-31": "0.00000", "2017-12-31": "23983.00000", "2016-12-31": "0.00000"}, "Common Stock Net": {"2020-09-30": "", "2020-06-30": "", "2020-03-31": "", "2019-12-31": "", "2019-09-30": "", "2019-06-30": "", "2019-03-31": "", "2018-12-31": "", "2018-09-30": "0.00000", "2018-06-30": "0.00000", "2018-03-31": "0.00000", "2017-12-31": "0.00000", "2016-12-31": "0.00000"}, "Retained Earnings (Accumulated Deficit)": {"2020-09-30": "-22162.00000", "2020-06-30": "-21073.00000", "2020-03-31": "-19298.00000", "2019-12-31": "-16362.00000", "2019-09-30": "-15266.00000", "2019-06-30": "-14104.00000", "2019-03-31": "-8868.00000", "2018-12-31": "-7865.00000", "2018-09-30": "", "2018-06-30": "", "2018-03-31": "", "2017-12-31": "-8874.00000", "2016-12-31": ""}, "Comprehensive Income": {"2020-09-30": "-445.00000", "2020-06-30": "-644.00000", "2020-03-31": "-395.00000", "2019-12-31": "-187.00000", "2019-09-30": "-185.00000", "2019-06-30": "-167.00000", "2019-03-31": "-246.00000", "2018-12-31": "-188.00000", "2018-09-30": "", "2018-06-30": "", "2018-03-31": "", "2017-12-31": "", "2016-12-31": ""}, "Other Share Holders Equity": {"2020-09-30": "", "2020-06-30": "", "2020-03-31": "", "2019-12-31": "", "2019-09-30": "", "2019-06-30": "", "2019-03-31": "", "2018-12-31": "", "2018-09-30": "0.00000", "2018-06-30": "0.00000", "2018-03-31": "0.00000", "2017-12-31": "-3.00000", "2016-12-31": "0.00000"}, "Share Holder Equity": {"2020-09-30": "9633.00000", "2020-06-30": "10239.00000", "2020-03-31": "12028.00000", "2019-12-31": "14872.00000", "2019-09-30": "15742.00000", "2019-06-30": "15922.00000", "2019-03-31": "-8432.00000", "2018-12-31": "-7385.00000", "2018-09-30": "0.00000", "2018-06-30": "0.00000", "2018-03-31": "0.00000", "2017-12-31": "-8557.00000", "2016-12-31": "0.00000"}, "Total Liabilities And Share Holders Equity": {"2020-09-30": "28894.00000", "2020-06-30": "28240.00000", "2020-03-31": "30090.00000", "2019-12-31": "31761.00000", "2019-09-30": "32292.00000", "2019-06-30": "30980.00000", "2019-03-31": "24390.00000", "2018-12-31": "23988.00000", "2018-09-30": "0.00000", "2018-06-30": "0.00000", "2018-03-31": "0.00000", "2017-12-31": "15426.00000", "2016-12-31": "0.00000"}}, "cash flow statement": {"Net Income/Loss": {"2019-12-31": "-8512.00000", "2018-12-31": "987.00000", "2017-12-31": "-4033.00000", "2016-12-31": "-370.00000"}, "Total Depreciation And Amortization - Cash Flow": {"2019-12-31": "472.00000", "2018-12-31": "426.00000", "2017-12-31": "510.00000", "2016-12-31": "347.00000"}, "Other Non-Cash Items": {"2019-12-31": "4219.00000", "2018-12-31": "-3844.00000", "2017-12-31": "195.00000", "2016-12-31": "-3962.00000"}, "Total Non-Cash Items": {"2019-12-31": "4691.00000", "2018-12-31": "-3418.00000", "2017-12-31": "705.00000", "2016-12-31": "-3615.00000"}, "Change In Accounts Receivable": {"2019-12-31": "-407.00000", "2018-12-31": "-279.00000", "2017-12-31": "-442.00000", "2016-12-31": "-348.00000"}, "Change In Inventories": {"2019-12-31": "", "2018-12-31": "", "2017-12-31": "", "2016-12-31": ""}, "Change In Accounts Payable": {"2019-12-31": "95.00000", "2018-12-31": "-39.00000", "2017-12-31": "-79.00000", "2016-12-31": "228.00000"}, "Change In Assets/Liabilities": {"2019-12-31": "-188.00000", "2018-12-31": "1208.00000", "2017-12-31": "2431.00000", "2016-12-31": "1192.00000"}, "Total Change In Assets/Liabilities": {"2019-12-31": "-500.00000", "2018-12-31": "890.00000", "2017-12-31": "1910.00000", "2016-12-31": "1072.00000"}, "Cash Flow From Operating Activities": {"2019-12-31": "-4321.00000", "2018-12-31": "-1541.00000", "2017-12-31": "-1418.00000", "2016-12-31": "-2913.00000"}, "Net Change In Property, Plant, And Equipment": {"2019-12-31": "-537.00000", "2018-12-31": "-189.00000", "2017-12-31": "-479.00000", "2016-12-31": "-1612.00000"}, "Net Change In Intangible Assets": {"2019-12-31": "0.00000", "2018-12-31": "0.00000", "2017-12-31": "-8.00000", "2016-12-31": "-6.00000"}, "Net Acquisitions/Divestitures": {"2019-12-31": "286.00000", "2018-12-31": "-64.00000", "2017-12-31": "", "2016-12-31": "-22.00000"}, "Net Change In Short-term Investments": {"2019-12-31": "-539.00000", "2018-12-31": "-30.00000", "2017-12-31": "", "2016-12-31": ""}, "Net Change In Long-Term Investments": {"2019-12-31": "", "2018-12-31": "-412.00000", "2017-12-31": "", "2016-12-31": ""}, "Net Change In Investments - Total": {"2019-12-31": "-539.00000", "2018-12-31": "-442.00000", "2017-12-31": "", "2016-12-31": ""}, "Investing Activities - Other": {"2019-12-31": "", "2018-12-31": "", "2017-12-31": "", "2016-12-31": "-218.00000"}, "Cash Flow From Investing Activities": {"2019-12-31": "-790.00000", "2018-12-31": "-695.00000", "2017-12-31": "-487.00000", "2016-12-31": "-1858.00000"}, "Net Long-Term Debt": {"2019-12-31": "1024.00000", "2018-12-31": "3358.00000", "2017-12-31": "-12.00000", "2016-12-31": "1111.00000"}, "Net Current Debt": {"2019-12-31": "", "2018-12-31": "-491.00000", "2017-12-31": "126.00000", "2016-12-31": "318.00000"}, "Debt Issuance/Retirement Net - Total": {"2019-12-31": "1024.00000", "2018-12-31": "2867.00000", "2017-12-31": "114.00000", "2016-12-31": "1429.00000"}, "Net Common Equity Issued/Repurchased": {"2019-12-31": "8467.00000", "2018-12-31": "17.00000", "2017-12-31": "-128.00000", "2016-12-31": "-73.00000"}, "Net Total Equity Issued/Repurchased": {"2019-12-31": "9467.00000", "2018-12-31": "1767.00000", "2017-12-31": "880.00000", "2016-12-31": "4773.00000"}, "Total Common And Preferred Stock Dividends Paid": {"2019-12-31": "", "2018-12-31": "", "2017-12-31": "", "2016-12-31": ""}, "Financial Activities - Other": {"2019-12-31": "-1552.00000", "2018-12-31": "6.00000", "2017-12-31": "21.00000", "2016-12-31": "-8.00000"}, "Cash Flow From Financial Activities": {"2019-12-31": "8939.00000", "2018-12-31": "4640.00000", "2017-12-31": "1015.00000", "2016-12-31": "6194.00000"}, "Net Cash Flow": {"2019-12-31": "3858.00000", "2018-12-31": "2381.00000", "2017-12-31": "-998.00000", "2016-12-31": "1398.00000"}, "Stock-Based Compensation": {"2019-12-31": "4596.00000", "2018-12-31": "170.00000", "2017-12-31": "124.00000", "2016-12-31": "107.00000"}, "Common Stock Dividends Paid": {"2019-12-31": "", "2018-12-31": "", "2017-12-31": "", "2016-12-31": ""}}, "cash flow statement, quarterly": {"Net Income/Loss": {"2020-09-30": -1108, "2020-06-30": -1772, "2020-03-31": "-2946.00000", "2019-12-31": -1091, "2019-09-30": -1159, "2019-06-30": -5246, "2019-03-31": "-1016.00000", "2018-12-31": -889, "2018-09-30": -994, "2018-06-30": -878, "2018-03-31": "3748.00000", "2017-12-31": -3663, "2016-12-31": -370}, "Total Depreciation And Amortization - Cash Flow": {"2020-09-30": -159, "2020-06-30": 426, "2020-03-31": "128.00000", "2019-12-31": 101, "2019-09-30": 102, "2019-06-30": 123, "2019-03-31": "146.00000", "2018-12-31": 109, "2018-09-30": 131, "2018-06-30": 98, "2018-03-31": "88.00000", "2017-12-31": 163, "2016-12-31": 347}, "Other Non-Cash Items": {"2020-09-30": 442, "2020-06-30": -17, "2020-03-31": "2071.00000", "2019-12-31": 253, "2019-09-30": 409, "2019-06-30": 3629, "2019-03-31": "-72.00000", "2018-12-31": -153, "2018-09-30": 300, "2018-06-30": 231, "2018-03-31": "-4222.00000", "2017-12-31": -80, "2016-12-31": 80}, "Total Non-Cash Items": {"2020-09-30": 283, "2020-06-30": 409, "2020-03-31": "2199.00000", "2019-12-31": 354, "2019-09-30": 511, "2019-06-30": 3752, "2019-03-31": "74.00000", "2018-12-31": 3800, "2018-09-30": 431, "2018-06-30": 329, "2018-03-31": "-4134.00000", "2017-12-31": 83, "2016-12-31": 427}, "Change In Accounts Receivable": {"2020-09-30": -137, "2020-06-30": 73, "2020-03-31": "444.00000", "2019-12-31": -65, "2019-09-30": 94, "2019-06-30": -226, "2019-03-31": "-210.00000", "2018-12-31": 80, "2018-09-30": -338, "2018-06-30": -17, "2018-03-31": "-4.00000", "2017-12-31": 0, "2016-12-31": 0}, "Change In Inventories": {"2020-09-30": 0, "2020-06-30": 0, "2020-03-31": "", "2019-12-31": 0, "2019-09-30": 0, "2019-06-30": 0, "2019-03-31": "", "2018-12-31": 0, "2018-09-30": 0, "2018-06-30": 0, "2018-03-31": "", "2017-12-31": 0, "2016-12-31": 0}, "Change In Accounts Payable": {"2020-09-30": -24, "2020-06-30": 36, "2020-03-31": "-46.00000", "2019-12-31": 118, "2019-09-30": -32, "2019-06-30": 9, "2019-03-31": "", "2018-12-31": 27, "2018-09-30": -14, "2018-06-30": 14, "2018-03-31": "-66.00000", "2017-12-31": 0, "2016-12-31": 0}, "Change In Assets/Liabilities": {"2020-09-30": 580, "2020-06-30": 183, "2020-03-31": "-114.00000", "2019-12-31": -1115, "2019-09-30": -292, "2019-06-30": 789, "2019-03-31": "430.00000", "2018-12-31": 145, "2018-09-30": 505, "2018-06-30": 399, "2018-03-31": "159.00000", "2017-12-31": 0, "2016-12-31": 0}, "Total Change In Assets/Liabilities": {"2020-09-30": 419, "2020-06-30": 292, "2020-03-31": "284.00000", "2019-12-31": -1062, "2019-09-30": -230, "2019-06-30": 572, "2019-03-31": "220.00000", "2018-12-31": 252, "2018-09-30": 153, "2018-06-30": 396, "2018-03-31": "89.00000", "2017-12-31": 838, "2016-12-31": 1072}, "Cash Flow From Operating Activities": {"2020-09-30": -406, "2020-06-30": -1071, "2020-03-31": "-463.00000", "2019-12-31": -1799, "2019-09-30": -878, "2019-06-30": -922, "2019-03-31": "-722.00000", "2018-12-31": -681, "2018-09-30": -410, "2018-06-30": -153, "2018-03-31": "-297.00000", "2017-12-31": 1495, "2016-12-31": -2913}, "Net Change In Property, Plant, And Equipment": {"2020-09-30": -130, "2020-06-30": -164, "2020-03-31": "-197.00000", "2019-12-31": -172, "2019-09-30": -129, "2019-06-30": -147, "2019-03-31": "-89.00000", "2018-12-31": -156, "2018-09-30": -54, "2018-06-30": -27, "2018-03-31": "48.00000", "2017-12-31": 1133, "2016-12-31": -1612}, "Net Change In Intangible Assets": {"2020-09-30": 0, "2020-06-30": 0, "2020-03-31": "", "2019-12-31": 0, "2019-09-30": 0, "2019-06-30": 0, "2019-03-31": "", "2018-12-31": 0, "2018-09-30": 0, "2018-06-30": 0, "2018-03-31": "", "2017-12-31": 0, "2016-12-31": 0}, "Net Acquisitions/Divestitures": {"2020-09-30": -190, "2020-06-30": 0, "2020-03-31": "-1346.00000", "2019-12-31": 0, "2019-09-30": 0, "2019-06-30": -7, "2019-03-31": "293.00000", "2018-12-31": 0, "2018-09-30": 0, "2018-06-30": -64, "2018-03-31": "", "2017-12-31": 22, "2016-12-31": -22}, "Net Change In Short-term Investments": {"2020-09-30": -102, "2020-06-30": -197, "2020-03-31": "-403.00000", "2019-12-31": -539, "2019-09-30": 0, "2019-06-30": 0, "2019-03-31": "0.00000", "2018-12-31": -30, "2018-09-30": 0, "2018-06-30": 0, "2018-03-31": "", "2017-12-31": 0, "2016-12-31": 0}, "Net Change In Long-Term Investments": {"2020-09-30": 0, "2020-06-30": 0, "2020-03-31": "91.00000", "2019-12-31": 0, "2019-09-30": 0, "2019-06-30": 0, "2019-03-31": "", "2018-12-31": 30, "2018-09-30": -19, "2018-06-30": 0, "2018-03-31": "-423.00000", "2017-12-31": 0, "2016-12-31": 0}, "Net Change In Investments - Total": {"2020-09-30": -102, "2020-06-30": -197, "2020-03-31": "-312.00000", "2019-12-31": -539, "2019-09-30": 0, "2019-06-30": 0, "2019-03-31": "", "2018-12-31": 0, "2018-09-30": -19, "2018-06-30": 0, "2018-03-31": "-423.00000", "2017-12-31": 0, "2016-12-31": 0}, "Investing Activities - Other": {"2020-09-30": 57, "2020-06-30": -95, "2020-03-31": "-1.00000", "2019-12-31": 0, "2019-09-30": 0, "2019-06-30": 0, "2019-03-31": "", "2018-12-31": 0, "2018-09-30": 0, "2018-06-30": 0, "2018-03-31": "", "2017-12-31": 216, "2016-12-31": -224}, "Cash Flow From Investing Activities": {"2020-09-30": -365, "2020-06-30": -456, "2020-03-31": "-1856.00000", "2019-12-31": -711, "2019-09-30": -129, "2019-06-30": -154, "2019-03-31": "204.00000", "2018-12-31": -156, "2018-09-30": -73, "2018-06-30": -91, "2018-03-31": "-375.00000", "2017-12-31": 1371, "2016-12-31": -1858}, "Net Long-Term Debt": {"2020-09-30": 444, "2020-06-30": 42, "2020-03-31": "-60.00000", "2019-12-31": -45, "2019-09-30": 1141, "2019-06-30": -31, "2019-03-31": "-41.00000", "2018-12-31": 1951, "2018-09-30": -31, "2018-06-30": 1460, "2018-03-31": "-22.00000", "2017-12-31": 0, "2016-12-31": 0}, "Net Current Debt": {"2020-09-30": 0, "2020-06-30": 0, "2020-03-31": "", "2019-12-31": 0, "2019-09-30": 0, "2019-06-30": 0, "2019-03-31": "", "2018-12-31": 0, "2018-09-30": -294, "2018-06-30": -120, "2018-03-31": "-77.00000", "2017-12-31": -192, "2016-12-31": 318}, "Debt Issuance/Retirement Net - Total": {"2020-09-30": 444, "2020-06-30": 42, "2020-03-31": "-60.00000", "2019-12-31": -45, "2019-09-30": 1141, "2019-06-30": -31, "2019-03-31": "-41.00000", "2018-12-31": 2442, "2018-09-30": -325, "2018-06-30": 1340, "2018-03-31": "-99.00000", "2017-12-31": -1123, "2016-12-31": 1111}, "Net Common Equity Issued/Repurchased": {"2020-09-30": 0, "2020-06-30": 82, "2020-03-31": "", "2019-12-31": -6, "2019-09-30": -4, "2019-06-30": 8477, "2019-03-31": "", "2018-12-31": 1, "2018-09-30": 10, "2018-06-30": -2, "2018-03-31": "8.00000", "2017-12-31": 0, "2016-12-31": 0}, "Net Total Equity Issued/Repurchased": {"2020-09-30": 0, "2020-06-30": 82, "2020-03-31": "", "2019-12-31": -6, "2019-09-30": 996, "2019-06-30": 8477, "2019-03-31": "", "2018-12-31": 501, "2018-09-30": 10, "2018-06-30": -2, "2018-03-31": "1258.00000", "2017-12-31": -3893, "2016-12-31": 4773}, "Total Common And Preferred Stock Dividends Paid": {"2020-09-30": 0, "2020-06-30": 0, "2020-03-31": "", "2019-12-31": 0, "2019-09-30": 0, "2019-06-30": 0, "2019-03-31": "", "2018-12-31": 0, "2018-09-30": 0, "2018-06-30": 0, "2018-03-31": "", "2017-12-31": 0, "2016-12-31": 0}, "Financial Activities - Other": {"2020-09-30": -16, "2020-06-30": -6, "2020-03-31": "-3.00000", "2019-12-31": -32, "2019-09-30": -144, "2019-06-30": -1371, "2019-03-31": "-5.00000", "2018-12-31": 25, "2018-09-30": 2, "2018-06-30": 24, "2018-03-31": "-45.00000", "2017-12-31": 29, "2016-12-31": -8}, "Cash Flow From Financial Activities": {"2020-09-30": 428, "2020-06-30": 118, "2020-03-31": "-63.00000", "2019-12-31": -83, "2019-09-30": 1993, "2019-06-30": 7075, "2019-03-31": "-46.00000", "2018-12-31": 2477, "2018-09-30": -313, "2018-06-30": 1362, "2018-03-31": "1114.00000", "2017-12-31": -5179, "2016-12-31": 6194}, "Net Cash Flow": {"2020-09-30": -335, "2020-06-30": -1428, "2020-03-31": "-2538.00000", "2019-12-31": -2574, "2019-09-30": 951, "2019-06-30": 6008, "2019-03-31": "-527.00000", "2018-12-31": 1696, "2018-09-30": -767, "2018-06-30": 1018, "2018-03-31": "434.00000", "2017-12-31": -2396, "2016-12-31": 1398}, "Stock-Based Compensation": {"2020-09-30": 183, "2020-06-30": 131, "2020-03-31": "277.00000", "2019-12-31": 243, "2019-09-30": 401, "2019-06-30": 3941, "2019-03-31": "11.00000", "2018-12-31": 25, "2018-09-30": 64, "2018-06-30": 20, "2018-03-31": "61.00000", "2017-12-31": 0, "2016-12-31": 0}, "Common Stock Dividends Paid": {"2020-09-30": 0, "2020-06-30": 0, "2020-03-31": "", "2019-12-31": 0, "2019-09-30": 0, "2019-06-30": 0, "2019-03-31": "", "2018-12-31": 0, "2018-09-30": 0, "2018-06-30": 0, "2018-03-31": "", "2017-12-31": 0, "2016-12-31": 0}}, "financial ratios": {"Current Ratio": {"2019-12-31": "2.46940", "2018-12-31": "2.03290", "2017-12-31": "1.77720", "2016-12-31": ""}, "Long-term Debt / Capital": {"2019-12-31": "0.27730", "2018-12-31": "-13.31200", "2017-12-31": "-0.55330", "2016-12-31": ""}, "Debt/Equity Ratio": {"2019-12-31": "0.38370", "2018-12-31": "-0.93010", "2017-12-31": "-0.35620", "2016-12-31": ""}, "Gross Margin": {"2019-12-31": "49.04930", "2018-12-31": "50.10650", "2017-12-31": "47.55420", "2016-12-31": "42.05460"}, "Operating Margin": {"2019-12-31": "-60.76200", "2018-12-31": "-26.91220", "2017-12-31": "-51.43720", "2016-12-31": "-78.62160"}, "EBIT Margin": {"2019-12-31": "-60.76200", "2018-12-31": "-26.91220", "2017-12-31": "-51.43720", "2016-12-31": "-78.62160"}, "EBITDA Margin": {"2019-12-31": "-57.42560", "2018-12-31": "-23.13220", "2017-12-31": "-45.00760", "2016-12-31": "-69.59690"}, "Pre-Tax Profit Margin": {"2019-12-31": "-59.60980", "2018-12-31": "11.64150", "2017-12-31": "-57.67780", "2016-12-31": "-83.69310"}, "Net Profit Margin": {"2019-12-31": "-60.12580", "2018-12-31": "8.84650", "2017-12-31": "-50.84470", "2016-12-31": "-9.62290"}, "Asset Turnover": {"2019-12-31": "0.44540", "2018-12-31": "0.46980", "2017-12-31": "0.51420", "2016-12-31": ""}, "Inventory Turnover Ratio": {"2019-12-31": "", "2018-12-31": "", "2017-12-31": "", "2016-12-31": ""}, "Receiveable Turnover": {"2019-12-31": "11.65320", "2018-12-31": "12.26330", "2017-12-31": "10.73340", "2016-12-31": ""}, "Days Sales In Receivables": {"2019-12-31": "31.32180", "2018-12-31": "29.76350", "2017-12-31": "34.00590", "2016-12-31": ""}, "ROE - Return On Equity": {"2019-12-31": "-57.23510", "2018-12-31": "-13.36490", "2017-12-31": "47.13100", "2016-12-31": ""}, "Return On Tangible Equity": {"2019-12-31": "-58.16590", "2018-12-31": "-12.95280", "2017-12-31": "46.62430", "2016-12-31": ""}, "ROA - Return On Assets": {"2019-12-31": "-26.80020", "2018-12-31": "4.11460", "2017-12-31": "-26.14420", "2016-12-31": ""}, "ROI - Return On Investment": {"2019-12-31": "-41.36260", "2018-12-31": "-191.27910", "2017-12-31": "73.20750", "2016-12-31": ""}, "Book Value Per Share": {"2019-12-31": "8.66320", "2018-12-31": "-16.15310", "2017-12-31": "", "2016-12-31": ""}, "Operating Cash Flow Per Share": {"2019-12-31": -0.2443, "2018-12-31": 0.1087, "2017-12-31": 3.7532, "2016-12-31": -7.079}, "Free Cash Flow Per Share": {"2019-12-31": -0.2798, "2018-12-31": 0.8376, "2017-12-31": 6.547, "2016-12-31": -10.9963}}, "financial ratios, quarterly": {"Current Ratio": {"2020-09-30": "1.35990", "2020-06-30": "1.64010", "2020-03-31": "1.67610", "2019-12-31": "2.46940", "2019-09-30": "2.82070", "2019-06-30": "2.56730", "2019-03-31": "1.68220", "2018-12-31": "2.03290", "2018-09-30": "", "2018-06-30": "", "2018-03-31": "", "2017-12-31": "", "2016-12-31": ""}, "Long-term Debt / Capital": {"2020-09-30": "0.40900", "2020-06-30": "0.39520", "2020-03-31": "0.32160", "2019-12-31": "0.27730", "2019-09-30": "0.26620", "2019-06-30": "0.22130", "2019-03-31": "-4.64770", "2018-12-31": "-13.31200", "2018-09-30": "", "2018-06-30": "", "2018-03-31": "", "2017-12-31": "", "2016-12-31": ""}, "Debt/Equity Ratio": {"2020-09-30": "0.69210", "2020-06-30": "0.65350", "2020-03-31": "0.47410", "2019-12-31": "0.38370", "2019-09-30": "0.36280", "2019-06-30": "0.28430", "2019-03-31": "-0.82290", "2018-12-31": "-0.93010", "2018-09-30": "", "2018-06-30": "", "2018-03-31": "", "2017-12-31": "", "2016-12-31": ""}, "Gross Margin": {"2020-09-30": "48.41800", "2020-06-30": "44.13210", "2020-03-31": "49.59070", "2019-12-31": "", "2019-09-30": "51.21950", "2019-06-30": "45.04110", "2019-03-31": "45.75670", "2018-12-31": "93.59700", "2018-09-30": "48.70920", "2018-06-30": "51.51730", "2018-03-31": "55.26320", "2017-12-31": "", "2016-12-31": ""}, "Operating Margin": {"2020-09-30": "-35.66640", "2020-06-30": "-71.70910", "2020-03-31": "-35.64780", "2019-12-31": "", "2019-09-30": "-29.00600", "2019-06-30": "-173.24700", "2019-03-31": "-33.36560", "2018-12-31": "-47.66760", "2018-09-30": "-25.91710", "2018-06-30": "-26.69800", "2018-03-31": "-18.49850", "2017-12-31": "", "2016-12-31": ""}, "EBIT Margin": {"2020-09-30": "-35.66640", "2020-06-30": "-71.70910", "2020-03-31": "-35.64780", "2019-12-31": "", "2019-09-30": "-29.00600", "2019-06-30": "-173.24700", "2019-03-31": "-33.36560", "2018-12-31": "-47.66760", "2018-09-30": "-25.91710", "2018-06-30": "-26.69800", "2018-03-31": "-18.49850", "2017-12-31": "", "2016-12-31": ""}, "EBITDA Margin": {"2020-09-30": "", "2020-06-30": "", "2020-03-31": "", "2019-12-31": "", "2019-09-30": "", "2019-06-30": "", "2019-03-31": "", "2018-12-31": "", "2018-09-30": "", "2018-06-30": "", "2018-03-31": "", "2017-12-31": "", "2016-12-31": ""}, "Pre-Tax Profit Margin": {"2020-09-30": "-34.41990", "2020-06-30": "-78.58100", "2020-03-31": "-89.64160", "2019-12-31": "", "2019-09-30": "-30.08130", "2019-06-30": "-165.44540", "2019-03-31": "-31.97810", "2018-12-31": "-40.38330", "2018-09-30": "-33.22010", "2018-06-30": "-30.20230", "2018-03-31": "167.45360", "2017-12-31": "", "2016-12-31": ""}, "Net Profit Margin": {"2020-09-30": "-34.80350", "2020-06-30": "-79.20570", "2020-03-31": "-82.86760", "2019-12-31": "", "2019-09-30": "-30.47470", "2019-06-30": "-165.38220", "2019-03-31": "-32.65570", "2018-12-31": "-29.82520", "2018-09-30": "-33.49190", "2018-06-30": "-31.71970", "2018-03-31": "33.90090", "2017-12-31": "", "2016-12-31": ""}, "Asset Turnover": {"2020-09-30": "0.10830", "2020-06-30": "0.07940", "2020-03-31": "0.11770", "2019-12-31": "", "2019-09-30": "0.11810", "2019-06-30": "0.10220", "2019-03-31": "0.12710", "2018-12-31": "0.12400", "2018-09-30": "", "2018-06-30": "", "2018-03-31": "", "2017-12-31": "", "2016-12-31": ""}, "Inventory Turnover Ratio": {"2020-09-30": "", "2020-06-30": "", "2020-03-31": "", "2019-12-31": "", "2019-09-30": "", "2019-06-30": "", "2019-03-31": "", "2018-12-31": "", "2018-09-30": "", "2018-06-30": "", "2018-03-31": "", "2017-12-31": "", "2016-12-31": ""}, "Receiveable Turnover": {"2020-09-30": "4.04790", "2020-06-30": "3.71030", "2020-03-31": "5.18740", "2019-12-31": "", "2019-09-30": "3.30420", "2019-06-30": "2.45430", "2019-03-31": "2.88550", "2018-12-31": "3.23610", "2018-09-30": "", "2018-06-30": "", "2018-03-31": "", "2017-12-31": "", "2016-12-31": ""}, "Days Sales In Receivables": {"2020-09-30": "22.23390", "2020-06-30": "24.25700", "2020-03-31": "17.34970", "2019-12-31": "", "2019-09-30": "27.23840", "2019-06-30": "36.67090", "2019-03-31": "31.19070", "2018-12-31": "27.81100", "2018-09-30": "", "2018-06-30": "", "2018-03-31": "", "2017-12-31": "", "2016-12-31": ""}, "ROE - Return On Equity": {"2020-09-30": "-11.50210", "2020-06-30": "-17.30640", "2020-03-31": "-24.49290", "2019-12-31": "", "2019-09-30": "-7.36250", "2019-06-30": "-32.94810", "2019-03-31": "12.04930", "2018-12-31": "12.03790", "2018-09-30": "", "2018-06-30": "", "2018-03-31": "", "2017-12-31": "", "2016-12-31": ""}, "Return On Tangible Equity": {"2020-09-30": "-18.49440", "2020-06-30": "-24.65220", "2020-03-31": "-33.09370", "2019-12-31": "", "2019-09-30": "-7.47690", "2019-06-30": "-33.46300", "2019-03-31": "11.72800", "2018-12-31": "11.66670", "2018-09-30": "", "2018-06-30": "", "2018-03-31": "", "2017-12-31": "", "2016-12-31": ""}, "ROA - Return On Assets": {"2020-09-30": "-3.83470", "2020-06-30": "-6.27480", "2020-03-31": "-9.79060", "2019-12-31": "", "2019-09-30": "-3.58910", "2019-06-30": "-16.93350", "2019-03-31": "-4.16560", "2018-12-31": "-3.70600", "2018-09-30": "", "2018-06-30": "", "2018-03-31": "", "2017-12-31": "", "2016-12-31": ""}, "ROI - Return On Investment": {"2020-09-30": "-6.79750", "2020-06-30": "-10.46660", "2020-03-31": "-16.61500", "2019-12-31": "", "2019-09-30": "-5.40250", "2019-06-30": "-25.65530", "2019-03-31": "68.05090", "2018-12-31": "172.28680", "2018-09-30": "", "2018-06-30": "", "2018-03-31": "", "2017-12-31": "", "2016-12-31": ""}, "Book Value Per Share": {"2020-09-30": "5.47080", "2020-06-30": "5.86440", "2020-03-31": "6.95320", "2019-12-31": "8.66320", "2019-09-30": "9.24030", "2019-06-30": "9.37900", "2019-03-31": "-18.41720", "2018-12-31": "-16.15310", "2018-09-30": "", "2018-06-30": "", "2018-03-31": "", "2017-12-31": "", "2016-12-31": ""}, "Operating Cash Flow Per Share": {"2020-09-30": -0.2232, "2020-06-30": -0.6137, "2020-03-31": "-0.26850", "2019-12-31": 1.4833, "2019-09-30": -0.0032, "2019-06-30": 0.1115, "2019-03-31": "-1.59160", "2018-12-31": -1.2879, "2018-09-30": -0.9097, "2018-06-30": -0.3944, "2018-03-31": "-0.62510", "2017-12-31": 0, "2016-12-31": 0}, "Free Cash Flow Per Share": {"2020-09-30": -0.2954, "2020-06-30": -0.7071, "2020-03-31": "-0.38270", "2019-12-31": 1.698, "2019-09-30": -0.0054, "2019-06-30": 0.0952, "2019-03-31": "-1.78780", "2018-12-31": -1.6085, "2018-09-30": -1.0313, "2018-06-30": -0.4479, "2018-03-31": "-0.52400", "2017-12-31": 0, "2016-12-31": 0}}, "revenue": {"Uber Technologies Annual Revenue (Millions of US $)": {"2019": "$14,147", "2018": "$11,270", "2017": "$7,932", "2016": "$3,845"}, "Uber Technologies Quarterly Revenue (Millions of US $)": {"2020-09-30": "$3,129", "2020-06-30": "$2,241", "2020-03-31": "$3,543", "2019-12-31": "", "2019-09-30": "$3,813", "2019-06-30": "$3,166", "2019-03-31": "$3,099", "2018-12-31": "$2,974", "2018-09-30": "$2,944", "2018-06-30": "$2,768", "2018-03-31": "$2,584", "2017-12-31": "", "2016-12-31": ""}}, "gross-profit": {"Uber Technologies Annual Gross Profit (Millions of US $)": {"2019": "$6,939", "2018": "$5,647", "2017": "$3,772", "2016": "$1,617"}, "Uber Technologies Quarterly Gross Profit (Millions of US $)": {"2020-09-30": "$1,515", "2020-06-30": "$989", "2020-03-31": "$1,757", "2019-12-31": "", "2019-09-30": "$1,953", "2019-06-30": "$1,426", "2019-03-31": "$1,418", "2018-12-31": "$1,359", "2018-09-30": "$1,434", "2018-06-30": "$1,426", "2018-03-31": "$1,428", "2017-12-31": "", "2016-12-31": ""}}, "operating-income": {"Uber Technologies Annual Operating Income (Millions of US $)": {"2019": "$-8,596", "2018": "$-3,033", "2017": "$-4,080", "2016": "$-3,023"}, "Uber Technologies Quarterly Operating Income (Millions of US $)": {"2020-09-30": "$-1,116", "2020-06-30": "$-1,607", "2020-03-31": "$-1,263", "2019-12-31": "", "2019-09-30": "$-1,106", "2019-06-30": "$-5,485", "2019-03-31": "$-1,034", "2018-12-31": "$-1,418", "2018-09-30": "$-763", "2018-06-30": "$-739", "2018-03-31": "$-478", "2017-12-31": "", "2016-12-31": ""}}, "ebitda": {"Uber Technologies Annual EBITDA (Millions of US $)": {"2019": "$-8,124", "2018": "$-2,607", "2017": "$-3,570", "2016": "$-2,676"}, "Uber Technologies Quarterly EBITDA (Millions of US $)": {"2020-09-30": "$-1,275", "2020-06-30": "$-1,181", "2020-03-31": "$-1,135", "2019-12-31": "$101", "2019-09-30": "$-1,004", "2019-06-30": "$-5,362", "2019-03-31": "$-888", "2018-12-31": "$-1,309", "2018-09-30": "$-632", "2018-06-30": "$-641", "2018-03-31": "$-390", "2017-12-31": "", "2016-12-31": ""}}, "net-income": {"Uber Technologies Annual Net Income (Millions of US $)": {"2019": "$-8,506", "2018": "$997", "2017": "$-4,033", "2016": "$-370"}, "Uber Technologies Quarterly Net Income (Millions of US $)": {"2020-09-30": "$-1,089", "2020-06-30": "$-1,775", "2020-03-31": "$-2,936", "2019-12-31": "", "2019-09-30": "$-1,162", "2019-06-30": "$-5,236", "2019-03-31": "$-1,012", "2018-12-31": "$-887", "2018-09-30": "$-986", "2018-06-30": "$-878", "2018-03-31": "$876", "2017-12-31": "", "2016-12-31": ""}}, "eps-earnings-per-share-diluted": {"Uber Technologies Annual EPS": {"2019": "$-6.81", "2018": "$2.08", "2017": "$-9.46", "2016": "$-0.90"}, "Uber Technologies Quarterly EPS": {"2020-09-30": "$-0.62", "2020-06-30": "$-1.02", "2020-03-31": "$-1.70", "2019-12-31": "$0.00", "2019-09-30": "$-0.68", "2019-06-30": "$-4.72", "2019-03-31": "$-2.26", "2018-12-31": "$4.46", "2018-09-30": "$-2.21", "2018-06-30": "$-2.01", "2018-03-31": "$1.84", "2017-12-31": "$0.00", "2016-12-31": "$0.00"}}, "shares-outstanding": {"Uber Technologies Annual Shares Outstanding (Millions of Shares)": {"2019": "1,248", "2018": "479", "2017": "426", "2016": "412"}, "Uber Technologies Quarterly Shares Outstanding (Millions of Shares)": {"2020-09-30": "1,755", "2020-06-30": "1,739", "2020-03-31": "1,724", "2019-12-31": "", "2019-09-30": "1,700", "2019-06-30": "1,111", "2019-03-31": "454", "2018-12-31": "479", "2018-09-30": "446", "2018-06-30": "441", "2018-03-31": "475", "2017-12-31": "", "2016-12-31": ""}}, "total-assets": {"Uber Technologies Annual Total Assets (Millions of US $)": {"2019": "$31,761", "2018": "$23,988", "2017": "$15,426", "2016": "$0"}, "Uber Technologies Quarterly Total Assets (Millions of US $)": {"2020-09-30": "$28,894", "2020-06-30": "$28,240", "2020-03-31": "$30,090", "2019-12-31": "$31,761", "2019-09-30": "$32,292", "2019-06-30": "$30,980", "2019-03-31": "$24,390", "2018-12-31": "$23,988", "2018-09-30": "$0", "2018-06-30": "$0", "2018-03-31": "$0", "2017-12-31": "$15,426", "2016-12-31": "$0"}}, "cash-on-hand": {"Uber Technologies Annual Cash on Hand (Millions of US $)": {"2019": "$11,412", "2018": "$6,473", "2017": "$4,535", "2016": "$"}, "Uber Technologies Quarterly Cash on Hand (Millions of US $)": {"2020-09-30": "$7,504", "2020-06-30": "$7,910", "2020-03-31": "$9,189", "2019-12-31": "$11,412", "2019-09-30": "$12,683", "2019-06-30": "$11,881", "2019-03-31": "$5,881", "2018-12-31": "$6,473", "2018-09-30": "", "2018-06-30": "", "2018-03-31": "", "2017-12-31": "$4,535", "2016-12-31": ""}}, "long-term-debt": {"Uber Technologies Annual Long Term Debt (Millions of US $)": {"2019": "$5,707", "2018": "$6,869", "2017": "$3,048", "2016": "$"}, "Uber Technologies Quarterly Long Term Debt (Millions of US $)": {"2020-09-30": "$6,667", "2020-06-30": "$6,691", "2020-03-31": "$5,703", "2019-12-31": "$5,707", "2019-09-30": "$5,711", "2019-06-30": "$4,526", "2019-03-31": "$6,939", "2018-12-31": "$6,869", "2018-09-30": "", "2018-06-30": "", "2018-03-31": "", "2017-12-31": "$3,048", "2016-12-31": ""}}, "total-liabilities": {"Uber Technologies Annual Total Liabilities (Millions of US $)": {"2019": "$16,889", "2018": "$31,373", "2017": "$23,983", "2016": "$0"}, "Uber Technologies Quarterly Total Liabilities (Millions of US $)": {"2020-09-30": "$19,261", "2020-06-30": "$18,001", "2020-03-31": "$18,062", "2019-12-31": "$16,889", "2019-09-30": "$16,550", "2019-06-30": "$15,058", "2019-03-31": "$32,822", "2018-12-31": "$31,373", "2018-09-30": "$0", "2018-06-30": "$0", "2018-03-31": "$0", "2017-12-31": "$23,983", "2016-12-31": "$0"}}, "total-share-holder-equity": {"Uber Technologies Annual Share Holder Equity (Millions of US $)": {"2019": "$14,872", "2018": "$-7,385", "2017": "$-8,557", "2016": "$0"}, "Uber Technologies Quarterly Share Holder Equity (Millions of US $)": {"2020-09-30": "$9,633", "2020-06-30": "$10,239", "2020-03-31": "$12,028", "2019-12-31": "$14,872", "2019-09-30": "$15,742", "2019-06-30": "$15,922", "2019-03-31": "$-8,432", "2018-12-31": "$-7,385", "2018-09-30": "$0", "2018-06-30": "$0", "2018-03-31": "$0", "2017-12-31": "$-8,557", "2016-12-31": "$0"}}, "profit-margins": {"current": "-53.12%"}, "gross margin": {"2020-06-30": "48.96%", "2020-03-31": "48.81%", "2019-09-30": "47.17%", "2019-06-30": "46.27%", "2019-03-31": "47.83%", "2018-12-31": "50.11%"}, "operating margin": {"2020-06-30": "-41.43%", "2020-03-31": "-74.64%", "2019-09-30": "-69.28%", "2019-06-30": "-71.41%", "2019-03-31": "-33.55%", "2018-12-31": "-30.15%"}, "ebitda margin": {"2020-06-30": "-33.54%", "2020-03-31": "-70.33%", "2019-09-30": "-65.61%", "2019-06-30": "-67.23%", "2019-03-31": "-29.44%", "2018-12-31": "-26.37%"}, "pre tax profit margin": {"2020-06-30": "-63.39%", "2020-03-31": "-90.87%", "2019-09-30": "-65.71%", "2019-06-30": "-69.01%", "2019-03-31": "-33.99%", "2018-12-31": "11.64%"}, "net profit margin": {"2020-06-30": "-61.20%", "2020-03-31": "-88.71%", "2019-09-30": "-63.57%", "2019-06-30": "-66.66%", "2019-03-31": "-31.93%", "2018-12-31": "-16.64%"}, "pe ratio": {"current": "0.00", "2021-02-05": "0.00", "2020-09-30": "0.00", "2020-06-30": "0.00", "2020-03-31": "0.00"}, "price sales": {"2021-02-05": "11.43", "2020-09-30": "7.12", "2020-06-30": "5.56", "2020-03-31": "3.91"}, "price book": {"current": "10.73", "2021-02-05": "10.71", "2020-09-30": "6.67", "2020-06-30": "5.30", "2020-03-31": "4.02", "2019-12-31": "3.43", "2019-09-30": "3.30", "2019-06-30": "4.95"}, "price fcf": {"2021-02-05": "", "2020-09-30": "$0.31", "2020-06-30": "$0.60", "2020-03-31": "$-0.38"}, "net worth": {"value": "$103.32B"}, "current ratio": {"current": "1.36", "2020-09-30": "1.36", "2020-06-30": "1.64", "2020-03-31": "1.68", "2019-12-31": "2.47", "2019-09-30": "2.82", "2019-06-30": "2.57", "2019-03-31": "1.68", "2018-12-31": "2.03", "2018-09-30": "0.00", "2018-06-30": "0.00", "2018-03-31": "0.00", "2017-12-31": "1.78", "2016-12-31": "0.00"}, "quick ratio": {"2020-09-30": "0.00", "2020-06-30": "0.00", "2020-03-31": "0.00", "2019-12-31": "0.00", "2019-09-30": "0.00", "2019-06-30": "0.00", "2019-03-31": "0.00", "2018-12-31": "0.00", "2018-09-30": "0.00", "2018-06-30": "0.00", "2018-03-31": "0.00", "2017-12-31": "0.00", "2016-12-31": "0.00"}, "debt equity ratio": {"current": "0.69", "2020-09-30": "2.00", "2020-06-30": "1.76", "2020-03-31": "1.50", "2019-12-31": "1.14", "2019-09-30": "1.05", "2019-06-30": "0.95", "2019-03-31": "-3.89", "2018-12-31": "-4.25", "2018-09-30": "0.00", "2018-06-30": "0.00", "2018-03-31": "0.00", "2017-12-31": "-2.80", "2016-12-31": "0.00"}, "return on equity": {"2020-06-30": "-44.42%", "2020-03-31": "-63.75%", "2019-09-30": "-209.43%", "2019-06-30": "-30937.14%", "2019-03-31": "95.16%", "2018-12-31": "101.56%"}, "return on assets": {"2020-06-30": "-19.20%", "2020-03-31": "-29.84%", "2019-09-30": "-29.73%", "2019-06-30": "-40.93%", "2019-03-31": "-31.11%", "2018-12-31": "-31.27%"}, "return on investments": {"2020-06-30": "-20.74%", "2020-03-31": "-39.17%", "2019-09-30": "-90.67%", "2019-06-30": "-188.73%", "2019-03-31": "787.26%", "2018-12-31": "2634.11%"}, "return on tangible equity": {"2020-06-30": "-50.82%", "2020-03-31": "-68.24%", "2019-09-30": "-222.81%", "2019-06-30": "5360.40%", "2019-03-31": "92.44%", "2018-12-31": "98.43%"}, "dividend yield history": {"last payout": "$0.00", "last yield": "0.00%"}}