{"ticker": "UI", "price": {"title": "Ubiquiti Historical Annual Stock Price Data", "value": 339.0, "historical": {"2020": {"Average Stock Price": "181.9700", "Year Open": "190.1300", "Year High": "281.3100", "Year Low": "113.4500", "Year Close": "278.5100", "Annual % Change": "47.38%"}, "2019": {"Average Stock Price": "138.4041", "Year Open": "99.3100", "Year High": "198.3000", "Year Low": "95.9500", "Year Close": "188.9800", "Annual % Change": "90.10%"}, "2018": {"Average Stock Price": "84.3172", "Year Open": "70.0250", "Year High": "112.9200", "Year Low": "55.2800", "Year Close": "99.4100", "Annual % Change": "39.97%"}, "2017": {"Average Stock Price": "56.4412", "Year Open": "57.8600", "Year High": "71.4900", "Year Low": "46.3800", "Year Close": "71.0200", "Annual % Change": "22.87%"}, "2016": {"Average Stock Price": "42.7621", "Year Open": "30.9700", "Year High": "58.4500", "Year Low": "26.8600", "Year Close": "57.8000", "Annual % Change": "82.39%"}, "2015": {"Average Stock Price": "31.7557", "Year Open": "29.7000", "Year High": "36.4000", "Year Low": "26.2300", "Year Close": "31.6900", "Annual % Change": "6.92%"}, "2014": {"Average Stock Price": "40.0275", "Year Open": "45.7000", "Year High": "56.2000", "Year Low": "27.9200", "Year Close": "29.6400", "Annual % Change": "-35.51%"}, "2013": {"Average Stock Price": "24.2567", "Year Open": "12.7200", "Year High": "45.9600", "Year Low": "11.6800", "Year Close": "45.9600", "Annual % Change": "278.58%"}, "2012": {"Average Stock Price": "17.8924", "Year Open": "18.4900", "Year High": "35.0000", "Year Low": "7.8800", "Year Close": "12.1400", "Annual % Change": "-33.41%"}, "2011": {"Average Stock Price": "19.6593", "Year Open": "17.5000", "Year High": "22.3600", "Year Low": "17.5000", "Year Close": "18.2300", "Annual % Change": "0.00%"}}}, "market cap": {"value": "$21.29B"}, "income statement": {"Revenue": {"2020-06-30": "1284.50000", "2019-06-30": "1161.73300", "2018-06-30": "1016.86100", "2017-06-30": "865.26800", "2016-06-30": "666.39500", "2015-06-30": "595.94700", "2014-06-30": "572.46400", "2013-06-30": "320.82300", "2012-06-30": "353.51700", "2011-06-30": "197.87400", "2010-06-30": "136.95200"}, "Cost Of Goods Sold": {"2020-06-30": "676.32800", "2019-06-30": "624.12900", "2018-06-30": "573.28900", "2017-06-30": "469.56000", "2016-06-30": "341.60000", "2015-06-30": "333.76000", "2014-06-30": "318.99700", "2013-06-30": "185.48900", "2012-06-30": "202.51400", "2011-06-30": "117.06200", "2010-06-30": "82.40400"}, "Gross Profit": {"2020-06-30": "608.17200", "2019-06-30": "537.60400", "2018-06-30": "443.57200", "2017-06-30": "395.70800", "2016-06-30": "324.79500", "2015-06-30": "262.18700", "2014-06-30": "253.46700", "2013-06-30": "135.33400", "2012-06-30": "151.00300", "2011-06-30": "80.81200", "2010-06-30": "54.54800"}, "Research And Development Expenses": {"2020-06-30": "89.40500", "2019-06-30": "82.07000", "2018-06-30": "74.32400", "2017-06-30": "69.09400", "2016-06-30": "57.76500", "2015-06-30": "54.56500", "2014-06-30": "33.96200", "2013-06-30": "20.95500", "2012-06-30": "16.69900", "2011-06-30": "11.37400", "2010-06-30": "31.70400"}, "SG&A Expenses": {"2020-06-30": "40.56900", "2019-06-30": "43.23700", "2018-06-30": "43.12100", "2017-06-30": "36.85300", "2016-06-30": "33.26900", "2015-06-30": "21.60700", "2014-06-30": "23.56000", "2013-06-30": "21.77500", "2012-06-30": "9.01200", "2011-06-30": "7.35800", "2010-06-30": "18.16200"}, "Other Operating Income Or Expenses": {"2020-06-30": "", "2019-06-30": "-18.00000", "2018-06-30": "", "2017-06-30": "", "2016-06-30": "8.29400", "2015-06-30": "-39.13700", "2014-06-30": "", "2013-06-30": "", "2012-06-30": "", "2011-06-30": "", "2010-06-30": ""}, "Operating Expenses": {"2020-06-30": "806.30200", "2019-06-30": "767.43600", "2018-06-30": "690.73390", "2017-06-30": "575.50700", "2016-06-30": "424.34000", "2015-06-30": "449.06900", "2014-06-30": "376.51900", "2013-06-30": "228.21900", "2012-06-30": "228.22500", "2011-06-30": "135.79400", "2010-06-30": "132.27000"}, "Operating Income": {"2020-06-30": "478.19800", "2019-06-30": "394.29700", "2018-06-30": "326.12710", "2017-06-30": "289.76100", "2016-06-30": "242.05500", "2015-06-30": "146.87800", "2014-06-30": "195.94500", "2013-06-30": "92.60400", "2012-06-30": "125.29200", "2011-06-30": "62.08000", "2010-06-30": "4.68200"}, "Total Non-Operating Income/Expense": {"2020-06-30": "-28.00200", "2019-06-30": "-12.80800", "2018-06-30": "-11.98500", "2017-06-30": "-4.73700", "2016-06-30": "-2.11500", "2015-06-30": "-1.13000", "2014-06-30": "-1.33400", "2013-06-30": "-0.85100", "2012-06-30": "-1.26900", "2011-06-30": "0.07900", "2010-06-30": "0.58100"}, "Pre-Tax Income": {"2020-06-30": "450.19600", "2019-06-30": "381.48900", "2018-06-30": "314.14200", "2017-06-30": "285.02400", "2016-06-30": "239.94000", "2015-06-30": "145.74800", "2014-06-30": "194.61100", "2013-06-30": "91.75300", "2012-06-30": "124.02300", "2011-06-30": "62.15900", "2010-06-30": "5.26300"}, "Income Taxes": {"2020-06-30": "69.89900", "2019-06-30": "58.79500", "2018-06-30": "117.85200", "2017-06-30": "27.51800", "2016-06-30": "26.32400", "2015-06-30": "16.08500", "2014-06-30": "17.67400", "2013-06-30": "11.26300", "2012-06-30": "21.43400", "2011-06-30": "12.43200", "2010-06-30": "10.71900"}, "Income After Taxes": {"2020-06-30": "380.29700", "2019-06-30": "322.69400", "2018-06-30": "196.29000", "2017-06-30": "257.50600", "2016-06-30": "213.61600", "2015-06-30": "129.66300", "2014-06-30": "176.93700", "2013-06-30": "80.49000", "2012-06-30": "102.58900", "2011-06-30": "49.72700", "2010-06-30": "-5.45600"}, "Other Income": {"2020-06-30": "", "2019-06-30": "", "2018-06-30": "", "2017-06-30": "", "2016-06-30": "", "2015-06-30": "", "2014-06-30": "", "2013-06-30": "", "2012-06-30": "", "2011-06-30": "", "2010-06-30": ""}, "Income From Continuous Operations": {"2020-06-30": "380.29700", "2019-06-30": "322.69400", "2018-06-30": "196.29000", "2017-06-30": "257.50600", "2016-06-30": "213.61600", "2015-06-30": "129.66300", "2014-06-30": "176.93700", "2013-06-30": "80.49000", "2012-06-30": "102.58900", "2011-06-30": "49.72700", "2010-06-30": "-5.45600"}, "Income From Discontinued Operations": {"2020-06-30": "", "2019-06-30": "", "2018-06-30": "", "2017-06-30": "", "2016-06-30": "", "2015-06-30": "", "2014-06-30": "", "2013-06-30": "", "2012-06-30": "", "2011-06-30": "", "2010-06-30": ""}, "Net Income": {"2020-06-30": "380.29700", "2019-06-30": "322.69400", "2018-06-30": "196.29000", "2017-06-30": "257.50600", "2016-06-30": "213.61600", "2015-06-30": "129.66300", "2014-06-30": "176.93700", "2013-06-30": "80.49000", "2012-06-30": "-9.84200", "2011-06-30": "4.87500", "2010-06-30": "-6.89200"}, "EBITDA": {"2020-06-30": "492.64800", "2019-06-30": "402.27100", "2018-06-30": "334.18810", "2017-06-30": "297.12000", "2016-06-30": "248.34900", "2015-06-30": "151.84900", "2014-06-30": "198.76400", "2013-06-30": "94.56700", "2012-06-30": "125.89400", "2011-06-30": "62.29300", "2010-06-30": "4.82600"}, "EBIT": {"2020-06-30": "478.19800", "2019-06-30": "394.29700", "2018-06-30": "326.12710", "2017-06-30": "289.76100", "2016-06-30": "242.05500", "2015-06-30": "146.87800", "2014-06-30": "195.94500", "2013-06-30": "92.60400", "2012-06-30": "125.29200", "2011-06-30": "62.08000", "2010-06-30": "4.68200"}, "Basic Shares Outstanding": {"2020-06-30": "65.42700", "2019-06-30": "71.43500", "2018-06-30": "77.17900", "2017-06-30": "81.47800", "2016-06-30": "84.40200", "2015-06-30": "88.00800", "2014-06-30": "87.77200", "2013-06-30": "88.31400", "2012-06-30": "83.46000", "2011-06-30": "63.09200", "2010-06-30": "88.97200"}, "Shares Outstanding": {"2020-06-30": "65.51400", "2019-06-30": "71.60200", "2018-06-30": "78.33100", "2017-06-30": "83.25200", "2016-06-30": "85.78400", "2015-06-30": "89.56900", "2014-06-30": "89.71500", "2013-06-30": "90.25900", "2012-06-30": "83.46000", "2011-06-30": "66.90700", "2010-06-30": "88.97200"}, "Basic EPS": {"2020-06-30": "5.81000", "2019-06-30": "4.52000", "2018-06-30": "2.54000", "2017-06-30": "3.16000", "2016-06-30": "2.53000", "2015-06-30": "1.47000", "2014-06-30": "2.02000", "2013-06-30": "0.91000", "2012-06-30": "-0.12000", "2011-06-30": "0.08000", "2010-06-30": "-0.08000"}, "EPS - Earnings Per Share": {"2020-06-30": "5.80000", "2019-06-30": "4.51000", "2018-06-30": "2.51000", "2017-06-30": "3.09000", "2016-06-30": "2.49000", "2015-06-30": "1.45000", "2014-06-30": "1.97000", "2013-06-30": "0.89000", "2012-06-30": "-0.12000", "2011-06-30": "0.07000", "2010-06-30": "-0.08000"}}, "income statement, quarterly": {"Revenue": {"2020-09-30": "473.53300", "2020-06-30": "315.52200", "2020-03-31": "337.41700", "2019-12-31": "308.28400", "2019-09-30": "323.27700", "2019-06-30": "286.64100", "2019-03-31": "284.91100", "2018-12-31": "307.27600", "2018-09-30": "282.90500", "2018-06-30": "269.77800", "2018-03-31": "250.40400", "2017-12-31": "250.81100", "2017-09-30": "245.86800", "2017-06-30": "228.61600", "2017-03-31": "218.35900", "2016-12-31": "213.53600", "2016-09-30": "204.75700", "2016-06-30": "185.67600", "2016-03-31": "167.43300", "2015-12-31": "161.87100", "2015-09-30": "151.41500", "2015-06-30": "145.26700", "2015-03-31": "147.45600", "2014-12-31": "153.13700", "2014-09-30": "150.08700", "2014-06-30": "156.00700", "2014-03-31": "148.33100", "2013-12-31": "138.43900", "2013-09-30": "129.68700", "2013-06-30": "101.23200", "2013-03-31": "83.15500", "2012-12-31": "74.90100", "2012-09-30": "61.53500", "2012-06-30": "94.86800", "2012-03-31": "91.66500", "2011-12-31": "87.81700", "2011-09-30": "79.16700", "2011-06-30": "67.55400", "2011-03-31": "51.15100", "2010-12-31": "45.08700", "2010-09-30": "34.08200", "2010-06-30": ""}, "Cost Of Goods Sold": {"2020-09-30": "245.41700", "2020-06-30": "163.46200", "2020-03-31": "177.78200", "2019-12-31": "163.19800", "2019-09-30": "171.88600", "2019-06-30": "153.70410", "2019-03-31": "152.08100", "2018-12-31": "167.04500", "2018-09-30": "151.29900", "2018-06-30": "149.23800", "2018-03-31": "135.92800", "2017-12-31": "153.91100", "2017-09-30": "134.21200", "2017-06-30": "125.43700", "2017-03-31": "119.27300", "2016-12-31": "118.39700", "2016-09-30": "106.45300", "2016-06-30": "95.91900", "2016-03-31": "84.94000", "2015-12-31": "82.83000", "2015-09-30": "77.91100", "2015-06-30": "79.12900", "2015-03-31": "81.47900", "2014-12-31": "84.11600", "2014-09-30": "89.03600", "2014-06-30": "87.14600", "2014-03-31": "82.71900", "2013-12-31": "77.46800", "2013-09-30": "71.66400", "2013-06-30": "56.86800", "2013-03-31": "47.69000", "2012-12-31": "44.41600", "2012-09-30": "36.51500", "2012-06-30": "53.82700", "2012-03-31": "52.00600", "2011-12-31": "50.52700", "2011-09-30": "46.15400", "2011-06-30": "39.53000", "2011-03-31": "30.04700", "2010-12-31": "27.04500", "2010-09-30": "20.45300", "2010-06-30": ""}, "Gross Profit": {"2020-09-30": "228.11600", "2020-06-30": "152.06000", "2020-03-31": "159.63500", "2019-12-31": "145.08600", "2019-09-30": "151.39100", "2019-06-30": "132.93700", "2019-03-31": "132.83000", "2018-12-31": "140.23100", "2018-09-30": "131.60600", "2018-06-30": "120.54000", "2018-03-31": "114.47600", "2017-12-31": "96.90000", "2017-09-30": "111.65600", "2017-06-30": "103.17900", "2017-03-31": "99.08600", "2016-12-31": "95.13900", "2016-09-30": "98.30400", "2016-06-30": "89.75700", "2016-03-31": "82.49300", "2015-12-31": "79.04100", "2015-09-30": "73.50400", "2015-06-30": "66.13800", "2015-03-31": "65.97700", "2014-12-31": "69.02100", "2014-09-30": "61.05100", "2014-06-30": "68.86100", "2014-03-31": "65.61200", "2013-12-31": "60.97100", "2013-09-30": "58.02300", "2013-06-30": "44.36400", "2013-03-31": "35.46500", "2012-12-31": "30.48500", "2012-09-30": "25.02000", "2012-06-30": "41.04100", "2012-03-31": "39.65900", "2011-12-31": "37.29000", "2011-09-30": "33.01300", "2011-06-30": "28.02400", "2011-03-31": "21.10400", "2010-12-31": "18.04200", "2010-09-30": "13.62900", "2010-06-30": ""}, "Research And Development Expenses": {"2020-09-30": "25.81300", "2020-06-30": "23.44000", "2020-03-31": "21.67200", "2019-12-31": "24.04100", "2019-09-30": "20.25200", "2019-06-30": "22.53000", "2019-03-31": "21.34100", "2018-12-31": "19.97700", "2018-09-30": "18.22200", "2018-06-30": "19.50800", "2018-03-31": "17.42000", "2017-12-31": "20.46800", "2017-09-30": "16.92800", "2017-06-30": "21.61400", "2017-03-31": "16.60300", "2016-12-31": "16.33800", "2016-09-30": "14.53900", "2016-06-30": "14.95500", "2016-03-31": "13.82000", "2015-12-31": "15.42900", "2015-09-30": "13.56100", "2015-06-30": "14.67200", "2015-03-31": "15.23600", "2014-12-31": "12.93600", "2014-09-30": "11.72100", "2014-06-30": "10.15500", "2014-03-31": "9.41300", "2013-12-31": "8.07700", "2013-09-30": "6.31700", "2013-06-30": "5.51500", "2013-03-31": "5.67700", "2012-12-31": "5.05200", "2012-09-30": "4.71100", "2012-06-30": "5.02800", "2012-03-31": "4.61900", "2011-12-31": "3.68300", "2011-09-30": "3.36900", "2011-06-30": "3.35000", "2011-03-31": "2.93800", "2010-12-31": "2.60400", "2010-09-30": "2.49600", "2010-06-30": ""}, "SG&A Expenses": {"2020-09-30": "12.35000", "2020-06-30": "10.51600", "2020-03-31": "10.60600", "2019-12-31": "8.99700", "2019-09-30": "10.45000", "2019-06-30": "9.52200", "2019-03-31": "9.35200", "2018-12-31": "10.59700", "2018-09-30": "13.76600", "2018-06-30": "12.91800", "2018-03-31": "12.18600", "2017-12-31": "10.35200", "2017-09-30": "7.66500", "2017-06-30": "9.91500", "2017-03-31": "9.07400", "2016-12-31": "9.00100", "2016-09-30": "8.86300", "2016-06-30": "9.15600", "2016-03-31": "8.53800", "2015-12-31": "7.43300", "2015-09-30": "8.14200", "2015-06-30": "5.03900", "2015-03-31": "5.51000", "2014-12-31": "5.36200", "2014-09-30": "5.69600", "2014-06-30": "5.91200", "2014-03-31": "6.06400", "2013-12-31": "5.77400", "2013-09-30": "5.81000", "2013-06-30": "5.64200", "2013-03-31": "6.28500", "2012-12-31": "5.31400", "2012-09-30": "4.53400", "2012-06-30": "1.95300", "2012-03-31": "2.48400", "2011-12-31": "2.43100", "2011-09-30": "2.14400", "2011-06-30": "2.06000", "2011-03-31": "1.88400", "2010-12-31": "1.75800", "2010-09-30": "1.66500", "2010-06-30": ""}, "Other Operating Income Or Expenses": {"2020-09-30": "", "2020-06-30": "", "2020-03-31": "", "2019-12-31": "", "2019-09-30": "", "2019-06-30": "", "2019-03-31": "", "2018-12-31": "-18.00000", "2018-09-30": "", "2018-06-30": "", "2018-03-31": "", "2017-12-31": "", "2017-09-30": "", "2017-06-30": "", "2017-03-31": "", "2016-12-31": "", "2016-09-30": "", "2016-06-30": "0.00600", "2016-03-31": "-0.00300", "2015-12-31": "0.25700", "2015-09-30": "8.03400", "2015-06-30": "", "2015-03-31": "", "2014-12-31": "", "2014-09-30": "", "2014-06-30": "", "2014-03-31": "", "2013-12-31": "", "2013-09-30": "", "2013-06-30": "", "2013-03-31": "", "2012-12-31": "", "2012-09-30": "", "2012-06-30": "", "2012-03-31": "", "2011-12-31": "", "2011-09-30": "", "2011-06-30": "", "2011-03-31": "", "2010-12-31": "", "2010-09-30": "", "2010-06-30": ""}, "Operating Expenses": {"2020-09-30": "283.58000", "2020-06-30": "197.41800", "2020-03-31": "210.06000", "2019-12-31": "196.23600", "2019-09-30": "202.58800", "2019-06-30": "185.75600", "2019-03-31": "182.77400", "2018-12-31": "215.61900", "2018-09-30": "183.28700", "2018-06-30": "181.66390", "2018-03-31": "165.53400", "2017-12-31": "184.73100", "2017-09-30": "158.80500", "2017-06-30": "156.96600", "2017-03-31": "144.95000", "2016-12-31": "143.73600", "2016-09-30": "129.85500", "2016-06-30": "120.02400", "2016-03-31": "107.30100", "2015-12-31": "105.43500", "2015-09-30": "91.58000", "2015-06-30": "137.97700", "2015-03-31": "102.22500", "2014-12-31": "102.41400", "2014-09-30": "106.45300", "2014-06-30": "103.21300", "2014-03-31": "98.19600", "2013-12-31": "91.31900", "2013-09-30": "83.79100", "2013-06-30": "68.02500", "2013-03-31": "59.65200", "2012-12-31": "54.78200", "2012-09-30": "45.76000", "2012-06-30": "60.80800", "2012-03-31": "59.10900", "2011-12-31": "56.64100", "2011-09-30": "51.66700", "2011-06-30": "44.94000", "2011-03-31": "34.86900", "2010-12-31": "31.40700", "2010-09-30": "24.61400", "2010-06-30": ""}, "Operating Income": {"2020-09-30": "189.95300", "2020-06-30": "118.10400", "2020-03-31": "127.35700", "2019-12-31": "112.04800", "2019-09-30": "120.68900", "2019-06-30": "100.88500", "2019-03-31": "102.13700", "2018-12-31": "91.65700", "2018-09-30": "99.61800", "2018-06-30": "88.11410", "2018-03-31": "84.87000", "2017-12-31": "66.08000", "2017-09-30": "87.06300", "2017-06-30": "71.65000", "2017-03-31": "73.40900", "2016-12-31": "69.80000", "2016-09-30": "74.90200", "2016-06-30": "65.65200", "2016-03-31": "60.13200", "2015-12-31": "56.43600", "2015-09-30": "59.83500", "2015-06-30": "7.29000", "2015-03-31": "45.23100", "2014-12-31": "50.72300", "2014-09-30": "43.63400", "2014-06-30": "52.79400", "2014-03-31": "50.13500", "2013-12-31": "47.12000", "2013-09-30": "45.89600", "2013-06-30": "33.20700", "2013-03-31": "23.50300", "2012-12-31": "20.11900", "2012-09-30": "15.77500", "2012-06-30": "34.06000", "2012-03-31": "32.55600", "2011-12-31": "31.17600", "2011-09-30": "27.50000", "2011-06-30": "22.61400", "2011-03-31": "16.28200", "2010-12-31": "13.68000", "2010-09-30": "9.46800", "2010-06-30": ""}, "Total Non-Operating Income/Expense": {"2020-09-30": "-3.91700", "2020-06-30": "-4.64600", "2020-03-31": "-6.61800", "2019-12-31": "-12.08500", "2019-09-30": "-4.65300", "2019-06-30": "-3.62200", "2019-03-31": "-3.44700", "2018-12-31": "-3.21200", "2018-09-30": "-2.52700", "2018-06-30": "-3.45100", "2018-03-31": "-4.68100", "2017-12-31": "-2.49200", "2017-09-30": "-1.36100", "2017-06-30": "-1.43000", "2017-03-31": "-1.03800", "2016-12-31": "-1.17000", "2016-09-30": "-1.09900", "2016-06-30": "-0.83800", "2016-03-31": "-0.51000", "2015-12-31": "-0.65100", "2015-09-30": "-0.11600", "2015-06-30": "-0.32600", "2015-03-31": "-0.76300", "2014-12-31": "0.01700", "2014-09-30": "-0.05800", "2014-06-30": "-0.55600", "2014-03-31": "-0.28300", "2013-12-31": "-0.24900", "2013-09-30": "-0.24600", "2013-06-30": "-0.28100", "2013-03-31": "-0.28700", "2012-12-31": "-0.19700", "2012-09-30": "-0.08600", "2012-06-30": "-0.13300", "2012-03-31": "-0.19000", "2011-12-31": "-0.31200", "2011-09-30": "-0.63400", "2011-06-30": "0.02400", "2011-03-31": "0.00900", "2010-12-31": "0.03400", "2010-09-30": "0.00700", "2010-06-30": ""}, "Pre-Tax Income": {"2020-09-30": "186.03600", "2020-06-30": "113.45800", "2020-03-31": "120.73900", "2019-12-31": "99.96300", "2019-09-30": "116.03600", "2019-06-30": "97.26300", "2019-03-31": "98.69000", "2018-12-31": "88.44500", "2018-09-30": "97.09100", "2018-06-30": "84.66300", "2018-03-31": "80.18900", "2017-12-31": "63.58800", "2017-09-30": "85.70200", "2017-06-30": "70.22000", "2017-03-31": "72.37100", "2016-12-31": "68.63000", "2016-09-30": "73.80300", "2016-06-30": "64.80800", "2016-03-31": "59.62800", "2015-12-31": "55.78500", "2015-09-30": "59.71900", "2015-06-30": "6.96400", "2015-03-31": "44.46800", "2014-12-31": "50.74000", "2014-09-30": "43.57600", "2014-06-30": "52.23800", "2014-03-31": "49.85200", "2013-12-31": "46.87100", "2013-09-30": "45.65000", "2013-06-30": "32.92600", "2013-03-31": "23.21600", "2012-12-31": "19.92200", "2012-09-30": "15.68900", "2012-06-30": "33.92700", "2012-03-31": "32.36600", "2011-12-31": "30.86400", "2011-09-30": "26.86600", "2011-06-30": "22.68000", "2011-03-31": "16.29100", "2010-12-31": "13.71400", "2010-09-30": "9.47500", "2010-06-30": ""}, "Income Taxes": {"2020-09-30": "29.52700", "2020-06-30": "20.84000", "2020-03-31": "17.01700", "2019-12-31": "14.15200", "2019-09-30": "17.89000", "2019-06-30": "26.36800", "2019-03-31": "10.39000", "2018-12-31": "10.64900", "2018-09-30": "11.38800", "2018-06-30": "14.57800", "2018-03-31": "-22.55000", "2017-12-31": "115.04700", "2017-09-30": "10.77700", "2017-06-30": "9.54200", "2017-03-31": "7.93900", "2016-12-31": "8.02200", "2016-09-30": "2.01500", "2016-06-30": "7.10200", "2016-03-31": "6.92900", "2015-12-31": "6.33300", "2015-09-30": "5.96000", "2015-06-30": "2.44600", "2015-03-31": "3.33100", "2014-12-31": "4.47500", "2014-09-30": "5.83300", "2014-06-30": "2.82000", "2014-03-31": "4.65300", "2013-12-31": "5.07900", "2013-09-30": "5.12200", "2013-06-30": "4.08500", "2013-03-31": "2.54900", "2012-12-31": "2.11900", "2012-09-30": "2.51000", "2012-06-30": "5.44200", "2012-03-31": "4.44600", "2011-12-31": "6.17300", "2011-09-30": "5.37300", "2011-06-30": "4.56000", "2011-03-31": "3.25800", "2010-12-31": "2.73600", "2010-09-30": "1.89400", "2010-06-30": ""}, "Income After Taxes": {"2020-09-30": "156.50900", "2020-06-30": "92.61800", "2020-03-31": "103.72200", "2019-12-31": "85.81100", "2019-09-30": "98.14600", "2019-06-30": "70.89500", "2019-03-31": "88.30000", "2018-12-31": "77.79600", "2018-09-30": "85.70300", "2018-06-30": "70.08500", "2018-03-31": "102.73900", "2017-12-31": "-51.45900", "2017-09-30": "74.92500", "2017-06-30": "60.67800", "2017-03-31": "64.43200", "2016-12-31": "60.60800", "2016-09-30": "71.78800", "2016-06-30": "57.70600", "2016-03-31": "52.69900", "2015-12-31": "49.45200", "2015-09-30": "53.75900", "2015-06-30": "4.51800", "2015-03-31": "41.13700", "2014-12-31": "46.26500", "2014-09-30": "37.74300", "2014-06-30": "49.41800", "2014-03-31": "45.19900", "2013-12-31": "41.79200", "2013-09-30": "40.52800", "2013-06-30": "28.84100", "2013-03-31": "20.66700", "2012-12-31": "17.80300", "2012-09-30": "13.17900", "2012-06-30": "28.48500", "2012-03-31": "27.92000", "2011-12-31": "24.69100", "2011-09-30": "21.49300", "2011-06-30": "18.12000", "2011-03-31": "13.03300", "2010-12-31": "10.97800", "2010-09-30": "7.58100", "2010-06-30": ""}, "Other Income": {"2020-09-30": "", "2020-06-30": "", "2020-03-31": "", "2019-12-31": "", "2019-09-30": "", "2019-06-30": "", "2019-03-31": "", "2018-12-31": "", "2018-09-30": "", "2018-06-30": "", "2018-03-31": "", "2017-12-31": "", "2017-09-30": "", "2017-06-30": "", "2017-03-31": "", "2016-12-31": "", "2016-09-30": "", "2016-06-30": "", "2016-03-31": "", "2015-12-31": "", "2015-09-30": "", "2015-06-30": "", "2015-03-31": "", "2014-12-31": "", "2014-09-30": "", "2014-06-30": "", "2014-03-31": "", "2013-12-31": "", "2013-09-30": "", "2013-06-30": "", "2013-03-31": "", "2012-12-31": "", "2012-09-30": "", "2012-06-30": "", "2012-03-31": "", "2011-12-31": "", "2011-09-30": "", "2011-06-30": "0.00000", "2011-03-31": "", "2010-12-31": "", "2010-09-30": "", "2010-06-30": ""}, "Income From Continuous Operations": {"2020-09-30": "156.50900", "2020-06-30": "92.61800", "2020-03-31": "103.72200", "2019-12-31": "85.81100", "2019-09-30": "98.14600", "2019-06-30": "70.89500", "2019-03-31": "88.30000", "2018-12-31": "77.79600", "2018-09-30": "85.70300", "2018-06-30": "70.08500", "2018-03-31": "102.73900", "2017-12-31": "-51.45900", "2017-09-30": "74.92500", "2017-06-30": "60.67800", "2017-03-31": "64.43200", "2016-12-31": "60.60800", "2016-09-30": "71.78800", "2016-06-30": "57.70600", "2016-03-31": "52.69900", "2015-12-31": "49.45200", "2015-09-30": "53.75900", "2015-06-30": "4.51800", "2015-03-31": "41.13700", "2014-12-31": "46.26500", "2014-09-30": "37.74300", "2014-06-30": "49.41800", "2014-03-31": "45.19900", "2013-12-31": "41.79200", "2013-09-30": "40.52800", "2013-06-30": "28.84100", "2013-03-31": "20.66700", "2012-12-31": "17.80300", "2012-09-30": "13.17900", "2012-06-30": "28.48500", "2012-03-31": "27.92000", "2011-12-31": "24.69100", "2011-09-30": "21.49300", "2011-06-30": "18.13500", "2011-03-31": "13.03300", "2010-12-31": "10.97800", "2010-09-30": "7.58100", "2010-06-30": ""}, "Income From Discontinued Operations": {"2020-09-30": "", "2020-06-30": "", "2020-03-31": "", "2019-12-31": "", "2019-09-30": "", "2019-06-30": "", "2019-03-31": "", "2018-12-31": "", "2018-09-30": "", "2018-06-30": "", "2018-03-31": "", "2017-12-31": "", "2017-09-30": "", "2017-06-30": "", "2017-03-31": "", "2016-12-31": "", "2016-09-30": "", "2016-06-30": "", "2016-03-31": "", "2015-12-31": "", "2015-09-30": "", "2015-06-30": "", "2015-03-31": "", "2014-12-31": "", "2014-09-30": "", "2014-06-30": "", "2014-03-31": "", "2013-12-31": "", "2013-09-30": "", "2013-06-30": "", "2013-03-31": "", "2012-12-31": "", "2012-09-30": "", "2012-06-30": "", "2012-03-31": "", "2011-12-31": "", "2011-09-30": "", "2011-06-30": "0.00000", "2011-03-31": "", "2010-12-31": "", "2010-09-30": "", "2010-06-30": ""}, "Net Income": {"2020-09-30": "156.50900", "2020-06-30": "92.61800", "2020-03-31": "103.72200", "2019-12-31": "85.81100", "2019-09-30": "98.14600", "2019-06-30": "70.89500", "2019-03-31": "88.30000", "2018-12-31": "77.79600", "2018-09-30": "85.70300", "2018-06-30": "70.08500", "2018-03-31": "102.73900", "2017-12-31": "-51.45900", "2017-09-30": "74.92500", "2017-06-30": "60.67800", "2017-03-31": "64.43200", "2016-12-31": "60.60800", "2016-09-30": "71.78800", "2016-06-30": "57.70600", "2016-03-31": "52.69900", "2015-12-31": "49.45200", "2015-09-30": "53.75900", "2015-06-30": "4.51800", "2015-03-31": "41.13700", "2014-12-31": "46.26500", "2014-09-30": "37.74300", "2014-06-30": "49.41800", "2014-03-31": "45.19900", "2013-12-31": "41.79200", "2013-09-30": "40.52800", "2013-06-30": "28.84100", "2013-03-31": "20.66700", "2012-12-31": "17.80300", "2012-09-30": "13.17900", "2012-06-30": "29.04400", "2012-03-31": "27.92000", "2011-12-31": "14.42800", "2011-09-30": "-81.23400", "2011-06-30": "18.13500", "2011-03-31": "3.09700", "2010-12-31": "4.03700", "2010-09-30": "3.72200", "2010-06-30": ""}, "EBITDA": {"2020-09-30": "193.05300", "2020-06-30": "121.20400", "2020-03-31": "129.30100", "2019-12-31": "119.36600", "2019-09-30": "122.77700", "2019-06-30": "103.10400", "2019-03-31": "104.13600", "2018-12-31": "93.46500", "2018-09-30": "101.56600", "2018-06-30": "90.63310", "2018-03-31": "86.99700", "2017-12-31": "67.84000", "2017-09-30": "88.71800", "2017-06-30": "73.67900", "2017-03-31": "75.37600", "2016-12-31": "71.62200", "2016-09-30": "76.44300", "2016-06-30": "67.26100", "2016-03-31": "61.69100", "2015-12-31": "57.94500", "2015-09-30": "61.45200", "2015-06-30": "9.08300", "2015-03-31": "46.49700", "2014-12-31": "51.75500", "2014-09-30": "44.51400", "2014-06-30": "53.57500", "2014-03-31": "50.84300", "2013-12-31": "47.74500", "2013-09-30": "46.60100", "2013-06-30": "33.90800", "2013-03-31": "24.01200", "2012-12-31": "20.52300", "2012-09-30": "16.12400", "2012-06-30": "34.26800", "2012-03-31": "32.72300", "2011-12-31": "31.28200", "2011-09-30": "27.62100", "2011-06-30": "22.68900", "2011-03-31": "16.33600", "2010-12-31": "13.72800", "2010-09-30": "9.50100", "2010-06-30": ""}, "EBIT": {"2020-09-30": "189.95300", "2020-06-30": "118.10400", "2020-03-31": "127.35700", "2019-12-31": "112.04800", "2019-09-30": "120.68900", "2019-06-30": "100.88500", "2019-03-31": "102.13700", "2018-12-31": "91.65700", "2018-09-30": "99.61800", "2018-06-30": "88.11410", "2018-03-31": "84.87000", "2017-12-31": "66.08000", "2017-09-30": "87.06300", "2017-06-30": "71.65000", "2017-03-31": "73.40900", "2016-12-31": "69.80000", "2016-09-30": "74.90200", "2016-06-30": "65.65200", "2016-03-31": "60.13200", "2015-12-31": "56.43600", "2015-09-30": "59.83500", "2015-06-30": "7.29000", "2015-03-31": "45.23100", "2014-12-31": "50.72300", "2014-09-30": "43.63400", "2014-06-30": "52.79400", "2014-03-31": "50.13500", "2013-12-31": "47.12000", "2013-09-30": "45.89600", "2013-06-30": "33.20700", "2013-03-31": "23.50300", "2012-12-31": "20.11900", "2012-09-30": "15.77500", "2012-06-30": "34.06000", "2012-03-31": "32.55600", "2011-12-31": "31.17600", "2011-09-30": "27.50000", "2011-06-30": "22.61400", "2011-03-31": "16.28200", "2010-12-31": "13.68000", "2010-09-30": "9.46800", "2010-06-30": ""}, "Basic Shares Outstanding": {"2020-09-30": "63.61200", "2020-06-30": "65.42700", "2020-03-31": "64.63000", "2019-12-31": "64.97300", "2019-09-30": "68.39000", "2019-06-30": "71.43500", "2019-03-31": "70.54000", "2018-12-31": "71.22500", "2018-09-30": "73.77400", "2018-06-30": "77.17900", "2018-03-31": "76.78200", "2017-12-31": "77.65400", "2017-09-30": "80.13500", "2017-06-30": "81.47800", "2017-03-31": "81.65200", "2016-12-31": "82.16900", "2016-09-30": "81.81200", "2016-06-30": "84.40200", "2016-03-31": "83.34900", "2015-12-31": "84.72400", "2015-09-30": "87.06200", "2015-06-30": "88.00800", "2015-03-31": "87.90400", "2014-12-31": "88.19600", "2014-09-30": "88.24000", "2014-06-30": "87.77200", "2014-03-31": "87.90100", "2013-12-31": "87.66100", "2013-09-30": "87.41100", "2013-06-30": "88.31400", "2013-03-31": "87.00400", "2012-12-31": "88.09400", "2012-09-30": "90.97000", "2012-06-30": "83.46000", "2012-03-31": "91.86100", "2011-12-31": "87.48700", "2011-09-30": "62.71700", "2011-06-30": "62.65200", "2011-03-31": "62.61000", "2010-12-31": "62.61000", "2010-09-30": "64.48600", "2010-06-30": ""}, "Shares Outstanding": {"2020-09-30": "63.67300", "2020-06-30": "65.51400", "2020-03-31": "64.69900", "2019-12-31": "65.07100", "2019-09-30": "68.48400", "2019-06-30": "71.60200", "2019-03-31": "70.69200", "2018-12-31": "71.40600", "2018-09-30": "73.96300", "2018-06-30": "78.33100", "2018-03-31": "77.95300", "2017-12-31": "77.65400", "2017-09-30": "81.74800", "2017-06-30": "83.25200", "2017-03-31": "83.31700", "2016-12-31": "83.88800", "2016-09-30": "83.85400", "2016-06-30": "85.78400", "2016-03-31": "84.68500", "2015-12-31": "86.09100", "2015-09-30": "88.46500", "2015-06-30": "89.56900", "2015-03-31": "89.40000", "2014-12-31": "89.73700", "2014-09-30": "89.91300", "2014-06-30": "89.71500", "2014-03-31": "89.77500", "2013-12-31": "89.65300", "2013-09-30": "89.47300", "2013-06-30": "90.25900", "2013-03-31": "88.95300", "2012-12-31": "90.05600", "2012-09-30": "92.92500", "2012-06-30": "83.46000", "2012-03-31": "94.17700", "2011-12-31": "90.05600", "2011-09-30": "62.71700", "2011-06-30": "62.65200", "2011-03-31": "66.41600", "2010-12-31": "66.34900", "2010-09-30": "68.05800", "2010-06-30": ""}, "Basic EPS": {"2020-09-30": "2.46000", "2020-06-30": "1.45000", "2020-03-31": "1.60000", "2019-12-31": "1.32000", "2019-09-30": "1.44000", "2019-06-30": "1.02000", "2019-03-31": "1.25000", "2018-12-31": "1.09000", "2018-09-30": "1.16000", "2018-06-30": "0.93000", "2018-03-31": "1.34000", "2017-12-31": "-0.66000", "2017-09-30": "0.93000", "2017-06-30": "0.75000", "2017-03-31": "0.79000", "2016-12-31": "0.74000", "2016-09-30": "0.88000", "2016-06-30": "0.70000", "2016-03-31": "0.63000", "2015-12-31": "0.58000", "2015-09-30": "0.62000", "2015-06-30": "0.05000", "2015-03-31": "0.47000", "2014-12-31": "0.52000", "2014-09-30": "0.43000", "2014-06-30": "0.57000", "2014-03-31": "0.51000", "2013-12-31": "0.48000", "2013-09-30": "0.46000", "2013-06-30": "0.33000", "2013-03-31": "0.24000", "2012-12-31": "0.20000", "2012-09-30": "0.14000", "2012-06-30": "0.72000", "2012-03-31": "0.30000", "2011-12-31": "0.16000", "2011-09-30": "-1.30000", "2011-06-30": "-0.15000", "2011-03-31": "0.05000", "2010-12-31": "0.06000", "2010-09-30": "0.06000", "2010-06-30": ""}, "EPS - Earnings Per Share": {"2020-09-30": "2.46000", "2020-06-30": "1.45000", "2020-03-31": "1.60000", "2019-12-31": "1.32000", "2019-09-30": "1.43000", "2019-06-30": "1.01000", "2019-03-31": "1.25000", "2018-12-31": "1.09000", "2018-09-30": "1.16000", "2018-06-30": "0.93000", "2018-03-31": "1.32000", "2017-12-31": "-0.66000", "2017-09-30": "0.92000", "2017-06-30": "0.74000", "2017-03-31": "0.77000", "2016-12-31": "0.72000", "2016-09-30": "0.86000", "2016-06-30": "0.69000", "2016-03-31": "0.62000", "2015-12-31": "0.57000", "2015-09-30": "0.61000", "2015-06-30": "0.05000", "2015-03-31": "0.46000", "2014-12-31": "0.52000", "2014-09-30": "0.42000", "2014-06-30": "0.55000", "2014-03-31": "0.50000", "2013-12-31": "0.47000", "2013-09-30": "0.45000", "2013-06-30": "0.32000", "2013-03-31": "0.23000", "2012-12-31": "0.20000", "2012-09-30": "0.14000", "2012-06-30": "0.72000", "2012-03-31": "0.30000", "2011-12-31": "0.16000", "2011-09-30": "-1.30000", "2011-06-30": "-0.15000", "2011-03-31": "0.05000", "2010-12-31": "0.06000", "2010-09-30": "0.06000", "2010-06-30": "0.00000"}}, "balance sheet": {"Cash On Hand": {"2020-06-30": "143.54200", "2019-06-30": "308.01300", "2018-06-30": "666.68100", "2017-06-30": "604.19800", "2016-06-30": "551.03100", "2015-06-30": "446.40100", "2014-06-30": "347.09700", "2013-06-30": "227.82600", "2012-06-30": "122.06000", "2011-06-30": "76.36100", "2010-06-30": ""}, "Receivables": {"2020-06-30": "142.16000", "2019-06-30": "156.04300", "2018-06-30": "174.52100", "2017-06-30": "140.56100", "2016-06-30": "82.79000", "2015-06-30": "66.10400", "2014-06-30": "54.87100", "2013-06-30": "35.88400", "2012-06-30": "75.64400", "2011-06-30": "39.81100", "2010-06-30": ""}, "Inventory": {"2020-06-30": "285.94300", "2019-06-30": "264.28100", "2018-06-30": "102.22000", "2017-06-30": "142.04800", "2016-06-30": "57.11300", "2015-06-30": "37.03100", "2014-06-30": "46.34900", "2013-06-30": "15.88000", "2012-06-30": "7.73400", "2011-06-30": "5.66300", "2010-06-30": ""}, "Pre-Paid Expenses": {"2020-06-30": "9.06800", "2019-06-30": "13.86600", "2018-06-30": "18.90100", "2017-06-30": "11.44500", "2016-06-30": "7.19500", "2015-06-30": "10.27700", "2014-06-30": "16.52300", "2013-06-30": "3.15100", "2012-06-30": "1.57700", "2011-06-30": "6.26700", "2010-06-30": ""}, "Other Current Assets": {"2020-06-30": "5.93400", "2019-06-30": "11.60800", "2018-06-30": "39.02900", "2017-06-30": "54.08200", "2016-06-30": "30.25500", "2015-06-30": "19.99800", "2014-06-30": "", "2013-06-30": "", "2012-06-30": "", "2011-06-30": "", "2010-06-30": ""}, "Total Current Assets": {"2020-06-30": "586.64700", "2019-06-30": "753.81100", "2018-06-30": "1001.35200", "2017-06-30": "952.33400", "2016-06-30": "728.38400", "2015-06-30": "581.34600", "2014-06-30": "465.72400", "2013-06-30": "283.47400", "2012-06-30": "207.89700", "2011-06-30": "128.10200", "2010-06-30": ""}, "Property, Plant, And Equipment": {"2020-06-30": "78.52200", "2019-06-30": "13.61800", "2018-06-30": "14.32800", "2017-06-30": "12.91600", "2016-06-30": "12.95300", "2015-06-30": "15.60200", "2014-06-30": "7.26000", "2013-06-30": "5.97600", "2012-06-30": "4.47100", "2011-06-30": "1.02200", "2010-06-30": ""}, "Long-Term Investments": {"2020-06-30": "0.51300", "2019-06-30": "31.58500", "2018-06-30": "", "2017-06-30": "", "2016-06-30": "", "2015-06-30": "", "2014-06-30": "", "2013-06-30": "", "2012-06-30": "", "2011-06-30": "", "2010-06-30": ""}, "Goodwill And Intangible Assets": {"2020-06-30": "", "2019-06-30": "", "2018-06-30": "", "2017-06-30": "", "2016-06-30": "", "2015-06-30": "", "2014-06-30": "", "2013-06-30": "", "2012-06-30": "", "2011-06-30": "", "2010-06-30": "0.00000"}, "Other Long-Term Assets": {"2020-06-30": "43.22300", "2019-06-30": "73.94100", "2018-06-30": "3.79100", "2017-06-30": "2.32800", "2016-06-30": "1.57600", "2015-06-30": "2.10900", "2014-06-30": "1.91200", "2013-06-30": "2.88600", "2012-06-30": "1.13600", "2011-06-30": "2.23000", "2010-06-30": ""}, "Total Long-Term Assets": {"2020-06-30": "150.80400", "2019-06-30": "122.05400", "2018-06-30": "21.22500", "2017-06-30": "20.37700", "2016-06-30": "18.72400", "2015-06-30": "19.22600", "2014-06-30": "10.42700", "2013-06-30": "8.86600", "2012-06-30": "5.83900", "2011-06-30": "3.57600", "2010-06-30": ""}, "Total Assets": {"2020-06-30": "737.45100", "2019-06-30": "875.86500", "2018-06-30": "1022.57700", "2017-06-30": "972.71100", "2016-06-30": "747.10800", "2015-06-30": "600.57200", "2014-06-30": "476.15100", "2013-06-30": "292.34000", "2012-06-30": "213.73600", "2011-06-30": "131.67800", "2010-06-30": "0.00000"}, "Total Current Liabilities": {"2020-06-30": "264.29700", "2019-06-30": "179.18600", "2018-06-30": "112.91600", "2017-06-30": "98.48800", "2016-06-30": "90.66300", "2015-06-30": "70.13400", "2014-06-30": "52.31500", "2013-06-30": "59.42100", "2012-06-30": "52.43500", "2011-06-30": "37.80100", "2010-06-30": ""}, "Long Term Debt": {"2020-06-30": "628.43700", "2019-06-30": "464.70000", "2018-06-30": "460.35200", "2017-06-30": "241.82100", "2016-06-30": "191.56400", "2015-06-30": "87.50000", "2014-06-30": "72.25400", "2013-06-30": "71.11600", "2012-06-30": "22.62300", "2011-06-30": "", "2010-06-30": ""}, "Other Non-Current Liabilities": {"2020-06-30": "6.31200", "2019-06-30": "8.44000", "2018-06-30": "5.84200", "2017-06-30": "30.63800", "2016-06-30": "23.20200", "2015-06-30": "19.81000", "2014-06-30": "15.34600", "2013-06-30": "11.85700", "2012-06-30": "7.72700", "2011-06-30": "1.90200", "2010-06-30": ""}, "Total Long Term Liabilities": {"2020-06-30": "768.61210", "2019-06-30": "597.40200", "2018-06-30": "593.91300", "2017-06-30": "272.45900", "2016-06-30": "216.06900", "2015-06-30": "108.28400", "2014-06-30": "88.57200", "2013-06-30": "85.48300", "2012-06-30": "30.35000", "2011-06-30": "1.90200", "2010-06-30": ""}, "Total Liabilities": {"2020-06-30": "1032.90900", "2019-06-30": "776.58800", "2018-06-30": "706.82900", "2017-06-30": "370.94700", "2016-06-30": "306.73200", "2015-06-30": "178.41800", "2014-06-30": "140.88700", "2013-06-30": "144.90400", "2012-06-30": "82.78500", "2011-06-30": "39.70300", "2010-06-30": "0.00000"}, "Common Stock Net": {"2020-06-30": "0.06400", "2019-06-30": "0.06900", "2018-06-30": "0.07400", "2017-06-30": "0.08000", "2016-06-30": "0.08200", "2015-06-30": "0.08700", "2014-06-30": "0.08800", "2013-06-30": "0.08700", "2012-06-30": "0.09200", "2011-06-30": "0.06300", "2010-06-30": "0.00000"}, "Retained Earnings (Accumulated Deficit)": {"2020-06-30": "-295.97800", "2019-06-30": "98.81500", "2018-06-30": "315.28100", "2017-06-30": "601.15900", "2016-06-30": "440.29400", "2015-06-30": "422.06700", "2014-06-30": "313.16800", "2013-06-30": "136.23100", "2012-06-30": "71.39300", "2011-06-30": "15.03500", "2010-06-30": ""}, "Comprehensive Income": {"2020-06-30": "0.00900", "2019-06-30": "0.39300", "2018-06-30": "", "2017-06-30": "", "2016-06-30": "", "2015-06-30": "", "2014-06-30": "", "2013-06-30": "", "2012-06-30": "", "2011-06-30": "", "2010-06-30": ""}, "Other Share Holders Equity": {"2020-06-30": "", "2019-06-30": "", "2018-06-30": "", "2017-06-30": "", "2016-06-30": "", "2015-06-30": "", "2014-06-30": "", "2013-06-30": "", "2012-06-30": "", "2011-06-30": "", "2010-06-30": "0.00000"}, "Share Holder Equity": {"2020-06-30": "-295.45800", "2019-06-30": "99.27700", "2018-06-30": "315.74800", "2017-06-30": "601.76400", "2016-06-30": "440.37600", "2015-06-30": "422.15400", "2014-06-30": "335.26400", "2013-06-30": "147.43600", "2012-06-30": "130.95100", "2011-06-30": "91.97500", "2010-06-30": "0.00000"}, "Total Liabilities And Share Holders Equity": {"2020-06-30": "737.45100", "2019-06-30": "875.86500", "2018-06-30": "1022.57700", "2017-06-30": "972.71100", "2016-06-30": "747.10800", "2015-06-30": "600.57200", "2014-06-30": "476.15100", "2013-06-30": "292.34000", "2012-06-30": "213.73600", "2011-06-30": "131.67800", "2010-06-30": "0.00000"}}, "balance sheet, quarterly": {"Cash On Hand": {"2020-09-30": "129.44000", "2020-06-30": "143.54200", "2020-03-31": "84.71300", "2019-12-31": "115.89000", "2019-09-30": "152.14600", "2019-06-30": "308.01300", "2019-03-31": "371.58900", "2018-12-31": "396.82300", "2018-09-30": "577.07800", "2018-06-30": "666.68100", "2018-03-31": "690.80600", "2017-12-31": "823.77600", "2017-09-30": "631.81000", "2017-06-30": "604.19800", "2017-03-31": "533.94400", "2016-12-31": "612.72500", "2016-09-30": "573.64400", "2016-06-30": "551.03100", "2016-03-31": "502.54900", "2015-12-31": "496.67200", "2015-09-30": "436.08000", "2015-06-30": "446.40100", "2015-03-31": "451.15900", "2014-12-31": "388.60300", "2014-09-30": "391.01600", "2014-06-30": "347.09700", "2014-03-31": "291.67000", "2013-12-31": "305.55300", "2013-09-30": "279.72900", "2013-06-30": "227.82600", "2013-03-31": "181.68900", "2012-12-31": "148.30100", "2012-09-30": "132.48600", "2012-06-30": "122.06000", "2012-03-31": "94.20000", "2011-12-31": "64.84400", "2011-09-30": "52.57600", "2011-06-30": "76.36100", "2011-03-31": "", "2010-12-31": "", "2010-09-30": "", "2010-06-30": ""}, "Receivables": {"2020-09-30": "196.02200", "2020-06-30": "142.16000", "2020-03-31": "173.88200", "2019-12-31": "147.08100", "2019-09-30": "174.25600", "2019-06-30": "156.04300", "2019-03-31": "159.86700", "2018-12-31": "174.32700", "2018-09-30": "165.29400", "2018-06-30": "174.52100", "2018-03-31": "158.43900", "2017-12-31": "159.15300", "2017-09-30": "128.58900", "2017-06-30": "140.56100", "2017-03-31": "125.34100", "2016-12-31": "115.81600", "2016-09-30": "95.72800", "2016-06-30": "82.79000", "2016-03-31": "75.24500", "2015-12-31": "64.56800", "2015-09-30": "63.58500", "2015-06-30": "66.10400", "2015-03-31": "69.90800", "2014-12-31": "72.56900", "2014-09-30": "65.87500", "2014-06-30": "54.87100", "2014-03-31": "49.53000", "2013-12-31": "36.80900", "2013-09-30": "35.79800", "2013-06-30": "35.88400", "2013-03-31": "38.41700", "2012-12-31": "55.90200", "2012-09-30": "60.87700", "2012-06-30": "75.64400", "2012-03-31": "68.52800", "2011-12-31": "61.41700", "2011-09-30": "48.08100", "2011-06-30": "39.81100", "2011-03-31": "", "2010-12-31": "", "2010-09-30": "", "2010-06-30": ""}, "Inventory": {"2020-09-30": "256.03800", "2020-06-30": "285.94300", "2020-03-31": "205.24400", "2019-12-31": "248.58500", "2019-09-30": "244.11200", "2019-06-30": "264.28100", "2019-03-31": "279.92400", "2018-12-31": "255.77800", "2018-09-30": "139.92600", "2018-06-30": "102.22000", "2018-03-31": "92.77200", "2017-12-31": "98.89300", "2017-09-30": "122.26300", "2017-06-30": "142.04800", "2017-03-31": "132.51200", "2016-12-31": "104.41700", "2016-09-30": "79.84100", "2016-06-30": "57.11300", "2016-03-31": "42.77600", "2015-12-31": "33.10500", "2015-09-30": "30.69400", "2015-06-30": "37.03100", "2015-03-31": "41.71700", "2014-12-31": "37.50900", "2014-09-30": "38.74700", "2014-06-30": "46.34900", "2014-03-31": "66.00400", "2013-12-31": "32.32300", "2013-09-30": "16.37500", "2013-06-30": "15.88000", "2013-03-31": "19.38100", "2012-12-31": "14.62300", "2012-09-30": "7.63200", "2012-06-30": "7.73400", "2012-03-31": "9.11100", "2011-12-31": "8.98000", "2011-09-30": "8.37400", "2011-06-30": "5.66300", "2011-03-31": "", "2010-12-31": "", "2010-09-30": "", "2010-06-30": ""}, "Pre-Paid Expenses": {"2020-09-30": "15.51600", "2020-06-30": "9.06800", "2020-03-31": "10.93600", "2019-12-31": "11.11700", "2019-09-30": "22.44800", "2019-06-30": "13.86600", "2019-03-31": "26.04600", "2018-12-31": "14.23600", "2018-09-30": "16.40300", "2018-06-30": "18.90100", "2018-03-31": "29.33600", "2017-12-31": "11.29500", "2017-09-30": "10.45400", "2017-06-30": "11.44500", "2017-03-31": "21.13500", "2016-12-31": "16.56600", "2016-09-30": "6.30100", "2016-06-30": "7.19500", "2016-03-31": "5.84800", "2015-12-31": "8.44000", "2015-09-30": "13.64100", "2015-06-30": "10.27700", "2015-03-31": "37.61000", "2014-12-31": "37.02900", "2014-09-30": "21.74400", "2014-06-30": "16.52300", "2014-03-31": "16.63000", "2013-12-31": "7.22400", "2013-09-30": "2.27300", "2013-06-30": "3.15100", "2013-03-31": "3.26900", "2012-12-31": "2.77100", "2012-09-30": "2.42800", "2012-06-30": "1.57700", "2012-03-31": "1.78400", "2011-12-31": "5.35900", "2011-09-30": "5.25600", "2011-06-30": "6.26700", "2011-03-31": "", "2010-12-31": "", "2010-09-30": "", "2010-06-30": ""}, "Other Current Assets": {"2020-09-30": "4.93500", "2020-06-30": "5.93400", "2020-03-31": "8.02100", "2019-12-31": "6.69100", "2019-09-30": "7.82000", "2019-06-30": "11.60800", "2019-03-31": "23.72100", "2018-12-31": "24.75300", "2018-09-30": "33.04500", "2018-06-30": "39.02900", "2018-03-31": "48.14000", "2017-12-31": "54.52300", "2017-09-30": "69.54200", "2017-06-30": "54.08200", "2017-03-31": "49.77900", "2016-12-31": "37.06800", "2016-09-30": "30.08800", "2016-06-30": "30.25500", "2016-03-31": "13.45900", "2015-12-31": "15.62000", "2015-09-30": "19.05200", "2015-06-30": "19.99800", "2015-03-31": "", "2014-12-31": "", "2014-09-30": "", "2014-06-30": "", "2014-03-31": "", "2013-12-31": "", "2013-09-30": "", "2013-06-30": "", "2013-03-31": "", "2012-12-31": "", "2012-09-30": "", "2012-06-30": "", "2012-03-31": "", "2011-12-31": "", "2011-09-30": "", "2011-06-30": "", "2011-03-31": "", "2010-12-31": "", "2010-09-30": "", "2010-06-30": ""}, "Total Current Assets": {"2020-09-30": "601.95100", "2020-06-30": "586.64700", "2020-03-31": "482.79600", "2019-12-31": "529.36400", "2019-09-30": "600.78200", "2019-06-30": "753.81100", "2019-03-31": "861.14700", "2018-12-31": "865.91700", "2018-09-30": "931.74600", "2018-06-30": "1001.35200", "2018-03-31": "1019.49300", "2017-12-31": "1147.64000", "2017-09-30": "962.65800", "2017-06-30": "952.33400", "2017-03-31": "862.71100", "2016-12-31": "886.59200", "2016-09-30": "785.60200", "2016-06-30": "728.38400", "2016-03-31": "641.42800", "2015-12-31": "619.94000", "2015-09-30": "564.58700", "2015-06-30": "581.34600", "2015-03-31": "601.19100", "2014-12-31": "536.59400", "2014-09-30": "518.26600", "2014-06-30": "465.72400", "2014-03-31": "424.73700", "2013-12-31": "382.64200", "2013-09-30": "334.90800", "2013-06-30": "283.47400", "2013-03-31": "243.63800", "2012-12-31": "222.47900", "2012-09-30": "204.30500", "2012-06-30": "207.89700", "2012-03-31": "174.54500", "2011-12-31": "141.52100", "2011-09-30": "115.19400", "2011-06-30": "128.10200", "2011-03-31": "", "2010-12-31": "", "2010-09-30": "", "2010-06-30": ""}, "Property, Plant, And Equipment": {"2020-09-30": "78.48100", "2020-06-30": "78.52200", "2020-03-31": "79.04800", "2019-12-31": "15.23700", "2019-09-30": "14.66700", "2019-06-30": "13.61800", "2019-03-31": "13.41200", "2018-12-31": "13.24300", "2018-09-30": "13.47100", "2018-06-30": "14.32800", "2018-03-31": "14.79100", "2017-12-31": "15.65700", "2017-09-30": "13.94600", "2017-06-30": "12.91600", "2017-03-31": "13.34500", "2016-12-31": "12.62200", "2016-09-30": "12.52000", "2016-06-30": "12.95300", "2016-03-31": "13.12700", "2015-12-31": "13.35900", "2015-09-30": "15.75500", "2015-06-30": "15.60200", "2015-03-31": "14.75900", "2014-12-31": "13.75900", "2014-09-30": "9.99500", "2014-06-30": "7.26000", "2014-03-31": "7.17400", "2013-12-31": "6.79300", "2013-09-30": "5.83400", "2013-06-30": "5.97600", "2013-03-31": "6.17800", "2012-12-31": "5.66400", "2012-09-30": "5.04200", "2012-06-30": "4.47100", "2012-03-31": "2.24500", "2011-12-31": "1.90500", "2011-09-30": "1.10600", "2011-06-30": "1.02200", "2011-03-31": "", "2010-12-31": "", "2010-09-30": "", "2010-06-30": ""}, "Long-Term Investments": {"2020-09-30": "", "2020-06-30": "0.51300", "2020-03-31": "5.11300", "2019-12-31": "10.33200", "2019-09-30": "19.54800", "2019-06-30": "31.58500", "2019-03-31": "40.66800", "2018-12-31": "42.29600", "2018-09-30": "48.44500", "2018-06-30": "", "2018-03-31": "", "2017-12-31": "", "2017-09-30": "", "2017-06-30": "", "2017-03-31": "", "2016-12-31": "", "2016-09-30": "", "2016-06-30": "", "2016-03-31": "", "2015-12-31": "", "2015-09-30": "", "2015-06-30": "", "2015-03-31": "", "2014-12-31": "", "2014-09-30": "", "2014-06-30": "", "2014-03-31": "", "2013-12-31": "", "2013-09-30": "", "2013-06-30": "", "2013-03-31": "", "2012-12-31": "", "2012-09-30": "", "2012-06-30": "", "2012-03-31": "", "2011-12-31": "", "2011-09-30": "", "2011-06-30": "", "2011-03-31": "", "2010-12-31": "", "2010-09-30": "", "2010-06-30": ""}, "Goodwill And Intangible Assets": {"2020-09-30": "", "2020-06-30": "", "2020-03-31": "", "2019-12-31": "", "2019-09-30": "", "2019-06-30": "", "2019-03-31": "", "2018-12-31": "", "2018-09-30": "", "2018-06-30": "", "2018-03-31": "", "2017-12-31": "", "2017-09-30": "", "2017-06-30": "", "2017-03-31": "", "2016-12-31": "", "2016-09-30": "", "2016-06-30": "", "2016-03-31": "", "2015-12-31": "", "2015-09-30": "", "2015-06-30": "", "2015-03-31": "", "2014-12-31": "", "2014-09-30": "", "2014-06-30": "", "2014-03-31": "", "2013-12-31": "", "2013-09-30": "", "2013-06-30": "", "2013-03-31": "", "2012-12-31": "", "2012-09-30": "", "2012-06-30": "", "2012-03-31": "", "2011-12-31": "", "2011-09-30": "", "2011-06-30": "", "2011-03-31": "0.00000", "2010-12-31": "0.00000", "2010-09-30": "0.00000", "2010-06-30": "0.00000"}, "Other Long-Term Assets": {"2020-09-30": "42.92300", "2020-06-30": "43.22300", "2020-03-31": "27.41900", "2019-12-31": "84.74800", "2019-09-30": "89.99200", "2019-06-30": "73.94100", "2019-03-31": "12.21600", "2018-12-31": "11.75000", "2018-09-30": "6.72900", "2018-06-30": "3.79100", "2018-03-31": "3.70300", "2017-12-31": "2.15100", "2017-09-30": "2.00600", "2017-06-30": "2.32800", "2017-03-31": "1.93700", "2016-12-31": "2.02900", "2016-09-30": "1.65600", "2016-06-30": "1.57600", "2016-03-31": "2.26100", "2015-12-31": "1.91800", "2015-09-30": "2.02000", "2015-06-30": "2.10900", "2015-03-31": "2.23500", "2014-12-31": "1.76500", "2014-09-30": "1.80400", "2014-06-30": "1.91200", "2014-03-31": "2.66200", "2013-12-31": "3.10500", "2013-09-30": "2.70100", "2013-06-30": "2.88600", "2013-03-31": "1.77500", "2012-12-31": "1.80400", "2012-09-30": "1.57700", "2012-06-30": "1.13600", "2012-03-31": "0.40100", "2011-12-31": "0.41000", "2011-09-30": "2.68100", "2011-06-30": "2.23000", "2011-03-31": "", "2010-12-31": "", "2010-09-30": "", "2010-06-30": ""}, "Total Long-Term Assets": {"2020-09-30": "149.91300", "2020-06-30": "150.80400", "2020-03-31": "137.82300", "2019-12-31": "137.72800", "2019-09-30": "149.78600", "2019-06-30": "122.05400", "2019-03-31": "69.40200", "2018-12-31": "70.39500", "2018-09-30": "71.75100", "2018-06-30": "21.22500", "2018-03-31": "21.32700", "2017-12-31": "20.68800", "2017-09-30": "21.08500", "2017-06-30": "20.37700", "2017-03-31": "19.32000", "2016-12-31": "18.84600", "2016-09-30": "18.37100", "2016-06-30": "18.72400", "2016-03-31": "16.92600", "2015-12-31": "16.81500", "2015-09-30": "19.31300", "2015-06-30": "19.22600", "2015-03-31": "18.09400", "2014-12-31": "16.77900", "2014-09-30": "13.05400", "2014-06-30": "10.42700", "2014-03-31": "9.83600", "2013-12-31": "9.90200", "2013-09-30": "8.53900", "2013-06-30": "8.86600", "2013-03-31": "8.18500", "2012-12-31": "7.70000", "2012-09-30": "6.85100", "2012-06-30": "5.83900", "2012-03-31": "2.97000", "2011-12-31": "2.63900", "2011-09-30": "4.11100", "2011-06-30": "3.57600", "2011-03-31": "", "2010-12-31": "", "2010-09-30": "", "2010-06-30": ""}, "Total Assets": {"2020-09-30": "751.86400", "2020-06-30": "737.45100", "2020-03-31": "620.61900", "2019-12-31": "667.09200", "2019-09-30": "750.56800", "2019-06-30": "875.86500", "2019-03-31": "930.54900", "2018-12-31": "936.31200", "2018-09-30": "1003.49700", "2018-06-30": "1022.57700", "2018-03-31": "1040.82000", "2017-12-31": "1168.32800", "2017-09-30": "983.74300", "2017-06-30": "972.71100", "2017-03-31": "882.03100", "2016-12-31": "905.43800", "2016-09-30": "803.97300", "2016-06-30": "747.10800", "2016-03-31": "658.35400", "2015-12-31": "636.75500", "2015-09-30": "583.90000", "2015-06-30": "600.57200", "2015-03-31": "619.28500", "2014-12-31": "553.37300", "2014-09-30": "531.32000", "2014-06-30": "476.15100", "2014-03-31": "434.57300", "2013-12-31": "392.54400", "2013-09-30": "343.44700", "2013-06-30": "292.34000", "2013-03-31": "251.82300", "2012-12-31": "230.17900", "2012-09-30": "211.15600", "2012-06-30": "213.73600", "2012-03-31": "177.51500", "2011-12-31": "144.16000", "2011-09-30": "119.30500", "2011-06-30": "131.67800", "2011-03-31": "0.00000", "2010-12-31": "0.00000", "2010-09-30": "0.00000", "2010-06-30": "0.00000"}, "Total Current Liabilities": {"2020-09-30": "267.05000", "2020-06-30": "264.29700", "2020-03-31": "177.74900", "2019-12-31": "204.68600", "2019-09-30": "227.25700", "2019-06-30": "179.18600", "2019-03-31": "171.06900", "2018-12-31": "232.09700", "2018-09-30": "152.16000", "2018-06-30": "112.91600", "2018-03-31": "152.47600", "2017-12-31": "104.87800", "2017-09-30": "106.92700", "2017-06-30": "98.48800", "2017-03-31": "99.10300", "2016-12-31": "119.27800", "2016-09-30": "77.12100", "2016-06-30": "90.66300", "2016-03-31": "57.31500", "2015-12-31": "70.55600", "2015-09-30": "63.29500", "2015-06-30": "70.13400", "2015-03-31": "74.37900", "2014-12-31": "70.29000", "2014-09-30": "82.03100", "2014-06-30": "52.31500", "2014-03-31": "67.86300", "2013-12-31": "73.11100", "2013-09-30": "67.81000", "2013-06-30": "59.42100", "2013-03-31": "56.69600", "2012-12-31": "55.24700", "2012-09-30": "44.97000", "2012-06-30": "52.43500", "2012-03-31": "47.77000", "2011-12-31": "41.06900", "2011-09-30": "49.53800", "2011-06-30": "37.80100", "2011-03-31": "", "2010-12-31": "", "2010-09-30": "", "2010-06-30": ""}, "Long Term Debt": {"2020-09-30": "612.42900", "2020-06-30": "628.43700", "2020-03-31": "659.44700", "2019-12-31": "615.45700", "2019-09-30": "621.46400", "2019-06-30": "464.70000", "2019-03-31": "438.92600", "2018-12-31": "448.15400", "2018-09-30": "454.25300", "2018-06-30": "460.35200", "2018-03-31": "466.45300", "2017-12-31": "452.95000", "2017-09-30": "", "2017-06-30": "241.82100", "2017-03-31": "210.50700", "2016-12-31": "184.19400", "2016-09-30": "187.87900", "2016-06-30": "191.56400", "2016-03-31": "146.00000", "2015-12-31": "115.50000", "2015-09-30": "85.00000", "2015-06-30": "87.50000", "2015-03-31": "90.00000", "2014-12-31": "72.25400", "2014-09-30": "72.25400", "2014-06-30": "72.25400", "2014-03-31": "66.13900", "2013-12-31": "68.00600", "2013-09-30": "69.87400", "2013-06-30": "71.11600", "2013-03-31": "72.35800", "2012-12-31": "73.60100", "2012-09-30": "44.84300", "2012-06-30": "22.62300", "2012-03-31": "24.36500", "2011-12-31": "26.10800", "2011-09-30": "61.90300", "2011-06-30": "", "2011-03-31": "", "2010-12-31": "", "2010-09-30": "", "2010-06-30": ""}, "Other Non-Current Liabilities": {"2020-09-30": "7.69600", "2020-06-30": "6.31200", "2020-03-31": "122.17900", "2019-12-31": "120.98300", "2019-09-30": "7.97800", "2019-06-30": "8.44000", "2019-03-31": "132.45400", "2018-12-31": "130.72500", "2018-09-30": "126.44500", "2018-06-30": "5.84200", "2018-03-31": "135.98200", "2017-12-31": "134.47000", "2017-09-30": "312.91800", "2017-06-30": "30.63800", "2017-03-31": "26.84600", "2016-12-31": "25.28900", "2016-09-30": "24.49400", "2016-06-30": "23.20200", "2016-03-31": "22.43300", "2015-12-31": "22.12900", "2015-09-30": "20.86700", "2015-06-30": "19.81000", "2015-03-31": "18.53200", "2014-12-31": "17.46700", "2014-09-30": "16.22600", "2014-06-30": "15.34600", "2014-03-31": "14.01200", "2013-12-31": "13.38000", "2013-09-30": "12.38500", "2013-06-30": "11.85700", "2013-03-31": "7.72700", "2012-12-31": "7.72700", "2012-09-30": "7.72700", "2012-06-30": "7.72700", "2012-03-31": "0.12300", "2011-12-31": "0.03200", "2011-09-30": "0.03200", "2011-06-30": "1.90200", "2011-03-31": "", "2010-12-31": "", "2010-09-30": "", "2010-06-30": ""}, "Total Long Term Liabilities": {"2020-09-30": "746.67600", "2020-06-30": "768.61210", "2020-03-31": "798.85600", "2019-12-31": "754.51100", "2019-09-30": "762.73800", "2019-06-30": "597.40200", "2019-03-31": "571.38000", "2018-12-31": "578.87900", "2018-09-30": "580.69800", "2018-06-30": "593.91300", "2018-03-31": "602.43500", "2017-12-31": "587.42000", "2017-09-30": "315.60500", "2017-06-30": "272.45900", "2017-03-31": "239.89000", "2016-12-31": "211.55400", "2016-09-30": "213.87100", "2016-06-30": "216.06900", "2016-03-31": "169.58600", "2015-12-31": "138.63200", "2015-09-30": "106.87200", "2015-06-30": "108.28400", "2015-03-31": "109.52900", "2014-12-31": "90.72900", "2014-09-30": "89.47200", "2014-06-30": "88.57200", "2014-03-31": "82.82100", "2013-12-31": "84.40300", "2013-09-30": "84.77300", "2013-06-30": "85.48300", "2013-03-31": "80.08500", "2012-12-31": "81.32800", "2012-09-30": "52.57000", "2012-06-30": "30.35000", "2012-03-31": "26.35800", "2011-12-31": "28.01000", "2011-09-30": "63.80500", "2011-06-30": "1.90200", "2011-03-31": "", "2010-12-31": "", "2010-09-30": "", "2010-06-30": ""}, "Total Liabilities": {"2020-09-30": "1013.72600", "2020-06-30": "1032.90900", "2020-03-31": "976.60500", "2019-12-31": "959.19700", "2019-09-30": "989.99500", "2019-06-30": "776.58800", "2019-03-31": "742.44900", "2018-12-31": "810.97600", "2018-09-30": "732.85800", "2018-06-30": "706.82900", "2018-03-31": "754.91100", "2017-12-31": "692.29800", "2017-09-30": "422.53200", "2017-06-30": "370.94700", "2017-03-31": "338.99300", "2016-12-31": "330.83200", "2016-09-30": "290.99200", "2016-06-30": "306.73200", "2016-03-31": "226.90100", "2015-12-31": "209.18800", "2015-09-30": "170.16700", "2015-06-30": "178.41800", "2015-03-31": "183.90800", "2014-12-31": "161.01900", "2014-09-30": "171.50300", "2014-06-30": "140.88700", "2014-03-31": "150.68400", "2013-12-31": "157.51400", "2013-09-30": "152.58300", "2013-06-30": "144.90400", "2013-03-31": "136.78100", "2012-12-31": "136.57500", "2012-09-30": "97.54000", "2012-06-30": "82.78500", "2012-03-31": "74.12800", "2011-12-31": "69.07900", "2011-09-30": "113.34300", "2011-06-30": "39.70300", "2011-03-31": "0.00000", "2010-12-31": "0.00000", "2010-09-30": "0.00000", "2010-06-30": "0.00000"}, "Common Stock Net": {"2020-09-30": "0.06300", "2020-06-30": "0.06400", "2020-03-31": "0.06400", "2019-12-31": "0.06500", "2019-09-30": "0.06600", "2019-06-30": "0.06900", "2019-03-31": "0.07100", "2018-12-31": "0.07100", "2018-09-30": "0.07300", "2018-06-30": "0.07400", "2018-03-31": "0.07500", "2017-12-31": "0.07800", "2017-09-30": "0.07800", "2017-06-30": "0.08000", "2017-03-31": "0.08000", "2016-12-31": "0.08200", "2016-09-30": "0.08200", "2016-06-30": "0.08200", "2016-03-31": "0.08300", "2015-12-31": "0.08500", "2015-09-30": "0.08200", "2015-06-30": "0.08700", "2015-03-31": "0.08800", "2014-12-31": "0.08800", "2014-09-30": "0.08800", "2014-06-30": "0.08800", "2014-03-31": "0.08800", "2013-12-31": "0.08800", "2013-09-30": "0.08800", "2013-06-30": "0.08700", "2013-03-31": "0.08700", "2012-12-31": "0.08700", "2012-09-30": "0.08900", "2012-06-30": "0.09200", "2012-03-31": "0.09200", "2011-12-31": "0.09200", "2011-09-30": "0.06300", "2011-06-30": "0.06300", "2011-03-31": "0.00000", "2010-12-31": "0.00000", "2010-09-30": "0.00000", "2010-06-30": "0.00000"}, "Retained Earnings (Accumulated Deficit)": {"2020-09-30": "-261.93300", "2020-06-30": "-295.97800", "2020-03-31": "-356.02800", "2019-12-31": "-292.70300", "2019-09-30": "-239.73300", "2019-06-30": "98.81500", "2019-03-31": "187.08300", "2018-12-31": "125.41300", "2018-09-30": "270.71200", "2018-06-30": "315.28100", "2018-03-31": "285.83400", "2017-12-31": "475.18100", "2017-09-30": "561.13300", "2017-06-30": "601.15900", "2017-03-31": "542.95800", "2016-12-31": "572.69000", "2016-09-30": "512.08200", "2016-06-30": "440.29400", "2016-03-31": "431.37000", "2015-12-31": "427.48200", "2015-09-30": "413.65100", "2015-06-30": "422.06700", "2015-03-31": "423.29300", "2014-12-31": "382.15600", "2014-09-30": "335.91100", "2014-06-30": "313.16800", "2014-03-31": "263.75000", "2013-12-31": "218.55100", "2013-09-30": "176.75900", "2013-06-30": "136.23100", "2013-03-31": "107.39000", "2012-12-31": "86.72300", "2012-09-30": "84.57200", "2012-06-30": "71.39300", "2012-03-31": "42.90800", "2011-12-31": "14.98800", "2011-09-30": "", "2011-06-30": "15.03500", "2011-03-31": "", "2010-12-31": "", "2010-09-30": "", "2010-06-30": ""}, "Comprehensive Income": {"2020-09-30": "0.00800", "2020-06-30": "0.00900", "2020-03-31": "-0.02200", "2019-12-31": "0.06800", "2019-09-30": "0.24000", "2019-06-30": "0.39300", "2019-03-31": "0.17700", "2018-12-31": "-0.14800", "2018-09-30": "-0.14600", "2018-06-30": "", "2018-03-31": "", "2017-12-31": "", "2017-09-30": "", "2017-06-30": "", "2017-03-31": "", "2016-12-31": "", "2016-09-30": "", "2016-06-30": "", "2016-03-31": "", "2015-12-31": "", "2015-09-30": "", "2015-06-30": "", "2015-03-31": "", "2014-12-31": "", "2014-09-30": "", "2014-06-30": "", "2014-03-31": "", "2013-12-31": "", "2013-09-30": "", "2013-06-30": "", "2013-03-31": "", "2012-12-31": "", "2012-09-30": "", "2012-06-30": "", "2012-03-31": "", "2011-12-31": "", "2011-09-30": "", "2011-06-30": "", "2011-03-31": "", "2010-12-31": "", "2010-09-30": "", "2010-06-30": ""}, "Other Share Holders Equity": {"2020-09-30": "", "2020-06-30": "", "2020-03-31": "", "2019-12-31": "", "2019-09-30": "", "2019-06-30": "", "2019-03-31": "", "2018-12-31": "", "2018-09-30": "", "2018-06-30": "", "2018-03-31": "", "2017-12-31": "", "2017-09-30": "", "2017-06-30": "", "2017-03-31": "", "2016-12-31": "", "2016-09-30": "", "2016-06-30": "", "2016-03-31": "", "2015-12-31": "", "2015-09-30": "", "2015-06-30": "", "2015-03-31": "", "2014-12-31": "", "2014-09-30": "", "2014-06-30": "", "2014-03-31": "", "2013-12-31": "", "2013-09-30": "", "2013-06-30": "", "2013-03-31": "", "2012-12-31": "", "2012-09-30": "", "2012-06-30": "", "2012-03-31": "", "2011-12-31": "", "2011-09-30": "", "2011-06-30": "", "2011-03-31": "0.00000", "2010-12-31": "0.00000", "2010-09-30": "0.00000", "2010-06-30": "0.00000"}, "Share Holder Equity": {"2020-09-30": "-261.86200", "2020-06-30": "-295.45800", "2020-03-31": "-355.98600", "2019-12-31": "-292.10500", "2019-09-30": "-239.42700", "2019-06-30": "99.27700", "2019-03-31": "188.10000", "2018-12-31": "125.33600", "2018-09-30": "270.63900", "2018-06-30": "315.74800", "2018-03-31": "285.90900", "2017-12-31": "476.03000", "2017-09-30": "561.21100", "2017-06-30": "601.76400", "2017-03-31": "543.03800", "2016-12-31": "574.60600", "2016-09-30": "512.98100", "2016-06-30": "440.37600", "2016-03-31": "431.45300", "2015-12-31": "427.56700", "2015-09-30": "413.73300", "2015-06-30": "422.15400", "2015-03-31": "435.37700", "2014-12-31": "392.35400", "2014-09-30": "359.81700", "2014-06-30": "335.26400", "2014-03-31": "283.88900", "2013-12-31": "235.03000", "2013-09-30": "190.86400", "2013-06-30": "147.43600", "2013-03-31": "115.04200", "2012-12-31": "93.60400", "2012-09-30": "113.61600", "2012-06-30": "130.95100", "2012-03-31": "103.38700", "2011-12-31": "75.08100", "2011-09-30": "5.96200", "2011-06-30": "91.97500", "2011-03-31": "0.00000", "2010-12-31": "0.00000", "2010-09-30": "0.00000", "2010-06-30": "0.00000"}, "Total Liabilities And Share Holders Equity": {"2020-09-30": "751.86400", "2020-06-30": "737.45100", "2020-03-31": "620.61900", "2019-12-31": "667.09200", "2019-09-30": "750.56800", "2019-06-30": "875.86500", "2019-03-31": "930.54900", "2018-12-31": "936.31200", "2018-09-30": "1003.49700", "2018-06-30": "1022.57700", "2018-03-31": "1040.82000", "2017-12-31": "1168.32800", "2017-09-30": "983.74300", "2017-06-30": "972.71100", "2017-03-31": "882.03100", "2016-12-31": "905.43800", "2016-09-30": "803.97300", "2016-06-30": "747.10800", "2016-03-31": "658.35400", "2015-12-31": "636.75500", "2015-09-30": "583.90000", "2015-06-30": "600.57200", "2015-03-31": "619.28500", "2014-12-31": "553.37300", "2014-09-30": "531.32000", "2014-06-30": "476.15100", "2014-03-31": "434.57300", "2013-12-31": "392.54400", "2013-09-30": "343.44700", "2013-06-30": "292.34000", "2013-03-31": "251.82300", "2012-12-31": "230.17900", "2012-09-30": "211.15600", "2012-06-30": "213.73600", "2012-03-31": "177.51500", "2011-12-31": "144.16000", "2011-09-30": "119.30500", "2011-06-30": "131.67800", "2011-03-31": "0.00000", "2010-12-31": "0.00000", "2010-09-30": "0.00000", "2010-06-30": "0.00000"}}, "cash flow statement": {"Net Income/Loss": {"2020-06-30": "380.29700", "2019-06-30": "322.69400", "2018-06-30": "196.29000", "2017-06-30": "257.50600", "2016-06-30": "213.61600", "2015-06-30": "129.66300", "2014-06-30": "176.93700", "2013-06-30": "80.49000", "2012-06-30": "102.58900", "2011-06-30": "49.72700", "2010-06-30": "-5.45600"}, "Total Depreciation And Amortization - Cash Flow": {"2020-06-30": "14.45000", "2019-06-30": "7.97400", "2018-06-30": "8.06100", "2017-06-30": "7.35900", "2016-06-30": "6.29400", "2015-06-30": "4.97100", "2014-06-30": "2.81900", "2013-06-30": "1.96300", "2012-06-30": "0.60200", "2011-06-30": "0.21300", "2010-06-30": "0.14400"}, "Other Non-Cash Items": {"2020-06-30": "13.15400", "2019-06-30": "6.90900", "2018-06-30": "22.10200", "2017-06-30": "4.31100", "2016-06-30": "4.67200", "2015-06-30": "11.64300", "2014-06-30": "4.45400", "2013-06-30": "3.52600", "2012-06-30": "-12.18800", "2011-06-30": "-0.21300", "2010-06-30": "0.30900"}, "Total Non-Cash Items": {"2020-06-30": "27.60400", "2019-06-30": "14.88300", "2018-06-30": "30.16300", "2017-06-30": "11.67000", "2016-06-30": "10.96600", "2015-06-30": "16.61400", "2014-06-30": "7.27300", "2013-06-30": "5.48900", "2012-06-30": "-11.58600", "2011-06-30": "0.00000", "2010-06-30": "0.45300"}, "Change In Accounts Receivable": {"2020-06-30": "13.88300", "2019-06-30": "18.72800", "2018-06-30": "-33.97300", "2017-06-30": "-58.16400", "2016-06-30": "-16.68500", "2015-06-30": "-11.33900", "2014-06-30": "-18.32900", "2013-06-30": "38.66400", "2012-06-30": "-36.64800", "2011-06-30": "-5.86400", "2010-06-30": "-29.54200"}, "Change In Inventories": {"2020-06-30": "-28.05300", "2019-06-30": "-163.65900", "2018-06-30": "35.97400", "2017-06-30": "-86.98800", "2016-06-30": "-20.01200", "2015-06-30": "7.03000", "2014-06-30": "-33.76400", "2013-06-30": "-8.99600", "2012-06-30": "-2.26600", "2011-06-30": "-1.05800", "2010-06-30": "-4.08200"}, "Change In Accounts Payable": {"2020-06-30": "116.90000", "2019-06-30": "24.32900", "2018-06-30": "-34.59600", "2017-06-30": "-2.55400", "2016-06-30": "7.72000", "2015-06-30": "9.73500", "2014-06-30": "-2.32600", "2013-06-30": "9.72500", "2012-06-30": "11.69200", "2011-06-30": "9.07700", "2010-06-30": "3.92600"}, "Change In Assets/Liabilities": {"2020-06-30": "-6.83400", "2019-06-30": "20.97200", "2018-06-30": "0.33500", "2017-06-30": "-22.14200", "2016-06-30": "-8.38600", "2015-06-30": "-22.36800", "2014-06-30": "-7.74900", "2013-06-30": "-0.64700", "2012-06-30": "3.61200", "2011-06-30": "-1.52500", "2010-06-30": "3.16500"}, "Total Change In Assets/Liabilities": {"2020-06-30": "52.38300", "2019-06-30": "-78.31900", "2018-06-30": "105.59400", "2017-06-30": "-157.14000", "2016-06-30": "-27.07400", "2015-06-30": "-11.73000", "2014-06-30": "-62.88300", "2013-06-30": "45.91200", "2012-06-30": "-9.21500", "2011-06-30": "13.11500", "2010-06-30": "-20.98200"}, "Cash Flow From Operating Activities": {"2020-06-30": "460.28400", "2019-06-30": "259.25800", "2018-06-30": "332.04700", "2017-06-30": "112.03600", "2016-06-30": "197.50800", "2015-06-30": "134.54700", "2014-06-30": "121.32700", "2013-06-30": "131.89100", "2012-06-30": "81.78800", "2011-06-30": "62.84200", "2010-06-30": "-25.98500"}, "Net Change In Property, Plant, And Equipment": {"2020-06-30": "-30.61900", "2019-06-30": "-51.68400", "2018-06-30": "-9.11500", "2017-06-30": "-7.23200", "2016-06-30": "-6.24800", "2015-06-30": "-12.72400", "2014-06-30": "-4.04500", "2013-06-30": "-5.36300", "2012-06-30": "-3.31000", "2011-06-30": "-0.47900", "2010-06-30": "-0.61500"}, "Net Change In Intangible Assets": {"2020-06-30": "", "2019-06-30": "", "2018-06-30": "", "2017-06-30": "", "2016-06-30": "", "2015-06-30": "", "2014-06-30": "", "2013-06-30": "", "2012-06-30": "", "2011-06-30": "", "2010-06-30": ""}, "Net Acquisitions/Divestitures": {"2020-06-30": "", "2019-06-30": "", "2018-06-30": "", "2017-06-30": "", "2016-06-30": "", "2015-06-30": "", "2014-06-30": "", "2013-06-30": "", "2012-06-30": "", "2011-06-30": "", "2010-06-30": ""}, "Net Change In Short-term Investments": {"2020-06-30": "", "2019-06-30": "", "2018-06-30": "", "2017-06-30": "", "2016-06-30": "", "2015-06-30": "", "2014-06-30": "", "2013-06-30": "", "2012-06-30": "", "2011-06-30": "", "2010-06-30": ""}, "Net Change In Long-Term Investments": {"2020-06-30": "100.20300", "2019-06-30": "-105.88300", "2018-06-30": "", "2017-06-30": "", "2016-06-30": "", "2015-06-30": "", "2014-06-30": "", "2013-06-30": "", "2012-06-30": "", "2011-06-30": "", "2010-06-30": ""}, "Net Change In Investments - Total": {"2020-06-30": "100.20300", "2019-06-30": "-105.88300", "2018-06-30": "", "2017-06-30": "", "2016-06-30": "", "2015-06-30": "", "2014-06-30": "", "2013-06-30": "", "2012-06-30": "", "2011-06-30": "", "2010-06-30": ""}, "Investing Activities - Other": {"2020-06-30": "", "2019-06-30": "", "2018-06-30": "", "2017-06-30": "", "2016-06-30": "", "2015-06-30": "", "2014-06-30": "", "2013-06-30": "", "2012-06-30": "", "2011-06-30": "", "2010-06-30": ""}, "Cash Flow From Investing Activities": {"2020-06-30": "69.58400", "2019-06-30": "-157.56700", "2018-06-30": "-9.11500", "2017-06-30": "-7.23200", "2016-06-30": "-6.24800", "2015-06-30": "-12.72400", "2014-06-30": "-4.04500", "2013-06-30": "-5.36300", "2012-06-30": "-3.31000", "2011-06-30": "-0.47900", "2010-06-30": "-0.61500"}, "Net Long-Term Debt": {"2020-06-30": "157.50000", "2019-06-30": "10.00000", "2018-06-30": "230.25000", "2017-06-30": "53.75000", "2016-06-30": "106.00000", "2015-06-30": "25.24600", "2014-06-30": "-3.99600", "2013-06-30": "46.50000", "2012-06-30": "29.56300", "2011-06-30": "", "2010-06-30": ""}, "Net Current Debt": {"2020-06-30": "", "2019-06-30": "", "2018-06-30": "", "2017-06-30": "", "2016-06-30": "", "2015-06-30": "", "2014-06-30": "", "2013-06-30": "", "2012-06-30": "", "2011-06-30": "", "2010-06-30": ""}, "Debt Issuance/Retirement Net - Total": {"2020-06-30": "157.50000", "2019-06-30": "10.00000", "2018-06-30": "230.25000", "2017-06-30": "53.75000", "2016-06-30": "106.00000", "2015-06-30": "25.24600", "2014-06-30": "-3.99600", "2013-06-30": "46.50000", "2012-06-30": "29.56300", "2011-06-30": "", "2010-06-30": ""}, "Net Common Equity Issued/Repurchased": {"2020-06-30": "-699.94600", "2019-06-30": "-467.39400", "2018-06-30": "-443.47500", "2017-06-30": "-103.79300", "2016-06-30": "-192.41100", "2015-06-30": "-33.02600", "2014-06-30": "2.09000", "2013-06-30": "-53.71900", "2012-06-30": "33.25400", "2011-06-30": "-9.64800", "2010-06-30": "-64.61900"}, "Net Total Equity Issued/Repurchased": {"2020-06-30": "-699.94600", "2019-06-30": "-467.39400", "2018-06-30": "-443.47500", "2017-06-30": "-103.79300", "2016-06-30": "-192.41100", "2015-06-30": "-33.02600", "2014-06-30": "2.09000", "2013-06-30": "-53.71900", "2012-06-30": "-74.74600", "2011-06-30": "-9.64800", "2010-06-30": "41.18100"}, "Total Common And Preferred Stock Dividends Paid": {"2020-06-30": "-78.68200", "2019-06-30": "-71.35800", "2018-06-30": "", "2017-06-30": "", "2016-06-30": "", "2015-06-30": "-15.02000", "2014-06-30": "", "2013-06-30": "-15.65200", "2012-06-30": "", "2011-06-30": "-3.00200", "2010-06-30": ""}, "Financial Activities - Other": {"2020-06-30": "-4.27000", "2019-06-30": "-1.47300", "2018-06-30": "-47.22400", "2017-06-30": "-1.59400", "2016-06-30": "-0.21900", "2015-06-30": "0.28100", "2014-06-30": "3.89500", "2013-06-30": "2.10900", "2012-06-30": "12.40400", "2011-06-30": "-1.76700", "2010-06-30": "0.16000"}, "Cash Flow From Financial Activities": {"2020-06-30": "-625.39800", "2019-06-30": "-530.22500", "2018-06-30": "-260.44900", "2017-06-30": "-51.63700", "2016-06-30": "-86.63000", "2015-06-30": "-22.51900", "2014-06-30": "1.98900", "2013-06-30": "-20.76200", "2012-06-30": "-32.77900", "2011-06-30": "-14.41700", "2010-06-30": "41.34100"}, "Net Cash Flow": {"2020-06-30": "-95.53000", "2019-06-30": "-428.53400", "2018-06-30": "62.48300", "2017-06-30": "53.16700", "2016-06-30": "104.63000", "2015-06-30": "99.30400", "2014-06-30": "119.27100", "2013-06-30": "105.76600", "2012-06-30": "45.69900", "2011-06-30": "47.94600", "2010-06-30": "14.74100"}, "Stock-Based Compensation": {"2020-06-30": "2.88800", "2019-06-30": "2.89000", "2018-06-30": "3.20800", "2017-06-30": "2.78500", "2016-06-30": "3.71900", "2015-06-30": "4.99200", "2014-06-30": "4.90600", "2013-06-30": "3.37600", "2012-06-30": "1.49300", "2011-06-30": "0.95200", "2010-06-30": "0.28100"}, "Common Stock Dividends Paid": {"2020-06-30": "-78.68200", "2019-06-30": "-71.35800", "2018-06-30": "", "2017-06-30": "", "2016-06-30": "", "2015-06-30": "-15.02000", "2014-06-30": "", "2013-06-30": "-15.65200", "2012-06-30": "", "2011-06-30": "0.00000", "2010-06-30": ""}}, "cash flow statement, quarterly": {"Net Income/Loss": {"2020-09-30": "156.50900", "2020-06-30": 92.618, "2020-03-31": 103.722, "2019-12-31": 85.811, "2019-09-30": "98.14600", "2019-06-30": 70.895, "2019-03-31": 88.3, "2018-12-31": 77.796, "2018-09-30": "85.70300", "2018-06-30": 70.086, "2018-03-31": 102.738, "2017-12-31": -51.459, "2017-09-30": "74.92500", "2017-06-30": 60.678, "2017-03-31": 64.432, "2016-12-31": 60.608, "2016-09-30": "71.78800", "2016-06-30": 57.706, "2016-03-31": 52.699, "2015-12-31": 49.452, "2015-09-30": "53.75900", "2015-06-30": 4.518, "2015-03-31": 41.137, "2014-12-31": 46.265, "2014-09-30": "37.74300", "2014-06-30": 49.418, "2014-03-31": 45.199, "2013-12-31": 41.792, "2013-09-30": "40.52800", "2013-06-30": 28.841, "2013-03-31": 20.667, "2012-12-31": 17.803, "2012-09-30": "13.17900", "2012-06-30": 28.485, "2012-03-31": 27.92, "2011-12-31": 24.691, "2011-09-30": "21.49300", "2011-06-30": 18.128, "2011-03-31": 13.033, "2010-12-31": 10.978, "2010-09-30": "7.58100", "2010-06-30": -5.45}, "Total Depreciation And Amortization - Cash Flow": {"2020-09-30": "3.10000", "2020-06-30": 3.1, "2020-03-31": 1.944, "2019-12-31": 7.318, "2019-09-30": "2.08800", "2019-06-30": 2.219, "2019-03-31": 1.999, "2018-12-31": 1.808, "2018-09-30": "1.94800", "2018-06-30": 2.519, "2018-03-31": 2.127, "2017-12-31": 1.76, "2017-09-30": "1.65500", "2017-06-30": 2.029, "2017-03-31": 1.967, "2016-12-31": 1.822, "2016-09-30": "1.54100", "2016-06-30": 1.609, "2016-03-31": 1.559, "2015-12-31": 1.509, "2015-09-30": "1.61700", "2015-06-30": 1.793, "2015-03-31": 1.266, "2014-12-31": 1.032, "2014-09-30": "0.88000", "2014-06-30": 0.781, "2014-03-31": 0.708, "2013-12-31": 0.625, "2013-09-30": "0.70500", "2013-06-30": 0.701, "2013-03-31": 0.509, "2012-12-31": 0.404, "2012-09-30": "0.34900", "2012-06-30": 0.208, "2012-03-31": 0.167, "2011-12-31": 0.106, "2011-09-30": "0.12100", "2011-06-30": 0.075, "2011-03-31": 0.054, "2010-12-31": 0.048, "2010-09-30": "0.03300", "2010-06-30": 0.14}, "Other Non-Cash Items": {"2020-09-30": "4.25600", "2020-06-30": 2.182, "2020-03-31": 1.543, "2019-12-31": 5.598, "2019-09-30": "3.83100", "2019-06-30": -0.326, "2019-03-31": 5.318, "2018-12-31": 1.766, "2018-09-30": "0.15100", "2018-06-30": -0.755, "2018-03-31": -0.836, "2017-12-31": 21.978, "2017-09-30": "1.71500", "2017-06-30": 0.636, "2017-03-31": 0.718, "2016-12-31": 2.491, "2016-09-30": "0.46600", "2016-06-30": -1.102, "2016-03-31": 0.818, "2015-12-31": 3.044, "2015-09-30": "1.91200", "2015-06-30": 4.515, "2015-03-31": 4.311, "2014-12-31": -4.074, "2014-09-30": "6.89100", "2014-06-30": 2.453, "2014-03-31": -0.216, "2013-12-31": 1.938, "2013-09-30": "0.27900", "2013-06-30": -1.13, "2013-03-31": 1.093, "2012-12-31": 2.382, "2012-09-30": "1.18100", "2012-06-30": -2.974, "2012-03-31": 0.436, "2011-12-31": -10.076, "2011-09-30": "0.42600", "2011-06-30": -1.197, "2011-03-31": 0.636, "2010-12-31": 0.365, "2010-09-30": "-0.01700", "2010-06-30": 0}, "Total Non-Cash Items": {"2020-09-30": "7.35600", "2020-06-30": 5.282, "2020-03-31": 3.487, "2019-12-31": 12.916, "2019-09-30": "5.91900", "2019-06-30": 1.893, "2019-03-31": 7.317, "2018-12-31": 3.574, "2018-09-30": "2.09900", "2018-06-30": 1.764, "2018-03-31": 1.291, "2017-12-31": 23.738, "2017-09-30": "3.37000", "2017-06-30": 2.665, "2017-03-31": 2.685, "2016-12-31": 4.313, "2016-09-30": "2.00700", "2016-06-30": 0.507, "2016-03-31": 2.377, "2015-12-31": 4.553, "2015-09-30": "3.52900", "2015-06-30": 6.308, "2015-03-31": 5.577, "2014-12-31": -3.042, "2014-09-30": "7.77100", "2014-06-30": 3.234, "2014-03-31": 0.492, "2013-12-31": 2.563, "2013-09-30": "0.98400", "2013-06-30": -0.429, "2013-03-31": 1.602, "2012-12-31": 2.786, "2012-09-30": "1.53000", "2012-06-30": -2.766, "2012-03-31": 0.603, "2011-12-31": -9.97, "2011-09-30": "0.54700", "2011-06-30": -0.909, "2011-03-31": 0.69, "2010-12-31": 0.413, "2010-09-30": "0.01600", "2010-06-30": 0.14}, "Change In Accounts Receivable": {"2020-09-30": "-53.87000", "2020-06-30": 31.722, "2020-03-31": -26.573, "2019-12-31": 27.41, "2019-09-30": "-18.67600", "2019-06-30": 3.84, "2019-03-31": 14.63, "2018-12-31": -9.029, "2018-09-30": "9.28700", "2018-06-30": -16.071, "2018-03-31": 0.711, "2017-12-31": -30.63, "2017-09-30": "12.01700", "2017-06-30": -15.083, "2017-03-31": -9.748, "2016-12-31": -20.408, "2016-09-30": "-12.92500", "2016-06-30": -7.483, "2016-03-31": -10.528, "2015-12-31": -1.193, "2015-09-30": "2.51900", "2015-06-30": 3.804, "2015-03-31": 2.661, "2014-12-31": -6.694, "2014-09-30": "-11.11000", "2014-06-30": -5.341, "2014-03-31": -12.366, "2013-12-31": -0.708, "2013-09-30": "0.08600", "2013-06-30": 3.033, "2013-03-31": 17.089, "2012-12-31": 4.275, "2012-09-30": "14.26700", "2012-06-30": -7.261, "2012-03-31": -7.217, "2011-12-31": -13.825, "2011-09-30": "-8.34500", "2011-06-30": -10.596, "2011-03-31": 0.101, "2010-12-31": -1.395, "2010-09-30": "6.02600", "2010-06-30": 0}, "Change In Inventories": {"2020-09-30": "29.96000", "2020-06-30": -81.346, "2020-03-31": 41.986, "2019-12-31": -8.309, "2019-09-30": "19.61600", "2019-06-30": 17.09, "2019-03-31": -26.279, "2018-12-31": -116.522, "2018-09-30": "-37.94800", "2018-06-30": -10.488, "2018-03-31": 6.929, "2017-12-31": 20.112, "2017-09-30": "19.42100", "2017-06-30": -10.206, "2017-03-31": -28.593, "2016-12-31": -25.747, "2016-09-30": "-22.44200", "2016-06-30": -14.139, "2016-03-31": -9.23, "2015-12-31": -1.872, "2015-09-30": "5.22900", "2015-06-30": 3.572, "2015-03-31": -4.687, "2014-12-31": 1.238, "2014-09-30": "6.90700", "2014-06-30": 18.405, "2014-03-31": -34.801, "2013-12-31": -16.323, "2013-09-30": "-1.04500", "2013-06-30": 3.726, "2013-03-31": -4.958, "2012-12-31": -7.841, "2012-09-30": "0.07700", "2012-06-30": 1.687, "2012-03-31": -0.131, "2011-12-31": -1.111, "2011-09-30": "-2.71100", "2011-06-30": -0.319, "2011-03-31": -1.619, "2010-12-31": 0.741, "2010-09-30": "0.13900", "2010-06-30": 0}, "Change In Accounts Payable": {"2020-09-30": "-86.56200", "2020-06-30": 94.185, "2020-03-31": -9.523, "2019-12-31": 6.283, "2019-09-30": "25.95500", "2019-06-30": -53.033, "2019-03-31": -45.103, "2018-12-31": 93.379, "2018-09-30": "29.08600", "2018-06-30": -57.608, "2018-03-31": 59.9, "2017-12-31": -14.48, "2017-09-30": "-22.40800", "2017-06-30": -4.529, "2017-03-31": -24.014, "2016-12-31": 35.015, "2016-09-30": "-9.02600", "2016-06-30": 21.674, "2016-03-31": -12.57, "2015-12-31": 19.162, "2015-09-30": "-20.54600", "2015-06-30": -5.078, "2015-03-31": -6.255, "2014-12-31": 16.05, "2014-09-30": "5.01800", "2014-06-30": -12.462, "2014-03-31": -3.198, "2013-12-31": 5.221, "2013-09-30": "8.11300", "2013-06-30": 4.695, "2013-03-31": 3.201, "2012-12-31": 2.165, "2012-09-30": "-0.33600", "2012-06-30": 1.917, "2012-03-31": 9.078, "2011-12-31": -3.248, "2011-09-30": "3.94500", "2011-06-30": 1.762, "2011-03-31": -0.341, "2010-12-31": 4.985, "2010-09-30": "2.67100", "2010-06-30": 0}, "Change In Assets/Liabilities": {"2020-09-30": "-0.27100", "2020-06-30": -13.768, "2020-03-31": -1.572, "2019-12-31": 11.813, "2019-09-30": "-3.30700", "2019-06-30": 0.691, "2019-03-31": -5.701, "2018-12-31": 13.445, "2018-09-30": "12.53700", "2018-06-30": 9.73, "2018-03-31": 2.698, "2017-12-31": 1.079, "2017-09-30": "-13.17200", "2017-06-30": -2.984, "2017-03-31": -10.366, "2016-12-31": -10.908, "2016-09-30": "2.11600", "2016-06-30": -17.007, "2016-03-31": 4.791, "2015-12-31": 8.741, "2015-09-30": "-4.91100", "2015-06-30": -1.19, "2015-03-31": -0.731, "2014-12-31": -7.839, "2014-09-30": "-12.60800", "2014-06-30": 0.073, "2014-03-31": -6.972, "2013-12-31": -1.853, "2013-09-30": "1.00300", "2013-06-30": 0.319, "2013-03-31": 0.645, "2012-12-31": -0.344, "2012-09-30": "-1.26700", "2012-06-30": -1.846, "2012-03-31": 3.852, "2011-12-31": 1.118, "2011-09-30": "0.48800", "2011-06-30": -3.339, "2011-03-31": -0.452, "2010-12-31": 0.54, "2010-09-30": "1.72600", "2010-06-30": 0}, "Total Change In Assets/Liabilities": {"2020-09-30": "-46.90400", "2020-06-30": 27.054, "2020-03-31": -15.217, "2019-12-31": 24.961, "2019-09-30": "15.58500", "2019-06-30": 28.216, "2019-03-31": -81.946, "2018-12-31": -30.728, "2018-09-30": "6.13900", "2018-06-30": -24.912, "2018-03-31": 15.414, "2017-12-31": 96.467, "2017-09-30": "18.62500", "2017-06-30": -17.202, "2017-03-31": -76.893, "2016-12-31": -22.019, "2016-09-30": "-41.02600", "2016-06-30": -12.649, "2016-03-31": -28.206, "2015-12-31": 23.342, "2015-09-30": "-9.56100", "2015-06-30": 7.377, "2015-03-31": -9.988, "2014-12-31": -10.547, "2014-09-30": "1.42800", "2014-06-30": 3.141, "2014-03-31": -59.661, "2013-12-31": -16.731, "2013-09-30": "10.36800", "2013-06-30": 17.795, "2013-03-31": 12.89, "2012-12-31": 6.241, "2012-09-30": "8.98600", "2012-06-30": 4.366, "2012-03-31": 3.21, "2011-12-31": -10.47, "2011-09-30": "-6.32100", "2011-06-30": -8.841, "2011-03-31": 2.912, "2010-12-31": 6.793, "2010-09-30": "12.24600", "2010-06-30": -20.98}, "Cash Flow From Operating Activities": {"2020-09-30": "116.96100", "2020-06-30": 124.954, "2020-03-31": 91.992, "2019-12-31": 123.688, "2019-09-30": "119.65000", "2019-06-30": 101.004, "2019-03-31": 13.671, "2018-12-31": 50.642, "2018-09-30": "93.94100", "2018-06-30": 46.938, "2018-03-31": 119.443, "2017-12-31": 68.746, "2017-09-30": "96.92000", "2017-06-30": 46.141, "2017-03-31": -9.776, "2016-12-31": 42.902, "2016-09-30": "32.76900", "2016-06-30": 45.564, "2016-03-31": 26.87, "2015-12-31": 77.347, "2015-09-30": "47.72700", "2015-06-30": 18.203, "2015-03-31": 36.726, "2014-12-31": 32.676, "2014-09-30": "46.94200", "2014-06-30": 55.793, "2014-03-31": -13.97, "2013-12-31": 27.624, "2013-09-30": "51.88000", "2013-06-30": 46.207, "2013-03-31": 35.159, "2012-12-31": 26.83, "2012-09-30": "23.69500", "2012-06-30": 30.085, "2012-03-31": 31.733, "2011-12-31": 4.251, "2011-09-30": "15.71900", "2011-06-30": 8.178, "2011-03-31": 16.635, "2010-12-31": 18.184, "2010-09-30": "19.84300", "2010-06-30": -25.98}, "Net Change In Property, Plant, And Equipment": {"2020-09-30": "-2.83600", "2020-06-30": -1.833, "2020-03-31": -23.601, "2019-12-31": 13.148, "2019-09-30": "-18.33300", "2019-06-30": -43.983, "2019-03-31": -2.091, "2018-12-31": -1.575, "2018-09-30": "-4.03500", "2018-06-30": -1.797, "2018-03-31": -1.123, "2017-12-31": -3.263, "2017-09-30": "-2.93200", "2017-06-30": -1.528, "2017-03-31": -2.868, "2016-12-31": -1.772, "2016-09-30": "-1.06400", "2016-06-30": -1.428, "2016-03-31": -1.798, "2015-12-31": -1.192, "2015-09-30": "-1.83000", "2015-06-30": -1.907, "2015-03-31": -2.426, "2014-12-31": -4.93, "2014-09-30": "-3.46100", "2014-06-30": -0.801, "2014-03-31": -1.282, "2013-12-31": -1.502, "2013-09-30": "-0.46000", "2013-06-30": -0.955, "2013-03-31": -0.941, "2012-12-31": -1.118, "2012-09-30": "-2.34900", "2012-06-30": -1.693, "2012-03-31": -0.507, "2011-12-31": -0.905, "2011-09-30": "-0.20500", "2011-06-30": -0.03, "2011-03-31": -0.331, "2010-12-31": -0.038, "2010-09-30": "-0.07100", "2010-06-30": -0.61}, "Net Change In Intangible Assets": {"2020-09-30": "", "2020-06-30": 0, "2020-03-31": 0, "2019-12-31": 0, "2019-09-30": "", "2019-06-30": 0, "2019-03-31": 0, "2018-12-31": 0, "2018-09-30": "", "2018-06-30": 0, "2018-03-31": 0, "2017-12-31": 0, "2017-09-30": "", "2017-06-30": 0, "2017-03-31": 0, "2016-12-31": 0, "2016-09-30": "", "2016-06-30": 0, "2016-03-31": 0, "2015-12-31": 0, "2015-09-30": "", "2015-06-30": 0, "2015-03-31": 0, "2014-12-31": 0, "2014-09-30": "", "2014-06-30": 0, "2014-03-31": 0, "2013-12-31": 0, "2013-09-30": "", "2013-06-30": 0, "2013-03-31": 0, "2012-12-31": 0, "2012-09-30": "", "2012-06-30": 0, "2012-03-31": 0, "2011-12-31": 0, "2011-09-30": "", "2011-06-30": 0, "2011-03-31": 0, "2010-12-31": 0, "2010-09-30": "", "2010-06-30": 0}, "Net Acquisitions/Divestitures": {"2020-09-30": "", "2020-06-30": 0, "2020-03-31": 0, "2019-12-31": 0, "2019-09-30": "", "2019-06-30": 0, "2019-03-31": 0, "2018-12-31": 0, "2018-09-30": "", "2018-06-30": 0, "2018-03-31": 0, "2017-12-31": 0, "2017-09-30": "", "2017-06-30": 0, "2017-03-31": 0, "2016-12-31": 0, "2016-09-30": "", "2016-06-30": 0, "2016-03-31": 0, "2015-12-31": 0, "2015-09-30": "", "2015-06-30": 0, "2015-03-31": 0, "2014-12-31": 0, "2014-09-30": "", "2014-06-30": 0, "2014-03-31": 0, "2013-12-31": 0, "2013-09-30": "", "2013-06-30": 0, "2013-03-31": 0, "2012-12-31": 0, "2012-09-30": "", "2012-06-30": 0, "2012-03-31": 0, "2011-12-31": 0, "2011-09-30": "", "2011-06-30": 0, "2011-03-31": 0, "2010-12-31": 0, "2010-09-30": "", "2010-06-30": 0}, "Net Change In Short-term Investments": {"2020-09-30": "", "2020-06-30": 0, "2020-03-31": 0, "2019-12-31": 0, "2019-09-30": "", "2019-06-30": 0, "2019-03-31": 0, "2018-12-31": 0, "2018-09-30": "", "2018-06-30": 0, "2018-03-31": 0, "2017-12-31": 0, "2017-09-30": "", "2017-06-30": 0, "2017-03-31": 0, "2016-12-31": 0, "2016-09-30": "", "2016-06-30": 0, "2016-03-31": 0, "2015-12-31": 0, "2015-09-30": "", "2015-06-30": 0, "2015-03-31": 0, "2014-12-31": 0, "2014-09-30": "", "2014-06-30": 0, "2014-03-31": 0, "2013-12-31": 0, "2013-09-30": "", "2013-06-30": 0, "2013-03-31": 0, "2012-12-31": 0, "2012-09-30": "", "2012-06-30": 0, "2012-03-31": 0, "2011-12-31": 0, "2011-09-30": "", "2011-06-30": 0, "2011-03-31": 0, "2010-12-31": 0, "2010-09-30": "", "2010-06-30": 0}, "Net Change In Long-Term Investments": {"2020-09-30": "-2.07500", "2020-06-30": 11.04, "2020-03-31": 13.665, "2019-12-31": 25.567, "2019-09-30": "49.93100", "2019-06-30": 0.407, "2019-03-31": 44.213, "2018-12-31": -6.419, "2018-09-30": "-144.08400", "2018-06-30": 0, "2018-03-31": 0, "2017-12-31": 0, "2017-09-30": "", "2017-06-30": 0, "2017-03-31": 0, "2016-12-31": 0, "2016-09-30": "", "2016-06-30": 0, "2016-03-31": 0, "2015-12-31": 0, "2015-09-30": "", "2015-06-30": 0, "2015-03-31": 0, "2014-12-31": 0, "2014-09-30": "", "2014-06-30": 0, "2014-03-31": 0, "2013-12-31": 0, "2013-09-30": "", "2013-06-30": 0, "2013-03-31": 0, "2012-12-31": 0, "2012-09-30": "", "2012-06-30": 0, "2012-03-31": 0, "2011-12-31": 0, "2011-09-30": "", "2011-06-30": 0, "2011-03-31": 0, "2010-12-31": 0, "2010-09-30": "", "2010-06-30": 0}, "Net Change In Investments - Total": {"2020-09-30": "-2.07500", "2020-06-30": 11.04, "2020-03-31": 13.665, "2019-12-31": 25.567, "2019-09-30": "49.93100", "2019-06-30": 0.407, "2019-03-31": 44.213, "2018-12-31": -6.419, "2018-09-30": "-144.08400", "2018-06-30": 0, "2018-03-31": 0, "2017-12-31": 0, "2017-09-30": "", "2017-06-30": 0, "2017-03-31": 0, "2016-12-31": 0, "2016-09-30": "", "2016-06-30": 0, "2016-03-31": 0, "2015-12-31": 0, "2015-09-30": "", "2015-06-30": 0, "2015-03-31": 0, "2014-12-31": 0, "2014-09-30": "", "2014-06-30": 0, "2014-03-31": 0, "2013-12-31": 0, "2013-09-30": "", "2013-06-30": 0, "2013-03-31": 0, "2012-12-31": 0, "2012-09-30": "", "2012-06-30": 0, "2012-03-31": 0, "2011-12-31": 0, "2011-09-30": "", "2011-06-30": 0, "2011-03-31": 0, "2010-12-31": 0, "2010-09-30": "", "2010-06-30": 0}, "Investing Activities - Other": {"2020-09-30": "", "2020-06-30": 0, "2020-03-31": 15, "2019-12-31": -15, "2019-09-30": "", "2019-06-30": 0, "2019-03-31": 0, "2018-12-31": 0, "2018-09-30": "", "2018-06-30": 0, "2018-03-31": 0, "2017-12-31": 0, "2017-09-30": "", "2017-06-30": 0, "2017-03-31": 0, "2016-12-31": 0, "2016-09-30": "", "2016-06-30": 0, "2016-03-31": 0, "2015-12-31": 0, "2015-09-30": "", "2015-06-30": 0, "2015-03-31": 0, "2014-12-31": 0, "2014-09-30": "", "2014-06-30": 0, "2014-03-31": 0, "2013-12-31": 0, "2013-09-30": "", "2013-06-30": 0, "2013-03-31": 0, "2012-12-31": 0, "2012-09-30": "", "2012-06-30": 0, "2012-03-31": 0, "2011-12-31": 0, "2011-09-30": "", "2011-06-30": 0, "2011-03-31": 0, "2010-12-31": 0, "2010-09-30": "", "2010-06-30": 0}, "Cash Flow From Investing Activities": {"2020-09-30": "-4.91100", "2020-06-30": 9.207, "2020-03-31": 5.064, "2019-12-31": 23.715, "2019-09-30": "31.59800", "2019-06-30": -43.576, "2019-03-31": 42.122, "2018-12-31": -7.994, "2018-09-30": "-148.11900", "2018-06-30": -1.797, "2018-03-31": -1.123, "2017-12-31": -3.263, "2017-09-30": "-2.93200", "2017-06-30": -1.528, "2017-03-31": -2.868, "2016-12-31": -1.772, "2016-09-30": "-1.06400", "2016-06-30": -1.428, "2016-03-31": -1.798, "2015-12-31": -1.192, "2015-09-30": "-1.83000", "2015-06-30": -1.907, "2015-03-31": -2.426, "2014-12-31": -4.93, "2014-09-30": "-3.46100", "2014-06-30": -0.801, "2014-03-31": -1.282, "2013-12-31": -1.502, "2013-09-30": "-0.46000", "2013-06-30": -0.955, "2013-03-31": -0.941, "2012-12-31": -1.118, "2012-09-30": "-2.34900", "2012-06-30": -1.693, "2012-03-31": -0.507, "2011-12-31": -0.905, "2011-09-30": "-0.20500", "2011-06-30": -0.03, "2011-03-31": -0.331, "2010-12-31": -0.038, "2010-09-30": "-0.07100", "2010-06-30": -0.61}, "Net Long-Term Debt": {"2020-09-30": "-16.25000", "2020-06-30": -31.25, "2020-03-31": 43.75, "2019-12-31": -6.25, "2019-09-30": "151.25000", "2019-06-30": 28.75, "2019-03-31": -6.25, "2018-12-31": -6.25, "2018-09-30": "-6.25000", "2018-06-30": -6.25, "2018-03-31": 25.5, "2017-12-31": 169.75, "2017-09-30": "41.25000", "2017-06-30": 31.25, "2017-03-31": 27.5, "2016-12-31": -2.5, "2016-09-30": "-2.50000", "2016-06-30": 47.5, "2016-03-31": 30.5, "2015-12-31": 30.5, "2015-09-30": "-2.50000", "2015-06-30": -2.5, "2015-03-31": 27.746, "2014-12-31": 0, "2014-09-30": "", "2014-06-30": -0.246, "2014-03-31": -1.25, "2013-12-31": -1.25, "2013-09-30": "-1.25000", "2013-06-30": -1.25, "2013-03-31": -1.25, "2012-12-31": 28.75, "2012-09-30": "20.25000", "2012-06-30": -1.759, "2012-03-31": -1.75, "2011-12-31": -1.807, "2011-09-30": "34.87900", "2011-06-30": 0, "2011-03-31": 0, "2010-12-31": 0, "2010-09-30": "", "2010-06-30": 0}, "Net Current Debt": {"2020-09-30": "", "2020-06-30": 0, "2020-03-31": 0, "2019-12-31": 0, "2019-09-30": "", "2019-06-30": 0, "2019-03-31": 0, "2018-12-31": 0, "2018-09-30": "", "2018-06-30": 0, "2018-03-31": 0, "2017-12-31": 0, "2017-09-30": "", "2017-06-30": 0, "2017-03-31": 0, "2016-12-31": 0, "2016-09-30": "", "2016-06-30": 0, "2016-03-31": 0, "2015-12-31": 0, "2015-09-30": "", "2015-06-30": 0, "2015-03-31": 0, "2014-12-31": 0, "2014-09-30": "", "2014-06-30": 0, "2014-03-31": 0, "2013-12-31": 0, "2013-09-30": "", "2013-06-30": 0, "2013-03-31": 0, "2012-12-31": 0, "2012-09-30": "", "2012-06-30": 0, "2012-03-31": 0, "2011-12-31": 34, "2011-09-30": "-34.00000", "2011-06-30": 0, "2011-03-31": 0, "2010-12-31": 0, "2010-09-30": "", "2010-06-30": 0}, "Debt Issuance/Retirement Net - Total": {"2020-09-30": "-16.25000", "2020-06-30": -31.25, "2020-03-31": 43.75, "2019-12-31": -6.25, "2019-09-30": "151.25000", "2019-06-30": 28.75, "2019-03-31": -6.25, "2018-12-31": -6.25, "2018-09-30": "-6.25000", "2018-06-30": -6.25, "2018-03-31": 25.5, "2017-12-31": 169.75, "2017-09-30": "41.25000", "2017-06-30": 31.25, "2017-03-31": 27.5, "2016-12-31": -2.5, "2016-09-30": "-2.50000", "2016-06-30": 47.5, "2016-03-31": 30.5, "2015-12-31": 30.5, "2015-09-30": "-2.50000", "2015-06-30": -2.5, "2015-03-31": 27.746, "2014-12-31": 0, "2014-09-30": "", "2014-06-30": -0.246, "2014-03-31": -1.25, "2013-12-31": -1.25, "2013-09-30": "-1.25000", "2013-06-30": -1.25, "2013-03-31": -1.25, "2012-12-31": 28.75, "2012-09-30": "20.25000", "2012-06-30": -1.759, "2012-03-31": -1.75, "2011-12-31": 32.193, "2011-09-30": "0.87900", "2011-06-30": 0, "2011-03-31": 0, "2010-12-31": 0, "2010-09-30": "", "2010-06-30": 0}, "Net Common Equity Issued/Repurchased": {"2020-09-30": "-83.90500", "2020-06-30": -18.893, "2020-03-31": -143.166, "2019-12-31": -141.291, "2019-09-30": "-396.59600", "2019-06-30": -140.126, "2019-03-31": -14.569, "2018-12-31": -206.129, "2018-09-30": "-106.57000", "2018-06-30": -62.71, "2018-03-31": -230.359, "2017-12-31": -43.131, "2017-09-30": "-107.27500", "2017-06-30": -5.401, "2017-03-31": -93.196, "2016-12-31": 0.605, "2016-09-30": "-5.80100", "2016-06-30": -43.186, "2016-03-31": -49.709, "2015-12-31": -45.999, "2015-09-30": "-53.51700", "2015-06-30": -18.876, "2015-03-31": 0.353, "2014-12-31": -14.959, "2014-09-30": "0.45600", "2014-06-30": 0.307, "2014-03-31": 0.781, "2013-12-31": 0.371, "2013-09-30": "0.63100", "2013-06-30": 0.329, "2013-03-31": 0.145, "2012-12-31": -23.037, "2012-09-30": "-31.15600", "2012-06-30": 0.244, "2012-03-31": -0.12, "2011-12-31": 32.987, "2011-09-30": "0.14300", "2011-06-30": -2.398, "2011-03-31": 0, "2010-12-31": 0, "2010-09-30": "-7.25000", "2010-06-30": 0}, "Net Total Equity Issued/Repurchased": {"2020-09-30": "-83.90500", "2020-06-30": -18.893, "2020-03-31": -143.166, "2019-12-31": -141.291, "2019-09-30": "-396.59600", "2019-06-30": -140.126, "2019-03-31": -14.569, "2018-12-31": -206.129, "2018-09-30": "-106.57000", "2018-06-30": -62.71, "2018-03-31": -230.359, "2017-12-31": -43.131, "2017-09-30": "-107.27500", "2017-06-30": -5.401, "2017-03-31": -93.196, "2016-12-31": 0.605, "2016-09-30": "-5.80100", "2016-06-30": -43.186, "2016-03-31": -49.709, "2015-12-31": -45.999, "2015-09-30": "-53.51700", "2015-06-30": -18.876, "2015-03-31": 0.353, "2014-12-31": -14.959, "2014-09-30": "0.45600", "2014-06-30": 0.307, "2014-03-31": 0.781, "2013-12-31": 0.371, "2013-09-30": "0.63100", "2013-06-30": 0.329, "2013-03-31": 0.145, "2012-12-31": -23.037, "2012-09-30": "-31.15600", "2012-06-30": 0.244, "2012-03-31": -0.12, "2011-12-31": -35.013, "2011-09-30": "-39.85700", "2011-06-30": -2.39, "2011-03-31": 0, "2010-12-31": 0, "2010-09-30": "-7.25000", "2010-06-30": 41.18}, "Total Common And Preferred Stock Dividends Paid": {"2020-09-30": "-25.47000", "2020-06-30": -19.106, "2020-03-31": -19.447, "2019-12-31": -19.46, "2019-09-30": "-20.66900", "2019-06-30": -17.588, "2019-03-31": -17.631, "2018-12-31": -17.633, "2018-09-30": "-18.50600", "2018-06-30": 0, "2018-03-31": 0, "2017-12-31": 0, "2017-09-30": "", "2017-06-30": 0, "2017-03-31": 0, "2016-12-31": 0, "2016-09-30": "", "2016-06-30": 0, "2016-03-31": 0, "2015-12-31": 0, "2015-09-30": "", "2015-06-30": 0, "2015-03-31": 0, "2014-12-31": -15.02, "2014-09-30": "", "2014-06-30": 0, "2014-03-31": 0, "2013-12-31": 0, "2013-09-30": "", "2013-06-30": 0, "2013-03-31": 0, "2012-12-31": -15.652, "2012-09-30": "", "2012-06-30": 0, "2012-03-31": 0, "2011-12-31": 0, "2011-09-30": "", "2011-06-30": 0.002, "2011-03-31": -3.002, "2010-12-31": 0, "2010-09-30": "", "2010-06-30": 0}, "Financial Activities - Other": {"2020-09-30": "-0.61500", "2020-06-30": -0.076, "2020-03-31": -0.416, "2019-12-31": -0.139, "2019-09-30": "-3.63900", "2019-06-30": -0.581, "2019-03-31": -0.413, "2018-12-31": -0.114, "2018-09-30": "-0.36500", "2018-06-30": -0.306, "2018-03-31": -46.431, "2017-12-31": -0.136, "2017-09-30": "-0.35100", "2017-06-30": -0.208, "2017-03-31": -0.441, "2016-12-31": -0.154, "2016-09-30": "-0.79100", "2016-06-30": 0.032, "2016-03-31": 0.014, "2015-12-31": -0.064, "2015-09-30": "-0.20100", "2015-06-30": 0.322, "2015-03-31": 0.157, "2014-12-31": -0.18, "2014-09-30": "-0.01800", "2014-06-30": 0.374, "2014-03-31": 1.838, "2013-12-31": 0.581, "2013-09-30": "1.10200", "2013-06-30": 1.806, "2013-03-31": 0.275, "2012-12-31": 0.042, "2012-09-30": "-0.01400", "2012-06-30": 0.983, "2012-03-31": 0, "2011-12-31": 11.742, "2011-09-30": "-0.32100", "2011-06-30": -0.864, "2011-03-31": -0.665, "2010-12-31": -0.197, "2010-09-30": "-0.03400", "2010-06-30": 0.16}, "Cash Flow From Financial Activities": {"2020-09-30": "-126.24000", "2020-06-30": -69.325, "2020-03-31": -119.279, "2019-12-31": -167.14, "2019-09-30": "-269.65400", "2019-06-30": -129.545, "2019-03-31": -38.863, "2018-12-31": -230.126, "2018-09-30": "-131.69100", "2018-06-30": -69.266, "2018-03-31": -251.29, "2017-12-31": 126.483, "2017-09-30": "-66.37600", "2017-06-30": 25.641, "2017-03-31": -66.137, "2016-12-31": -2.049, "2016-09-30": "-9.09200", "2016-06-30": 4.346, "2016-03-31": -19.195, "2015-12-31": -15.563, "2015-09-30": "-56.21800", "2015-06-30": -21.054, "2015-03-31": 28.256, "2014-12-31": -30.159, "2014-09-30": "0.43800", "2014-06-30": 0.435, "2014-03-31": 1.369, "2013-12-31": -0.298, "2013-09-30": "0.48300", "2013-06-30": 0.885, "2013-03-31": -0.83, "2012-12-31": -9.897, "2012-09-30": "-10.92000", "2012-06-30": -0.532, "2012-03-31": -1.87, "2011-12-31": 8.922, "2011-09-30": "-39.29900", "2011-06-30": -3.262, "2011-03-31": -3.667, "2010-12-31": -0.197, "2010-09-30": "-7.28400", "2010-06-30": 41.34}, "Net Cash Flow": {"2020-09-30": "-14.19000", "2020-06-30": 64.836, "2020-03-31": -22.223, "2019-12-31": -19.737, "2019-09-30": "-118.40600", "2019-06-30": -72.117, "2019-03-31": 16.93, "2018-12-31": -187.478, "2018-09-30": "-185.86900", "2018-06-30": -24.125, "2018-03-31": -132.97, "2017-12-31": 191.966, "2017-09-30": "27.61200", "2017-06-30": 70.254, "2017-03-31": -78.781, "2016-12-31": 39.081, "2016-09-30": "22.61300", "2016-06-30": 48.482, "2016-03-31": 5.877, "2015-12-31": 60.592, "2015-09-30": "-10.32100", "2015-06-30": -4.758, "2015-03-31": 62.556, "2014-12-31": -2.413, "2014-09-30": "43.91900", "2014-06-30": 55.427, "2014-03-31": -13.883, "2013-12-31": 25.824, "2013-09-30": "51.90300", "2013-06-30": 46.137, "2013-03-31": 33.388, "2012-12-31": 15.815, "2012-09-30": "10.42600", "2012-06-30": 27.86, "2012-03-31": 29.356, "2011-12-31": 12.268, "2011-09-30": "-23.78500", "2011-06-30": 4.866, "2011-03-31": 12.637, "2010-12-31": 17.949, "2010-09-30": "12.48800", "2010-06-30": 14.74}, "Stock-Based Compensation": {"2020-09-30": "0.74000", "2020-06-30": 0.744, "2020-03-31": 0.725, "2019-12-31": 0.73, "2019-09-30": "0.68900", "2019-06-30": 0.584, "2019-03-31": 0.752, "2018-12-31": 0.779, "2018-09-30": "0.77500", "2018-06-30": 0.785, "2018-03-31": 0.731, "2017-12-31": 0.78, "2017-09-30": "0.91200", "2017-06-30": 0.692, "2017-03-31": 0.601, "2016-12-31": 0.565, "2016-09-30": "0.92700", "2016-06-30": 0.853, "2016-03-31": 0.882, "2015-12-31": 0.957, "2015-09-30": "1.02700", "2015-06-30": 0.813, "2015-03-31": 1.376, "2014-12-31": 1.431, "2014-09-30": "1.37200", "2014-06-30": 1.276, "2014-03-31": 1.041, "2013-12-31": 1.422, "2013-09-30": "1.16700", "2013-06-30": 1.127, "2013-03-31": 0.7, "2012-12-31": 0.893, "2012-09-30": "0.65600", "2012-06-30": 0.461, "2012-03-31": 0.33, "2011-12-31": 0.351, "2011-09-30": "0.35100", "2011-06-30": 0.276, "2011-03-31": 0.257, "2010-12-31": 0.236, "2010-09-30": "0.18300", "2010-06-30": 0}, "Common Stock Dividends Paid": {"2020-09-30": "-25.47000", "2020-06-30": -19.106, "2020-03-31": -19.447, "2019-12-31": -19.46, "2019-09-30": "-20.66900", "2019-06-30": -17.588, "2019-03-31": -17.631, "2018-12-31": -17.633, "2018-09-30": "-18.50600", "2018-06-30": 0, "2018-03-31": 0, "2017-12-31": 0, "2017-09-30": "", "2017-06-30": 0, "2017-03-31": 0, "2016-12-31": 0, "2016-09-30": "", "2016-06-30": 0, "2016-03-31": 0, "2015-12-31": 0, "2015-09-30": "", "2015-06-30": 0, "2015-03-31": 0, "2014-12-31": -15.02, "2014-09-30": "", "2014-06-30": 0, "2014-03-31": 0, "2013-12-31": 0, "2013-09-30": "", "2013-06-30": 0, "2013-03-31": 0, "2012-12-31": -15.652, "2012-09-30": "", "2012-06-30": 0, "2012-03-31": 0, "2011-12-31": 0, "2011-09-30": "", "2011-06-30": 0, "2011-03-31": 0, "2010-12-31": 0, "2010-09-30": "", "2010-06-30": 0}}, "financial ratios": {"Current Ratio": {"2020-06-30": "2.21970", "2019-06-30": "4.20690", "2018-06-30": "8.86810", "2017-06-30": "9.66950", "2016-06-30": "8.03400", "2015-06-30": "8.28910", "2014-06-30": "8.90230", "2013-06-30": "4.77060", "2012-06-30": "3.96490", "2011-06-30": "3.38890", "2010-06-30": ""}, "Long-term Debt / Capital": {"2020-06-30": "1.88730", "2019-06-30": "0.82400", "2018-06-30": "0.59320", "2017-06-30": "0.28670", "2016-06-30": "0.30310", "2015-06-30": "0.17170", "2014-06-30": "0.17730", "2013-06-30": "0.32540", "2012-06-30": "0.14730", "2011-06-30": "", "2010-06-30": ""}, "Debt/Equity Ratio": {"2020-06-30": "-2.20840", "2019-06-30": "4.98980", "2018-06-30": "1.53530", "2017-06-30": "0.42640", "2016-06-30": "0.46000", "2015-06-30": "0.23100", "2014-06-30": "0.21550", "2013-06-30": "0.51640", "2012-06-30": "0.22600", "2011-06-30": "", "2010-06-30": ""}, "Gross Margin": {"2020-06-30": "47.34700", "2019-06-30": "46.27600", "2018-06-30": "43.62170", "2017-06-30": "45.73240", "2016-06-30": "48.73910", "2015-06-30": "43.99500", "2014-06-30": "44.27650", "2013-06-30": "42.18340", "2012-06-30": "42.71450", "2011-06-30": "40.84010", "2010-06-30": "39.83000"}, "Operating Margin": {"2020-06-30": "37.22830", "2019-06-30": "33.94040", "2018-06-30": "32.07190", "2017-06-30": "33.48800", "2016-06-30": "36.32310", "2015-06-30": "24.64620", "2014-06-30": "34.22840", "2013-06-30": "28.86450", "2012-06-30": "35.44160", "2011-06-30": "31.37350", "2010-06-30": "3.41870"}, "EBIT Margin": {"2020-06-30": "37.22830", "2019-06-30": "33.94040", "2018-06-30": "32.07190", "2017-06-30": "33.48800", "2016-06-30": "36.32310", "2015-06-30": "24.64620", "2014-06-30": "34.22840", "2013-06-30": "28.86450", "2012-06-30": "35.44160", "2011-06-30": "31.37350", "2010-06-30": "3.41870"}, "EBITDA Margin": {"2020-06-30": "38.35330", "2019-06-30": "34.62680", "2018-06-30": "32.86470", "2017-06-30": "34.33850", "2016-06-30": "37.26750", "2015-06-30": "25.48030", "2014-06-30": "34.72080", "2013-06-30": "29.47640", "2012-06-30": "35.61190", "2011-06-30": "31.48120", "2010-06-30": "3.52390"}, "Pre-Tax Profit Margin": {"2020-06-30": "35.04840", "2019-06-30": "32.83790", "2018-06-30": "30.89330", "2017-06-30": "32.94050", "2016-06-30": "36.00570", "2015-06-30": "24.45650", "2014-06-30": "33.99530", "2013-06-30": "28.59930", "2012-06-30": "35.08260", "2011-06-30": "31.41340", "2010-06-30": "3.84300"}, "Net Profit Margin": {"2020-06-30": "29.60660", "2019-06-30": "27.77700", "2018-06-30": "19.30350", "2017-06-30": "29.76030", "2016-06-30": "32.05550", "2015-06-30": "21.75750", "2014-06-30": "30.90800", "2013-06-30": "25.08860", "2012-06-30": "-2.78400", "2011-06-30": "2.46370", "2010-06-30": "-5.03240"}, "Asset Turnover": {"2020-06-30": "1.74180", "2019-06-30": "1.32640", "2018-06-30": "0.99440", "2017-06-30": "0.88950", "2016-06-30": "0.89200", "2015-06-30": "0.99230", "2014-06-30": "1.20230", "2013-06-30": "1.09740", "2012-06-30": "1.65400", "2011-06-30": "1.50270", "2010-06-30": ""}, "Inventory Turnover Ratio": {"2020-06-30": "2.36530", "2019-06-30": "2.36160", "2018-06-30": "5.60840", "2017-06-30": "3.30560", "2016-06-30": "5.98110", "2015-06-30": "9.01300", "2014-06-30": "6.88250", "2013-06-30": "11.68070", "2012-06-30": "26.18490", "2011-06-30": "20.67140", "2010-06-30": ""}, "Receiveable Turnover": {"2020-06-30": "9.03560", "2019-06-30": "7.44500", "2018-06-30": "5.82660", "2017-06-30": "6.15580", "2016-06-30": "8.04920", "2015-06-30": "9.01530", "2014-06-30": "10.43290", "2013-06-30": "8.94060", "2012-06-30": "4.67340", "2011-06-30": "4.97030", "2010-06-30": ""}, "Days Sales In Receivables": {"2020-06-30": "40.39580", "2019-06-30": "49.02650", "2018-06-30": "62.64390", "2017-06-30": "59.29350", "2016-06-30": "45.34600", "2015-06-30": "40.48680", "2014-06-30": "34.98550", "2013-06-30": "40.82520", "2012-06-30": "78.10110", "2011-06-30": "73.43570", "2010-06-30": ""}, "ROE - Return On Equity": {"2020-06-30": "-128.71440", "2019-06-30": "325.04410", "2018-06-30": "62.16670", "2017-06-30": "42.79190", "2016-06-30": "48.50760", "2015-06-30": "30.71460", "2014-06-30": "52.77540", "2013-06-30": "54.59320", "2012-06-30": "78.34150", "2011-06-30": "-92.30580", "2010-06-30": ""}, "Return On Tangible Equity": {"2020-06-30": "-128.71440", "2019-06-30": "325.04420", "2018-06-30": "62.16670", "2017-06-30": "42.79190", "2016-06-30": "48.50760", "2015-06-30": "30.71460", "2014-06-30": "52.77540", "2013-06-30": "54.59320", "2012-06-30": "78.34150", "2011-06-30": "54.06580", "2010-06-30": ""}, "ROA - Return On Assets": {"2020-06-30": "51.56910", "2019-06-30": "36.84290", "2018-06-30": "19.19560", "2017-06-30": "26.47300", "2016-06-30": "28.59240", "2015-06-30": "21.58990", "2014-06-30": "37.15990", "2013-06-30": "27.53300", "2012-06-30": "47.99800", "2011-06-30": "37.76410", "2010-06-30": ""}, "ROI - Return On Investment": {"2020-06-30": "114.21050", "2019-06-30": "57.21760", "2018-06-30": "25.29190", "2017-06-30": "30.52520", "2016-06-30": "33.80320", "2015-06-30": "25.44140", "2014-06-30": "43.41820", "2013-06-30": "36.82880", "2012-06-30": "66.80100", "2011-06-30": "54.06580", "2010-06-30": ""}, "Book Value Per Share": {"2020-06-30": "-4.63910", "2019-06-30": "1.42900", "2018-06-30": "4.26270", "2017-06-30": "7.49620", "2016-06-30": "5.39230", "2015-06-30": "4.82940", "2014-06-30": "3.80210", "2013-06-30": "1.69050", "2012-06-30": "1.42260", "2011-06-30": "1.46720", "2010-06-30": ""}, "Operating Cash Flow Per Share": {"2020-06-30": 3.4049, "2019-06-30": -0.6182, "2018-06-30": 2.8933, "2017-06-30": -0.9567, "2016-06-30": 0.8002, "2015-06-30": 0.1498, "2014-06-30": -0.1089, "2013-06-30": 0.4813, "2012-06-30": 0.0408, "2011-06-30": 1.2313, "2010-06-30": -0.2921}, "Free Cash Flow Per Share": {"2020-06-30": 3.6594, "2019-06-30": -1.2237, "2018-06-30": 2.8638, "2017-06-30": -0.9707, "2016-06-30": 0.8695, "2015-06-30": 0.0528, "2014-06-30": -0.0945, "2013-06-30": 0.4615, "2012-06-30": 0.0082, "2011-06-30": 1.2311, "2010-06-30": -0.299}}, "financial ratios, quarterly": {"Current Ratio": {"2020-09-30": "2.25410", "2020-06-30": "2.21970", "2020-03-31": "2.71620", "2019-12-31": "2.58620", "2019-09-30": "2.64360", "2019-06-30": "4.20690", "2019-03-31": "5.03390", "2018-12-31": "3.73080", "2018-09-30": "6.12350", "2018-06-30": "8.86810", "2018-03-31": "6.68630", "2017-12-31": "10.94260", "2017-09-30": "9.00290", "2017-06-30": "9.66950", "2017-03-31": "8.70520", "2016-12-31": "7.43300", "2016-09-30": "10.18660", "2016-06-30": "8.03400", "2016-03-31": "11.19130", "2015-12-31": "8.78650", "2015-09-30": "8.91990", "2015-06-30": "8.28910", "2015-03-31": "8.08280", "2014-12-31": "7.63400", "2014-09-30": "6.31790", "2014-06-30": "8.90230", "2014-03-31": "6.25870", "2013-12-31": "5.23370", "2013-09-30": "4.93890", "2013-06-30": "4.77060", "2013-03-31": "4.29730", "2012-12-31": "4.02700", "2012-09-30": "4.54310", "2012-06-30": "3.96490", "2012-03-31": "3.65390", "2011-12-31": "3.44590", "2011-09-30": "2.32540", "2011-06-30": "3.38890", "2011-03-31": "", "2010-12-31": "", "2010-09-30": "", "2010-06-30": ""}, "Long-term Debt / Capital": {"2020-09-30": "1.74700", "2020-06-30": "1.88730", "2020-03-31": "2.17310", "2019-12-31": "1.90340", "2019-09-30": "1.62670", "2019-06-30": "0.82400", "2019-03-31": "0.70000", "2018-12-31": "0.78150", "2018-09-30": "0.62660", "2018-06-30": "0.59320", "2018-03-31": "0.62000", "2017-12-31": "0.48760", "2017-09-30": "", "2017-06-30": "0.28670", "2017-03-31": "0.27940", "2016-12-31": "0.24270", "2016-09-30": "0.26810", "2016-06-30": "0.30310", "2016-03-31": "0.25280", "2015-12-31": "0.21270", "2015-09-30": "0.17040", "2015-06-30": "0.17170", "2015-03-31": "0.17130", "2014-12-31": "0.15550", "2014-09-30": "0.16720", "2014-06-30": "0.17730", "2014-03-31": "0.18900", "2013-12-31": "0.22440", "2013-09-30": "0.26800", "2013-06-30": "0.32540", "2013-03-31": "0.38610", "2012-12-31": "0.44020", "2012-09-30": "0.28300", "2012-06-30": "0.14730", "2012-03-31": "0.19070", "2011-12-31": "0.25800", "2011-09-30": "0.91210", "2011-06-30": "", "2011-03-31": "", "2010-12-31": "", "2010-09-30": "", "2010-06-30": ""}, "Debt/Equity Ratio": {"2020-09-30": "-2.43070", "2020-06-30": "-2.20840", "2020-03-31": "-1.92010", "2019-12-31": "-2.18940", "2019-09-30": "-2.69620", "2019-06-30": "4.98980", "2019-03-31": "2.47990", "2018-12-31": "3.77050", "2018-09-30": "1.76870", "2018-06-30": "1.53530", "2018-03-31": "1.71690", "2017-12-31": "0.98250", "2017-09-30": "0.02630", "2017-06-30": "0.42640", "2017-03-31": "0.41480", "2016-12-31": "0.34400", "2016-09-30": "0.39010", "2016-06-30": "0.46000", "2016-03-31": "0.36160", "2015-12-31": "0.29350", "2015-09-30": "0.22960", "2015-06-30": "0.23100", "2015-03-31": "0.22970", "2014-12-31": "0.18420", "2014-09-30": "0.20080", "2014-06-30": "0.21550", "2014-03-31": "0.25510", "2013-12-31": "0.31340", "2013-09-30": "0.39240", "2013-06-30": "0.51640", "2013-03-31": "0.67250", "2012-12-31": "0.83980", "2012-09-30": "0.43880", "2012-06-30": "0.22600", "2012-03-31": "0.30300", "2011-12-31": "0.44050", "2011-09-30": "11.55300", "2011-06-30": "", "2011-03-31": "", "2010-12-31": "", "2010-09-30": "", "2010-06-30": ""}, "Gross Margin": {"2020-09-30": "48.17320", "2020-06-30": "48.19320", "2020-03-31": "47.31090", "2019-12-31": "47.06250", "2019-09-30": "46.83010", "2019-06-30": "46.37750", "2019-03-31": "46.62160", "2018-12-31": "45.63680", "2018-09-30": "46.51950", "2018-06-30": "44.68120", "2018-03-31": "45.71650", "2017-12-31": "38.63470", "2017-09-30": "45.41300", "2017-06-30": "45.13200", "2017-03-31": "45.37760", "2016-12-31": "44.55410", "2016-09-30": "48.01010", "2016-06-30": "48.34070", "2016-03-31": "49.26930", "2015-12-31": "48.82960", "2015-09-30": "48.54470", "2015-06-30": "45.52860", "2015-03-31": "44.74350", "2014-12-31": "45.07140", "2014-09-30": "40.67710", "2014-06-30": "44.13970", "2014-03-31": "44.23350", "2013-12-31": "44.04180", "2013-09-30": "44.74080", "2013-06-30": "43.82410", "2013-03-31": "42.64930", "2012-12-31": "40.70040", "2012-09-30": "40.65980", "2012-06-30": "43.26120", "2012-03-31": "43.26520", "2011-12-31": "42.46330", "2011-09-30": "41.70050", "2011-06-30": "41.52230", "2011-03-31": "41.25820", "2010-12-31": "40.01600", "2010-09-30": "39.98890", "2010-06-30": ""}, "Operating Margin": {"2020-09-30": "40.11400", "2020-06-30": "37.43130", "2020-03-31": "37.74470", "2019-12-31": "36.34570", "2019-09-30": "37.33300", "2019-06-30": "35.19560", "2019-03-31": "35.84870", "2018-12-31": "29.82890", "2018-09-30": "35.21250", "2018-06-30": "32.66170", "2018-03-31": "33.89320", "2017-12-31": "26.34650", "2017-09-30": "35.41050", "2017-06-30": "31.34080", "2017-03-31": "33.61850", "2016-12-31": "32.68770", "2016-09-30": "36.58090", "2016-06-30": "35.35840", "2016-03-31": "35.91410", "2015-12-31": "34.86480", "2015-09-30": "39.51720", "2015-06-30": "5.01840", "2015-03-31": "30.67420", "2014-12-31": "33.12260", "2014-09-30": "29.07250", "2014-06-30": "33.84080", "2014-03-31": "33.79940", "2013-12-31": "34.03670", "2013-09-30": "35.38980", "2013-06-30": "32.80290", "2013-03-31": "28.26410", "2012-12-31": "26.86080", "2012-09-30": "25.63580", "2012-06-30": "35.90250", "2012-03-31": "35.51630", "2011-12-31": "35.50110", "2011-09-30": "34.73670", "2011-06-30": "33.47540", "2011-03-31": "31.83130", "2010-12-31": "30.34130", "2010-09-30": "27.78010", "2010-06-30": ""}, "EBIT Margin": {"2020-09-30": "40.11400", "2020-06-30": "37.43130", "2020-03-31": "37.74470", "2019-12-31": "36.34570", "2019-09-30": "37.33300", "2019-06-30": "35.19560", "2019-03-31": "35.84870", "2018-12-31": "29.82890", "2018-09-30": "35.21250", "2018-06-30": "32.66170", "2018-03-31": "33.89320", "2017-12-31": "26.34650", "2017-09-30": "35.41050", "2017-06-30": "31.34080", "2017-03-31": "33.61850", "2016-12-31": "32.68770", "2016-09-30": "36.58090", "2016-06-30": "35.35840", "2016-03-31": "35.91410", "2015-12-31": "34.86480", "2015-09-30": "39.51720", "2015-06-30": "5.01840", "2015-03-31": "30.67420", "2014-12-31": "33.12260", "2014-09-30": "29.07250", "2014-06-30": "33.84080", "2014-03-31": "33.79940", "2013-12-31": "34.03670", "2013-09-30": "35.38980", "2013-06-30": "32.80290", "2013-03-31": "28.26410", "2012-12-31": "26.86080", "2012-09-30": "25.63580", "2012-06-30": "35.90250", "2012-03-31": "35.51630", "2011-12-31": "35.50110", "2011-09-30": "34.73670", "2011-06-30": "33.47540", "2011-03-31": "31.83130", "2010-12-31": "30.34130", "2010-09-30": "27.78010", "2010-06-30": ""}, "EBITDA Margin": {"2020-09-30": "", "2020-06-30": "", "2020-03-31": "", "2019-12-31": "", "2019-09-30": "", "2019-06-30": "", "2019-03-31": "", "2018-12-31": "", "2018-09-30": "", "2018-06-30": "", "2018-03-31": "", "2017-12-31": "", "2017-09-30": "", "2017-06-30": "", "2017-03-31": "", "2016-12-31": "", "2016-09-30": "", "2016-06-30": "", "2016-03-31": "", "2015-12-31": "", "2015-09-30": "", "2015-06-30": "", "2015-03-31": "", "2014-12-31": "", "2014-09-30": "", "2014-06-30": "", "2014-03-31": "", "2013-12-31": "", "2013-09-30": "", "2013-06-30": "", "2013-03-31": "", "2012-12-31": "", "2012-09-30": "", "2012-06-30": "", "2012-03-31": "", "2011-12-31": "", "2011-09-30": "", "2011-06-30": "", "2011-03-31": "", "2010-12-31": "", "2010-09-30": "", "2010-06-30": ""}, "Pre-Tax Profit Margin": {"2020-09-30": "39.28680", "2020-06-30": "35.95880", "2020-03-31": "35.78330", "2019-12-31": "32.42560", "2019-09-30": "35.89370", "2019-06-30": "33.93200", "2019-03-31": "34.63890", "2018-12-31": "28.78360", "2018-09-30": "34.31930", "2018-06-30": "31.38250", "2018-03-31": "32.02390", "2017-12-31": "25.35300", "2017-09-30": "34.85690", "2017-06-30": "30.71530", "2017-03-31": "33.14310", "2016-12-31": "32.13980", "2016-09-30": "36.04420", "2016-06-30": "34.90380", "2016-03-31": "35.61310", "2015-12-31": "34.46260", "2015-09-30": "39.44060", "2015-06-30": "4.79390", "2015-03-31": "30.15680", "2014-12-31": "33.13370", "2014-09-30": "29.03380", "2014-06-30": "33.48440", "2014-03-31": "33.60860", "2013-12-31": "33.85680", "2013-09-30": "35.20010", "2013-06-30": "32.52530", "2013-03-31": "27.91900", "2012-12-31": "26.59780", "2012-09-30": "25.49610", "2012-06-30": "35.76230", "2012-03-31": "35.30900", "2011-12-31": "35.14580", "2011-09-30": "33.93590", "2011-06-30": "33.57310", "2011-03-31": "31.84880", "2010-12-31": "30.41680", "2010-09-30": "27.80060", "2010-06-30": ""}, "Net Profit Margin": {"2020-09-30": "33.05130", "2020-06-30": "29.35390", "2020-03-31": "30.74000", "2019-12-31": "27.83510", "2019-09-30": "30.35970", "2019-06-30": "24.73300", "2019-03-31": "30.99210", "2018-12-31": "25.31800", "2018-09-30": "30.29390", "2018-06-30": "25.97880", "2018-03-31": "41.02930", "2017-12-31": "-20.51700", "2017-09-30": "30.47370", "2017-06-30": "26.54150", "2017-03-31": "29.50740", "2016-12-31": "28.38300", "2016-09-30": "35.06010", "2016-06-30": "31.07890", "2016-03-31": "31.47470", "2015-12-31": "30.55030", "2015-09-30": "35.50440", "2015-06-30": "3.11010", "2015-03-31": "27.89780", "2014-12-31": "30.21150", "2014-09-30": "25.14740", "2014-06-30": "31.67680", "2014-03-31": "30.47170", "2013-12-31": "30.18800", "2013-09-30": "31.25060", "2013-06-30": "28.49000", "2013-03-31": "24.85360", "2012-12-31": "23.76870", "2012-09-30": "21.41710", "2012-06-30": "30.61520", "2012-03-31": "30.45870", "2011-12-31": "16.42960", "2011-09-30": "-102.61090", "2011-06-30": "26.84520", "2011-03-31": "6.05460", "2010-12-31": "8.95380", "2010-09-30": "10.92070", "2010-06-30": ""}, "Asset Turnover": {"2020-09-30": "0.62980", "2020-06-30": "0.42790", "2020-03-31": "0.54370", "2019-12-31": "0.46210", "2019-09-30": "0.43070", "2019-06-30": "0.32730", "2019-03-31": "0.30620", "2018-12-31": "0.32820", "2018-09-30": "0.28190", "2018-06-30": "0.26380", "2018-03-31": "0.24060", "2017-12-31": "0.21470", "2017-09-30": "0.24990", "2017-06-30": "0.23500", "2017-03-31": "0.24760", "2016-12-31": "0.23580", "2016-09-30": "0.25470", "2016-06-30": "0.24850", "2016-03-31": "0.25430", "2015-12-31": "0.25420", "2015-09-30": "0.25930", "2015-06-30": "0.24190", "2015-03-31": "0.23810", "2014-12-31": "0.27670", "2014-09-30": "0.28250", "2014-06-30": "0.32760", "2014-03-31": "0.34130", "2013-12-31": "0.35270", "2013-09-30": "0.37760", "2013-06-30": "0.34630", "2013-03-31": "0.33020", "2012-12-31": "0.32540", "2012-09-30": "0.29140", "2012-06-30": "0.44390", "2012-03-31": "0.51640", "2011-12-31": "0.60920", "2011-09-30": "0.66360", "2011-06-30": "0.51300", "2011-03-31": "", "2010-12-31": "", "2010-09-30": "", "2010-06-30": ""}, "Inventory Turnover Ratio": {"2020-09-30": "0.95850", "2020-06-30": "0.57170", "2020-03-31": "0.86620", "2019-12-31": "0.65650", "2019-09-30": "0.70410", "2019-06-30": "0.58160", "2019-03-31": "0.54330", "2018-12-31": "0.65310", "2018-09-30": "1.08130", "2018-06-30": "1.46000", "2018-03-31": "1.46520", "2017-12-31": "1.55630", "2017-09-30": "1.09770", "2017-06-30": "0.88310", "2017-03-31": "0.90010", "2016-12-31": "1.13390", "2016-09-30": "1.33330", "2016-06-30": "1.67950", "2016-03-31": "1.98570", "2015-12-31": "2.50200", "2015-09-30": "2.53830", "2015-06-30": "2.13680", "2015-03-31": "1.95310", "2014-12-31": "2.24260", "2014-09-30": "2.29790", "2014-06-30": "1.88020", "2014-03-31": "1.25320", "2013-12-31": "2.39670", "2013-09-30": "4.37640", "2013-06-30": "3.58110", "2013-03-31": "2.46070", "2012-12-31": "3.03740", "2012-09-30": "4.78450", "2012-06-30": "6.95980", "2012-03-31": "5.70800", "2011-12-31": "5.62660", "2011-09-30": "5.51160", "2011-06-30": "6.98040", "2011-03-31": "", "2010-12-31": "", "2010-09-30": "", "2010-06-30": ""}, "Receiveable Turnover": {"2020-09-30": "2.41570", "2020-06-30": "2.21950", "2020-03-31": "1.94050", "2019-12-31": "2.09600", "2019-09-30": "1.85520", "2019-06-30": "1.83690", "2019-03-31": "1.78220", "2018-12-31": "1.76260", "2018-09-30": "1.71150", "2018-06-30": "1.54580", "2018-03-31": "1.58040", "2017-12-31": "1.57590", "2017-09-30": "1.91200", "2017-06-30": "1.62650", "2017-03-31": "1.74210", "2016-12-31": "1.84380", "2016-09-30": "2.13890", "2016-06-30": "2.24270", "2016-03-31": "2.22520", "2015-12-31": "2.50700", "2015-09-30": "2.38130", "2015-06-30": "2.19760", "2015-03-31": "2.10930", "2014-12-31": "2.11020", "2014-09-30": "2.27840", "2014-06-30": "2.84320", "2014-03-31": "2.99480", "2013-12-31": "3.76100", "2013-09-30": "3.62270", "2013-06-30": "2.82110", "2013-03-31": "2.16450", "2012-12-31": "1.33990", "2012-09-30": "1.01080", "2012-06-30": "1.25410", "2012-03-31": "1.33760", "2011-12-31": "1.42980", "2011-09-30": "1.64650", "2011-06-30": "1.69690", "2011-03-31": "", "2010-12-31": "", "2010-09-30": "", "2010-06-30": ""}, "Days Sales In Receivables": {"2020-09-30": "37.25610", "2020-06-30": "40.55000", "2020-03-31": "46.37990", "2019-12-31": "42.93860", "2019-09-30": "48.51270", "2019-06-30": "48.99460", "2019-03-31": "50.50010", "2018-12-31": "51.05970", "2018-09-30": "52.58470", "2018-06-30": "58.22150", "2018-03-31": "56.94600", "2017-12-31": "57.10980", "2017-09-30": "47.07000", "2017-06-30": "55.33510", "2017-03-31": "51.66120", "2016-12-31": "48.81350", "2016-09-30": "42.07680", "2016-06-30": "40.12960", "2016-03-31": "40.44630", "2015-12-31": "35.89970", "2015-09-30": "37.79450", "2015-06-30": "40.95460", "2015-03-31": "42.66850", "2014-12-31": "42.64950", "2014-09-30": "39.50210", "2014-06-30": "31.65490", "2014-03-31": "30.05240", "2013-12-31": "23.92970", "2013-09-30": "24.84310", "2013-06-30": "31.90260", "2013-03-31": "41.57930", "2012-12-31": "67.17110", "2012-09-30": "89.03760", "2012-06-30": "71.76250", "2012-03-31": "67.28330", "2011-12-31": "62.94370", "2011-09-30": "54.66030", "2011-06-30": "53.03890", "2011-03-31": "", "2010-12-31": "", "2010-09-30": "", "2010-06-30": ""}, "ROE - Return On Equity": {"2020-09-30": "-59.76770", "2020-06-30": "-31.34730", "2020-03-31": "-29.13650", "2019-12-31": "-29.37680", "2019-09-30": "-40.99200", "2019-06-30": "71.41130", "2019-03-31": "46.94310", "2018-12-31": "62.07000", "2018-09-30": "31.66690", "2018-06-30": "22.19650", "2018-03-31": "35.93420", "2017-12-31": "-10.81000", "2017-09-30": "13.35060", "2017-06-30": "10.08340", "2017-03-31": "11.86510", "2016-12-31": "10.54780", "2016-09-30": "13.99430", "2016-06-30": "13.10380", "2016-03-31": "12.21430", "2015-12-31": "11.56590", "2015-09-30": "12.99370", "2015-06-30": "1.07020", "2015-03-31": "9.44860", "2014-12-31": "11.79170", "2014-09-30": "10.48950", "2014-06-30": "14.74000", "2014-03-31": "15.92140", "2013-12-31": "17.78160", "2013-09-30": "21.23400", "2013-06-30": "19.56170", "2013-03-31": "17.96470", "2012-12-31": "19.01950", "2012-09-30": "11.59960", "2012-06-30": "21.75240", "2012-03-31": "27.00530", "2011-12-31": "32.88580", "2011-09-30": "-15.96660", "2011-06-30": "-33.66310", "2011-03-31": "", "2010-12-31": "", "2010-09-30": "", "2010-06-30": ""}, "Return On Tangible Equity": {"2020-09-30": "-59.76770", "2020-06-30": "-31.34730", "2020-03-31": "-29.13650", "2019-12-31": "-29.37680", "2019-09-30": "-40.99200", "2019-06-30": "71.41130", "2019-03-31": "46.94310", "2018-12-31": "62.07000", "2018-09-30": "31.66690", "2018-06-30": "22.19650", "2018-03-31": "35.93420", "2017-12-31": "-10.81000", "2017-09-30": "13.35060", "2017-06-30": "10.08340", "2017-03-31": "11.86510", "2016-12-31": "10.54780", "2016-09-30": "13.99430", "2016-06-30": "13.10380", "2016-03-31": "12.21430", "2015-12-31": "11.56590", "2015-09-30": "12.99370", "2015-06-30": "1.07020", "2015-03-31": "9.44860", "2014-12-31": "11.79170", "2014-09-30": "10.48950", "2014-06-30": "14.74000", "2014-03-31": "15.92140", "2013-12-31": "17.78160", "2013-09-30": "21.23400", "2013-06-30": "19.56170", "2013-03-31": "17.96470", "2012-12-31": "19.01950", "2012-09-30": "11.59960", "2012-06-30": "21.75240", "2012-03-31": "27.00530", "2011-12-31": "32.88580", "2011-09-30": "360.49990", "2011-06-30": "19.71730", "2011-03-31": "", "2010-12-31": "", "2010-09-30": "", "2010-06-30": ""}, "ROA - Return On Assets": {"2020-09-30": "20.81610", "2020-06-30": "12.55920", "2020-03-31": "16.71270", "2019-12-31": "12.86340", "2019-09-30": "13.07620", "2019-06-30": "8.09430", "2019-03-31": "9.48900", "2018-12-31": "8.30880", "2018-09-30": "8.54040", "2018-06-30": "6.85380", "2018-03-31": "9.87100", "2017-12-31": "-4.40450", "2017-09-30": "7.61630", "2017-06-30": "6.23800", "2017-03-31": "7.30500", "2016-12-31": "6.69380", "2016-09-30": "8.92920", "2016-06-30": "7.72390", "2016-03-31": "8.00470", "2015-12-31": "7.76630", "2015-09-30": "9.20690", "2015-06-30": "0.75230", "2015-03-31": "6.64270", "2014-12-31": "8.36050", "2014-09-30": "7.10360", "2014-06-30": "10.37860", "2014-03-31": "10.40080", "2013-12-31": "10.64650", "2013-09-30": "11.80040", "2013-06-30": "9.86560", "2013-03-31": "8.20700", "2012-12-31": "7.73440", "2012-09-30": "6.24140", "2012-06-30": "13.32720", "2012-03-31": "15.72830", "2011-12-31": "17.12750", "2011-09-30": "18.01520", "2011-06-30": "13.77220", "2011-03-31": "", "2010-12-31": "", "2010-09-30": "", "2010-06-30": ""}, "ROI - Return On Investment": {"2020-09-30": "44.64450", "2020-06-30": "27.81500", "2020-03-31": "34.17970", "2019-12-31": "26.53800", "2019-09-30": "25.69020", "2019-06-30": "12.57060", "2019-03-31": "14.08240", "2018-12-31": "13.56540", "2018-09-30": "11.82290", "2018-06-30": "9.03040", "2018-03-31": "13.65550", "2017-12-31": "-5.53930", "2017-09-30": "13.35060", "2017-06-30": "7.19290", "2017-03-31": "8.55050", "2016-12-31": "7.98730", "2016-09-30": "10.24290", "2016-06-30": "9.13160", "2016-03-31": "9.12610", "2015-12-31": "9.10610", "2015-09-30": "10.77910", "2015-06-30": "0.88650", "2015-03-31": "7.83000", "2014-12-31": "9.95790", "2014-09-30": "8.73540", "2014-06-30": "12.12660", "2014-03-31": "12.91300", "2013-12-31": "13.79110", "2013-09-30": "15.54360", "2013-06-30": "13.19640", "2013-03-31": "11.02830", "2012-12-31": "10.64740", "2012-09-30": "8.31700", "2012-06-30": "18.54810", "2012-03-31": "21.85490", "2011-12-31": "24.40090", "2011-09-30": "31.67020", "2011-06-30": "19.71730", "2011-03-31": "", "2010-12-31": "", "2010-09-30": "", "2010-06-30": ""}, "Book Value Per Share": {"2020-09-30": "-4.15020", "2020-06-30": "-4.63910", "2020-03-31": "-5.58120", "2019-12-31": "-4.50240", "2019-09-30": "-3.63610", "2019-06-30": "1.42900", "2019-03-31": "2.66520", "2018-12-31": "1.77530", "2018-09-30": "3.71460", "2018-06-30": "4.26270", "2018-03-31": "3.83210", "2017-12-31": "6.13080", "2017-09-30": "7.17570", "2017-06-30": "7.49620", "2017-03-31": "6.76150", "2016-12-31": "6.98940", "2016-09-30": "6.24650", "2016-06-30": "5.39230", "2016-03-31": "5.20350", "2015-12-31": "5.05330", "2015-09-30": "4.83140", "2015-06-30": "4.82940", "2015-03-31": "4.94920", "2014-12-31": "4.46630", "2014-09-30": "4.07290", "2014-06-30": "3.80210", "2014-03-31": "3.22360", "2013-12-31": "2.67870", "2013-09-30": "2.17840", "2013-06-30": "1.69050", "2013-03-31": "1.32130", "2012-12-31": "1.07640", "2012-09-30": "1.27780", "2012-06-30": "1.42260", "2012-03-31": "1.12540", "2011-12-31": "0.81740", "2011-09-30": "0.09500", "2011-06-30": "1.46720", "2011-03-31": "", "2010-12-31": "", "2010-09-30": "", "2010-06-30": ""}, "Operating Cash Flow Per Share": {"2020-09-30": "1.83690", "2020-06-30": 1.8428, "2020-03-31": 1.4433, "2019-12-31": 1.9925, "2019-09-30": "1.74710", "2019-06-30": 1.3822, "2019-03-31": 0.2138, "2018-12-31": 0.7547, "2018-09-30": "1.27010", "2018-06-30": 0.5816, "2018-03-31": 1.524, "2017-12-31": 0.9478, "2017-09-30": "1.18560", "2017-06-30": 0.5548, "2017-03-31": -0.1111, "2016-12-31": 0.5112, "2016-09-30": "0.39080", "2016-06-30": 0.5082, "2016-03-31": 0.3414, "2015-12-31": 0.9133, "2015-09-30": "0.53950", "2015-06-30": 0.2008, "2015-03-31": 0.4142, "2014-12-31": 0.3651, "2014-09-30": "0.52210", "2014-06-30": 0.6224, "2014-03-31": -0.1568, "2013-12-31": 0.307, "2013-09-30": "0.57980", "2013-06-30": 0.498, "2013-03-31": 0.4023, "2012-12-31": 0.306, "2012-09-30": "0.25500", "2012-06-30": 0.431, "2012-03-31": 0.3272, "2011-12-31": -0.0288, "2011-09-30": "0.25060", "2011-06-30": 0.18, "2011-03-31": 0.2499, "2010-12-31": 0.2815, "2010-09-30": "0.29160", "2010-06-30": 0}, "Free Cash Flow Per Share": {"2020-09-30": "1.79240", "2020-06-30": 1.8204, "2020-03-31": 1.0781, "2019-12-31": 2.1805, "2019-09-30": "1.47940", "2019-06-30": 0.7693, "2019-03-31": 0.1835, "2018-12-31": 0.7306, "2018-09-30": "1.21560", "2018-06-30": 0.5591, "2018-03-31": 1.51, "2017-12-31": 0.9039, "2017-09-30": "1.14970", "2017-06-30": 0.5365, "2017-03-31": -0.1458, "2016-12-31": 0.4901, "2016-09-30": "0.37810", "2016-06-30": 0.4923, "2016-03-31": 0.3196, "2015-12-31": 0.8989, "2015-09-30": "0.51880", "2015-06-30": 0.1797, "2015-03-31": 0.3867, "2014-12-31": 0.3101, "2014-09-30": "0.48360", "2014-06-30": 0.6135, "2014-03-31": -0.1711, "2013-12-31": 0.2902, "2013-09-30": "0.57470", "2013-06-30": 0.4881, "2013-03-31": 0.3912, "2012-12-31": 0.2928, "2012-09-30": "0.22970", "2012-06-30": 0.4085, "2012-03-31": 0.3224, "2011-12-31": -0.038, "2011-09-30": "0.24740", "2011-06-30": 0.1791, "2011-03-31": 0.2449, "2010-12-31": 0.281, "2010-09-30": "0.29050", "2010-06-30": 0}}, "revenue": {"Ubiquiti Annual Revenue (Millions of US $)": {"2020": "$1,285", "2019": "$1,162", "2018": "$1,017", "2017": "$865", "2016": "$666", "2015": "$596", "2014": "$572", "2013": "$321", "2012": "$354", "2011": "$198", "2010": "$137"}, "Ubiquiti Quarterly Revenue (Millions of US $)": {"2020-09-30": "$474", "2020-06-30": "$316", "2020-03-31": "$337", "2019-12-31": "$308", "2019-09-30": "$323", "2019-06-30": "$287", "2019-03-31": "$285", "2018-12-31": "$307", "2018-09-30": "$283", "2018-06-30": "$270", "2018-03-31": "$250", "2017-12-31": "$251", "2017-09-30": "$246", "2017-06-30": "$229", "2017-03-31": "$218", "2016-12-31": "$214", "2016-09-30": "$205", "2016-06-30": "$186", "2016-03-31": "$167", "2015-12-31": "$162", "2015-09-30": "$151", "2015-06-30": "$145", "2015-03-31": "$147", "2014-12-31": "$153", "2014-09-30": "$150", "2014-06-30": "$156", "2014-03-31": "$148", "2013-12-31": "$138", "2013-09-30": "$130", "2013-06-30": "$101", "2013-03-31": "$83", "2012-12-31": "$75", "2012-09-30": "$62", "2012-06-30": "$95", "2012-03-31": "$92", "2011-12-31": "$88", "2011-09-30": "$79", "2011-06-30": "$68", "2011-03-31": "$51", "2010-12-31": "$45", "2010-09-30": "$34", "2010-06-30": ""}}, "gross-profit": {"Ubiquiti Annual Gross Profit (Millions of US $)": {"2020": "$608", "2019": "$538", "2018": "$444", "2017": "$396", "2016": "$325", "2015": "$262", "2014": "$253", "2013": "$135", "2012": "$151", "2011": "$81", "2010": "$55"}, "Ubiquiti Quarterly Gross Profit (Millions of US $)": {"2020-09-30": "$228", "2020-06-30": "$152", "2020-03-31": "$160", "2019-12-31": "$145", "2019-09-30": "$151", "2019-06-30": "$133", "2019-03-31": "$133", "2018-12-31": "$140", "2018-09-30": "$132", "2018-06-30": "$121", "2018-03-31": "$114", "2017-12-31": "$97", "2017-09-30": "$112", "2017-06-30": "$103", "2017-03-31": "$99", "2016-12-31": "$95", "2016-09-30": "$98", "2016-06-30": "$90", "2016-03-31": "$82", "2015-12-31": "$79", "2015-09-30": "$74", "2015-06-30": "$66", "2015-03-31": "$66", "2014-12-31": "$69", "2014-09-30": "$61", "2014-06-30": "$69", "2014-03-31": "$66", "2013-12-31": "$61", "2013-09-30": "$58", "2013-06-30": "$44", "2013-03-31": "$35", "2012-12-31": "$30", "2012-09-30": "$25", "2012-06-30": "$41", "2012-03-31": "$40", "2011-12-31": "$37", "2011-09-30": "$33", "2011-06-30": "$28", "2011-03-31": "$21", "2010-12-31": "$18", "2010-09-30": "$14", "2010-06-30": ""}}, "operating-income": {"Ubiquiti Annual Operating Income (Millions of US $)": {"2020": "$478", "2019": "$394", "2018": "$326", "2017": "$290", "2016": "$242", "2015": "$147", "2014": "$196", "2013": "$93", "2012": "$125", "2011": "$62", "2010": "$5"}, "Ubiquiti Quarterly Operating Income (Millions of US $)": {"2020-09-30": "$190", "2020-06-30": "$118", "2020-03-31": "$127", "2019-12-31": "$112", "2019-09-30": "$121", "2019-06-30": "$101", "2019-03-31": "$102", "2018-12-31": "$92", "2018-09-30": "$100", "2018-06-30": "$88", "2018-03-31": "$85", "2017-12-31": "$66", "2017-09-30": "$87", "2017-06-30": "$72", "2017-03-31": "$73", "2016-12-31": "$70", "2016-09-30": "$75", "2016-06-30": "$66", "2016-03-31": "$60", "2015-12-31": "$56", "2015-09-30": "$60", "2015-06-30": "$7", "2015-03-31": "$45", "2014-12-31": "$51", "2014-09-30": "$44", "2014-06-30": "$53", "2014-03-31": "$50", "2013-12-31": "$47", "2013-09-30": "$46", "2013-06-30": "$33", "2013-03-31": "$24", "2012-12-31": "$20", "2012-09-30": "$16", "2012-06-30": "$34", "2012-03-31": "$33", "2011-12-31": "$31", "2011-09-30": "$28", "2011-06-30": "$23", "2011-03-31": "$16", "2010-12-31": "$14", "2010-09-30": "$9", "2010-06-30": ""}}, "ebitda": {"Ubiquiti Annual EBITDA (Millions of US $)": {"2020": "$493", "2019": "$402", "2018": "$334", "2017": "$297", "2016": "$248", "2015": "$152", "2014": "$199", "2013": "$95", "2012": "$126", "2011": "$62", "2010": "$5"}, "Ubiquiti Quarterly EBITDA (Millions of US $)": {"2020-09-30": "$193", "2020-06-30": "$121", "2020-03-31": "$129", "2019-12-31": "$119", "2019-09-30": "$123", "2019-06-30": "$103", "2019-03-31": "$104", "2018-12-31": "$93", "2018-09-30": "$102", "2018-06-30": "$91", "2018-03-31": "$87", "2017-12-31": "$68", "2017-09-30": "$89", "2017-06-30": "$74", "2017-03-31": "$75", "2016-12-31": "$72", "2016-09-30": "$76", "2016-06-30": "$67", "2016-03-31": "$62", "2015-12-31": "$58", "2015-09-30": "$61", "2015-06-30": "$9", "2015-03-31": "$46", "2014-12-31": "$52", "2014-09-30": "$45", "2014-06-30": "$54", "2014-03-31": "$51", "2013-12-31": "$48", "2013-09-30": "$47", "2013-06-30": "$34", "2013-03-31": "$24", "2012-12-31": "$21", "2012-09-30": "$16", "2012-06-30": "$34", "2012-03-31": "$33", "2011-12-31": "$31", "2011-09-30": "$28", "2011-06-30": "$23", "2011-03-31": "$16", "2010-12-31": "$14", "2010-09-30": "$10", "2010-06-30": ""}}, "net-income": {"Ubiquiti Annual Net Income (Millions of US $)": {"2020": "$380", "2019": "$323", "2018": "$196", "2017": "$258", "2016": "$214", "2015": "$130", "2014": "$177", "2013": "$80", "2012": "$-10", "2011": "$5", "2010": "$-7"}, "Ubiquiti Quarterly Net Income (Millions of US $)": {"2020-09-30": "$157", "2020-06-30": "$93", "2020-03-31": "$104", "2019-12-31": "$86", "2019-09-30": "$98", "2019-06-30": "$71", "2019-03-31": "$88", "2018-12-31": "$78", "2018-09-30": "$86", "2018-06-30": "$70", "2018-03-31": "$103", "2017-12-31": "$-51", "2017-09-30": "$75", "2017-06-30": "$61", "2017-03-31": "$64", "2016-12-31": "$61", "2016-09-30": "$72", "2016-06-30": "$58", "2016-03-31": "$53", "2015-12-31": "$49", "2015-09-30": "$54", "2015-06-30": "$5", "2015-03-31": "$41", "2014-12-31": "$46", "2014-09-30": "$38", "2014-06-30": "$49", "2014-03-31": "$45", "2013-12-31": "$42", "2013-09-30": "$41", "2013-06-30": "$29", "2013-03-31": "$21", "2012-12-31": "$18", "2012-09-30": "$13", "2012-06-30": "$29", "2012-03-31": "$28", "2011-12-31": "$14", "2011-09-30": "$-81", "2011-06-30": "$18", "2011-03-31": "$3", "2010-12-31": "$4", "2010-09-30": "$4", "2010-06-30": ""}}, "eps-earnings-per-share-diluted": {"Ubiquiti Annual EPS": {"2020": "$5.80", "2019": "$4.51", "2018": "$2.51", "2017": "$3.09", "2016": "$2.49", "2015": "$1.45", "2014": "$1.97", "2013": "$0.89", "2012": "$-0.12", "2011": "$0.07", "2010": "$-0.08"}, "Ubiquiti Quarterly EPS": {"2020-09-30": "$2.46", "2020-06-30": "$1.45", "2020-03-31": "$1.60", "2019-12-31": "$1.32", "2019-09-30": "$1.43", "2019-06-30": "$1.01", "2019-03-31": "$1.25", "2018-12-31": "$1.09", "2018-09-30": "$1.16", "2018-06-30": "$0.93", "2018-03-31": "$1.32", "2017-12-31": "$-0.66", "2017-09-30": "$0.92", "2017-06-30": "$0.74", "2017-03-31": "$0.77", "2016-12-31": "$0.72", "2016-09-30": "$0.86", "2016-06-30": "$0.69", "2016-03-31": "$0.62", "2015-12-31": "$0.57", "2015-09-30": "$0.61", "2015-06-30": "$0.05", "2015-03-31": "$0.46", "2014-12-31": "$0.52", "2014-09-30": "$0.42", "2014-06-30": "$0.55", "2014-03-31": "$0.50", "2013-12-31": "$0.47", "2013-09-30": "$0.45", "2013-06-30": "$0.32", "2013-03-31": "$0.23", "2012-12-31": "$0.20", "2012-09-30": "$0.14", "2012-06-30": "$0.72", "2012-03-31": "$0.30", "2011-12-31": "$0.16", "2011-09-30": "$-1.30", "2011-06-30": "$-0.15", "2011-03-31": "$0.05", "2010-12-31": "$0.06", "2010-09-30": "$0.06", "2010-06-30": "$0.00"}}, "shares-outstanding": {"Ubiquiti Annual Shares Outstanding (Millions of Shares)": {"2020": "66", "2019": "72", "2018": "78", "2017": "83", "2016": "86", "2015": "90", "2014": "90", "2013": "90", "2012": "83", "2011": "67", "2010": "89"}, "Ubiquiti Quarterly Shares Outstanding (Millions of Shares)": {"2020-09-30": "64", "2020-06-30": "66", "2020-03-31": "65", "2019-12-31": "65", "2019-09-30": "68", "2019-06-30": "72", "2019-03-31": "71", "2018-12-31": "71", "2018-09-30": "74", "2018-06-30": "78", "2018-03-31": "78", "2017-12-31": "78", "2017-09-30": "82", "2017-06-30": "83", "2017-03-31": "83", "2016-12-31": "84", "2016-09-30": "84", "2016-06-30": "86", "2016-03-31": "85", "2015-12-31": "86", "2015-09-30": "88", "2015-06-30": "90", "2015-03-31": "89", "2014-12-31": "90", "2014-09-30": "90", "2014-06-30": "90", "2014-03-31": "90", "2013-12-31": "90", "2013-09-30": "89", "2013-06-30": "90", "2013-03-31": "89", "2012-12-31": "90", "2012-09-30": "93", "2012-06-30": "83", "2012-03-31": "94", "2011-12-31": "90", "2011-09-30": "63", "2011-06-30": "63", "2011-03-31": "66", "2010-12-31": "66", "2010-09-30": "68", "2010-06-30": ""}}, "total-assets": {"Ubiquiti Annual Total Assets (Millions of US $)": {"2020": "$737", "2019": "$876", "2018": "$1,023", "2017": "$973", "2016": "$747", "2015": "$601", "2014": "$476", "2013": "$292", "2012": "$214", "2011": "$132", "2010": "$0"}, "Ubiquiti Quarterly Total Assets (Millions of US $)": {"2020-09-30": "$752", "2020-06-30": "$737", "2020-03-31": "$621", "2019-12-31": "$667", "2019-09-30": "$751", "2019-06-30": "$876", "2019-03-31": "$931", "2018-12-31": "$936", "2018-09-30": "$1,003", "2018-06-30": "$1,023", "2018-03-31": "$1,041", "2017-12-31": "$1,168", "2017-09-30": "$984", "2017-06-30": "$973", "2017-03-31": "$882", "2016-12-31": "$905", "2016-09-30": "$804", "2016-06-30": "$747", "2016-03-31": "$658", "2015-12-31": "$637", "2015-09-30": "$584", "2015-06-30": "$601", "2015-03-31": "$619", "2014-12-31": "$553", "2014-09-30": "$531", "2014-06-30": "$476", "2014-03-31": "$435", "2013-12-31": "$393", "2013-09-30": "$343", "2013-06-30": "$292", "2013-03-31": "$252", "2012-12-31": "$230", "2012-09-30": "$211", "2012-06-30": "$214", "2012-03-31": "$178", "2011-12-31": "$144", "2011-09-30": "$119", "2011-06-30": "$132", "2011-03-31": "$0", "2010-12-31": "$0", "2010-09-30": "$0", "2010-06-30": "$0"}}, "cash-on-hand": {"Ubiquiti Annual Cash on Hand (Millions of US $)": {"2020": "$144", "2019": "$308", "2018": "$667", "2017": "$604", "2016": "$551", "2015": "$446", "2014": "$347", "2013": "$228", "2012": "$122", "2011": "$76", "2010": "$"}, "Ubiquiti Quarterly Cash on Hand (Millions of US $)": {"2020-09-30": "$129", "2020-06-30": "$144", "2020-03-31": "$85", "2019-12-31": "$116", "2019-09-30": "$152", "2019-06-30": "$308", "2019-03-31": "$372", "2018-12-31": "$397", "2018-09-30": "$577", "2018-06-30": "$667", "2018-03-31": "$691", "2017-12-31": "$824", "2017-09-30": "$632", "2017-06-30": "$604", "2017-03-31": "$534", "2016-12-31": "$613", "2016-09-30": "$574", "2016-06-30": "$551", "2016-03-31": "$503", "2015-12-31": "$497", "2015-09-30": "$436", "2015-06-30": "$446", "2015-03-31": "$451", "2014-12-31": "$389", "2014-09-30": "$391", "2014-06-30": "$347", "2014-03-31": "$292", "2013-12-31": "$306", "2013-09-30": "$280", "2013-06-30": "$228", "2013-03-31": "$182", "2012-12-31": "$148", "2012-09-30": "$132", "2012-06-30": "$122", "2012-03-31": "$94", "2011-12-31": "$65", "2011-09-30": "$53", "2011-06-30": "$76", "2011-03-31": "", "2010-12-31": "", "2010-09-30": "", "2010-06-30": ""}}, "long-term-debt": {"Ubiquiti Annual Long Term Debt (Millions of US $)": {"2020": "$628", "2019": "$465", "2018": "$460", "2017": "$242", "2016": "$192", "2015": "$88", "2014": "$72", "2013": "$71", "2012": "$23", "2011": "$", "2010": "$"}, "Ubiquiti Quarterly Long Term Debt (Millions of US $)": {"2020-09-30": "$612", "2020-06-30": "$628", "2020-03-31": "$659", "2019-12-31": "$615", "2019-09-30": "$621", "2019-06-30": "$465", "2019-03-31": "$439", "2018-12-31": "$448", "2018-09-30": "$454", "2018-06-30": "$460", "2018-03-31": "$466", "2017-12-31": "$453", "2017-09-30": "", "2017-06-30": "$242", "2017-03-31": "$211", "2016-12-31": "$184", "2016-09-30": "$188", "2016-06-30": "$192", "2016-03-31": "$146", "2015-12-31": "$116", "2015-09-30": "$85", "2015-06-30": "$88", "2015-03-31": "$90", "2014-12-31": "$72", "2014-09-30": "$72", "2014-06-30": "$72", "2014-03-31": "$66", "2013-12-31": "$68", "2013-09-30": "$70", "2013-06-30": "$71", "2013-03-31": "$72", "2012-12-31": "$74", "2012-09-30": "$45", "2012-06-30": "$23", "2012-03-31": "$24", "2011-12-31": "$26", "2011-09-30": "$62", "2011-06-30": "", "2011-03-31": "", "2010-12-31": "", "2010-09-30": "", "2010-06-30": ""}}, "total-liabilities": {"Ubiquiti Annual Total Liabilities (Millions of US $)": {"2020": "$1,033", "2019": "$777", "2018": "$707", "2017": "$371", "2016": "$307", "2015": "$178", "2014": "$141", "2013": "$145", "2012": "$83", "2011": "$40", "2010": "$0"}, "Ubiquiti Quarterly Total Liabilities (Millions of US $)": {"2020-09-30": "$1,014", "2020-06-30": "$1,033", "2020-03-31": "$977", "2019-12-31": "$959", "2019-09-30": "$990", "2019-06-30": "$777", "2019-03-31": "$742", "2018-12-31": "$811", "2018-09-30": "$733", "2018-06-30": "$707", "2018-03-31": "$755", "2017-12-31": "$692", "2017-09-30": "$423", "2017-06-30": "$371", "2017-03-31": "$339", "2016-12-31": "$331", "2016-09-30": "$291", "2016-06-30": "$307", "2016-03-31": "$227", "2015-12-31": "$209", "2015-09-30": "$170", "2015-06-30": "$178", "2015-03-31": "$184", "2014-12-31": "$161", "2014-09-30": "$172", "2014-06-30": "$141", "2014-03-31": "$151", "2013-12-31": "$158", "2013-09-30": "$153", "2013-06-30": "$145", "2013-03-31": "$137", "2012-12-31": "$137", "2012-09-30": "$98", "2012-06-30": "$83", "2012-03-31": "$74", "2011-12-31": "$69", "2011-09-30": "$113", "2011-06-30": "$40", "2011-03-31": "$0", "2010-12-31": "$0", "2010-09-30": "$0", "2010-06-30": "$0"}}, "total-share-holder-equity": {"Ubiquiti Annual Share Holder Equity (Millions of US $)": {"2020": "$-295", "2019": "$99", "2018": "$316", "2017": "$602", "2016": "$440", "2015": "$422", "2014": "$335", "2013": "$147", "2012": "$131", "2011": "$92", "2010": "$0"}, "Ubiquiti Quarterly Share Holder Equity (Millions of US $)": {"2020-09-30": "$-262", "2020-06-30": "$-295", "2020-03-31": "$-356", "2019-12-31": "$-292", "2019-09-30": "$-239", "2019-06-30": "$99", "2019-03-31": "$188", "2018-12-31": "$125", "2018-09-30": "$271", "2018-06-30": "$316", "2018-03-31": "$286", "2017-12-31": "$476", "2017-09-30": "$561", "2017-06-30": "$602", "2017-03-31": "$543", "2016-12-31": "$575", "2016-09-30": "$513", "2016-06-30": "$440", "2016-03-31": "$431", "2015-12-31": "$428", "2015-09-30": "$414", "2015-06-30": "$422", "2015-03-31": "$435", "2014-12-31": "$392", "2014-09-30": "$360", "2014-06-30": "$335", "2014-03-31": "$284", "2013-12-31": "$235", "2013-09-30": "$191", "2013-06-30": "$147", "2013-03-31": "$115", "2012-12-31": "$94", "2012-09-30": "$114", "2012-06-30": "$131", "2012-03-31": "$103", "2011-12-31": "$75", "2011-09-30": "$6", "2011-06-30": "$92", "2011-03-31": "$0", "2010-12-31": "$0", "2010-09-30": "$0", "2010-06-30": "$0"}}, "profit-margins": {"current": "30.57%"}, "gross margin": {"2020-09-30": "47.74%", "2020-06-30": "47.35%", "2020-03-31": "46.93%", "2019-12-31": "46.72%", "2019-09-30": "46.34%", "2019-06-30": "46.30%", "2019-03-31": "45.94%", "2018-12-31": "45.68%", "2018-09-30": "44.02%", "2018-06-30": "43.66%", "2018-03-31": "43.65%", "2017-12-31": "43.54%", "2017-09-30": "45.09%", "2017-06-30": "45.61%", "2017-03-31": "46.42%", "2016-12-31": "47.28%", "2016-09-30": "48.47%", "2016-06-30": "48.80%", "2016-03-31": "48.16%", "2015-12-31": "47.11%", "2015-09-30": "46.14%", "2015-06-30": "44.03%", "2015-03-31": "43.73%", "2014-12-31": "43.66%", "2014-09-30": "43.41%", "2014-06-30": "44.41%", "2014-03-31": "44.29%", "2013-12-31": "43.81%", "2013-09-30": "42.93%", "2013-06-30": "41.74%", "2013-03-31": "41.59%", "2012-12-31": "41.98%", "2012-09-30": "42.43%", "2012-06-30": "42.66%", "2012-03-31": "42.20%", "2011-12-31": "41.61%", "2011-09-30": "41.15%", "2011-06-30": "40.91%"}, "operating margin": {"2020-09-30": "38.12%", "2020-06-30": "37.23%", "2020-03-31": "36.73%", "2019-12-31": "36.24%", "2019-09-30": "34.61%", "2019-06-30": "33.99%", "2019-03-31": "33.36%", "2018-12-31": "32.88%", "2018-09-30": "32.16%", "2018-06-30": "32.06%", "2018-03-31": "31.76%", "2017-12-31": "31.57%", "2017-09-30": "33.30%", "2017-06-30": "33.49%", "2017-03-31": "34.51%", "2016-12-31": "35.10%", "2016-09-30": "35.69%", "2016-06-30": "36.34%", "2016-03-31": "29.28%", "2015-12-31": "27.77%", "2015-09-30": "27.35%", "2015-06-30": "24.71%", "2015-03-31": "31.85%", "2014-12-31": "32.62%", "2014-09-30": "32.77%", "2014-06-30": "34.27%", "2014-03-31": "34.04%", "2013-12-31": "33.19%", "2013-09-30": "31.62%", "2013-06-30": "28.97%", "2013-03-31": "29.84%", "2012-12-31": "31.79%", "2012-09-30": "33.83%", "2012-06-30": "35.59%", "2012-03-31": "35.17%", "2011-12-31": "34.27%", "2011-09-30": "33.33%", "2011-06-30": "31.31%"}, "ebitda margin": {"2020-09-30": "39.16%", "2020-06-30": "38.32%", "2020-03-31": "37.77%", "2019-12-31": "37.32%", "2019-09-30": "35.19%", "2019-06-30": "34.60%", "2019-03-31": "34.06%", "2018-12-31": "33.60%", "2018-09-30": "33.02%", "2018-06-30": "32.94%", "2018-03-31": "32.58%", "2017-12-31": "32.42%", "2017-09-30": "34.18%", "2017-06-30": "34.30%", "2017-03-31": "35.24%", "2016-12-31": "35.88%", "2016-09-30": "36.53%", "2016-06-30": "37.24%", "2016-03-31": "30.40%", "2015-12-31": "28.76%", "2015-09-30": "28.19%", "2015-06-30": "25.55%", "2015-03-31": "32.51%", "2014-12-31": "33.28%", "2014-09-30": "33.45%", "2014-06-30": "34.97%", "2014-03-31": "34.82%", "2013-12-31": "33.85%", "2013-09-30": "32.39%", "2013-06-30": "29.60%", "2013-03-31": "30.16%", "2012-12-31": "32.10%", "2012-09-30": "33.83%", "2012-06-30": "35.59%", "2012-03-31": "35.17%", "2011-12-31": "34.27%", "2011-09-30": "33.33%", "2011-06-30": "31.82%"}, "pre tax profit margin": {"2020-09-30": "36.24%", "2020-06-30": "35.05%", "2020-03-31": "34.58%", "2019-12-31": "34.25%", "2019-09-30": "33.28%", "2019-06-30": "32.79%", "2019-03-31": "32.23%", "2018-12-31": "31.53%", "2018-09-30": "30.93%", "2018-06-30": "30.97%", "2018-03-31": "30.74%", "2017-12-31": "30.93%", "2017-09-30": "32.75%", "2017-06-30": "32.91%", "2017-03-31": "34.02%", "2016-12-31": "34.72%", "2016-09-30": "35.42%", "2016-06-30": "36.19%", "2016-03-31": "29.28%", "2015-12-31": "27.60%", "2015-09-30": "27.18%", "2015-06-30": "24.54%", "2015-03-31": "31.52%", "2014-12-31": "32.45%", "2014-09-30": "32.60%", "2014-06-30": "34.09%", "2014-03-31": "34.04%", "2013-12-31": "32.96%", "2013-09-30": "31.36%", "2013-06-30": "28.66%", "2013-03-31": "29.52%", "2012-12-31": "31.48%", "2012-09-30": "33.53%", "2012-06-30": "35.03%", "2012-03-31": "34.56%", "2011-12-31": "33.92%", "2011-09-30": "32.92%", "2011-06-30": "31.31%"}, "net profit margin": {"2020-09-30": "30.66%", "2020-06-30": "29.67%", "2020-03-31": "28.61%", "2019-12-31": "28.51%", "2019-09-30": "27.87%", "2019-06-30": "27.80%", "2019-03-31": "28.12%", "2018-12-31": "30.36%", "2018-09-30": "19.73%", "2018-06-30": "19.37%", "2018-03-31": "19.26%", "2017-12-31": "15.78%", "2017-09-30": "28.78%", "2017-06-30": "29.79%", "2017-03-31": "30.98%", "2016-12-31": "31.61%", "2016-09-30": "32.22%", "2016-06-30": "32.13%", "2016-03-31": "25.76%", "2015-12-31": "24.63%", "2015-09-30": "24.50%", "2015-06-30": "21.85%", "2015-03-31": "28.71%", "2014-12-31": "29.32%", "2014-09-30": "29.39%", "2014-06-30": "30.94%", "2014-03-31": "30.37%", "2013-12-31": "29.42%", "2013-09-30": "28.02%", "2013-06-30": "25.23%", "2013-03-31": "25.71%", "2012-12-31": "27.16%", "2012-09-30": "24.93%", "2012-06-30": "-2.82%", "2012-03-31": "-6.42%", "2011-12-31": "-16.08%", "2011-09-30": "-23.05%", "2011-06-30": "14.65%"}, "pe ratio": {"current": "42.01", "2021-02-05": "49.63", "2020-09-30": "24.36", "2020-06-30": "29.98", "2020-03-31": "26.27", "2019-12-31": "37.44", "2019-09-30": "24.52", "2019-06-30": "28.81", "2019-03-31": "33.26", "2018-12-31": "21.70", "2018-09-30": "35.18", "2018-06-30": "32.93", "2018-03-31": "29.05", "2017-12-31": "39.30", "2017-09-30": "17.42", "2017-06-30": "16.47", "2017-03-31": "16.19", "2016-12-31": "19.59", "2016-09-30": "19.13", "2016-06-30": "15.21", "2016-03-31": "17.62", "2015-12-31": "18.37", "2015-09-30": "20.24", "2015-06-30": "21.56", "2015-03-31": "14.84", "2014-12-31": "14.59", "2014-09-30": "18.85", "2014-06-30": "22.35", "2014-03-31": "25.46", "2013-12-31": "30.47", "2013-09-30": "27.28", "2013-06-30": "19.21", "2013-03-31": "15.37", "2012-12-31": "12.59", "2012-09-30": "12.70"}, "price sales": {"2021-02-05": "15.27", "2020-09-30": "7.49", "2020-06-30": "8.92", "2020-03-31": "7.54", "2019-12-31": "10.72", "2019-09-30": "6.87", "2019-06-30": "8.04", "2019-03-31": "9.46", "2018-12-31": "6.62", "2018-09-30": "7.08", "2018-06-30": "6.44", "2018-03-31": "5.53", "2017-12-31": "5.99", "2017-09-30": "5.03", "2017-06-30": "4.92", "2017-03-31": "5.04", "2016-12-31": "6.20", "2016-09-30": "6.19", "2016-06-30": "4.90", "2016-03-31": "4.53", "2015-12-31": "4.52", "2015-09-30": "4.96", "2015-06-30": "4.70", "2015-03-31": "4.28", "2014-12-31": "4.29", "2014-09-30": "5.54", "2014-06-30": "6.90", "2014-03-31": "7.68", "2013-12-31": "8.87", "2013-09-30": "7.55", "2013-06-30": "4.81", "2013-03-31": "3.75", "2012-12-31": "3.28", "2012-09-30": "3.05"}, "price book": {"current": "0.00", "2021-02-05": "0.00", "2020-09-30": "-40.09", "2020-06-30": "-37.49", "2020-03-31": "-25.23", "2019-12-31": "-41.66", "2019-09-30": "-32.23", "2019-06-30": "90.94", "2019-03-31": "55.40", "2018-12-31": "55.13", "2018-09-30": "26.14", "2018-06-30": "19.47", "2018-03-31": "17.59", "2017-12-31": "11.35", "2017-09-30": "7.65", "2017-06-30": "6.79", "2017-03-31": "7.28", "2016-12-31": "8.10", "2016-09-30": "8.39", "2016-06-30": "7.02", "2016-03-31": "6.26", "2015-12-31": "6.14", "2015-09-30": "6.87", "2015-06-30": "6.47", "2015-03-31": "5.85", "2014-12-31": "6.50", "2014-09-30": "8.98", "2014-06-30": "11.58", "2014-03-31": "13.74", "2013-12-31": "16.72", "2013-09-30": "15.03", "2013-06-30": "10.11", "2013-03-31": "10.12", "2012-12-31": "10.99", "2012-09-30": "8.94", "2012-06-30": "9.62", "2012-03-31": "27.00", "2011-12-31": "21.42"}, "price fcf": {"2021-02-05": "", "2020-09-30": "$6.87", "2020-06-30": "$6.56", "2020-03-31": "$5.51", "2019-12-31": "$4.61", "2019-09-30": "$3.16", "2019-06-30": "$2.90", "2019-03-31": "$2.69", "2018-12-31": "$4.02", "2018-09-30": "$4.19", "2018-06-30": "$4.12", "2018-03-31": "$4.10", "2017-12-31": "$2.44", "2017-09-30": "$2.03", "2017-06-30": "$1.26", "2017-03-31": "$1.21", "2016-12-31": "$1.68", "2016-09-30": "$2.09", "2016-06-30": "$2.23", "2016-03-31": "$1.92", "2015-12-31": "$1.98", "2015-09-30": "$1.40", "2015-06-30": "$1.36", "2015-03-31": "$1.79", "2014-12-31": "$1.24", "2014-09-30": "$1.22", "2014-06-30": "$1.31", "2014-03-31": "$1.18", "2013-12-31": "$1.74", "2013-09-30": "$1.75", "2013-06-30": "$1.40", "2013-03-31": "$1.32", "2012-12-31": "$1.25", "2012-09-30": "$1.17"}, "net worth": {"value": "$21.29B"}, "current ratio": {"current": "2.25", "2020-09-30": "2.25", "2020-06-30": "2.22", "2020-03-31": "2.72", "2019-12-31": "2.59", "2019-09-30": "2.64", "2019-06-30": "4.21", "2019-03-31": "5.03", "2018-12-31": "3.73", "2018-09-30": "6.12", "2018-06-30": "8.87", "2018-03-31": "6.69", "2017-12-31": "10.94", "2017-09-30": "9.00", "2017-06-30": "9.67", "2017-03-31": "8.71", "2016-12-31": "7.43", "2016-09-30": "10.19", "2016-06-30": "8.03", "2016-03-31": "11.19", "2015-12-31": "8.79", "2015-09-30": "8.92", "2015-06-30": "8.29", "2015-03-31": "8.08", "2014-12-31": "7.63", "2014-09-30": "6.32", "2014-06-30": "8.90", "2014-03-31": "6.26", "2013-12-31": "5.23", "2013-09-30": "4.94", "2013-06-30": "4.77", "2013-03-31": "4.30", "2012-12-31": "4.03", "2012-09-30": "4.54", "2012-06-30": "3.97", "2012-03-31": "3.65", "2011-12-31": "3.45", "2011-09-30": "2.33", "2011-06-30": "3.39", "2011-03-31": "0.00", "2010-12-31": "0.00", "2010-09-30": "0.00", "2010-06-30": "0.00"}, "quick ratio": {"2020-09-30": "1.30", "2020-06-30": "1.14", "2020-03-31": "1.56", "2019-12-31": "1.37", "2019-09-30": "1.57", "2019-06-30": "2.73", "2019-03-31": "3.40", "2018-12-31": "2.63", "2018-09-30": "5.20", "2018-06-30": "7.96", "2018-03-31": "6.08", "2017-12-31": "10.00", "2017-09-30": "7.86", "2017-06-30": "8.23", "2017-03-31": "7.37", "2016-12-31": "6.56", "2016-09-30": "9.15", "2016-06-30": "7.40", "2016-03-31": "10.45", "2015-12-31": "8.32", "2015-09-30": "8.44", "2015-06-30": "7.76", "2015-03-31": "7.52", "2014-12-31": "7.10", "2014-09-30": "5.85", "2014-06-30": "8.02", "2014-03-31": "5.29", "2013-12-31": "4.79", "2013-09-30": "4.70", "2013-06-30": "4.50", "2013-03-31": "3.96", "2012-12-31": "3.76", "2012-09-30": "4.37", "2012-06-30": "3.82", "2012-03-31": "3.46", "2011-12-31": "3.23", "2011-09-30": "2.16", "2011-06-30": "3.24", "2011-03-31": "0.00", "2010-12-31": "0.00", "2010-09-30": "0.00", "2010-06-30": "0.00"}, "debt equity ratio": {"current": "0.00", "2020-09-30": "-3.87", "2020-06-30": "-3.50", "2020-03-31": "-2.74", "2019-12-31": "-3.28", "2019-09-30": "-4.14", "2019-06-30": "7.82", "2019-03-31": "3.95", "2018-12-31": "6.47", "2018-09-30": "2.71", "2018-06-30": "2.24", "2018-03-31": "2.64", "2017-12-31": "1.45", "2017-09-30": "0.75", "2017-06-30": "0.62", "2017-03-31": "0.62", "2016-12-31": "0.58", "2016-09-30": "0.57", "2016-06-30": "0.70", "2016-03-31": "0.53", "2015-12-31": "0.49", "2015-09-30": "0.41", "2015-06-30": "0.42", "2015-03-31": "0.42", "2014-12-31": "0.41", "2014-09-30": "0.48", "2014-06-30": "0.42", "2014-03-31": "0.53", "2013-12-31": "0.67", "2013-09-30": "0.80", "2013-06-30": "0.98", "2013-03-31": "1.19", "2012-12-31": "1.46", "2012-09-30": "0.86", "2012-06-30": "0.63", "2012-03-31": "0.72", "2011-12-31": "0.92", "2011-09-30": "19.01", "2011-06-30": "0.43", "2011-03-31": "0.00", "2010-12-31": "0.00", "2010-09-30": "0.00", "2010-06-30": "0.00"}, "return on equity": {"2020-09-30": "-146.06%", "2020-06-30": "-128.93%", "2020-03-31": "-182.23%", "2019-12-31": "-562.30%", "2019-09-30": "774.57%", "2019-06-30": "189.17%", "2019-03-31": "143.11%", "2018-12-31": "135.07%", "2018-09-30": "61.68%", "2018-06-30": "48.08%", "2018-03-31": "39.06%", "2017-12-31": "27.31%", "2017-09-30": "45.77%", "2017-06-30": "46.22%", "2017-03-31": "49.25%", "2016-12-31": "49.82%", "2016-09-30": "51.21%", "2016-06-30": "49.97%", "2016-03-31": "37.99%", "2015-12-31": "35.08%", "2015-09-30": "35.12%", "2015-06-30": "32.32%", "2015-03-31": "45.73%", "2014-12-31": "51.93%", "2014-09-30": "57.33%", "2014-06-30": "67.75%", "2014-03-31": "73.28%", "2013-12-31": "77.33%", "2013-09-30": "79.71%", "2013-06-30": "68.94%", "2013-03-31": "71.37%", "2012-12-31": "79.64%", "2012-09-30": "79.43%", "2012-06-30": "-12.70%", "2012-03-31": "-30.43%", "2011-12-31": "-106.36%", "2011-09-30": "-228.57%", "2011-06-30": "126.09%"}, "return on assets": {"2020-09-30": "63.38%", "2020-06-30": "54.90%", "2020-03-31": "49.26%", "2019-12-31": "42.54%", "2019-09-30": "38.35%", "2019-06-30": "34.49%", "2019-03-31": "33.09%", "2018-12-31": "33.67%", "2018-09-30": "19.65%", "2018-06-30": "18.69%", "2018-03-31": "18.05%", "2017-12-31": "14.87%", "2017-09-30": "27.88%", "2017-06-30": "28.96%", "2017-03-31": "30.56%", "2016-12-31": "31.34%", "2016-09-30": "32.61%", "2016-06-30": "32.60%", "2016-03-31": "25.97%", "2015-12-31": "24.42%", "2015-09-30": "24.78%", "2015-06-30": "22.57%", "2015-03-31": "31.94%", "2014-12-31": "35.69%", "2014-09-30": "37.93%", "2014-06-30": "42.99%", "2014-03-31": "42.93%", "2013-12-31": "41.56%", "2013-09-30": "39.03%", "2013-06-30": "32.89%", "2013-03-31": "35.72%", "2012-12-31": "42.26%", "2012-09-30": "44.98%", "2012-06-30": "-6.11%", "2012-03-31": "-14.66%", "2011-12-31": "-46.58%", "2011-09-30": "-89.24%", "2011-06-30": "87.88%"}, "return on investments": {"2020-09-30": "167.02%", "2020-06-30": "142.58%", "2020-03-31": "117.30%", "2019-12-31": "91.98%", "2019-09-30": "77.54%", "2019-06-30": "63.48%", "2019-03-31": "56.57%", "2018-12-31": "51.66%", "2018-09-30": "42.61%", "2018-06-30": "53.07%", "2018-03-31": "49.11%", "2017-12-31": "47.17%", "2017-09-30": "51.25%", "2017-06-30": "37.93%", "2017-03-31": "39.92%", "2016-12-31": "40.61%", "2016-09-30": "41.91%", "2016-06-30": "43.00%", "2016-03-31": "34.38%", "2015-12-31": "32.35%", "2015-09-30": "32.62%", "2015-06-30": "30.43%", "2015-03-31": "42.19%", "2014-12-31": "47.85%", "2014-09-30": "51.98%", "2014-06-30": "59.30%", "2014-03-31": "62.14%", "2013-12-31": "61.86%", "2013-09-30": "58.99%", "2013-06-30": "50.89%", "2013-03-31": "56.46%", "2012-12-31": "67.87%", "2012-09-30": "84.29%", "2012-06-30": "111.75%", "2012-03-31": "154.88%", "2011-12-31": "231.95%", "2011-09-30": "476.47%", "2011-06-30": "inf%"}, "return on tangible equity": {"2020-09-30": "-146.06%", "2020-06-30": "-128.93%", "2020-03-31": "-182.23%", "2019-12-31": "-562.30%", "2019-09-30": "774.57%", "2019-06-30": "189.17%", "2019-03-31": "143.11%", "2018-12-31": "135.07%", "2018-09-30": "61.68%", "2018-06-30": "48.08%", "2018-03-31": "39.06%", "2017-12-31": "27.31%", "2017-09-30": "45.77%", "2017-06-30": "46.22%", "2017-03-31": "49.25%", "2016-12-31": "49.82%", "2016-09-30": "51.21%", "2016-06-30": "49.97%", "2016-03-31": "37.99%", "2015-12-31": "35.08%", "2015-09-30": "35.12%", "2015-06-30": "32.32%", "2015-03-31": "45.73%", "2014-12-31": "51.93%", "2014-09-30": "57.33%", "2014-06-30": "67.75%", "2014-03-31": "73.28%", "2013-12-31": "77.33%", "2013-09-30": "79.71%", "2013-06-30": "68.94%", "2013-03-31": "71.37%", "2012-12-31": "79.64%", "2012-09-30": "79.43%", "2012-06-30": "-12.70%", "2012-03-31": "-30.43%", "2011-12-31": "-106.36%", "2011-09-30": "-228.57%", "2011-06-30": "126.09%"}, "dividend yield history": {"last payout": "$1.60", "last yield": "0.47%"}}