{"ticker": "UDR", "price": {"title": "United Dominion Realty Trust Historical Annual Stock Price Data", "value": 40.07, "historical": {"2021": {"Average Stock Price": "38.5296", "Year Open": "36.8500", "Year High": "40.0700", "Year Low": "36.7900", "Year Close": "40.0700", "Annual % Change": "4.27%"}, "2020": {"Average Stock Price": "38.4910", "Year Open": "46.1200", "Year High": "50.9300", "Year Low": "29.6000", "Year Close": "38.4300", "Annual % Change": "-17.71%"}, "2019": {"Average Stock Price": "45.9223", "Year Open": "38.3900", "Year High": "50.3600", "Year Low": "38.3900", "Year Close": "46.7000", "Annual % Change": "17.87%"}, "2018": {"Average Stock Price": "37.6909", "Year Open": "38.0600", "Year High": "42.9100", "Year Low": "32.9200", "Year Close": "39.6200", "Annual % Change": "2.86%"}, "2017": {"Average Stock Price": "37.8770", "Year Open": "35.9500", "Year High": "40.4900", "Year Low": "34.4800", "Year Close": "38.5200", "Annual % Change": "5.59%"}, "2016": {"Average Stock Price": "35.5796", "Year Open": "36.9700", "Year High": "38.5600", "Year Low": "33.1100", "Year Close": "36.4800", "Annual % Change": "-2.90%"}, "2015": {"Average Stock Price": "33.7514", "Year Open": "31.3700", "Year High": "37.8900", "Year Low": "31.1400", "Year Close": "37.5700", "Annual % Change": "21.90%"}, "2014": {"Average Stock Price": "27.7493", "Year Open": "23.2700", "Year High": "31.7400", "Year Low": "23.2700", "Year Close": "30.8200", "Annual % Change": "31.99%"}, "2013": {"Average Stock Price": "24.3418", "Year Open": "23.9200", "Year High": "26.8200", "Year Low": "22.2400", "Year Close": "23.3500", "Annual % Change": "-1.81%"}, "2012": {"Average Stock Price": "25.2617", "Year Open": "25.2000", "Year High": "27.0600", "Year Low": "22.5100", "Year Close": "23.7800", "Annual % Change": "-5.26%"}, "2011": {"Average Stock Price": "24.3036", "Year Open": "23.8700", "Year High": "27.1400", "Year Low": "20.7700", "Year Close": "25.1000", "Annual % Change": "6.72%"}, "2010": {"Average Stock Price": "19.8780", "Year Open": "16.2100", "Year High": "24.0500", "Year Low": "14.7000", "Year Close": "23.5200", "Annual % Change": "43.07%"}, "2009": {"Average Stock Price": "11.9125", "Year Open": "13.3200", "Year High": "16.9800", "Year Low": "7.1000", "Year Close": "16.4400", "Annual % Change": "19.22%"}, "2008": {"Average Stock Price": "21.9145", "Year Open": "19.9800", "Year High": "28.0000", "Year Low": "10.8100", "Year Close": "13.7900", "Annual % Change": "-30.53%"}, "2007": {"Average Stock Price": "27.0246", "Year Open": "31.8100", "Year High": "33.9500", "Year Low": "19.6400", "Year Close": "19.8500", "Annual % Change": "-37.56%"}, "2006": {"Average Stock Price": "28.5536", "Year Open": "23.9300", "Year High": "33.6600", "Year Low": "23.9300", "Year Close": "31.7900", "Annual % Change": "35.62%"}, "2005": {"Average Stock Price": "22.8986", "Year Open": "24.5400", "Year High": "25.8500", "Year Low": "20.6400", "Year Close": "23.4400", "Annual % Change": "-5.48%"}, "2004": {"Average Stock Price": "20.0511", "Year Open": "19.2500", "Year High": "24.8000", "Year Low": "17.5200", "Year Close": "24.8000", "Annual % Change": "29.17%"}, "2003": {"Average Stock Price": "17.3473", "Year Open": "16.1200", "Year High": "19.3700", "Year Low": "15.2200", "Year Close": "19.2000", "Annual % Change": "17.36%"}, "2002": {"Average Stock Price": "15.3598", "Year Open": "14.5100", "Year High": "16.7000", "Year Low": "13.9500", "Year Close": "16.3600", "Annual % Change": "13.61%"}, "2001": {"Average Stock Price": "13.3073", "Year Open": "10.8100", "Year High": "14.7200", "Year Low": "10.7500", "Year Close": "14.4000", "Annual % Change": "33.21%"}, "2000": {"Average Stock Price": "10.4495", "Year Open": "9.9400", "Year High": "11.7500", "Year Low": "9.4400", "Year Close": "10.8100", "Annual % Change": "9.41%"}, "1999": {"Average Stock Price": "10.7247", "Year Open": "10.8100", "Year High": "11.9400", "Year Low": "9.2500", "Year Close": "9.8800", "Annual % Change": "-4.17%"}, "1998": {"Average Stock Price": "12.8242", "Year Open": "14.0600", "Year High": "14.7500", "Year Low": "10.0600", "Year Close": "10.3100", "Annual % Change": "-26.04%"}, "1997": {"Average Stock Price": "14.6108", "Year Open": "15.3800", "Year High": "15.8800", "Year Low": "13.5000", "Year Close": "13.9400", "Annual % Change": "-10.06%"}, "1996": {"Average Stock Price": "14.4691", "Year Open": "15.2500", "Year High": "15.7500", "Year Low": "13.2500", "Year Close": "15.5000", "Annual % Change": "3.33%"}, "1995": {"Average Stock Price": "14.0873", "Year Open": "14.2500", "Year High": "15.1200", "Year Low": "13.0000", "Year Close": "15.0000", "Annual % Change": "4.31%"}, "1994": {"Average Stock Price": "13.7515", "Year Open": "13.3800", "Year High": "15.5000", "Year Low": "12.3800", "Year Close": "14.3800", "Annual % Change": "0.91%"}, "1993": {"Average Stock Price": "14.0934", "Year Open": "12.9400", "Year High": "16.8800", "Year Low": "11.9400", "Year Close": "14.2500", "Annual % Change": "12.87%"}, "1992": {"Average Stock Price": "10.8718", "Year Open": "10.2500", "Year High": "12.6250", "Year Low": "9.8750", "Year Close": "12.6250", "Annual % Change": "22.45%"}, "1991": {"Average Stock Price": "8.7340", "Year Open": "7.3750", "Year High": "10.3100", "Year Low": "7.1900", "Year Close": "10.3100", "Annual % Change": "38.58%"}}}, "market cap": {"value": "$11.8B"}, "income statement": {"Revenue": {"2019-12-31": "1152.19300", "2018-12-31": "1046.85900", "2017-12-31": "995.79100", "2016-12-31": "959.86100", "2015-12-31": "894.63800", "2014-12-31": "818.04600", "2013-12-31": "758.92600", "2012-12-31": "716.61200", "2011-12-31": "623.35700", "2010-12-31": "525.05200", "2009-12-31": "562.09400", "2008-12-31": "588.26300", "2007-12-31": "505.93800", "2006-12-31": "471.09600", "2005-12-31": "427.70200"}, "Cost Of Goods Sold": {"2019-12-31": "376.48800", "2018-12-31": "343.55500", "2017-12-31": "321.93400", "2016-12-31": "309.10800", "2015-12-31": "291.74500", "2014-12-31": "279.01200", "2013-12-31": "265.74800", "2012-12-31": "251.03400", "2011-12-31": "225.09100", "2010-12-31": "195.37600", "2009-12-31": "207.36100", "2008-12-31": "209.13800", "2007-12-31": "183.80600", "2006-12-31": "175.12800", "2005-12-31": "162.88800"}, "Gross Profit": {"2019-12-31": "775.70500", "2018-12-31": "703.30400", "2017-12-31": "673.85710", "2016-12-31": "650.75310", "2015-12-31": "602.89300", "2014-12-31": "539.03410", "2013-12-31": "493.17800", "2012-12-31": "465.57800", "2011-12-31": "398.26600", "2010-12-31": "329.67600", "2009-12-31": "354.73300", "2008-12-31": "379.12500", "2007-12-31": "322.13200", "2006-12-31": "295.96800", "2005-12-31": "264.81400"}, "Research And Development Expenses": {"2019-12-31": "", "2018-12-31": "", "2017-12-31": "", "2016-12-31": "", "2015-12-31": "", "2014-12-31": "", "2013-12-31": "", "2012-12-31": "", "2011-12-31": "", "2010-12-31": "", "2009-12-31": "", "2008-12-31": "", "2007-12-31": "", "2006-12-31": "", "2005-12-31": ""}, "SG&A Expenses": {"2019-12-31": "51.53300", "2018-12-31": "46.98300", "2017-12-31": "48.56600", "2016-12-31": "49.76100", "2015-12-31": "59.69000", "2014-12-31": "47.80000", "2013-12-31": "42.23800", "2012-12-31": "43.79200", "2011-12-31": "47.25700", "2010-12-31": "45.24300", "2009-12-31": "39.03500", "2008-12-31": "38.77600", "2007-12-31": "39.56600", "2006-12-31": "31.19800", "2005-12-31": "24.81900"}, "Other Operating Income Or Expenses": {"2019-12-31": "4.80800", "2018-12-31": "134.07600", "2017-12-31": "39.06900", "2016-12-31": "225.46700", "2015-12-31": "-2.33500", "2014-12-31": "-0.54100", "2013-12-31": "12.25300", "2012-12-31": "-8.49500", "2011-12-31": "", "2010-12-31": "-146.73100", "2009-12-31": "", "2008-12-31": "-4.85400", "2007-12-31": "-4.33300", "2006-12-31": "", "2005-12-31": ""}, "Operating Expenses": {"2019-12-31": "931.13600", "2018-12-31": "692.14110", "2017-12-31": "767.89290", "2016-12-31": "559.04000", "2015-12-31": "735.04700", "2014-12-31": "691.28200", "2013-12-31": "642.00600", "2012-12-31": "649.35200", "2011-12-31": "600.90900", "2010-12-31": "641.31100", "2009-12-31": "508.79200", "2008-12-31": "515.63400", "2007-12-31": "428.94000", "2006-12-31": "374.33800", "2005-12-31": "325.10600"}, "Operating Income": {"2019-12-31": "221.05690", "2018-12-31": "354.71800", "2017-12-31": "227.89810", "2016-12-31": "400.82100", "2015-12-31": "159.59100", "2014-12-31": "126.76400", "2013-12-31": "116.92000", "2012-12-31": "67.26000", "2011-12-31": "22.44800", "2010-12-31": "-116.25900", "2009-12-31": "53.30200", "2008-12-31": "72.62900", "2007-12-31": "76.99800", "2006-12-31": "96.75800", "2005-12-31": "102.59600"}, "Total Non-Operating Income/Expense": {"2019-12-31": "-17.64000", "2018-12-31": "-132.48800", "2017-12-31": "-95.48300", "2016-12-31": "-68.86700", "2015-12-31": "-57.99500", "2014-12-31": "-125.60200", "2013-12-31": "-121.87900", "2012-12-31": "-143.84700", "2011-12-31": "-154.96400", "2010-12-31": "-1.67100", "2009-12-31": "-150.78200", "2008-12-31": "-135.83100", "2007-12-31": "-146.13700", "2006-12-31": "-170.80700", "2005-12-31": "-166.09500"}, "Pre-Tax Income": {"2019-12-31": "203.41700", "2018-12-31": "222.23000", "2017-12-31": "132.41500", "2016-12-31": "331.95400", "2015-12-31": "101.59600", "2014-12-31": "1.16200", "2013-12-31": "-4.95900", "2012-12-31": "-76.58700", "2011-12-31": "-132.51600", "2010-12-31": "-117.93000", "2009-12-31": "-97.48000", "2008-12-31": "-63.20200", "2007-12-31": "-69.13900", "2006-12-31": "-74.04900", "2005-12-31": "-63.49900"}, "Income Taxes": {"2019-12-31": "3.83800", "2018-12-31": "0.68800", "2017-12-31": "-0.24000", "2016-12-31": "11.57400", "2015-12-31": "-3.88600", "2014-12-31": "-15.09800", "2013-12-31": "-7.29900", "2012-12-31": "-30.28200", "2011-12-31": "-5.64700", "2010-12-31": "", "2009-12-31": "", "2008-12-31": "", "2007-12-31": "", "2006-12-31": "", "2005-12-31": ""}, "Income After Taxes": {"2019-12-31": "199.57900", "2018-12-31": "221.54200", "2017-12-31": "132.65500", "2016-12-31": "320.38000", "2015-12-31": "105.48200", "2014-12-31": "16.26000", "2013-12-31": "2.34000", "2012-12-31": "-46.30500", "2011-12-31": "-126.86900", "2010-12-31": "-117.93000", "2009-12-31": "-97.48000", "2008-12-31": "-63.20200", "2007-12-31": "-69.13900", "2006-12-31": "-74.04900", "2005-12-31": "-63.49900"}, "Other Income": {"2019-12-31": "", "2018-12-31": "", "2017-12-31": "", "2016-12-31": "", "2015-12-31": "", "2014-12-31": "", "2013-12-31": "", "2012-12-31": "", "2011-12-31": "", "2010-12-31": "", "2009-12-31": "", "2008-12-31": "", "2007-12-31": "113.79900", "2006-12-31": "", "2005-12-31": ""}, "Income From Continuous Operations": {"2019-12-31": "199.57900", "2018-12-31": "221.54200", "2017-12-31": "132.65500", "2016-12-31": "320.38000", "2015-12-31": "105.48200", "2014-12-31": "16.26000", "2013-12-31": "2.34000", "2012-12-31": "-46.30500", "2011-12-31": "-126.86900", "2010-12-31": "-117.93000", "2009-12-31": "-97.48000", "2008-12-31": "-63.20200", "2007-12-31": "44.66000", "2006-12-31": "-68.75800", "2005-12-31": "-58.96000"}, "Income From Discontinued Operations": {"2019-12-31": "", "2018-12-31": "", "2017-12-31": "", "2016-12-31": "", "2015-12-31": "", "2014-12-31": "0.01000", "2013-12-31": "43.94200", "2012-12-31": "266.60800", "2011-12-31": "147.45400", "2010-12-31": "11.34200", "2009-12-31": "5.85700", "2008-12-31": "807.06900", "2007-12-31": "182.07000", "2006-12-31": "197.36300", "2005-12-31": "214.12600"}, "Net Income": {"2019-12-31": "180.86100", "2018-12-31": "199.23800", "2017-12-31": "117.85000", "2016-12-31": "289.00100", "2015-12-31": "336.66100", "2014-12-31": "150.61000", "2013-12-31": "41.08800", "2012-12-31": "203.37600", "2011-12-31": "10.53700", "2010-12-31": "-112.36200", "2009-12-31": "-95.85800", "2008-12-31": "688.70800", "2007-12-31": "198.95800", "2006-12-31": "113.23500", "2005-12-31": "139.79600"}, "EBITDA": {"2019-12-31": "728.98000", "2018-12-31": "790.39700", "2017-12-31": "664.36010", "2016-12-31": "826.45900", "2015-12-31": "540.86800", "2014-12-31": "490.69300", "2013-12-31": "465.15100", "2012-12-31": "421.76500", "2011-12-31": "396.72200", "2010-12-31": "204.51700", "2009-12-31": "349.09000", "2008-12-31": "343.66200", "2007-12-31": "352.09400", "2006-12-31": "349.75500", "2005-12-31": "323.07500"}, "EBIT": {"2019-12-31": "221.05690", "2018-12-31": "354.71800", "2017-12-31": "227.89810", "2016-12-31": "400.82100", "2015-12-31": "159.59100", "2014-12-31": "126.76400", "2013-12-31": "116.92000", "2012-12-31": "67.26000", "2011-12-31": "22.44800", "2010-12-31": "-116.25900", "2009-12-31": "53.30200", "2008-12-31": "72.62900", "2007-12-31": "76.99800", "2006-12-31": "96.75800", "2005-12-31": "102.59600"}, "Basic Shares Outstanding": {"2019-12-31": "285.24700", "2018-12-31": "268.17900", "2017-12-31": "267.02400", "2016-12-31": "265.38600", "2015-12-31": "258.66900", "2014-12-31": "251.52800", "2013-12-31": "249.96900", "2012-12-31": "238.85100", "2011-12-31": "201.29400", "2010-12-31": "165.85700", "2009-12-31": "149.09000", "2008-12-31": "130.21900", "2007-12-31": "134.01600", "2006-12-31": "144.78500", "2005-12-31": "136.14300"}, "Shares Outstanding": {"2019-12-31": "286.01500", "2018-12-31": "269.48300", "2017-12-31": "268.83000", "2016-12-31": "267.31100", "2015-12-31": "263.75200", "2014-12-31": "253.44500", "2013-12-31": "249.96900", "2012-12-31": "238.85100", "2011-12-31": "201.29400", "2010-12-31": "165.85700", "2009-12-31": "149.09000", "2008-12-31": "130.21900", "2007-12-31": "134.01600", "2006-12-31": "144.78500", "2005-12-31": "136.14300"}, "Basic EPS": {"2019-12-31": "0.63000", "2018-12-31": "0.74000", "2017-12-31": "0.44000", "2016-12-31": "1.09000", "2015-12-31": "1.30000", "2014-12-31": "0.60000", "2013-12-31": "0.16000", "2012-12-31": "0.85000", "2011-12-31": "0.05000", "2010-12-31": "-0.68000", "2009-12-31": "-0.64000", "2008-12-31": "5.29000", "2007-12-31": "1.48000", "2006-12-31": "0.78000", "2005-12-31": "1.03000"}, "EPS - Earnings Per Share": {"2019-12-31": "0.63000", "2018-12-31": "0.74000", "2017-12-31": "0.44000", "2016-12-31": "1.08000", "2015-12-31": "1.29000", "2014-12-31": "0.59000", "2013-12-31": "0.16000", "2012-12-31": "0.85000", "2011-12-31": "0.05000", "2010-12-31": "-0.68000", "2009-12-31": "-0.64000", "2008-12-31": "5.29000", "2007-12-31": "1.48000", "2006-12-31": "0.78000", "2005-12-31": "1.03000"}}, "income statement, quarterly": {"Revenue": {"2020-09-30": "310.04400", "2020-06-30": "307.25600", "2020-03-31": "321.48100", "2019-12-31": "304.81800", "2019-09-30": "295.39400", "2019-06-30": "281.30800", "2019-03-31": "270.67300", "2018-12-31": "267.66690", "2018-09-30": "266.14400", "2018-06-30": "259.74300", "2018-03-31": "253.30500", "2017-12-31": "252.88000", "2017-09-30": "251.09100", "2017-06-30": "247.97900", "2017-03-31": "243.84100", "2016-12-31": "243.00800", "2016-09-30": "243.25200", "2016-06-30": "238.78600", "2016-03-31": "234.81500", "2015-12-31": "237.60500", "2015-09-30": "221.41800", "2015-06-30": "215.86200", "2015-03-31": "219.75300", "2014-12-31": "209.54900", "2014-09-30": "206.75200", "2014-06-30": "203.70600", "2014-03-31": "198.03900", "2013-12-31": "193.41600", "2013-09-30": "191.12400", "2013-06-30": "189.50200", "2013-03-31": "184.88400", "2012-12-31": "176.10300", "2012-09-30": "185.08600", "2012-06-30": "180.19200", "2012-03-31": "175.23100", "2011-12-31": "158.43100", "2011-09-30": "169.08800", "2011-06-30": "153.49000", "2011-03-31": "142.34800", "2010-12-31": "77.39400", "2010-09-30": "152.33100", "2010-06-30": "148.70300", "2010-03-31": "146.62400", "2009-12-31": "99.27000", "2009-09-30": "151.38300", "2009-06-30": "155.80200", "2009-03-31": "155.63900", "2008-12-31": "153.02200", "2008-09-30": "157.38300", "2008-06-30": "146.64500", "2008-03-31": "131.21300", "2007-12-31": "117.79800", "2007-09-30": "134.48700", "2007-06-30": "127.23500", "2007-03-31": "126.41800", "2006-12-31": "120.44700", "2006-09-30": "171.64000", "2006-06-30": "165.92100", "2006-03-31": "167.61000", "2005-12-31": "167.58500", "2005-09-30": "160.03400", "2005-06-30": "157.43000", "2005-03-31": "171.56000"}, "Cost Of Goods Sold": {"2020-09-30": "112.13500", "2020-06-30": "108.62600", "2020-03-31": "108.79700", "2019-12-31": "99.01200", "2019-09-30": "96.41900", "2019-06-30": "89.46900", "2019-03-31": "91.58800", "2018-12-31": "88.55200", "2018-09-30": "88.99600", "2018-06-30": "83.24100", "2018-03-31": "82.76600", "2017-12-31": "82.36800", "2017-09-30": "82.32000", "2017-06-30": "79.13200", "2017-03-31": "78.11400", "2016-12-31": "77.77300", "2016-09-30": "78.14200", "2016-06-30": "77.23900", "2016-03-31": "75.95400", "2015-12-31": "78.03400", "2015-09-30": "72.82700", "2015-06-30": "69.95200", "2015-03-31": "70.93200", "2014-12-31": "69.95500", "2014-09-30": "71.39000", "2014-06-30": "68.24500", "2014-03-31": "69.42200", "2013-12-31": "67.29400", "2013-09-30": "67.70900", "2013-06-30": "65.99200", "2013-03-31": "64.75300", "2012-12-31": "60.22100", "2012-09-30": "65.93700", "2012-06-30": "63.45600", "2012-03-31": "61.42000", "2011-12-31": "58.60100", "2011-09-30": "58.82900", "2011-06-30": "54.84300", "2011-03-31": "52.81800", "2010-12-31": "22.34400", "2010-09-30": "58.96100", "2010-06-30": "56.98800", "2010-03-31": "57.08300", "2009-12-31": "35.89500", "2009-09-30": "57.46400", "2009-06-30": "56.64400", "2009-03-31": "57.35800", "2008-12-31": "54.92800", "2008-09-30": "57.04900", "2008-06-30": "51.22600", "2008-03-31": "45.93500", "2007-12-31": "45.81900", "2007-09-30": "47.68800", "2007-06-30": "44.44600", "2007-03-31": "45.85300", "2006-12-31": "46.19000", "2006-09-30": "66.55900", "2006-06-30": "64.24100", "2006-03-31": "68.54300", "2005-12-31": "63.82800", "2005-09-30": "65.47300", "2005-06-30": "62.87000", "2005-03-31": "65.22000"}, "Gross Profit": {"2020-09-30": "197.90900", "2020-06-30": "198.63000", "2020-03-31": "212.68400", "2019-12-31": "205.80600", "2019-09-30": "198.97500", "2019-06-30": "191.83900", "2019-03-31": "179.08500", "2018-12-31": "179.11490", "2018-09-30": "177.14800", "2018-06-30": "176.50200", "2018-03-31": "170.53900", "2017-12-31": "170.51200", "2017-09-30": "168.77100", "2017-06-30": "168.84700", "2017-03-31": "165.72700", "2016-12-31": "165.23500", "2016-09-30": "165.11000", "2016-06-30": "161.54700", "2016-03-31": "158.86100", "2015-12-31": "159.57100", "2015-09-30": "148.59100", "2015-06-30": "145.91000", "2015-03-31": "148.82100", "2014-12-31": "139.59400", "2014-09-30": "135.36200", "2014-06-30": "135.46100", "2014-03-31": "128.61700", "2013-12-31": "126.12200", "2013-09-30": "123.41500", "2013-06-30": "123.51000", "2013-03-31": "120.13100", "2012-12-31": "115.88200", "2012-09-30": "119.14900", "2012-06-30": "116.73600", "2012-03-31": "113.81100", "2011-12-31": "99.83000", "2011-09-30": "110.25900", "2011-06-30": "98.64700", "2011-03-31": "89.53000", "2010-12-31": "55.05000", "2010-09-30": "93.37000", "2010-06-30": "91.71500", "2010-03-31": "89.54100", "2009-12-31": "63.37500", "2009-09-30": "93.91900", "2009-06-30": "99.15800", "2009-03-31": "98.28100", "2008-12-31": "98.09400", "2008-09-30": "100.33400", "2008-06-30": "95.41900", "2008-03-31": "85.27800", "2007-12-31": "71.97900", "2007-09-30": "86.79900", "2007-06-30": "82.78900", "2007-03-31": "80.56500", "2006-12-31": "74.25700", "2006-09-30": "105.08100", "2006-06-30": "101.68000", "2006-03-31": "99.06700", "2005-12-31": "103.75700", "2005-09-30": "94.56100", "2005-06-30": "94.56000", "2005-03-31": "106.34000"}, "Research And Development Expenses": {"2020-09-30": "", "2020-06-30": "", "2020-03-31": "", "2019-12-31": "", "2019-09-30": "", "2019-06-30": "", "2019-03-31": "", "2018-12-31": "", "2018-09-30": "", "2018-06-30": "", "2018-03-31": "", "2017-12-31": "", "2017-09-30": "", "2017-06-30": "", "2017-03-31": "", "2016-12-31": "", "2016-09-30": "", "2016-06-30": "", "2016-03-31": "", "2015-12-31": "", "2015-09-30": "", "2015-06-30": "", "2015-03-31": "", "2014-12-31": "", "2014-09-30": "", "2014-06-30": "", "2014-03-31": "", "2013-12-31": "", "2013-09-30": "", "2013-06-30": "", "2013-03-31": "", "2012-12-31": "", "2012-09-30": "", "2012-06-30": "", "2012-03-31": "", "2011-12-31": "", "2011-09-30": "", "2011-06-30": "", "2011-03-31": "", "2010-12-31": "", "2010-09-30": "", "2010-06-30": "", "2010-03-31": "", "2009-12-31": "", "2009-09-30": "", "2009-06-30": "", "2009-03-31": "", "2008-12-31": "", "2008-09-30": "", "2008-06-30": "", "2008-03-31": "", "2007-12-31": "", "2007-09-30": "", "2007-06-30": "", "2007-03-31": "", "2006-12-31": "", "2006-09-30": "", "2006-06-30": "", "2006-03-31": "", "2005-12-31": "", "2005-09-30": "", "2005-06-30": "", "2005-03-31": ""}, "SG&A Expenses": {"2020-09-30": "11.95800", "2020-06-30": "10.97100", "2020-03-31": "14.97800", "2019-12-31": "14.53100", "2019-09-30": "12.19700", "2019-06-30": "12.33800", "2019-03-31": "12.46700", "2018-12-31": "10.95500", "2018-09-30": "11.89600", "2018-06-30": "12.37300", "2018-03-31": "11.75900", "2017-12-31": "11.59000", "2017-09-30": "12.46700", "2017-06-30": "11.43400", "2017-03-31": "13.07500", "2016-12-31": "13.25600", "2016-09-30": "11.82600", "2016-06-30": "10.83500", "2016-03-31": "13.84400", "2015-12-31": "17.99300", "2015-09-30": "15.82400", "2015-06-30": "13.72100", "2015-03-31": "12.15200", "2014-12-31": "11.72200", "2014-09-30": "11.55400", "2014-06-30": "12.53000", "2014-03-31": "11.99400", "2013-12-31": "11.53200", "2013-09-30": "11.36400", "2013-06-30": "9.86600", "2013-03-31": "9.47600", "2012-12-31": "10.65300", "2012-09-30": "10.02200", "2012-06-30": "13.73800", "2012-03-31": "9.37900", "2011-12-31": "11.89200", "2011-09-30": "11.86000", "2011-06-30": "12.87500", "2011-03-31": "10.63000", "2010-12-31": "13.31600", "2010-09-30": "11.99400", "2010-06-30": "10.29300", "2010-03-31": "9.64000", "2009-12-31": "12.00100", "2009-09-30": "8.67300", "2009-06-30": "8.90500", "2009-03-31": "9.45600", "2008-12-31": "9.24100", "2008-09-30": "9.83500", "2008-06-30": "9.93100", "2008-03-31": "9.76900", "2007-12-31": "11.21600", "2007-09-30": "8.78800", "2007-06-30": "9.67000", "2007-03-31": "9.89200", "2006-12-31": "10.21600", "2006-09-30": "7.38100", "2006-06-30": "6.83700", "2006-03-31": "6.76400", "2005-12-31": "7.99700", "2005-09-30": "4.91300", "2005-06-30": "4.90900", "2005-03-31": "7.00000"}, "Other Operating Income Or Expenses": {"2020-09-30": "0.00000", "2020-06-30": "61.20100", "2020-03-31": "-1.25100", "2019-12-31": "-1.31600", "2019-09-30": "1.08800", "2019-06-30": "5.03600", "2019-03-31": "", "2018-12-31": "66.14000", "2018-09-30": "-0.67800", "2018-06-30": "-0.74600", "2018-03-31": "69.36000", "2017-12-31": "42.81800", "2017-09-30": "-2.05600", "2017-06-30": "-1.19100", "2017-03-31": "-0.50200", "2016-12-31": "227.30100", "2016-09-30": "-0.20500", "2016-06-30": "-1.62900", "2016-03-31": "", "2015-12-31": "0.04500", "2015-09-30": "-0.54100", "2015-06-30": "-0.84300", "2015-03-31": "-0.99600", "2014-12-31": "-0.04100", "2014-09-30": "", "2014-06-30": "", "2014-03-31": "-0.50000", "2013-12-31": "0.00000", "2013-09-30": "6.46000", "2013-06-30": "2.77200", "2013-03-31": "3.02100", "2012-12-31": "", "2012-09-30": "", "2012-06-30": "", "2012-03-31": "", "2011-12-31": "", "2011-09-30": "-39.60900", "2011-06-30": "", "2011-03-31": "", "2010-12-31": "-145.89600", "2010-09-30": "-0.83500", "2010-06-30": "", "2010-03-31": "", "2009-12-31": "", "2009-09-30": "-16.74200", "2009-06-30": "", "2009-03-31": "-0.24100", "2008-12-31": "-4.02100", "2008-09-30": "-0.83300", "2008-06-30": "", "2008-03-31": "", "2007-12-31": "", "2007-09-30": "", "2007-06-30": "", "2007-03-31": "", "2006-12-31": "-43.07000", "2006-09-30": "", "2006-06-30": "", "2006-03-31": "", "2005-12-31": "-43.45700", "2005-09-30": "", "2005-06-30": "", "2005-03-31": ""}, "Operating Expenses": {"2020-09-30": "279.92900", "2020-06-30": "215.47900", "2020-03-31": "282.52700", "2019-12-31": "260.03600", "2019-09-30": "236.53800", "2019-06-30": "216.38300", "2019-03-31": "218.17900", "2018-12-31": "141.45200", "2018-09-30": "211.13300", "2018-06-30": "204.56400", "2018-03-31": "134.99200", "2017-12-31": "162.18900", "2017-09-30": "205.59900", "2017-06-30": "201.77400", "2017-03-31": "198.33100", "2016-12-31": "-32.27700", "2016-09-30": "197.50100", "2016-06-30": "197.12600", "2016-03-31": "196.69000", "2015-12-31": "202.78990", "2015-09-30": "181.21700", "2015-06-30": "176.56000", "2015-03-31": "174.48000", "2014-12-31": "175.24100", "2014-09-30": "173.66800", "2014-06-30": "170.84400", "2014-03-31": "171.52900", "2013-12-31": "170.40800", "2013-09-30": "157.52700", "2013-06-30": "158.81900", "2013-03-31": "155.25200", "2012-12-31": "161.78300", "2012-09-30": "165.26000", "2012-06-30": "162.68500", "2012-03-31": "159.62400", "2011-12-31": "119.39800", "2011-09-30": "197.47500", "2011-06-30": "148.97100", "2011-03-31": "135.06500", "2010-12-31": "218.73700", "2010-09-30": "144.75300", "2010-06-30": "139.77100", "2010-03-31": "138.05000", "2009-12-31": "78.65000", "2009-09-30": "154.26500", "2009-06-30": "137.14700", "2009-03-31": "138.73000", "2008-12-31": "142.54000", "2008-09-30": "136.07800", "2008-06-30": "126.27800", "2008-03-31": "110.73800", "2007-12-31": "119.93900", "2007-09-30": "105.41600", "2007-06-30": "102.64800", "2007-03-31": "100.93700", "2006-12-31": "144.87500", "2006-09-30": "132.22700", "2006-06-30": "126.47700", "2006-03-31": "130.33300", "2005-12-31": "167.98000", "2005-09-30": "119.80900", "2005-06-30": "116.86800", "2005-03-31": "121.43800"}, "Operating Income": {"2020-09-30": "30.11500", "2020-06-30": "91.77700", "2020-03-31": "38.95400", "2019-12-31": "44.78200", "2019-09-30": "58.85600", "2019-06-30": "64.92500", "2019-03-31": "52.49400", "2018-12-31": "126.21490", "2018-09-30": "55.01100", "2018-06-30": "55.17900", "2018-03-31": "118.31300", "2017-12-31": "90.69100", "2017-09-30": "45.49200", "2017-06-30": "46.20500", "2017-03-31": "45.51000", "2016-12-31": "275.28500", "2016-09-30": "45.75100", "2016-06-30": "41.66000", "2016-03-31": "38.12500", "2015-12-31": "34.81500", "2015-09-30": "40.20100", "2015-06-30": "39.30200", "2015-03-31": "45.27300", "2014-12-31": "34.30800", "2014-09-30": "33.08400", "2014-06-30": "32.86200", "2014-03-31": "26.51000", "2013-12-31": "23.00800", "2013-09-30": "33.59700", "2013-06-30": "30.68300", "2013-03-31": "29.63200", "2012-12-31": "14.32000", "2012-09-30": "19.82600", "2012-06-30": "17.50700", "2012-03-31": "15.60700", "2011-12-31": "39.03300", "2011-09-30": "-28.38700", "2011-06-30": "4.51900", "2011-03-31": "7.28300", "2010-12-31": "-141.34300", "2010-09-30": "7.57800", "2010-06-30": "8.93200", "2010-03-31": "8.57400", "2009-12-31": "20.62000", "2009-09-30": "-2.88200", "2009-06-30": "18.65500", "2009-03-31": "16.90900", "2008-12-31": "10.48200", "2008-09-30": "21.30500", "2008-06-30": "20.36700", "2008-03-31": "20.47500", "2007-12-31": "-2.14100", "2007-09-30": "29.07100", "2007-06-30": "24.58700", "2007-03-31": "25.48100", "2006-12-31": "-24.42800", "2006-09-30": "39.41300", "2006-06-30": "39.44400", "2006-03-31": "37.27700", "2005-12-31": "-0.39500", "2005-09-30": "40.22500", "2005-06-30": "40.56200", "2005-03-31": "50.12200"}, "Total Non-Operating Income/Expense": {"2020-09-30": "-57.14500", "2020-06-30": "-28.15500", "2020-03-31": "-33.25000", "2019-12-31": "60.45700", "2019-09-30": "-27.93500", "2019-06-30": "-26.48200", "2019-03-31": "-23.68000", "2018-12-31": "-36.53000", "2018-09-30": "-34.59500", "2018-06-30": "-32.50200", "2018-03-31": "-28.86100", "2017-12-31": "-13.99700", "2017-09-30": "-27.79500", "2017-06-30": "-34.77700", "2017-03-31": "-18.91400", "2016-12-31": "7.13100", "2016-09-30": "-16.19100", "2016-06-30": "-29.81300", "2016-03-31": "-29.99400", "2015-12-31": "-31.71100", "2015-09-30": "-27.13900", "2015-06-30": "-29.86400", "2015-03-31": "30.71900", "2014-12-31": "-34.91000", "2014-09-30": "-24.96500", "2014-06-30": "-30.69300", "2014-03-31": "-35.03400", "2013-12-31": "-26.36600", "2013-09-30": "-33.90400", "2013-06-30": "-28.84200", "2013-03-31": "-32.76700", "2012-12-31": "-55.20400", "2012-09-30": "-31.32900", "2012-06-30": "-43.44800", "2012-03-31": "-13.86600", "2011-12-31": "-74.54600", "2011-09-30": "-1.63900", "2011-06-30": "-38.64900", "2011-03-31": "-40.13000", "2010-12-31": "107.85200", "2010-09-30": "-36.22000", "2010-06-30": "-37.43300", "2010-03-31": "-35.87000", "2009-12-31": "-49.57700", "2009-09-30": "-37.67300", "2009-06-30": "-33.36800", "2009-03-31": "-30.16400", "2008-12-31": "-28.50200", "2008-09-30": "-38.40500", "2008-06-30": "-34.04800", "2008-03-31": "-34.87600", "2007-12-31": "-25.67600", "2007-09-30": "-42.50500", "2007-06-30": "-38.23000", "2007-03-31": "-39.72600", "2006-12-31": "-32.83900", "2006-09-30": "-47.06800", "2006-06-30": "-46.43000", "2006-03-31": "-44.47000", "2005-12-31": "-40.44100", "2005-09-30": "-41.58600", "2005-06-30": "-38.85200", "2005-03-31": "-45.21600"}, "Pre-Tax Income": {"2020-09-30": "-27.03000", "2020-06-30": "63.62200", "2020-03-31": "5.70400", "2019-12-31": "105.23900", "2019-09-30": "30.92100", "2019-06-30": "38.44300", "2019-03-31": "28.81400", "2018-12-31": "89.68500", "2018-09-30": "20.41600", "2018-06-30": "22.67700", "2018-03-31": "89.45200", "2017-12-31": "76.69400", "2017-09-30": "17.69700", "2017-06-30": "11.42800", "2017-03-31": "26.59600", "2016-12-31": "282.41600", "2016-09-30": "29.56000", "2016-06-30": "11.84700", "2016-03-31": "8.13100", "2015-12-31": "3.10400", "2015-09-30": "13.06200", "2015-06-30": "9.43800", "2015-03-31": "75.99200", "2014-12-31": "-0.60200", "2014-09-30": "8.11900", "2014-06-30": "2.16900", "2014-03-31": "-8.52400", "2013-12-31": "-3.35800", "2013-09-30": "-0.30700", "2013-06-30": "1.84100", "2013-03-31": "-3.13500", "2012-12-31": "-40.88400", "2012-09-30": "-11.50300", "2012-06-30": "-25.94100", "2012-03-31": "1.74100", "2011-12-31": "-35.51300", "2011-09-30": "-30.02600", "2011-06-30": "-34.13000", "2011-03-31": "-32.84700", "2010-12-31": "-33.49100", "2010-09-30": "-28.64200", "2010-06-30": "-28.50100", "2010-03-31": "-27.29600", "2009-12-31": "-28.95710", "2009-09-30": "-40.55500", "2009-06-30": "-14.71300", "2009-03-31": "-13.25500", "2008-12-31": "-18.02000", "2008-09-30": "-17.10000", "2008-06-30": "-13.68100", "2008-03-31": "-14.40100", "2007-12-31": "-27.81700", "2007-09-30": "-13.43400", "2007-06-30": "-13.64300", "2007-03-31": "-14.24500", "2006-12-31": "-24.42800", "2006-09-30": "-7.65500", "2006-06-30": "-6.98600", "2006-03-31": "-7.19300", "2005-12-31": "-0.39500", "2005-09-30": "-1.36100", "2005-06-30": "1.71000", "2005-03-31": "4.90600"}, "Income Taxes": {"2020-09-30": "0.18700", "2020-06-30": "1.52600", "2020-03-31": "0.16400", "2019-12-31": "0.00200", "2019-09-30": "1.49900", "2019-06-30": "0.12500", "2019-03-31": "2.21200", "2018-12-31": "0.07000", "2018-09-30": "0.15800", "2018-06-30": "0.23300", "2018-03-31": "0.22700", "2017-12-31": "-1.06500", "2017-09-30": "0.12700", "2017-06-30": "0.36600", "2017-03-31": "0.33200", "2016-12-31": "12.28500", "2016-09-30": "0.09400", "2016-06-30": "-0.40200", "2016-03-31": "-0.40300", "2015-12-31": "-1.42400", "2015-09-30": "-0.63300", "2015-06-30": "-1.40400", "2015-03-31": "-0.42500", "2014-12-31": "-7.08700", "2014-09-30": "-2.49200", "2014-06-30": "-2.19000", "2014-03-31": "-3.32900", "2013-12-31": "0.01500", "2013-09-30": "-2.65800", "2013-06-30": "-2.68300", "2013-03-31": "-1.97300", "2012-12-31": "-24.50400", "2012-09-30": "-2.96000", "2012-06-30": "-2.81800", "2012-03-31": "", "2011-12-31": "", "2011-09-30": "", "2011-06-30": "", "2011-03-31": "", "2010-12-31": "", "2010-09-30": "", "2010-06-30": "", "2010-03-31": "", "2009-12-31": "", "2009-09-30": "", "2009-06-30": "", "2009-03-31": "", "2008-12-31": "", "2008-09-30": "", "2008-06-30": "", "2008-03-31": "", "2007-12-31": "", "2007-09-30": "", "2007-06-30": "", "2007-03-31": "", "2006-12-31": "", "2006-09-30": "", "2006-06-30": "", "2006-03-31": "", "2005-12-31": "", "2005-09-30": "", "2005-06-30": "", "2005-03-31": ""}, "Income After Taxes": {"2020-09-30": "-27.21700", "2020-06-30": "62.09600", "2020-03-31": "5.54000", "2019-12-31": "105.23700", "2019-09-30": "29.42200", "2019-06-30": "38.31800", "2019-03-31": "26.60200", "2018-12-31": "89.61500", "2018-09-30": "20.25800", "2018-06-30": "22.44400", "2018-03-31": "89.22500", "2017-12-31": "77.75900", "2017-09-30": "17.57000", "2017-06-30": "11.06200", "2017-03-31": "26.26400", "2016-12-31": "270.13100", "2016-09-30": "29.46600", "2016-06-30": "12.24900", "2016-03-31": "8.53400", "2015-12-31": "4.52800", "2015-09-30": "13.69500", "2015-06-30": "10.84200", "2015-03-31": "76.41700", "2014-12-31": "6.48500", "2014-09-30": "10.61100", "2014-06-30": "4.35900", "2014-03-31": "-5.19500", "2013-12-31": "-3.37300", "2013-09-30": "2.35100", "2013-06-30": "4.52400", "2013-03-31": "-1.16200", "2012-12-31": "-16.38000", "2012-09-30": "-8.54300", "2012-06-30": "-23.12300", "2012-03-31": "1.74100", "2011-12-31": "-29.86600", "2011-09-30": "-30.02600", "2011-06-30": "-34.13000", "2011-03-31": "-32.84700", "2010-12-31": "-33.49100", "2010-09-30": "-28.64200", "2010-06-30": "-28.50100", "2010-03-31": "-27.29600", "2009-12-31": "-28.95710", "2009-09-30": "-40.55500", "2009-06-30": "-14.71300", "2009-03-31": "-13.25500", "2008-12-31": "-18.02000", "2008-09-30": "-17.10000", "2008-06-30": "-13.68100", "2008-03-31": "-14.40100", "2007-12-31": "-27.81700", "2007-09-30": "-13.43400", "2007-06-30": "-13.64300", "2007-03-31": "-14.24500", "2006-12-31": "-24.42800", "2006-09-30": "-7.65500", "2006-06-30": "-6.98600", "2006-03-31": "-7.19300", "2005-12-31": "-0.39500", "2005-09-30": "-1.36100", "2005-06-30": "1.71000", "2005-03-31": "4.90600"}, "Other Income": {"2020-09-30": "", "2020-06-30": "", "2020-03-31": "", "2019-12-31": "", "2019-09-30": "", "2019-06-30": "", "2019-03-31": "", "2018-12-31": "", "2018-09-30": "", "2018-06-30": "", "2018-03-31": "", "2017-12-31": "", "2017-09-30": "", "2017-06-30": "", "2017-03-31": "", "2016-12-31": "", "2016-09-30": "", "2016-06-30": "", "2016-03-31": "", "2015-12-31": "", "2015-09-30": "", "2015-06-30": "", "2015-03-31": "", "2014-12-31": "", "2014-09-30": "", "2014-06-30": "", "2014-03-31": "", "2013-12-31": "", "2013-09-30": "", "2013-06-30": "", "2013-03-31": "", "2012-12-31": "", "2012-09-30": "", "2012-06-30": "", "2012-03-31": "", "2011-12-31": "", "2011-09-30": "", "2011-06-30": "", "2011-03-31": "", "2010-12-31": "", "2010-09-30": "", "2010-06-30": "", "2010-03-31": "", "2009-12-31": "", "2009-09-30": "", "2009-06-30": "", "2009-03-31": "", "2008-12-31": "", "2008-09-30": "", "2008-06-30": "", "2008-03-31": "", "2007-12-31": "", "2007-09-30": "", "2007-06-30": "", "2007-03-31": "", "2006-12-31": "", "2006-09-30": "", "2006-06-30": "", "2006-03-31": "", "2005-12-31": "", "2005-09-30": "", "2005-06-30": "", "2005-03-31": ""}, "Income From Continuous Operations": {"2020-09-30": "-27.21700", "2020-06-30": "62.09600", "2020-03-31": "5.54000", "2019-12-31": "105.23700", "2019-09-30": "29.42200", "2019-06-30": "38.31800", "2019-03-31": "26.60200", "2018-12-31": "89.61500", "2018-09-30": "20.25800", "2018-06-30": "22.44400", "2018-03-31": "89.22500", "2017-12-31": "77.75900", "2017-09-30": "17.57000", "2017-06-30": "11.06200", "2017-03-31": "26.26400", "2016-12-31": "270.13100", "2016-09-30": "29.46600", "2016-06-30": "12.24900", "2016-03-31": "8.53400", "2015-12-31": "4.52800", "2015-09-30": "13.69500", "2015-06-30": "10.84200", "2015-03-31": "76.41700", "2014-12-31": "6.48500", "2014-09-30": "10.61100", "2014-06-30": "4.35900", "2014-03-31": "-5.19500", "2013-12-31": "-3.37300", "2013-09-30": "2.35100", "2013-06-30": "4.52400", "2013-03-31": "-1.16200", "2012-12-31": "-16.38000", "2012-09-30": "-8.54300", "2012-06-30": "-23.12300", "2012-03-31": "1.74100", "2011-12-31": "-29.86600", "2011-09-30": "-30.02600", "2011-06-30": "-34.13000", "2011-03-31": "-32.84700", "2010-12-31": "-33.49100", "2010-09-30": "-28.64200", "2010-06-30": "-28.50100", "2010-03-31": "-27.29600", "2009-12-31": "-28.95700", "2009-09-30": "-40.55500", "2009-06-30": "-14.71300", "2009-03-31": "-13.25500", "2008-12-31": "-18.02000", "2008-09-30": "-17.10000", "2008-06-30": "-13.68100", "2008-03-31": "-14.40100", "2007-12-31": "83.00800", "2007-09-30": "-12.53000", "2007-06-30": "-12.57700", "2007-03-31": "-13.24100", "2006-12-31": "-22.82500", "2006-09-30": "-6.89300", "2006-06-30": "-6.36100", "2006-03-31": "-6.53300", "2005-12-31": "-0.18400", "2005-09-30": "-1.02300", "2005-06-30": "1.77400", "2005-03-31": "4.78900"}, "Income From Discontinued Operations": {"2020-09-30": "", "2020-06-30": "", "2020-03-31": "", "2019-12-31": "", "2019-09-30": "", "2019-06-30": "", "2019-03-31": "", "2018-12-31": "", "2018-09-30": "", "2018-06-30": "", "2018-03-31": "", "2017-12-31": "", "2017-09-30": "", "2017-06-30": "", "2017-03-31": "", "2016-12-31": "", "2016-09-30": "", "2016-06-30": "", "2016-03-31": "", "2015-12-31": "", "2015-09-30": "", "2015-06-30": "", "2015-03-31": "", "2014-12-31": "0.00000", "2014-09-30": "0.07900", "2014-06-30": "0.01800", "2014-03-31": "-0.08700", "2013-12-31": "41.37500", "2013-09-30": "0.88400", "2013-06-30": "0.83000", "2013-03-31": "0.85300", "2012-12-31": "3.42500", "2012-09-30": "-1.13300", "2012-06-30": "179.42900", "2012-03-31": "84.88700", "2011-12-31": "77.98400", "2011-09-30": "16.24000", "2011-06-30": "49.03900", "2011-03-31": "4.19100", "2010-12-31": "4.17400", "2010-09-30": "4.03700", "2010-06-30": "0.86100", "2010-03-31": "2.27000", "2009-12-31": "3.17200", "2009-09-30": "0.80000", "2009-06-30": "2.05300", "2009-03-31": "-0.16800", "2008-12-31": "0.16090", "2008-09-30": "6.73600", "2008-06-30": "13.31600", "2008-03-31": "786.85600", "2007-12-31": "26.36500", "2007-09-30": "91.35900", "2007-06-30": "19.27300", "2007-03-31": "45.07300", "2006-12-31": "47.88500", "2006-09-30": "66.24500", "2006-06-30": "38.54500", "2006-03-31": "18.54000", "2005-12-31": "72.83200", "2005-09-30": "16.15800", "2005-06-30": "50.66700", "2005-03-31": "10.15200"}, "Net Income": {"2020-09-30": "-26.30900", "2020-06-30": "56.70900", "2020-03-31": "4.15500", "2019-12-31": "96.60800", "2019-09-30": "26.17300", "2019-06-30": "34.58800", "2019-03-31": "23.49200", "2018-12-31": "81.16800", "2018-09-30": "17.63900", "2018-06-30": "19.63000", "2018-03-31": "80.80100", "2017-12-31": "68.32000", "2017-09-30": "15.26400", "2017-06-30": "9.22800", "2017-03-31": "25.03800", "2016-12-31": "236.49300", "2016-09-30": "26.02700", "2016-06-30": "17.01700", "2016-03-31": "9.46400", "2015-12-31": "165.48500", "2015-09-30": "12.36100", "2015-06-30": "85.92400", "2015-03-31": "72.89100", "2014-12-31": "64.48600", "2014-09-30": "39.61800", "2014-06-30": "29.07600", "2014-03-31": "17.43000", "2013-12-31": "35.76900", "2013-09-30": "2.25700", "2013-06-30": "4.26100", "2013-03-31": "-1.19900", "2012-12-31": "-13.23100", "2012-09-30": "-9.96200", "2012-06-30": "145.72100", "2012-03-31": "80.84800", "2011-12-31": "44.19000", "2011-09-30": "-15.55900", "2011-06-30": "12.14900", "2011-03-31": "-30.24300", "2010-12-31": "-30.82500", "2010-09-30": "-26.13400", "2010-06-30": "-28.96800", "2010-03-31": "-26.43500", "2009-12-31": "-24.79500", "2009-09-30": "-40.77600", "2009-06-30": "-14.85800", "2009-03-31": "-15.42900", "2008-12-31": "-18.13800", "2008-09-30": "-9.77800", "2008-06-30": "-3.88600", "2008-03-31": "720.51000", "2007-12-31": "94.58800", "2007-09-30": "75.56900", "2007-06-30": "0.81100", "2007-03-31": "27.99000", "2006-12-31": "21.21800", "2006-09-30": "55.51000", "2006-06-30": "28.34200", "2006-03-31": "8.16500", "2005-12-31": "68.80600", "2005-09-30": "11.29300", "2005-06-30": "48.59900", "2005-03-31": "11.09900"}, "EBITDA": {"2020-09-30": "185.95100", "2020-06-30": "248.86000", "2020-03-31": "196.45500", "2019-12-31": "189.95900", "2019-09-30": "187.86600", "2019-06-30": "184.53700", "2019-03-31": "166.61800", "2018-12-31": "234.29990", "2018-09-30": "164.57400", "2018-06-30": "163.38300", "2018-03-31": "228.14000", "2017-12-31": "201.74010", "2017-09-30": "154.24800", "2017-06-30": "156.22200", "2017-03-31": "152.15000", "2016-12-31": "379.28000", "2016-09-30": "153.07900", "2016-06-30": "149.08300", "2016-03-31": "145.01700", "2015-12-31": "141.62300", "2015-09-30": "132.22600", "2015-06-30": "131.34600", "2015-03-31": "135.67300", "2014-12-31": "127.83200", "2014-09-30": "123.80700", "2014-06-30": "122.93100", "2014-03-31": "116.12300", "2013-12-31": "114.94000", "2013-09-30": "119.03900", "2013-06-30": "116.95200", "2013-03-31": "114.22000", "2012-12-31": "98.86800", "2012-09-30": "109.12700", "2012-06-30": "102.99800", "2012-03-31": "110.77200", "2011-12-31": "129.82100", "2011-09-30": "72.83800", "2011-06-30": "98.34000", "2011-03-31": "95.72300", "2010-12-31": "-54.42800", "2010-09-30": "87.14100", "2010-06-30": "86.73900", "2010-03-31": "85.06500", "2009-12-31": "96.11590", "2009-09-30": "70.73000", "2009-06-30": "92.41700", "2009-03-31": "89.82700", "2008-12-31": "86.22500", "2008-09-30": "85.65500", "2008-06-30": "93.72200", "2008-03-31": "78.06000", "2007-12-31": "71.47200", "2007-09-30": "96.57900", "2007-06-30": "91.76100", "2007-03-31": "92.28200", "2006-12-31": "39.18500", "2006-09-30": "106.75500", "2006-06-30": "100.62400", "2006-03-31": "98.13900", "2005-12-31": "55.03600", "2005-09-30": "95.81000", "2005-06-30": "95.30500", "2005-03-31": "104.84200"}, "EBIT": {"2020-09-30": "30.11500", "2020-06-30": "91.77700", "2020-03-31": "38.95400", "2019-12-31": "44.78190", "2019-09-30": "58.85600", "2019-06-30": "64.92500", "2019-03-31": "52.49400", "2018-12-31": "126.21490", "2018-09-30": "55.01100", "2018-06-30": "55.17900", "2018-03-31": "118.31300", "2017-12-31": "90.69100", "2017-09-30": "45.49200", "2017-06-30": "46.20500", "2017-03-31": "45.51000", "2016-12-31": "275.28510", "2016-09-30": "45.75100", "2016-06-30": "41.66000", "2016-03-31": "38.12500", "2015-12-31": "34.81500", "2015-09-30": "40.20100", "2015-06-30": "39.30200", "2015-03-31": "45.27300", "2014-12-31": "34.30800", "2014-09-30": "33.08400", "2014-06-30": "32.86200", "2014-03-31": "26.51000", "2013-12-31": "23.00800", "2013-09-30": "33.59700", "2013-06-30": "30.68300", "2013-03-31": "29.63200", "2012-12-31": "14.32000", "2012-09-30": "19.82600", "2012-06-30": "17.50700", "2012-03-31": "15.60700", "2011-12-31": "39.03300", "2011-09-30": "-28.38700", "2011-06-30": "4.51900", "2011-03-31": "7.28300", "2010-12-31": "-141.34300", "2010-09-30": "7.57800", "2010-06-30": "8.93200", "2010-03-31": "8.57400", "2009-12-31": "20.62000", "2009-09-30": "-2.88200", "2009-06-30": "18.65500", "2009-03-31": "16.90900", "2008-12-31": "10.48200", "2008-09-30": "21.30500", "2008-06-30": "20.36700", "2008-03-31": "20.47500", "2007-12-31": "-2.14100", "2007-09-30": "29.07100", "2007-06-30": "24.58700", "2007-03-31": "25.48100", "2006-12-31": "-24.42800", "2006-09-30": "39.41300", "2006-06-30": "39.44400", "2006-03-31": "37.27700", "2005-12-31": "-0.39500", "2005-09-30": "40.22500", "2005-06-30": "40.56200", "2005-03-31": "50.12200"}, "Basic Shares Outstanding": {"2020-09-30": "294.71300", "2020-06-30": "294.71000", "2020-03-31": "294.45700", "2019-12-31": "285.24700", "2019-09-30": "288.70600", "2019-06-30": "281.96000", "2019-03-31": "277.00200", "2018-12-31": "268.17900", "2018-09-30": "267.72700", "2018-06-30": "267.31100", "2018-03-31": "267.54600", "2017-12-31": "267.02400", "2017-09-30": "267.05600", "2017-06-30": "266.97200", "2017-03-31": "266.79000", "2016-12-31": "265.38600", "2016-09-30": "266.30100", "2016-06-30": "266.26800", "2016-03-31": "262.45600", "2015-12-31": "258.66900", "2015-09-30": "259.11400", "2015-06-30": "257.84900", "2015-03-31": "256.83400", "2014-12-31": "251.52800", "2014-09-30": "251.65500", "2014-06-30": "250.25500", "2014-03-31": "250.17700", "2013-12-31": "249.96900", "2013-09-30": "249.98500", "2013-06-30": "249.98500", "2013-03-31": "249.91700", "2012-12-31": "238.85100", "2012-09-30": "249.82500", "2012-06-30": "234.03100", "2012-03-31": "221.50000", "2011-12-31": "201.29400", "2011-09-30": "213.81600", "2011-06-30": "190.47900", "2011-03-31": "182.53100", "2010-12-31": "165.85700", "2010-09-30": "165.40300", "2010-06-30": "160.88600", "2010-03-31": "156.13100", "2009-12-31": "149.09000", "2009-09-30": "150.00000", "2009-06-30": "149.44400", "2009-03-31": "144.17600", "2008-12-31": "130.21900", "2008-09-30": "137.32900", "2008-06-30": "137.96900", "2008-03-31": "142.54700", "2007-12-31": "134.01600", "2007-09-30": "133.85400", "2007-06-30": "134.72700", "2007-03-31": "134.51100", "2006-12-31": "133.93100", "2006-09-30": "133.71200", "2006-06-30": "133.67600", "2006-03-31": "133.58900", "2005-12-31": "135.87500", "2005-09-30": "136.39200", "2005-06-30": "136.15000", "2005-03-31": "136.06700"}, "Shares Outstanding": {"2020-09-30": "295.00300", "2020-06-30": "295.08700", "2020-03-31": "295.16000", "2019-12-31": "286.01500", "2019-09-30": "289.52900", "2019-06-30": "282.57500", "2019-03-31": "277.55700", "2018-12-31": "269.48300", "2018-09-30": "268.86100", "2018-06-30": "268.89000", "2018-03-31": "269.20800", "2017-12-31": "268.83000", "2017-09-30": "269.06200", "2017-06-30": "268.85900", "2017-03-31": "268.68800", "2016-12-31": "267.31100", "2016-09-30": "268.30500", "2016-06-30": "268.17400", "2016-03-31": "264.28500", "2015-12-31": "263.75200", "2015-09-30": "261.20700", "2015-06-30": "262.80600", "2015-03-31": "258.66200", "2014-12-31": "253.44500", "2014-09-30": "253.73200", "2014-06-30": "252.19100", "2014-03-31": "251.82200", "2013-12-31": "249.96900", "2013-09-30": "251.45400", "2013-06-30": "251.40600", "2013-03-31": "249.91700", "2012-12-31": "238.85100", "2012-09-30": "249.82500", "2012-06-30": "234.03100", "2012-03-31": "221.50000", "2011-12-31": "201.29400", "2011-09-30": "213.81600", "2011-06-30": "190.47900", "2011-03-31": "182.53100", "2010-12-31": "165.85700", "2010-09-30": "165.40300", "2010-06-30": "160.88600", "2010-03-31": "156.13100", "2009-12-31": "149.09000", "2009-09-30": "150.00000", "2009-06-30": "149.44400", "2009-03-31": "144.17600", "2008-12-31": "130.21900", "2008-09-30": "137.32900", "2008-06-30": "137.96900", "2008-03-31": "142.54700", "2007-12-31": "134.01600", "2007-09-30": "133.85400", "2007-06-30": "134.72700", "2007-03-31": "134.51100", "2006-12-31": "133.93100", "2006-09-30": "133.71200", "2006-06-30": "133.67600", "2006-03-31": "133.58900", "2005-12-31": "135.87500", "2005-09-30": "136.39200", "2005-06-30": "136.15000", "2005-03-31": "137.07300"}, "Basic EPS": {"2020-09-30": "-0.09000", "2020-06-30": "0.19000", "2020-03-31": "0.01000", "2019-12-31": "0.34000", "2019-09-30": "0.09000", "2019-06-30": "0.12000", "2019-03-31": "0.08000", "2018-12-31": "0.30000", "2018-09-30": "0.07000", "2018-06-30": "0.07000", "2018-03-31": "0.30000", "2017-12-31": "0.26000", "2017-09-30": "0.06000", "2017-06-30": "0.03000", "2017-03-31": "0.09000", "2016-12-31": "0.89000", "2016-09-30": "0.10000", "2016-06-30": "0.06000", "2016-03-31": "0.04000", "2015-12-31": "0.64000", "2015-09-30": "0.05000", "2015-06-30": "0.33000", "2015-03-31": "0.28000", "2014-12-31": "0.25000", "2014-09-30": "0.16000", "2014-06-30": "0.12000", "2014-03-31": "0.07000", "2013-12-31": "0.13000", "2013-09-30": "0.01000", "2013-06-30": "0.02000", "2013-03-31": "0.00000", "2012-12-31": "-0.10000", "2012-09-30": "-0.04000", "2012-06-30": "0.62000", "2012-03-31": "0.37000", "2011-12-31": "0.23000", "2011-09-30": "-0.07000", "2011-06-30": "0.06000", "2011-03-31": "-0.17000", "2010-12-31": "-0.17000", "2010-09-30": "-0.16000", "2010-06-30": "-0.18000", "2010-03-31": "-0.17000", "2009-12-31": "-0.16000", "2009-09-30": "-0.27000", "2009-06-30": "-0.10000", "2009-03-31": "-0.11000", "2008-12-31": "0.34000", "2008-09-30": "-0.07000", "2008-06-30": "-0.03000", "2008-03-31": "5.05000", "2007-12-31": "0.70000", "2007-09-30": "0.56000", "2007-06-30": "0.01000", "2007-03-31": "0.21000", "2006-12-31": "0.16000", "2006-09-30": "0.42000", "2006-06-30": "0.21000", "2006-03-31": "0.06000", "2005-12-31": "0.51000", "2005-09-30": "0.08000", "2005-06-30": "0.36000", "2005-03-31": "0.08000"}, "EPS - Earnings Per Share": {"2020-09-30": "-0.09000", "2020-06-30": "0.19000", "2020-03-31": "0.01000", "2019-12-31": "0.34000", "2019-09-30": "0.09000", "2019-06-30": "0.12000", "2019-03-31": "0.08000", "2018-12-31": "0.30000", "2018-09-30": "0.07000", "2018-06-30": "0.07000", "2018-03-31": "0.30000", "2017-12-31": "0.26000", "2017-09-30": "0.06000", "2017-06-30": "0.03000", "2017-03-31": "0.09000", "2016-12-31": "0.88000", "2016-09-30": "0.10000", "2016-06-30": "0.06000", "2016-03-31": "0.04000", "2015-12-31": "0.63000", "2015-09-30": "0.05000", "2015-06-30": "0.33000", "2015-03-31": "0.28000", "2014-12-31": "0.24000", "2014-09-30": "0.16000", "2014-06-30": "0.12000", "2014-03-31": "0.07000", "2013-12-31": "0.13000", "2013-09-30": "0.01000", "2013-06-30": "0.02000", "2013-03-31": "0.00000", "2012-12-31": "-0.10000", "2012-09-30": "-0.04000", "2012-06-30": "0.62000", "2012-03-31": "0.37000", "2011-12-31": "0.23000", "2011-09-30": "-0.07000", "2011-06-30": "0.06000", "2011-03-31": "-0.17000", "2010-12-31": "-0.17000", "2010-09-30": "-0.16000", "2010-06-30": "-0.18000", "2010-03-31": "-0.17000", "2009-12-31": "-0.16000", "2009-09-30": "-0.27000", "2009-06-30": "-0.10000", "2009-03-31": "-0.11000", "2008-12-31": "0.34000", "2008-09-30": "-0.07000", "2008-06-30": "-0.03000", "2008-03-31": "5.05000", "2007-12-31": "0.70000", "2007-09-30": "0.56000", "2007-06-30": "0.01000", "2007-03-31": "0.21000", "2006-12-31": "0.16000", "2006-09-30": "0.42000", "2006-06-30": "0.21000", "2006-03-31": "0.06000", "2005-12-31": "0.51000", "2005-09-30": "0.08000", "2005-06-30": "0.36000", "2005-03-31": "0.08000"}}, "balance sheet": {"Cash On Hand": {"2019-12-31": "621.55300", "2018-12-31": "989.76000", "2017-12-31": "742.66000", "2016-12-31": "849.13100", "2015-12-31": "966.44600", "2014-12-31": "755.79000", "2013-12-31": "53.04500", "2012-12-31": "35.67600", "2011-12-31": "37.13700", "2010-12-31": "28.79900", "2009-12-31": "52.51400", "2008-12-31": "20.46600", "2007-12-31": "8.06600", "2006-12-31": "7.74500", "2005-12-31": "20.12600"}, "Receivables": {"2019-12-31": "", "2018-12-31": "", "2017-12-31": "", "2016-12-31": "", "2015-12-31": "", "2014-12-31": "", "2013-12-31": "", "2012-12-31": "", "2011-12-31": "", "2010-12-31": "", "2009-12-31": "", "2008-12-31": "", "2007-12-31": "", "2006-12-31": "", "2005-12-31": ""}, "Inventory": {"2019-12-31": "", "2018-12-31": "", "2017-12-31": "", "2016-12-31": "", "2015-12-31": "", "2014-12-31": "", "2013-12-31": "", "2012-12-31": "", "2011-12-31": "", "2010-12-31": "", "2009-12-31": "", "2008-12-31": "", "2007-12-31": "", "2006-12-31": "", "2005-12-31": ""}, "Pre-Paid Expenses": {"2019-12-31": "", "2018-12-31": "", "2017-12-31": "", "2016-12-31": "", "2015-12-31": "", "2014-12-31": "", "2013-12-31": "", "2012-12-31": "", "2011-12-31": "", "2010-12-31": "", "2009-12-31": "", "2008-12-31": "", "2007-12-31": "", "2006-12-31": "", "2005-12-31": ""}, "Other Current Assets": {"2019-12-31": "", "2018-12-31": "", "2017-12-31": "", "2016-12-31": "", "2015-12-31": "", "2014-12-31": "", "2013-12-31": "", "2012-12-31": "", "2011-12-31": "", "2010-12-31": "", "2009-12-31": "", "2008-12-31": "", "2007-12-31": "", "2006-12-31": "", "2005-12-31": ""}, "Total Current Assets": {"2019-12-31": "775.20300", "2018-12-31": "1032.01900", "2017-12-31": "762.12900", "2016-12-31": "868.92100", "2015-12-31": "983.14000", "2014-12-31": "770.15910", "2013-12-31": "136.07800", "2012-12-31": "99.68200", "2011-12-31": "37.13700", "2010-12-31": "36.59900", "2009-12-31": "60.31400", "2008-12-31": "227.91600", "2007-12-31": "20.72100", "2006-12-31": "18.24500", "2005-12-31": "84.93100"}, "Property, Plant, And Equipment": {"2019-12-31": "8470.74800", "2018-12-31": "6541.99900", "2017-12-31": "6847.04000", "2016-12-31": "6692.12800", "2015-12-31": "6543.40200", "2014-12-31": "5948.48700", "2013-12-31": "5999.18300", "2012-12-31": "6131.14600", "2011-12-31": "6242.74400", "2010-12-31": "5243.02100", "2009-12-31": "4963.75400", "2008-12-31": "4753.06400", "2007-12-31": "4584.72200", "2006-12-31": "4566.39500", "2005-12-31": "4388.59500"}, "Long-Term Investments": {"2019-12-31": "", "2018-12-31": "", "2017-12-31": "", "2016-12-31": "", "2015-12-31": "", "2014-12-31": "", "2013-12-31": "", "2012-12-31": "", "2011-12-31": "", "2010-12-31": "", "2009-12-31": "", "2008-12-31": "", "2007-12-31": "", "2006-12-31": "", "2005-12-31": ""}, "Goodwill And Intangible Assets": {"2019-12-31": "", "2018-12-31": "", "2017-12-31": "", "2016-12-31": "", "2015-12-31": "", "2014-12-31": "", "2013-12-31": "", "2012-12-31": "", "2011-12-31": "", "2010-12-31": "", "2009-12-31": "", "2008-12-31": "", "2007-12-31": "", "2006-12-31": "", "2005-12-31": ""}, "Other Long-Term Assets": {"2019-12-31": "186.29600", "2018-12-31": "137.71000", "2017-12-31": "124.10400", "2016-12-31": "118.53500", "2015-12-31": "137.30200", "2014-12-31": "110.08200", "2013-12-31": "645.53700", "2012-12-31": "603.28500", "2011-12-31": "411.40500", "2010-12-31": "222.65300", "2009-12-31": "81.94800", "2008-12-31": "133.65700", "2007-12-31": "161.54200", "2006-12-31": "56.57900", "2005-12-31": "37.03100"}, "Total Long-Term Assets": {"2019-12-31": "8657.04400", "2018-12-31": "6679.70900", "2017-12-31": "6971.14400", "2016-12-31": "6810.66300", "2015-12-31": "6680.70400", "2014-12-31": "6058.56900", "2013-12-31": "6671.64400", "2012-12-31": "6759.42100", "2011-12-31": "6684.21700", "2010-12-31": "5492.94100", "2009-12-31": "5072.30300", "2008-12-31": "4915.88900", "2007-12-31": "4780.40000", "2006-12-31": "4657.63000", "2005-12-31": "4456.66200"}, "Total Assets": {"2019-12-31": "9636.47200", "2018-12-31": "7711.72800", "2017-12-31": "7733.27300", "2016-12-31": "7679.58400", "2015-12-31": "7663.84400", "2014-12-31": "6828.72800", "2013-12-31": "6807.72200", "2012-12-31": "6859.10300", "2011-12-31": "6721.35400", "2010-12-31": "5529.54000", "2009-12-31": "5132.61700", "2008-12-31": "5143.80500", "2007-12-31": "4801.12100", "2006-12-31": "4675.87500", "2005-12-31": "4541.59300"}, "Total Current Liabilities": {"2019-12-31": "164.67600", "2018-12-31": "135.69800", "2017-12-31": "154.73700", "2016-12-31": "150.48000", "2015-12-31": "129.30400", "2014-12-31": "141.47500", "2013-12-31": "164.80800", "2012-12-31": "149.58000", "2011-12-31": "132.09000", "2010-12-31": "141.39900", "2009-12-31": "116.80700", "2008-12-31": "106.17400", "2007-12-31": "88.99100", "2006-12-31": "99.28200", "2005-12-31": "102.24700"}, "Long Term Debt": {"2019-12-31": "4707.52400", "2018-12-31": "3547.78700", "2017-12-31": "3671.66300", "2016-12-31": "3401.47800", "2015-12-31": "3570.79500", "2014-12-31": "3565.29900", "2013-12-31": "3523.70300", "2012-12-31": "3409.33300", "2011-12-31": "3918.37000", "2010-12-31": "3567.50400", "2009-12-31": "3426.58900", "2008-12-31": "3261.13300", "2007-12-31": "3502.67600", "2006-12-31": "3338.78500", "2005-12-31": "3159.77700"}, "Other Non-Current Liabilities": {"2019-12-31": "1176.40000", "2018-12-31": "1105.46600", "2017-12-31": "1071.50900", "2016-12-31": "121.17400", "2015-12-31": "1063.13400", "2014-12-31": "386.00400", "2013-12-31": "306.70700", "2012-12-31": "306.35800", "2011-12-31": "115.63500", "2010-12-31": "91.55000", "2009-12-31": "91.48100", "2008-12-31": "249.06700", "2007-12-31": "128.01300", "2006-12-31": "93.72000", "2005-12-31": "88.02600"}, "Total Long Term Liabilities": {"2019-12-31": "5883.92400", "2018-12-31": "4653.25300", "2017-12-31": "4743.17200", "2016-12-31": "4432.13400", "2015-12-31": "4633.92900", "2014-12-31": "3951.30300", "2013-12-31": "3830.41000", "2012-12-31": "3715.69100", "2011-12-31": "4270.47900", "2010-12-31": "3778.11100", "2009-12-31": "3616.82800", "2008-12-31": "3618.29200", "2007-12-31": "3692.73800", "2006-12-31": "3521.33800", "2005-12-31": "3331.62200"}, "Total Liabilities": {"2019-12-31": "6247.15800", "2018-12-31": "4788.95100", "2017-12-31": "4897.90900", "2016-12-31": "4582.61400", "2015-12-31": "4763.23300", "2014-12-31": "4092.77800", "2013-12-31": "3995.21800", "2012-12-31": "3865.27100", "2011-12-31": "4402.57000", "2010-12-31": "3919.51000", "2009-12-31": "3733.63500", "2008-12-31": "3724.46600", "2007-12-31": "3781.72900", "2006-12-31": "3620.62000", "2005-12-31": "3433.86900"}, "Common Stock Net": {"2019-12-31": "2.94600", "2018-12-31": "2.75500", "2017-12-31": "2.67800", "2016-12-31": "2.67300", "2015-12-31": "2.61800", "2014-12-31": "2.55100", "2013-12-31": "2.50700", "2012-12-31": "2.50100", "2011-12-31": "2.19700", "2010-12-31": "1.82500", "2009-12-31": "1.55500", "2008-12-31": "1.37400", "2007-12-31": "1.44300", "2006-12-31": "1.35000", "2005-12-31": "1.34000"}, "Retained Earnings (Accumulated Deficit)": {"2019-12-31": "-2462.13200", "2018-12-31": "-2063.99600", "2017-12-31": "-1871.60300", "2016-12-31": "-1585.82500", "2015-12-31": "-1584.45900", "2014-12-31": "-1528.91700", "2013-12-31": "-1342.07000", "2012-12-31": "-1143.78100", "2011-12-31": "-1142.89500", "2010-12-31": "-973.86400", "2009-12-31": "-687.18000", "2008-12-31": "-448.73700", "2007-12-31": "-916.28000", "2006-12-31": "-810.87500", "2005-12-31": "-755.70200"}, "Comprehensive Income": {"2019-12-31": "-10.44800", "2018-12-31": "-0.06700", "2017-12-31": "-2.68100", "2016-12-31": "-5.60900", "2015-12-31": "-12.67800", "2014-12-31": "-8.85500", "2013-12-31": "-5.12500", "2012-12-31": "-11.25700", "2011-12-31": "-13.90200", "2010-12-31": "-3.46900", "2009-12-31": "0.00200", "2008-12-31": "-11.92700", "2007-12-31": "-0.81400", "2006-12-31": "", "2005-12-31": ""}, "Other Share Holders Equity": {"2019-12-31": "", "2018-12-31": "", "2017-12-31": "", "2016-12-31": "", "2015-12-31": "", "2014-12-31": "", "2013-12-31": "", "2012-12-31": "", "2011-12-31": "", "2010-12-31": "", "2009-12-31": "", "2008-12-31": "", "2007-12-31": "", "2006-12-31": "", "2005-12-31": ""}, "Share Holder Equity": {"2019-12-31": "3389.31400", "2018-12-31": "2922.77700", "2017-12-31": "2835.36400", "2016-12-31": "3096.97000", "2015-12-31": "2900.61100", "2014-12-31": "2735.95000", "2013-12-31": "2812.50400", "2012-12-31": "2993.83200", "2011-12-31": "2318.78400", "2010-12-31": "1610.03000", "2009-12-31": "1398.98200", "2008-12-31": "1419.33900", "2007-12-31": "1019.39200", "2006-12-31": "1055.25500", "2005-12-31": "1107.72400"}, "Total Liabilities And Share Holders Equity": {"2019-12-31": "9636.47200", "2018-12-31": "7711.72800", "2017-12-31": "7733.27300", "2016-12-31": "7679.58400", "2015-12-31": "7663.84400", "2014-12-31": "6828.72800", "2013-12-31": "6807.72200", "2012-12-31": "6859.10300", "2011-12-31": "6721.35400", "2010-12-31": "5529.54000", "2009-12-31": "5132.61700", "2008-12-31": "5143.80500", "2007-12-31": "4801.12100", "2006-12-31": "4675.87500", "2005-12-31": "4541.59300"}}, "balance sheet, quarterly": {"Cash On Hand": {"2020-09-30": "670.55500", "2020-06-30": "620.93400", "2020-03-31": "22.92900", "2019-12-31": "621.55300", "2019-09-30": "814.72100", "2019-06-30": "793.02300", "2019-03-31": "773.25400", "2018-12-31": "989.76000", "2018-09-30": "795.45600", "2018-06-30": "770.82200", "2018-03-31": "753.43100", "2017-12-31": "742.66000", "2017-09-30": "862.06500", "2017-06-30": "864.18000", "2017-03-31": "841.20700", "2016-12-31": "849.13100", "2016-09-30": "942.47500", "2016-06-30": "959.09400", "2016-03-31": "24.69800", "2015-12-31": "966.44600", "2015-09-30": "946.96800", "2015-06-30": "940.71700", "2015-03-31": "793.08000", "2014-12-31": "755.79000", "2014-09-30": "689.01500", "2014-06-30": "662.83800", "2014-03-31": "556.94900", "2013-12-31": "53.04500", "2013-09-30": "565.88300", "2013-06-30": "567.21300", "2013-03-31": "493.14600", "2012-12-31": "35.67600", "2012-09-30": "107.46800", "2012-06-30": "788.79000", "2012-03-31": "576.73700", "2011-12-31": "37.13700", "2011-09-30": "33.12300", "2011-06-30": "41.85400", "2011-03-31": "176.14200", "2010-12-31": "28.79900", "2010-09-30": "83.25000", "2010-06-30": "73.17300", "2010-03-31": "79.79500", "2009-12-31": "52.51400", "2009-09-30": "123.85200", "2009-06-30": "111.23200", "2009-03-31": "125.29700", "2008-12-31": "20.46600", "2008-09-30": "59.79000", "2008-06-30": "58.10400", "2008-03-31": "117.07000", "2007-12-31": "8.06600", "2007-09-30": "36.66700", "2007-06-30": "8.18700", "2007-03-31": "7.84400", "2006-12-31": "7.74500", "2006-09-30": "34.33900", "2006-06-30": "11.30200", "2006-03-31": "41.14500", "2005-12-31": "20.12600", "2005-09-30": "9.89800", "2005-06-30": "21.88100", "2005-03-31": "7.58200"}, "Receivables": {"2020-09-30": "", "2020-06-30": "", "2020-03-31": "", "2019-12-31": "", "2019-09-30": "", "2019-06-30": "", "2019-03-31": "", "2018-12-31": "", "2018-09-30": "", "2018-06-30": "", "2018-03-31": "", "2017-12-31": "", "2017-09-30": "", "2017-06-30": "", "2017-03-31": "", "2016-12-31": "", "2016-09-30": "", "2016-06-30": "", "2016-03-31": "", "2015-12-31": "", "2015-09-30": "", "2015-06-30": "", "2015-03-31": "", "2014-12-31": "", "2014-09-30": "", "2014-06-30": "", "2014-03-31": "", "2013-12-31": "", "2013-09-30": "", "2013-06-30": "", "2013-03-31": "", "2012-12-31": "", "2012-09-30": "", "2012-06-30": "", "2012-03-31": "", "2011-12-31": "", "2011-09-30": "", "2011-06-30": "", "2011-03-31": "", "2010-12-31": "", "2010-09-30": "", "2010-06-30": "", "2010-03-31": "", "2009-12-31": "", "2009-09-30": "", "2009-06-30": "", "2009-03-31": "", "2008-12-31": "", "2008-09-30": "", "2008-06-30": "", "2008-03-31": "", "2007-12-31": "", "2007-09-30": "", "2007-06-30": "", "2007-03-31": "", "2006-12-31": "", "2006-09-30": "", "2006-06-30": "", "2006-03-31": "", "2005-12-31": "", "2005-09-30": "", "2005-06-30": "", "2005-03-31": ""}, "Inventory": {"2020-09-30": "", "2020-06-30": "", "2020-03-31": "", "2019-12-31": "", "2019-09-30": "", "2019-06-30": "", "2019-03-31": "", "2018-12-31": "", "2018-09-30": "", "2018-06-30": "", "2018-03-31": "", "2017-12-31": "", "2017-09-30": "", "2017-06-30": "", "2017-03-31": "", "2016-12-31": "", "2016-09-30": "", "2016-06-30": "", "2016-03-31": "", "2015-12-31": "", "2015-09-30": "", "2015-06-30": "", "2015-03-31": "", "2014-12-31": "", "2014-09-30": "", "2014-06-30": "", "2014-03-31": "", "2013-12-31": "", "2013-09-30": "", "2013-06-30": "", "2013-03-31": "", "2012-12-31": "", "2012-09-30": "", "2012-06-30": "", "2012-03-31": "", "2011-12-31": "", "2011-09-30": "", "2011-06-30": "", "2011-03-31": "", "2010-12-31": "", "2010-09-30": "", "2010-06-30": "", "2010-03-31": "", "2009-12-31": "", "2009-09-30": "", "2009-06-30": "", "2009-03-31": "", "2008-12-31": "", "2008-09-30": "", "2008-06-30": "", "2008-03-31": "", "2007-12-31": "", "2007-09-30": "", "2007-06-30": "", "2007-03-31": "", "2006-12-31": "", "2006-09-30": "", "2006-06-30": "", "2006-03-31": "", "2005-12-31": "", "2005-09-30": "", "2005-06-30": "", "2005-03-31": ""}, "Pre-Paid Expenses": {"2020-09-30": "", "2020-06-30": "", "2020-03-31": "", "2019-12-31": "", "2019-09-30": "", "2019-06-30": "", "2019-03-31": "", "2018-12-31": "", "2018-09-30": "", "2018-06-30": "", "2018-03-31": "", "2017-12-31": "", "2017-09-30": "", "2017-06-30": "", "2017-03-31": "", "2016-12-31": "", "2016-09-30": "", "2016-06-30": "", "2016-03-31": "", "2015-12-31": "", "2015-09-30": "", "2015-06-30": "", "2015-03-31": "", "2014-12-31": "", "2014-09-30": "", "2014-06-30": "", "2014-03-31": "", "2013-12-31": "", "2013-09-30": "", "2013-06-30": "", "2013-03-31": "", "2012-12-31": "", "2012-09-30": "", "2012-06-30": "", "2012-03-31": "", "2011-12-31": "", "2011-09-30": "", "2011-06-30": "", "2011-03-31": "", "2010-12-31": "", "2010-09-30": "", "2010-06-30": "", "2010-03-31": "", "2009-12-31": "", "2009-09-30": "", "2009-06-30": "", "2009-03-31": "", "2008-12-31": "", "2008-09-30": "", "2008-06-30": "", "2008-03-31": "", "2007-12-31": "", "2007-09-30": "", "2007-06-30": "", "2007-03-31": "", "2006-12-31": "", "2006-09-30": "", "2006-06-30": "", "2006-03-31": "", "2005-12-31": "", "2005-09-30": "", "2005-06-30": "", "2005-03-31": ""}, "Other Current Assets": {"2020-09-30": "", "2020-06-30": "", "2020-03-31": "", "2019-12-31": "", "2019-09-30": "", "2019-06-30": "", "2019-03-31": "", "2018-12-31": "", "2018-09-30": "", "2018-06-30": "", "2018-03-31": "", "2017-12-31": "", "2017-09-30": "", "2017-06-30": "", "2017-03-31": "", "2016-12-31": "", "2016-09-30": "", "2016-06-30": "", "2016-03-31": "", "2015-12-31": "", "2015-09-30": "", "2015-06-30": "", "2015-03-31": "", "2014-12-31": "", "2014-09-30": "", "2014-06-30": "", "2014-03-31": "", "2013-12-31": "", "2013-09-30": "", "2013-06-30": "", "2013-03-31": "", "2012-12-31": "", "2012-09-30": "", "2012-06-30": "", "2012-03-31": "", "2011-12-31": "", "2011-09-30": "", "2011-06-30": "", "2011-03-31": "", "2010-12-31": "", "2010-09-30": "", "2010-06-30": "", "2010-03-31": "", "2009-12-31": "", "2009-09-30": "", "2009-06-30": "", "2009-03-31": "", "2008-12-31": "", "2008-09-30": "", "2008-06-30": "", "2008-03-31": "", "2007-12-31": "", "2007-09-30": "", "2007-06-30": "", "2007-03-31": "", "2006-12-31": "", "2006-09-30": "", "2006-06-30": "", "2006-03-31": "", "2005-12-31": "", "2005-09-30": "", "2005-06-30": "", "2005-03-31": ""}, "Total Current Assets": {"2020-09-30": "827.55100", "2020-06-30": "776.89000", "2020-03-31": "174.47200", "2019-12-31": "775.20300", "2019-09-30": "852.62000", "2019-06-30": "830.51700", "2019-03-31": "810.22800", "2018-12-31": "1032.01900", "2018-09-30": "836.46500", "2018-06-30": "811.53090", "2018-03-31": "792.90000", "2017-12-31": "762.12900", "2017-09-30": "880.65900", "2017-06-30": "881.47000", "2017-03-31": "860.99690", "2016-12-31": "868.92100", "2016-09-30": "962.16890", "2016-06-30": "978.78800", "2016-03-31": "41.39200", "2015-12-31": "983.14000", "2015-09-30": "962.46200", "2015-06-30": "956.21100", "2015-03-31": "808.57400", "2014-12-31": "770.15910", "2014-09-30": "707.33290", "2014-06-30": "707.08600", "2014-03-31": "641.51700", "2013-12-31": "136.07800", "2013-09-30": "632.59000", "2013-06-30": "633.91300", "2013-03-31": "559.33900", "2012-12-31": "99.68200", "2012-09-30": "171.46600", "2012-06-30": "828.19900", "2012-03-31": "589.93700", "2011-12-31": "37.13700", "2011-09-30": "40.92300", "2011-06-30": "49.65400", "2011-03-31": "183.94200", "2010-12-31": "36.59900", "2010-09-30": "91.05000", "2010-06-30": "80.97300", "2010-03-31": "87.59500", "2009-12-31": "60.31400", "2009-09-30": "131.15200", "2009-06-30": "118.53200", "2009-03-31": "332.59700", "2008-12-31": "227.91600", "2008-09-30": "267.24000", "2008-06-30": "282.88000", "2008-03-31": "336.87700", "2007-12-31": "20.72100", "2007-09-30": "43.16700", "2007-06-30": "14.68700", "2007-03-31": "14.34400", "2006-12-31": "18.24500", "2006-09-30": "44.33900", "2006-06-30": "25.26200", "2006-03-31": "77.26500", "2005-12-31": "84.93100", "2005-09-30": "105.84300", "2005-06-30": "26.88100", "2005-03-31": "12.58200"}, "Property, Plant, And Equipment": {"2020-09-30": "8348.24900", "2020-06-30": "8403.11500", "2020-03-31": "8545.52700", "2019-12-31": "8470.74800", "2019-09-30": "7563.78700", "2019-06-30": "7132.61900", "2019-03-31": "6916.45600", "2018-12-31": "6541.99900", "2018-09-30": "6701.33700", "2018-06-30": "6757.54800", "2018-03-31": "6795.92600", "2017-12-31": "6847.04000", "2017-09-30": "6753.02200", "2017-06-30": "6756.88900", "2017-03-31": "6760.90900", "2016-12-31": "6692.12800", "2016-09-30": "6480.36300", "2016-06-30": "6470.13900", "2016-03-31": "6485.33700", "2015-12-31": "6543.40200", "2015-09-30": "5825.47300", "2015-06-30": "5867.33000", "2015-03-31": "5931.54800", "2014-12-31": "5948.48700", "2014-09-30": "6049.25800", "2014-06-30": "5997.52900", "2014-03-31": "6035.19200", "2013-12-31": "5999.18300", "2013-09-30": "5960.39300", "2013-06-30": "5945.03900", "2013-03-31": "6174.63400", "2012-12-31": "6131.14600", "2012-09-30": "6008.93000", "2012-06-30": "5991.71500", "2012-03-31": "6189.37400", "2011-12-31": "6242.74400", "2011-09-30": "6423.16400", "2011-06-30": "5572.54800", "2011-03-31": "5200.27100", "2010-12-31": "5243.02100", "2010-09-30": "5292.46800", "2010-06-30": "4915.86700", "2010-03-31": "4938.35600", "2009-12-31": "4963.75400", "2009-09-30": "4784.58200", "2009-06-30": "4753.95700", "2009-03-31": "4756.34200", "2008-12-31": "4753.06400", "2008-09-30": "4716.15900", "2008-06-30": "4415.17100", "2008-03-31": "4288.09500", "2007-12-31": "4584.72200", "2007-09-30": "4530.41500", "2007-06-30": "4643.76900", "2007-03-31": "4595.63700", "2006-12-31": "4566.39500", "2006-09-30": "4550.85000", "2006-06-30": "4607.93600", "2006-03-31": "4390.65400", "2005-12-31": "4388.59500", "2005-09-30": "4300.21700", "2005-06-30": "4260.17400", "2005-03-31": "4279.66500"}, "Long-Term Investments": {"2020-09-30": "", "2020-06-30": "", "2020-03-31": "", "2019-12-31": "", "2019-09-30": "", "2019-06-30": "", "2019-03-31": "", "2018-12-31": "", "2018-09-30": "", "2018-06-30": "", "2018-03-31": "", "2017-12-31": "", "2017-09-30": "", "2017-06-30": "", "2017-03-31": "", "2016-12-31": "", "2016-09-30": "", "2016-06-30": "", "2016-03-31": "", "2015-12-31": "", "2015-09-30": "", "2015-06-30": "", "2015-03-31": "", "2014-12-31": "", "2014-09-30": "", "2014-06-30": "", "2014-03-31": "", "2013-12-31": "", "2013-09-30": "", "2013-06-30": "", "2013-03-31": "", "2012-12-31": "", "2012-09-30": "", "2012-06-30": "", "2012-03-31": "", "2011-12-31": "", "2011-09-30": "", "2011-06-30": "", "2011-03-31": "", "2010-12-31": "", "2010-09-30": "", "2010-06-30": "", "2010-03-31": "", "2009-12-31": "", "2009-09-30": "", "2009-06-30": "", "2009-03-31": "", "2008-12-31": "", "2008-09-30": "", "2008-06-30": "", "2008-03-31": "", "2007-12-31": "", "2007-09-30": "", "2007-06-30": "", "2007-03-31": "", "2006-12-31": "", "2006-09-30": "", "2006-06-30": "", "2006-03-31": "", "2005-12-31": "", "2005-09-30": "", "2005-06-30": "", "2005-03-31": ""}, "Goodwill And Intangible Assets": {"2020-09-30": "", "2020-06-30": "", "2020-03-31": "", "2019-12-31": "", "2019-09-30": "", "2019-06-30": "", "2019-03-31": "", "2018-12-31": "", "2018-09-30": "", "2018-06-30": "", "2018-03-31": "", "2017-12-31": "", "2017-09-30": "", "2017-06-30": "", "2017-03-31": "", "2016-12-31": "", "2016-09-30": "", "2016-06-30": "", "2016-03-31": "", "2015-12-31": "", "2015-09-30": "", "2015-06-30": "", "2015-03-31": "", "2014-12-31": "", "2014-09-30": "", "2014-06-30": "", "2014-03-31": "", "2013-12-31": "", "2013-09-30": "", "2013-06-30": "", "2013-03-31": "", "2012-12-31": "", "2012-09-30": "", "2012-06-30": "", "2012-03-31": "", "2011-12-31": "", "2011-09-30": "", "2011-06-30": "", "2011-03-31": "", "2010-12-31": "", "2010-09-30": "", "2010-06-30": "", "2010-03-31": "", "2009-12-31": "", "2009-09-30": "", "2009-06-30": "", "2009-03-31": "", "2008-12-31": "", "2008-09-30": "", "2008-06-30": "", "2008-03-31": "", "2007-12-31": "", "2007-09-30": "", "2007-06-30": "", "2007-03-31": "", "2006-12-31": "", "2006-09-30": "", "2006-06-30": "", "2006-03-31": "", "2005-12-31": "", "2005-09-30": "", "2005-06-30": "", "2005-03-31": ""}, "Other Long-Term Assets": {"2020-09-30": "173.83400", "2020-06-30": "181.88000", "2020-03-31": "767.69600", "2019-12-31": "186.29600", "2019-09-30": "145.30100", "2019-06-30": "140.19100", "2019-03-31": "134.89600", "2018-12-31": "137.71000", "2018-09-30": "140.98200", "2018-06-30": "138.27900", "2018-03-31": "120.22200", "2017-12-31": "124.10400", "2017-09-30": "127.02400", "2017-06-30": "129.57500", "2017-03-31": "114.00500", "2016-12-31": "118.53500", "2016-09-30": "208.63700", "2016-06-30": "161.15500", "2016-03-31": "1074.83900", "2015-12-31": "137.30200", "2015-09-30": "114.58900", "2015-06-30": "96.25900", "2015-03-31": "96.71300", "2014-12-31": "110.08200", "2014-09-30": "117.15300", "2014-06-30": "202.24500", "2014-03-31": "131.79800", "2013-12-31": "645.53700", "2013-09-30": "135.81400", "2013-06-30": "137.54800", "2013-03-31": "133.15400", "2012-12-31": "603.28500", "2012-09-30": "703.69600", "2012-06-30": "124.12800", "2012-03-31": "131.56300", "2011-12-31": "411.40500", "2011-09-30": "317.10700", "2011-06-30": "314.82800", "2011-03-31": "95.81400", "2010-12-31": "222.65300", "2010-09-30": "67.61500", "2010-06-30": "57.02100", "2010-03-31": "63.05500", "2009-12-31": "81.94800", "2009-09-30": "68.52100", "2009-06-30": "71.84800", "2009-03-31": "67.32900", "2008-12-31": "133.65700", "2008-09-30": "86.23800", "2008-06-30": "305.78700", "2008-03-31": "410.90600", "2007-12-31": "161.54200", "2007-09-30": "63.22800", "2007-06-30": "107.68600", "2007-03-31": "99.04200", "2006-12-31": "56.57900", "2006-09-30": "56.30200", "2006-06-30": "54.91300", "2006-03-31": "32.48700", "2005-12-31": "37.03100", "2005-09-30": "47.82900", "2005-06-30": "48.56000", "2005-03-31": "38.30600"}, "Total Long-Term Assets": {"2020-09-30": "8522.08300", "2020-06-30": "8584.99500", "2020-03-31": "9313.22400", "2019-12-31": "8657.04400", "2019-09-30": "7709.08800", "2019-06-30": "7272.81000", "2019-03-31": "7051.35200", "2018-12-31": "6679.70900", "2018-09-30": "6842.31900", "2018-06-30": "6895.82700", "2018-03-31": "6916.14800", "2017-12-31": "6971.14400", "2017-09-30": "6880.04600", "2017-06-30": "6886.46400", "2017-03-31": "6874.91400", "2016-12-31": "6810.66300", "2016-09-30": "6689.00000", "2016-06-30": "6631.29400", "2016-03-31": "7560.17600", "2015-12-31": "6680.70400", "2015-09-30": "5960.26800", "2015-06-30": "5983.51900", "2015-03-31": "6049.93700", "2014-12-31": "6058.56900", "2014-09-30": "6190.75500", "2014-06-30": "6225.31900", "2014-03-31": "6192.50600", "2013-12-31": "6671.64400", "2013-09-30": "6123.47600", "2013-06-30": "6109.63000", "2013-03-31": "6331.44100", "2012-12-31": "6759.42100", "2012-09-30": "6739.43700", "2012-06-30": "6144.42200", "2012-03-31": "6352.57800", "2011-12-31": "6684.21700", "2011-09-30": "6763.98000", "2011-06-30": "5912.12300", "2011-03-31": "5317.93500", "2010-12-31": "5492.94100", "2010-09-30": "5386.30800", "2010-06-30": "4998.39600", "2010-03-31": "5028.12100", "2009-12-31": "5072.30300", "2009-09-30": "4879.10500", "2009-06-30": "4852.36600", "2009-03-31": "4852.93300", "2008-12-31": "4915.88900", "2008-09-30": "4832.97200", "2008-06-30": "4753.26600", "2008-03-31": "4733.32800", "2007-12-31": "4780.40000", "2007-09-30": "4631.43100", "2007-06-30": "4788.83000", "2007-03-31": "4730.65100", "2006-12-31": "4657.63000", "2006-09-30": "4637.92700", "2006-06-30": "4693.57000", "2006-03-31": "4453.57700", "2005-12-31": "4456.66200", "2005-09-30": "4374.58600", "2005-06-30": "4336.36000", "2005-03-31": "4341.43400"}, "Total Assets": {"2020-09-30": "9551.38800", "2020-06-30": "9564.47100", "2020-03-31": "9691.10500", "2019-12-31": "9636.47200", "2019-09-30": "8697.59700", "2019-06-30": "8197.26600", "2019-03-31": "7955.72500", "2018-12-31": "7711.72800", "2018-09-30": "7678.78400", "2018-06-30": "7707.35800", "2018-03-31": "7709.04800", "2017-12-31": "7733.27300", "2017-09-30": "7760.70500", "2017-06-30": "7767.93400", "2017-03-31": "7735.91100", "2016-12-31": "7679.58400", "2016-09-30": "7651.16900", "2016-06-30": "7610.08200", "2016-03-31": "7601.56800", "2015-12-31": "7663.84400", "2015-09-30": "6922.73000", "2015-06-30": "6939.73000", "2015-03-31": "6858.51100", "2014-12-31": "6828.72800", "2014-09-30": "6898.08800", "2014-06-30": "6932.40500", "2014-03-31": "6834.02300", "2013-12-31": "6807.72200", "2013-09-30": "6756.06600", "2013-06-30": "6743.54300", "2013-03-31": "6890.78100", "2012-12-31": "6859.10300", "2012-09-30": "6910.90200", "2012-06-30": "6972.62100", "2012-03-31": "6942.51500", "2011-12-31": "6721.35400", "2011-09-30": "6804.90300", "2011-06-30": "5961.77700", "2011-03-31": "5501.87700", "2010-12-31": "5529.54000", "2010-09-30": "5477.35800", "2010-06-30": "5079.36900", "2010-03-31": "5115.71600", "2009-12-31": "5132.61700", "2009-09-30": "5010.25700", "2009-06-30": "4970.89800", "2009-03-31": "5185.53000", "2008-12-31": "5143.80500", "2008-09-30": "5100.21200", "2008-06-30": "5036.14600", "2008-03-31": "5070.20500", "2007-12-31": "4801.12100", "2007-09-30": "4674.59800", "2007-06-30": "4803.51700", "2007-03-31": "4744.99500", "2006-12-31": "4675.87500", "2006-09-30": "4682.26600", "2006-06-30": "4718.83200", "2006-03-31": "4530.84200", "2005-12-31": "4541.59300", "2005-09-30": "4480.42900", "2005-06-30": "4363.24100", "2005-03-31": "4354.01600"}, "Total Current Liabilities": {"2020-09-30": "182.04200", "2020-06-30": "190.30300", "2020-03-31": "146.88200", "2019-12-31": "164.67600", "2019-09-30": "142.28800", "2019-06-30": "129.19800", "2019-03-31": "121.93600", "2018-12-31": "135.69800", "2018-09-30": "140.14300", "2018-06-30": "134.51700", "2018-03-31": "136.03400", "2017-12-31": "154.73700", "2017-09-30": "161.53800", "2017-06-30": "140.23800", "2017-03-31": "125.60000", "2016-12-31": "150.48000", "2016-09-30": "155.76600", "2016-06-30": "141.17800", "2016-03-31": "122.41200", "2015-12-31": "129.30400", "2015-09-30": "112.30400", "2015-06-30": "118.05200", "2015-03-31": "109.16500", "2014-12-31": "141.47500", "2014-09-30": "138.76700", "2014-06-30": "135.26900", "2014-03-31": "123.92700", "2013-12-31": "164.80800", "2013-09-30": "154.36100", "2013-06-30": "155.24000", "2013-03-31": "123.59600", "2012-12-31": "149.58000", "2012-09-30": "153.07600", "2012-06-30": "147.03600", "2012-03-31": "122.58600", "2011-12-31": "132.09000", "2011-09-30": "161.71900", "2011-06-30": "142.04500", "2011-03-31": "129.06400", "2010-12-31": "141.39900", "2010-09-30": "112.57600", "2010-06-30": "94.80200", "2010-03-31": "93.44200", "2009-12-31": "116.80700", "2009-09-30": "108.16800", "2009-06-30": "95.83500", "2009-03-31": "107.75900", "2008-12-31": "106.17400", "2008-09-30": "90.69600", "2008-06-30": "76.91000", "2008-03-31": "80.26200", "2007-12-31": "88.99100", "2007-09-30": "108.14000", "2007-06-30": "97.15100", "2007-03-31": "84.65700", "2006-12-31": "99.28200", "2006-09-30": "111.14700", "2006-06-30": "96.95600", "2006-03-31": "78.13800", "2005-12-31": "102.24700", "2005-09-30": "108.31300", "2005-06-30": "103.29000", "2005-03-31": "91.01100"}, "Long Term Debt": {"2020-09-30": "4917.64600", "2020-06-30": "4766.80400", "2020-03-31": "4885.13800", "2019-12-31": "4707.52400", "2019-09-30": "3935.89700", "2019-06-30": "3870.58900", "2019-03-31": "3589.82900", "2018-12-31": "3547.78700", "2018-09-30": "3811.18000", "2018-06-30": "3752.11200", "2018-03-31": "3680.67300", "2017-12-31": "3671.66300", "2017-09-30": "3679.01100", "2017-06-30": "3634.64800", "2017-03-31": "3537.29200", "2016-12-31": "3401.47800", "2016-09-30": "3544.39000", "2016-06-30": "3465.17700", "2016-03-31": "3411.82500", "2015-12-31": "3570.79500", "2015-09-30": "3513.23400", "2015-06-30": "3564.40300", "2015-03-31": "3516.66900", "2014-12-31": "3565.29900", "2014-09-30": "3628.19200", "2014-06-30": "3747.79400", "2014-03-31": "3628.24600", "2013-12-31": "3523.70300", "2013-09-30": "3463.17200", "2013-06-30": "3394.72300", "2013-03-31": "3499.10700", "2012-12-31": "3409.33300", "2012-09-30": "3342.71500", "2012-06-30": "3345.06800", "2012-03-31": "3913.40400", "2011-12-31": "3918.37000", "2011-09-30": "3989.34500", "2011-06-30": "3699.58600", "2011-03-31": "3518.78600", "2010-12-31": "3567.50400", "2010-09-30": "3479.67000", "2010-06-30": "3411.65800", "2010-03-31": "3414.07800", "2009-12-31": "3426.58900", "2009-09-30": "3275.04600", "2009-06-30": "3213.94900", "2009-03-31": "3360.42100", "2008-12-31": "3261.13300", "2008-09-30": "3350.52900", "2008-06-30": "3219.54400", "2008-03-31": "3179.24700", "2007-12-31": "3502.67600", "2007-09-30": "3438.62700", "2007-06-30": "3594.36400", "2007-03-31": "3470.66300", "2006-12-31": "3338.78500", "2006-09-30": "3332.84300", "2006-06-30": "3401.86600", "2006-03-31": "3214.16500", "2005-12-31": "3159.77700", "2005-09-30": "3056.52700", "2005-06-30": "2926.48700", "2005-03-31": "2941.11400"}, "Other Non-Current Liabilities": {"2020-09-30": "161.91600", "2020-06-30": "160.86100", "2020-03-31": "163.73300", "2019-12-31": "157.73500", "2019-09-30": "145.32100", "2019-06-30": "140.83300", "2019-03-31": "141.88000", "2018-12-31": "1105.46600", "2018-09-30": "1119.99800", "2018-06-30": "129.65000", "2018-03-31": "1006.56300", "2017-12-31": "1071.50900", "2017-09-30": "124.07300", "2017-06-30": "1094.58000", "2017-03-31": "1033.10800", "2016-12-31": "121.17400", "2016-09-30": "1025.01500", "2016-06-30": "1054.85800", "2016-03-31": "1093.57800", "2015-12-31": "1063.13400", "2015-09-30": "421.97400", "2015-06-30": "398.77300", "2015-03-31": "109.75300", "2014-12-31": "386.00400", "2014-09-30": "352.01100", "2014-06-30": "365.94700", "2014-03-31": "339.98100", "2013-12-31": "306.70700", "2013-09-30": "309.62800", "2013-06-30": "326.28500", "2013-03-31": "335.95000", "2012-12-31": "306.35800", "2012-09-30": "359.49000", "2012-06-30": "365.58200", "2012-03-31": "116.91700", "2011-12-31": "115.63500", "2011-09-30": "323.04600", "2011-06-30": "289.49800", "2011-03-31": "93.34100", "2010-12-31": "91.55000", "2010-09-30": "92.44300", "2010-06-30": "86.04700", "2010-03-31": "91.04500", "2009-12-31": "91.48100", "2009-09-30": "90.41200", "2009-06-30": "90.06400", "2009-03-31": "110.09600", "2008-12-31": "249.06700", "2008-09-30": "109.28300", "2008-06-30": "106.77900", "2008-03-31": "106.49200", "2007-12-31": "128.01300", "2007-09-30": "80.87800", "2007-06-30": "81.20900", "2007-03-31": "79.42200", "2006-12-31": "93.72000", "2006-09-30": "72.51300", "2006-06-30": "74.87400", "2006-03-31": "79.09000", "2005-12-31": "88.02600", "2005-09-30": "87.29300", "2005-06-30": "74.31000", "2005-03-31": "73.22100"}, "Total Long Term Liabilities": {"2020-09-30": "5839.54800", "2020-06-30": "5762.13100", "2020-03-31": "5868.00400", "2019-12-31": "5883.92400", "2019-09-30": "5153.39900", "2019-06-30": "5011.95400", "2019-03-31": "4783.20700", "2018-12-31": "4653.25300", "2018-09-30": "4931.17800", "2018-06-30": "4804.09100", "2018-03-31": "4687.23600", "2017-12-31": "4743.17200", "2017-09-30": "4746.26600", "2017-06-30": "4729.22800", "2017-03-31": "4570.40000", "2016-12-31": "4432.13400", "2016-09-30": "4569.40500", "2016-06-30": "4520.03500", "2016-03-31": "4505.40300", "2015-12-31": "4633.92900", "2015-09-30": "3935.20800", "2015-06-30": "3963.17600", "2015-03-31": "3938.30500", "2014-12-31": "3951.30300", "2014-09-30": "3980.20300", "2014-06-30": "4113.74100", "2014-03-31": "3968.22700", "2013-12-31": "3830.41000", "2013-09-30": "3772.80000", "2013-06-30": "3721.00800", "2013-03-31": "3835.05700", "2012-12-31": "3715.69100", "2012-09-30": "3702.20500", "2012-06-30": "3710.65000", "2012-03-31": "4281.96400", "2011-12-31": "4270.47900", "2011-09-30": "4312.39100", "2011-06-30": "3989.08400", "2011-03-31": "3735.48700", "2010-12-31": "3778.11100", "2010-09-30": "3689.12500", "2010-06-30": "3611.45700", "2010-03-31": "3610.35200", "2009-12-31": "3616.82800", "2009-09-30": "3464.59500", "2009-06-30": "3369.30800", "2009-03-31": "3539.80700", "2008-12-31": "3618.29200", "2008-09-30": "3560.13900", "2008-06-30": "3429.97900", "2008-03-31": "3393.28800", "2007-12-31": "3692.73800", "2007-09-30": "3578.75200", "2007-06-30": "3733.47700", "2007-03-31": "3615.30000", "2006-12-31": "3521.33800", "2006-09-30": "3491.69500", "2006-06-30": "3556.54600", "2006-03-31": "3374.40100", "2005-12-31": "3331.62200", "2005-09-30": "3220.28100", "2005-06-30": "3079.99200", "2005-03-31": "3094.27700"}, "Total Liabilities": {"2020-09-30": "6217.93600", "2020-06-30": "6149.52600", "2020-03-31": "6212.71500", "2019-12-31": "6247.15800", "2019-09-30": "5425.82200", "2019-06-30": "5229.25100", "2019-03-31": "4993.36100", "2018-12-31": "4788.95100", "2018-09-30": "5071.32100", "2018-06-30": "4938.60800", "2018-03-31": "4823.27000", "2017-12-31": "4897.90900", "2017-09-30": "4907.80400", "2017-06-30": "4869.46600", "2017-03-31": "4696.00000", "2016-12-31": "4582.61400", "2016-09-30": "4725.17100", "2016-06-30": "4661.21300", "2016-03-31": "4627.81500", "2015-12-31": "4763.23300", "2015-09-30": "4047.51200", "2015-06-30": "4081.22800", "2015-03-31": "4047.47000", "2014-12-31": "4092.77800", "2014-09-30": "4118.97000", "2014-06-30": "4249.01000", "2014-03-31": "4092.15400", "2013-12-31": "3995.21800", "2013-09-30": "3927.16100", "2013-06-30": "3876.24800", "2013-03-31": "3958.65300", "2012-12-31": "3865.27100", "2012-09-30": "3855.28100", "2012-06-30": "3857.68600", "2012-03-31": "4404.55000", "2011-12-31": "4402.57000", "2011-09-30": "4474.11000", "2011-06-30": "4131.12900", "2011-03-31": "3864.55100", "2010-12-31": "3919.51000", "2010-09-30": "3801.70100", "2010-06-30": "3706.25900", "2010-03-31": "3703.79400", "2009-12-31": "3733.63500", "2009-09-30": "3572.76300", "2009-06-30": "3465.14300", "2009-03-31": "3647.56600", "2008-12-31": "3724.46600", "2008-09-30": "3650.83500", "2008-06-30": "3506.88900", "2008-03-31": "3473.55000", "2007-12-31": "3781.72900", "2007-09-30": "3686.89200", "2007-06-30": "3830.62800", "2007-03-31": "3699.95700", "2006-12-31": "3620.62000", "2006-09-30": "3602.84200", "2006-06-30": "3653.50200", "2006-03-31": "3452.53900", "2005-12-31": "3433.86900", "2005-09-30": "3328.59400", "2005-06-30": "3183.28200", "2005-03-31": "3185.28800"}, "Common Stock Net": {"2020-09-30": "2.94500", "2020-06-30": "2.95100", "2020-03-31": "2.94900", "2019-12-31": "2.94600", "2019-09-30": "2.92900", "2019-06-30": "2.83100", "2019-03-31": "2.81800", "2018-12-31": "2.75500", "2018-09-30": "2.68400", "2018-06-30": "2.67700", "2018-03-31": "2.67600", "2017-12-31": "2.67800", "2017-09-30": "2.67600", "2017-06-30": "2.67600", "2017-03-31": "2.67400", "2016-12-31": "2.67300", "2016-09-30": "2.67200", "2016-06-30": "2.67100", "2016-03-31": "2.67100", "2015-12-31": "2.61800", "2015-09-30": "2.62000", "2015-06-30": "2.59100", "2015-03-31": "2.59000", "2014-12-31": "2.55100", "2014-09-30": "2.55200", "2014-06-30": "2.51500", "2014-03-31": "2.51400", "2013-12-31": "2.50700", "2013-09-30": "2.50700", "2013-06-30": "2.50700", "2013-03-31": "2.50700", "2012-12-31": "2.50100", "2012-09-30": "2.50100", "2012-06-30": "2.50200", "2012-03-31": "2.28000", "2011-12-31": "2.19700", "2011-09-30": "2.19000", "2011-06-30": "1.96700", "2011-03-31": "1.87300", "2010-12-31": "1.82500", "2010-09-30": "1.82100", "2010-06-30": "1.63000", "2010-03-31": "1.61400", "2009-12-31": "1.55500", "2009-09-30": "1.52800", "2009-06-30": "1.50600", "2009-03-31": "1.49100", "2008-12-31": "1.37400", "2008-09-30": "1.28100", "2008-06-30": "1.28300", "2008-03-31": "1.29400", "2007-12-31": "1.44300", "2007-09-30": "1.34300", "2007-06-30": "1.35000", "2007-03-31": "1.35700", "2006-12-31": "1.35000", "2006-09-30": "1.34700", "2006-06-30": "1.34600", "2006-03-31": "1.34300", "2005-12-31": "1.34000", "2005-09-30": "1.37200", "2005-06-30": "137.10500", "2005-03-31": "136.94000"}, "Retained Earnings (Accumulated Deficit)": {"2020-09-30": "-2500.82700", "2020-06-30": "-2432.88200", "2020-03-31": "-2360.63600", "2019-12-31": "-2462.13200", "2019-09-30": "-2496.32800", "2019-06-30": "-2336.60900", "2019-03-31": "-2281.26200", "2018-12-31": "-2063.99600", "2018-09-30": "-2075.40200", "2018-06-30": "-1929.12400", "2018-03-31": "-1808.90700", "2017-12-31": "-1871.60300", "2017-09-30": "-1843.49000", "2017-06-30": "-1792.67400", "2017-03-31": "-1644.62100", "2016-12-31": "-1585.82500", "2016-09-30": "-1746.61700", "2016-06-30": "-1712.41800", "2016-03-31": "-1685.17300", "2015-12-31": "-1584.45900", "2015-09-30": "-1610.08600", "2015-06-30": "-1525.15900", "2015-03-31": "-1557.95300", "2014-12-31": "-1528.91700", "2014-09-30": "-1493.89000", "2014-06-30": "-1478.81400", "2014-03-31": "-1414.99700", "2013-12-31": "-1342.07000", "2013-09-30": "-1321.20200", "2013-06-30": "-1279.09500", "2013-03-31": "-1210.05400", "2012-12-31": "-1143.78100", "2012-09-30": "-1082.45800", "2012-06-30": "-1024.14800", "2012-03-31": "-1126.56100", "2011-12-31": "-1142.89500", "2011-09-30": "-1111.35600", "2011-06-30": "-1075.49900", "2011-03-31": "-1045.11700", "2010-12-31": "-973.86400", "2010-09-30": "-895.06900", "2010-06-30": "-822.05700", "2010-03-31": "-752.22600", "2009-12-31": "-687.18000", "2009-09-30": "-628.44500", "2009-06-30": "-522.94500", "2009-03-31": "-470.52000", "2008-12-31": "-448.73700", "2008-09-30": "-198.95100", "2008-06-30": "-148.60800", "2008-03-31": "-103.79900", "2007-12-31": "-916.28000", "2007-09-30": "-840.11300", "2007-06-30": "-871.46900", "2007-03-31": "-827.72400", "2006-12-31": "-810.87500", "2006-09-30": "-789.93300", "2006-06-30": "-803.35400", "2006-03-31": "-789.52900", "2005-12-31": "-755.70200", "2005-09-30": "-784.30700", "2005-06-30": "-754.43800", "2005-03-31": "-761.90500"}, "Comprehensive Income": {"2020-09-30": "-10.49400", "2020-06-30": "-11.94000", "2020-03-31": "-12.87000", "2019-12-31": "-10.44800", "2019-09-30": "-9.02200", "2019-06-30": "-7.83800", "2019-03-31": "-2.97000", "2018-12-31": "-0.06700", "2018-09-30": "0.20200", "2018-06-30": "-1.40700", "2018-03-31": "-1.27600", "2017-12-31": "-2.68100", "2017-09-30": "-4.16700", "2017-06-30": "-4.39500", "2017-03-31": "-4.28800", "2016-12-31": "-5.60900", "2016-09-30": "-11.14600", "2016-06-30": "-12.97400", "2016-03-31": "-12.03500", "2015-12-31": "-12.67800", "2015-09-30": "-14.18700", "2015-06-30": "-9.19000", "2015-03-31": "-15.44500", "2014-12-31": "-8.85500", "2014-09-30": "-0.86600", "2014-06-30": "-2.30500", "2014-03-31": "-3.70400", "2013-12-31": "-5.12500", "2013-09-30": "-6.60800", "2013-06-30": "-7.81100", "2013-03-31": "-9.49900", "2012-12-31": "-11.25700", "2012-09-30": "-13.07300", "2012-06-30": "-13.60400", "2012-03-31": "-13.93900", "2011-12-31": "-13.90200", "2011-09-30": "-15.42700", "2011-06-30": "-10.28500", "2011-03-31": "-3.69600", "2010-12-31": "-3.46900", "2010-09-30": "-3.74100", "2010-06-30": "-3.60500", "2010-03-31": "-1.40300", "2009-12-31": "0.00200", "2009-09-30": "-2.71400", "2009-06-30": "-5.11200", "2009-03-31": "-11.05500", "2008-12-31": "-11.92700", "2008-09-30": "0.63700", "2008-06-30": "0.77200", "2008-03-31": "-3.08100", "2007-12-31": "-0.81400", "2007-09-30": "", "2007-06-30": "", "2007-03-31": "", "2006-12-31": "", "2006-09-30": "", "2006-06-30": "", "2006-03-31": "", "2005-12-31": "", "2005-09-30": "", "2005-06-30": "", "2005-03-31": ""}, "Other Share Holders Equity": {"2020-09-30": "", "2020-06-30": "", "2020-03-31": "", "2019-12-31": "", "2019-09-30": "", "2019-06-30": "", "2019-03-31": "", "2018-12-31": "", "2018-09-30": "", "2018-06-30": "", "2018-03-31": "", "2017-12-31": "", "2017-09-30": "", "2017-06-30": "", "2017-03-31": "", "2016-12-31": "", "2016-09-30": "", "2016-06-30": "", "2016-03-31": "", "2015-12-31": "", "2015-09-30": "", "2015-06-30": "", "2015-03-31": "", "2014-12-31": "", "2014-09-30": "", "2014-06-30": "", "2014-03-31": "", "2013-12-31": "", "2013-09-30": "", "2013-06-30": "", "2013-03-31": "", "2012-12-31": "", "2012-09-30": "", "2012-06-30": "", "2012-03-31": "", "2011-12-31": "", "2011-09-30": "", "2011-06-30": "", "2011-03-31": "", "2010-12-31": "", "2010-09-30": "", "2010-06-30": "", "2010-03-31": "", "2009-12-31": "", "2009-09-30": "", "2009-06-30": "", "2009-03-31": "", "2008-12-31": "", "2008-09-30": "", "2008-06-30": "", "2008-03-31": "", "2007-12-31": "", "2007-09-30": "", "2007-06-30": "", "2007-03-31": "", "2006-12-31": "", "2006-09-30": "", "2006-06-30": "", "2006-03-31": "", "2005-12-31": "", "2005-09-30": "", "2005-06-30": "", "2005-03-31": ""}, "Share Holder Equity": {"2020-09-30": "3333.45200", "2020-06-30": "3414.94500", "2020-03-31": "3478.39000", "2019-12-31": "3389.31400", "2019-09-30": "3271.77500", "2019-06-30": "2968.01500", "2019-03-31": "2962.36400", "2018-12-31": "2922.77700", "2018-09-30": "2607.46300", "2018-06-30": "2768.75000", "2018-03-31": "2885.77800", "2017-12-31": "2835.36400", "2017-09-30": "2852.90100", "2017-06-30": "2898.46800", "2017-03-31": "3039.91100", "2016-12-31": "3096.97000", "2016-09-30": "2925.99800", "2016-06-30": "2948.86900", "2016-03-31": "2973.75300", "2015-12-31": "2900.61100", "2015-09-30": "2875.21800", "2015-06-30": "2858.50200", "2015-03-31": "2811.04100", "2014-12-31": "2735.95000", "2014-09-30": "2779.11800", "2014-06-30": "2683.39500", "2014-03-31": "2741.86900", "2013-12-31": "2812.50400", "2013-09-30": "2828.90500", "2013-06-30": "2867.29500", "2013-03-31": "2932.12800", "2012-12-31": "2993.83200", "2012-09-30": "3055.62100", "2012-06-30": "3114.93500", "2012-03-31": "2537.96500", "2011-12-31": "2318.78400", "2011-09-30": "2330.79300", "2011-06-30": "1830.64800", "2011-03-31": "1637.32600", "2010-12-31": "1610.03000", "2010-09-30": "1675.65700", "2010-06-30": "1373.11000", "2010-03-31": "1411.92200", "2009-12-31": "1398.98200", "2009-09-30": "1437.49400", "2009-06-30": "1505.75500", "2009-03-31": "1537.96400", "2008-12-31": "1419.33900", "2008-09-30": "1449.37700", "2008-06-30": "1529.25700", "2008-03-31": "1596.65500", "2007-12-31": "1019.39200", "2007-09-30": "987.70600", "2007-06-30": "972.88900", "2007-03-31": "1045.03800", "2006-12-31": "1055.25500", "2006-09-30": "1079.42400", "2006-06-30": "1065.33000", "2006-03-31": "1078.30300", "2005-12-31": "1107.72400", "2005-09-30": "1151.83500", "2005-06-30": "1179.95900", "2005-03-31": "1168.72800"}, "Total Liabilities And Share Holders Equity": {"2020-09-30": "9551.38800", "2020-06-30": "9564.47100", "2020-03-31": "9691.10500", "2019-12-31": "9636.47200", "2019-09-30": "8697.59700", "2019-06-30": "8197.26600", "2019-03-31": "7955.72500", "2018-12-31": "7711.72800", "2018-09-30": "7678.78400", "2018-06-30": "7707.35800", "2018-03-31": "7709.04800", "2017-12-31": "7733.27300", "2017-09-30": "7760.70500", "2017-06-30": "7767.93400", "2017-03-31": "7735.91100", "2016-12-31": "7679.58400", "2016-09-30": "7651.16900", "2016-06-30": "7610.08200", "2016-03-31": "7601.56800", "2015-12-31": "7663.84400", "2015-09-30": "6922.73000", "2015-06-30": "6939.73000", "2015-03-31": "6858.51100", "2014-12-31": "6828.72800", "2014-09-30": "6898.08800", "2014-06-30": "6932.40500", "2014-03-31": "6834.02300", "2013-12-31": "6807.72200", "2013-09-30": "6756.06600", "2013-06-30": "6743.54300", "2013-03-31": "6890.78100", "2012-12-31": "6859.10300", "2012-09-30": "6910.90200", "2012-06-30": "6972.62100", "2012-03-31": "6942.51500", "2011-12-31": "6721.35400", "2011-09-30": "6804.90300", "2011-06-30": "5961.77700", "2011-03-31": "5501.87700", "2010-12-31": "5529.54000", "2010-09-30": "5477.35800", "2010-06-30": "5079.36900", "2010-03-31": "5115.71600", "2009-12-31": "5132.61700", "2009-09-30": "5010.25700", "2009-06-30": "4970.89800", "2009-03-31": "5185.53000", "2008-12-31": "5143.80500", "2008-09-30": "5100.21200", "2008-06-30": "5036.14600", "2008-03-31": "5070.20500", "2007-12-31": "4801.12100", "2007-09-30": "4674.59800", "2007-06-30": "4803.51700", "2007-03-31": "4744.99500", "2006-12-31": "4675.87500", "2006-09-30": "4682.26600", "2006-06-30": "4718.83200", "2006-03-31": "4530.84200", "2005-12-31": "4541.59300", "2005-09-30": "4480.42900", "2005-06-30": "4363.24100", "2005-03-31": "4354.01600"}}, "cash flow statement": {"Net Income/Loss": {"2019-12-31": "199.57900", "2018-12-31": "221.54200", "2017-12-31": "132.65500", "2016-12-31": "320.38000", "2015-12-31": "357.15900", "2014-12-31": "159.84200", "2013-12-31": "46.28200", "2012-12-31": "220.30300", "2011-12-31": "20.58500", "2010-12-31": "-106.58800", "2009-12-31": "-91.62300", "2008-12-31": "743.86700", "2007-12-31": "226.73000", "2006-12-31": "128.60500", "2005-12-31": "155.16600"}, "Total Depreciation And Amortization - Cash Flow": {"2019-12-31": "507.92300", "2018-12-31": "435.67900", "2017-12-31": "436.46200", "2016-12-31": "425.63800", "2015-12-31": "381.27700", "2014-12-31": "363.92900", "2013-12-31": "348.23100", "2012-12-31": "354.50500", "2011-12-31": "374.27400", "2010-12-31": "320.77600", "2009-12-31": "295.78800", "2008-12-31": "271.03300", "2007-12-31": "275.09600", "2006-12-31": "252.99700", "2005-12-31": "220.47900"}, "Other Non-Cash Items": {"2019-12-31": "-73.68800", "2018-12-31": "-107.65200", "2017-12-31": "-36.91600", "2016-12-31": "-167.96700", "2015-12-31": "-265.56700", "2014-12-31": "-119.77600", "2013-12-31": "-22.77700", "2012-12-31": "-238.75300", "2011-12-31": "-102.76600", "2010-12-31": "5.47800", "2009-12-31": "18.56100", "2008-12-31": "-799.62300", "2007-12-31": "-227.08100", "2006-12-31": "-129.87300", "2005-12-31": "-144.95200"}, "Total Non-Cash Items": {"2019-12-31": "434.23500", "2018-12-31": "328.02690", "2017-12-31": "399.54600", "2016-12-31": "257.67100", "2015-12-31": "115.71000", "2014-12-31": "244.15300", "2013-12-31": "325.45400", "2012-12-31": "115.75200", "2011-12-31": "271.50800", "2010-12-31": "326.25400", "2009-12-31": "314.34900", "2008-12-31": "-528.59000", "2007-12-31": "48.01500", "2006-12-31": "123.12400", "2005-12-31": "75.52700"}, "Change In Accounts Receivable": {"2019-12-31": "", "2018-12-31": "", "2017-12-31": "", "2016-12-31": "", "2015-12-31": "", "2014-12-31": "", "2013-12-31": "", "2012-12-31": "", "2011-12-31": "", "2010-12-31": "", "2009-12-31": "", "2008-12-31": "", "2007-12-31": "", "2006-12-31": "", "2005-12-31": ""}, "Change In Inventories": {"2019-12-31": "", "2018-12-31": "", "2017-12-31": "", "2016-12-31": "", "2015-12-31": "", "2014-12-31": "", "2013-12-31": "", "2012-12-31": "", "2011-12-31": "", "2010-12-31": "", "2009-12-31": "", "2008-12-31": "", "2007-12-31": "", "2006-12-31": "", "2005-12-31": ""}, "Change In Accounts Payable": {"2019-12-31": "", "2018-12-31": "", "2017-12-31": "", "2016-12-31": "", "2015-12-31": "", "2014-12-31": "", "2013-12-31": "", "2012-12-31": "", "2011-12-31": "", "2010-12-31": "", "2009-12-31": "", "2008-12-31": "", "2007-12-31": "", "2006-12-31": "", "2005-12-31": ""}, "Change In Assets/Liabilities": {"2019-12-31": "-3.11000", "2018-12-31": "11.10700", "2017-12-31": "-13.28600", "2016-12-31": "-41.48300", "2015-12-31": "-14.24200", "2014-12-31": "-6.69200", "2013-12-31": "-31.83400", "2012-12-31": "-8.86800", "2011-12-31": "-40.68200", "2010-12-31": "-4.62100", "2009-12-31": "3.80300", "2008-12-31": "-28.67700", "2007-12-31": "-11.74800", "2006-12-31": "-7.56000", "2005-12-31": "17.49300"}, "Total Change In Assets/Liabilities": {"2019-12-31": "-3.11000", "2018-12-31": "11.10700", "2017-12-31": "-13.28600", "2016-12-31": "-41.48300", "2015-12-31": "-14.24200", "2014-12-31": "-6.69200", "2013-12-31": "-31.83400", "2012-12-31": "-8.86800", "2011-12-31": "-40.68200", "2010-12-31": "-5.48600", "2009-12-31": "6.65700", "2008-12-31": "-28.67700", "2007-12-31": "-11.74800", "2006-12-31": "-7.56000", "2005-12-31": "17.49300"}, "Cash Flow From Operating Activities": {"2019-12-31": "630.70400", "2018-12-31": "560.67600", "2017-12-31": "518.91500", "2016-12-31": "536.56800", "2015-12-31": "458.62700", "2014-12-31": "397.30300", "2013-12-31": "339.90200", "2012-12-31": "327.18700", "2011-12-31": "251.41100", "2010-12-31": "214.18000", "2009-12-31": "229.38300", "2008-12-31": "179.75400", "2007-12-31": "269.28100", "2006-12-31": "237.88100", "2005-12-31": "248.18600"}, "Net Change In Property, Plant, And Equipment": {"2019-12-31": "-209.74800", "2018-12-31": "-267.44700", "2017-12-31": "-374.65800", "2016-12-31": "-274.45800", "2015-12-31": "-220.65400", "2014-12-31": "-353.66900", "2013-12-31": "-441.91800", "2012-12-31": "-399.74700", "2011-12-31": "-203.42600", "2010-12-31": "-170.46100", "2009-12-31": "-274.82900", "2008-12-31": "-306.55700", "2007-12-31": "-300.43400", "2006-12-31": "-321.03500", "2005-12-31": "-208.67400"}, "Net Change In Intangible Assets": {"2019-12-31": "", "2018-12-31": "", "2017-12-31": "", "2016-12-31": "", "2015-12-31": "", "2014-12-31": "", "2013-12-31": "", "2012-12-31": "", "2011-12-31": "", "2010-12-31": "", "2009-12-31": "", "2008-12-31": "", "2007-12-31": "", "2006-12-31": "", "2005-12-31": ""}, "Net Acquisitions/Divestitures": {"2019-12-31": "-1382.93000", "2018-12-31": "-1.00000", "2017-12-31": "-96.79100", "2016-12-31": "-163.01500", "2015-12-31": "-244.76900", "2014-12-31": "-228.81000", "2013-12-31": "", "2012-12-31": "-108.21500", "2011-12-31": "-989.02900", "2010-12-31": "-347.58200", "2009-12-31": "-28.52800", "2008-12-31": "-936.53800", "2007-12-31": "-435.99700", "2006-12-31": "-365.60600", "2005-12-31": "-413.74400"}, "Net Change In Short-term Investments": {"2019-12-31": "", "2018-12-31": "", "2017-12-31": "", "2016-12-31": "", "2015-12-31": "", "2014-12-31": "", "2013-12-31": "", "2012-12-31": "", "2011-12-31": "9.79900", "2010-12-31": "39.48800", "2009-12-31": "-30.94100", "2008-12-31": "0.00000", "2007-12-31": "", "2006-12-31": "", "2005-12-31": ""}, "Net Change In Long-Term Investments": {"2019-12-31": "-55.05900", "2018-12-31": "135.00600", "2017-12-31": "-52.60700", "2016-12-31": "261.63700", "2015-12-31": "170.00800", "2014-12-31": "160.95600", "2013-12-31": "206.75200", "2012-12-31": "309.79800", "2011-12-31": "217.49200", "2010-12-31": "-90.18300", "2009-12-31": "-24.98800", "2008-12-31": "1485.47200", "2007-12-31": "712.24700", "2006-12-31": "485.27200", "2005-12-31": "321.05900"}, "Net Change In Investments - Total": {"2019-12-31": "-55.05900", "2018-12-31": "135.00600", "2017-12-31": "-52.60700", "2016-12-31": "261.63700", "2015-12-31": "170.00800", "2014-12-31": "160.95600", "2013-12-31": "206.75200", "2012-12-31": "309.79800", "2011-12-31": "227.29100", "2010-12-31": "-50.69500", "2009-12-31": "-55.92900", "2008-12-31": "1485.47200", "2007-12-31": "712.24700", "2006-12-31": "485.27200", "2005-12-31": "321.05900"}, "Investing Activities - Other": {"2019-12-31": "-38.95000", "2018-12-31": "19.89300", "2017-12-31": "116.65000", "2016-12-31": "63.11600", "2015-12-31": "29.95400", "2014-12-31": "122.92000", "2013-12-31": "111.95700", "2012-12-31": "-13.41800", "2011-12-31": "-89.51900", "2010-12-31": "-15.01600", "2009-12-31": "201.24100", "2008-12-31": "59.92700", "2007-12-31": "-65.91600", "2006-12-31": "43.12800", "2005-12-31": "82.34200"}, "Cash Flow From Investing Activities": {"2019-12-31": "-1686.68700", "2018-12-31": "-113.54800", "2017-12-31": "-407.40600", "2016-12-31": "-112.72000", "2015-12-31": "-265.46100", "2014-12-31": "-298.60300", "2013-12-31": "-123.20900", "2012-12-31": "-211.58200", "2011-12-31": "-1054.68300", "2010-12-31": "-583.75400", "2009-12-31": "-158.04500", "2008-12-31": "302.30400", "2007-12-31": "-90.10000", "2006-12-31": "-158.24100", "2005-12-31": "-219.01700"}, "Net Long-Term Debt": {"2019-12-31": "598.94810", "2018-12-31": "-98.13400", "2017-12-31": "271.74900", "2016-12-31": "-120.36100", "2015-12-31": "-92.58800", "2014-12-31": "-89.00300", "2013-12-31": "130.87900", "2012-12-31": "-195.23500", "2011-12-31": "-269.68300", "2010-12-31": "201.02600", "2009-12-31": "-140.93500", "2008-12-31": "16.65200", "2007-12-31": "-112.28200", "2006-12-31": "232.08400", "2005-12-31": "320.63300"}, "Net Current Debt": {"2019-12-31": "16.56700", "2018-12-31": "-21.75100", "2017-12-31": "0.41700", "2016-12-31": "-128.65000", "2015-12-31": "-2.50000", "2014-12-31": "152.50000", "2013-12-31": "-76.00000", "2012-12-31": "-345.00000", "2011-12-31": "389.25000", "2010-12-31": "-157.55000", "2009-12-31": "189.30000", "2008-12-31": "-309.50000", "2007-12-31": "222.30000", "2006-12-31": "-123.60000", "2005-12-31": "-67.30000"}, "Debt Issuance/Retirement Net - Total": {"2019-12-31": "615.51510", "2018-12-31": "-119.88500", "2017-12-31": "272.16600", "2016-12-31": "-249.01100", "2015-12-31": "-95.08800", "2014-12-31": "63.49700", "2013-12-31": "54.87900", "2012-12-31": "-540.23500", "2011-12-31": "119.56700", "2010-12-31": "43.47600", "2009-12-31": "48.36500", "2008-12-31": "-292.84800", "2007-12-31": "110.01800", "2006-12-31": "108.48400", "2005-12-31": "253.33300"}, "Net Common Equity Issued/Repurchased": {"2019-12-31": "725.31500", "2018-12-31": "279.83700", "2017-12-31": "", "2016-12-31": "173.21100", "2015-12-31": "210.01100", "2014-12-31": "99.84900", "2013-12-31": "", "2012-12-31": "756.13800", "2011-12-31": "879.75400", "2010-12-31": "473.01100", "2009-12-31": "66.75100", "2008-12-31": "45.43800", "2007-12-31": "-75.36500", "2006-12-31": "5.70300", "2005-12-31": "-68.56500"}, "Net Total Equity Issued/Repurchased": {"2019-12-31": "725.31500", "2018-12-31": "279.83700", "2017-12-31": "", "2016-12-31": "173.21100", "2015-12-31": "210.01100", "2014-12-31": "99.84900", "2013-12-31": "", "2012-12-31": "674.52900", "2011-12-31": "876.15700", "2010-12-31": "472.37400", "2009-12-31": "45.24600", "2008-12-31": "25.09100", "2007-12-31": "-75.76500", "2006-12-31": "5.70300", "2005-12-31": "-68.56500"}, "Total Common And Preferred Stock Dividends Paid": {"2019-12-31": "-418.72200", "2018-12-31": "-378.53400", "2017-12-31": "-362.59000", "2016-12-31": "-342.32800", "2015-12-31": "-297.54400", "2014-12-31": "-269.75300", "2013-12-31": "-244.89400", "2012-12-31": "-223.45700", "2011-12-31": "-170.70400", "2010-12-31": "-134.53100", "2009-12-31": "-163.05400", "2008-12-31": "-198.07800", "2007-12-31": "-201.33400", "2006-12-31": "-194.88400", "2005-12-31": "-191.27100"}, "Financial Activities - Other": {"2019-12-31": "-41.72500", "2018-12-31": "-41.48500", "2017-12-31": "-21.36100", "2016-12-31": "-11.15400", "2015-12-31": "-19.02700", "2014-12-31": "-7.31800", "2013-12-31": "-8.54400", "2012-12-31": "-26.83000", "2011-12-31": "-18.73100", "2010-12-31": "-8.24400", "2009-12-31": "-8.65000", "2008-12-31": "-6.70200", "2007-12-31": "-11.02400", "2006-12-31": "-12.34300", "2005-12-31": "-15.02700"}, "Cash Flow From Financial Activities": {"2019-12-31": "880.38300", "2018-12-31": "-260.06700", "2017-12-31": "-111.78500", "2016-12-31": "-429.28200", "2015-12-31": "-201.64800", "2014-12-31": "-113.72500", "2013-12-31": "-198.55900", "2012-12-31": "-115.99300", "2011-12-31": "806.28900", "2010-12-31": "373.07500", "2009-12-31": "-78.09300", "2008-12-31": "-472.53700", "2007-12-31": "-178.10500", "2006-12-31": "-93.04000", "2005-12-31": "-21.53000"}, "Net Cash Flow": {"2019-12-31": "-175.60000", "2018-12-31": "187.06100", "2017-12-31": "-0.27600", "2016-12-31": "-5.43400", "2015-12-31": "-8.48200", "2014-12-31": "-15.02500", "2013-12-31": "18.13400", "2012-12-31": "-0.38800", "2011-12-31": "3.01700", "2010-12-31": "3.50100", "2009-12-31": "-6.75500", "2008-12-31": "9.52100", "2007-12-31": "1.07600", "2006-12-31": "-13.40000", "2005-12-31": "7.63900"}, "Stock-Based Compensation": {"2019-12-31": "24.33000", "2018-12-31": "14.24400", "2017-12-31": "12.86200", "2016-12-31": "13.39800", "2015-12-31": "18.01700", "2014-12-31": "13.95400", "2013-12-31": "9.53100", "2012-12-31": "", "2011-12-31": "", "2010-12-31": "11.41100", "2009-12-31": "7.60500", "2008-12-31": "7.02400", "2007-12-31": "6.35600", "2006-12-31": "", "2005-12-31": "2.93900"}, "Common Stock Dividends Paid": {"2019-12-31": "-414.65900", "2018-12-31": "-374.69800", "2017-12-31": "-358.88200", "2016-12-31": "-338.61100", "2015-12-31": "-293.82200", "2014-12-31": "-266.02900", "2013-12-31": "-241.17000", "2012-12-31": "-216.50300", "2011-12-31": "-161.39300", "2010-12-31": "-125.04300", "2009-12-31": "-151.85100", "2008-12-31": "-185.64900", "2007-12-31": "-188.02200", "2006-12-31": "-179.51400", "2005-12-31": "-175.90100"}}, "cash flow statement, quarterly": {"Net Income/Loss": {"2020-09-30": -27.217, "2020-06-30": 62.096, "2020-03-31": "5.54000", "2019-12-31": 105.237, "2019-09-30": 29.422, "2019-06-30": 38.318, "2019-03-31": "26.60200", "2018-12-31": 89.615, "2018-09-30": 20.258, "2018-06-30": 22.444, "2018-03-31": "89.22500", "2017-12-31": 75.627, "2017-09-30": 17.57, "2017-06-30": 11.062, "2017-03-31": "28.39600", "2016-12-31": 259.746, "2016-09-30": 29.466, "2016-06-30": 19.564, "2016-03-31": "11.60400", "2015-12-31": 177.163, "2015-09-30": 13.695, "2015-06-30": 89.884, "2015-03-31": "76.41700", "2014-12-31": 67.752, "2014-09-30": 41.992, "2014-06-30": 31.086, "2014-03-31": "19.01200", "2013-12-31": 38.002, "2013-09-30": 3.235, "2013-06-30": 5.354, "2013-03-31": "-0.30900", "2012-12-31": -12.955, "2012-09-30": -9.676, "2012-06-30": 156.306, "2012-03-31": "86.62800", "2011-12-31": 48.118, "2011-09-30": -13.786, "2011-06-30": 14.909, "2011-03-31": "-28.65600", "2010-12-31": -29.317, "2010-09-30": -24.605, "2010-06-30": -27.64, "2010-03-31": "-25.02600", "2009-12-31": -25.785, "2009-09-30": -39.755, "2009-06-30": -12.66, "2009-03-31": "-13.42300", "2008-12-31": -17.859, "2008-09-30": -10.364, "2008-06-30": -0.365, "2008-03-31": "772.45500", "2007-12-31": 109.372, "2007-09-30": 78.829, "2007-06-30": 6.697, "2007-03-31": "31.83200", "2006-12-31": 25.06, "2006-09-30": 59.352, "2006-06-30": 32.186, "2006-03-31": "12.00700", "2005-12-31": 72.648, "2005-09-30": 15.135, "2005-06-30": 52.442, "2005-03-31": "14.94100"}, "Total Depreciation And Amortization - Cash Flow": {"2020-09-30": 155.836, "2020-06-30": 157.083, "2020-03-31": "157.50100", "2019-12-31": 145.177, "2019-09-30": 129.01, "2019-06-30": 119.612, "2019-03-31": "114.12400", "2018-12-31": 108.085, "2018-09-30": 109.563, "2018-06-30": 108.204, "2018-03-31": "109.82700", "2017-12-31": 111.049, "2017-09-30": 108.756, "2017-06-30": 110.017, "2017-03-31": "106.64000", "2016-12-31": 103.995, "2016-09-30": 107.328, "2016-06-30": 107.423, "2016-03-31": "106.89200", "2015-12-31": 106.808, "2015-09-30": 92.025, "2015-06-30": 92.044, "2015-03-31": "90.40000", "2014-12-31": 93.524, "2014-09-30": 90.723, "2014-06-30": 90.069, "2014-03-31": "89.61300", "2013-12-31": 91.932, "2013-09-30": 85.442, "2013-06-30": 86.269, "2013-03-31": "84.58800", "2012-12-31": 84.548, "2012-09-30": 89.301, "2012-06-30": 85.491, "2012-03-31": "95.16500", "2011-12-31": 90.788, "2011-09-30": 101.225, "2011-06-30": 93.821, "2011-03-31": "88.44000", "2010-12-31": 86.915, "2010-09-30": 79.563, "2010-06-30": 77.807, "2010-03-31": "76.49100", "2009-12-31": 75.496, "2009-09-30": 73.612, "2009-06-30": 73.762, "2009-03-31": "72.91800", "2008-12-31": 75.743, "2008-09-30": 64.35, "2008-06-30": 73.355, "2008-03-31": "57.58500", "2007-12-31": 73.613, "2007-09-30": 67.508, "2007-06-30": 67.174, "2007-03-31": "66.80100", "2006-12-31": 63.613, "2006-09-30": 67.342, "2006-06-30": 61.18, "2006-03-31": "60.86200", "2005-12-31": 55.431, "2005-09-30": 55.585, "2005-06-30": 54.743, "2005-03-31": "54.72000"}, "Other Non-Cash Items": {"2020-09-30": 22.262, "2020-06-30": -55.631, "2020-03-31": "3.96700", "2019-12-31": -80.241, "2019-09-30": -1.472, "2019-06-30": -3.75, "2019-03-31": "11.77500", "2018-12-31": -58.093, "2018-09-30": 6.32, "2018-06-30": 6.817, "2018-03-31": "-62.69600", "2017-12-31": -49.943, "2017-09-30": 5.326, "2017-06-30": 11.982, "2017-03-31": "-4.28100", "2016-12-31": -178.084, "2016-09-30": 7.721, "2016-06-30": -0.1, "2016-03-31": "2.49600", "2015-12-31": -143.005, "2015-09-30": 1.902, "2015-06-30": -72.2, "2015-03-31": "-52.26400", "2014-12-31": -54.731, "2014-09-30": -26.03, "2014-06-30": -22.154, "2014-03-31": "-16.86100", "2013-12-31": -40.567, "2013-09-30": 9.378, "2013-06-30": 3.356, "2013-03-31": "5.05600", "2012-12-31": -11.467, "2012-09-30": 31.662, "2012-06-30": -159.384, "2012-03-31": "-99.56400", "2011-12-31": -56.992, "2011-09-30": -11.037, "2011-06-30": -40.154, "2011-03-31": "5.41700", "2010-12-31": -5.481, "2010-09-30": 0.947, "2010-06-30": 5.662, "2010-03-31": "4.35000", "2009-12-31": 3.123, "2009-09-30": 18.753, "2009-06-30": -0.78, "2009-03-31": "-2.53500", "2008-12-31": -13.514, "2008-09-30": -5.519, "2008-06-30": -11.146, "2008-03-31": "-769.44400", "2007-12-31": -100.659, "2007-09-30": -77.734, "2007-06-30": -13.344, "2007-03-31": "-35.34400", "2006-12-31": -20.552, "2006-09-30": -62.924, "2006-06-30": -32.809, "2006-03-31": "-13.58800", "2005-12-31": -70.611, "2005-09-30": -12.064, "2005-06-30": -57.028, "2005-03-31": "-5.24900"}, "Total Non-Cash Items": {"2020-09-30": 178.098, "2020-06-30": 101.452, "2020-03-31": "161.46800", "2019-12-31": 64.936, "2019-09-30": 127.538, "2019-06-30": 115.862, "2019-03-31": "125.89900", "2018-12-31": 49.9919, "2018-09-30": 115.883, "2018-06-30": 115.021, "2018-03-31": "47.13100", "2017-12-31": 61.106, "2017-09-30": 114.082, "2017-06-30": 121.999, "2017-03-31": "102.35900", "2016-12-31": -74.089, "2016-09-30": 115.049, "2016-06-30": 107.323, "2016-03-31": "109.38800", "2015-12-31": -36.197, "2015-09-30": 93.927, "2015-06-30": 19.844, "2015-03-31": "38.13600", "2014-12-31": 38.793, "2014-09-30": 64.693, "2014-06-30": 67.915, "2014-03-31": "72.75200", "2013-12-31": 51.365, "2013-09-30": 94.82, "2013-06-30": 89.625, "2013-03-31": "89.64400", "2012-12-31": 73.081, "2012-09-30": 120.963, "2012-06-30": -73.893, "2012-03-31": "-4.39900", "2011-12-31": 33.796, "2011-09-30": 90.188, "2011-06-30": 53.667, "2011-03-31": "93.85700", "2010-12-31": 81.434, "2010-09-30": 80.51, "2010-06-30": 83.469, "2010-03-31": "80.84100", "2009-12-31": 78.619, "2009-09-30": 92.365, "2009-06-30": 72.982, "2009-03-31": "70.38300", "2008-12-31": 62.229, "2008-09-30": 58.831, "2008-06-30": 62.209, "2008-03-31": "-711.85900", "2007-12-31": -27.046, "2007-09-30": -10.226, "2007-06-30": 53.83, "2007-03-31": "31.45700", "2006-12-31": 43.061, "2006-09-30": 4.418, "2006-06-30": 28.371, "2006-03-31": "47.27400", "2005-12-31": -15.18, "2005-09-30": 43.521, "2005-06-30": -2.285, "2005-03-31": "49.47100"}, "Change In Accounts Receivable": {"2020-09-30": 0, "2020-06-30": 0, "2020-03-31": "", "2019-12-31": 0, "2019-09-30": 0, "2019-06-30": 0, "2019-03-31": "", "2018-12-31": 0, "2018-09-30": 0, "2018-06-30": 0, "2018-03-31": "", "2017-12-31": 0, "2017-09-30": 0, "2017-06-30": 0, "2017-03-31": "", "2016-12-31": 0, "2016-09-30": 0, "2016-06-30": 0, "2016-03-31": "", "2015-12-31": 0, "2015-09-30": 0, "2015-06-30": 0, "2015-03-31": "", "2014-12-31": 0, "2014-09-30": 0, "2014-06-30": 0, "2014-03-31": "", "2013-12-31": 0, "2013-09-30": 0, "2013-06-30": 0, "2013-03-31": "", "2012-12-31": 0, "2012-09-30": 0, "2012-06-30": 0, "2012-03-31": "", "2011-12-31": 0, "2011-09-30": 0, "2011-06-30": 0, "2011-03-31": "", "2010-12-31": 0, "2010-09-30": 0, "2010-06-30": 0, "2010-03-31": "", "2009-12-31": 0, "2009-09-30": 0, "2009-06-30": 0, "2009-03-31": "", "2008-12-31": 0, "2008-09-30": 0, "2008-06-30": 0, "2008-03-31": "", "2007-12-31": 0, "2007-09-30": 0, "2007-06-30": 0, "2007-03-31": "", "2006-12-31": 0, "2006-09-30": 0, "2006-06-30": 0, "2006-03-31": "", "2005-12-31": 0, "2005-09-30": 0, "2005-06-30": 0, "2005-03-31": ""}, "Change In Inventories": {"2020-09-30": 0, "2020-06-30": 0, "2020-03-31": "", "2019-12-31": 0, "2019-09-30": 0, "2019-06-30": 0, "2019-03-31": "", "2018-12-31": 0, "2018-09-30": 0, "2018-06-30": 0, "2018-03-31": "", "2017-12-31": 0, "2017-09-30": 0, "2017-06-30": 0, "2017-03-31": "", "2016-12-31": 0, "2016-09-30": 0, "2016-06-30": 0, "2016-03-31": "", "2015-12-31": 0, "2015-09-30": 0, "2015-06-30": 0, "2015-03-31": "", "2014-12-31": 0, "2014-09-30": 0, "2014-06-30": 0, "2014-03-31": "", "2013-12-31": 0, "2013-09-30": 0, "2013-06-30": 0, "2013-03-31": "", "2012-12-31": 0, "2012-09-30": 0, "2012-06-30": 0, "2012-03-31": "", "2011-12-31": 0, "2011-09-30": 0, "2011-06-30": 0, "2011-03-31": "", "2010-12-31": 0, "2010-09-30": 0, "2010-06-30": 0, "2010-03-31": "", "2009-12-31": 0, "2009-09-30": 0, "2009-06-30": 0, "2009-03-31": "", "2008-12-31": 0, "2008-09-30": 0, "2008-06-30": 0, "2008-03-31": "", "2007-12-31": 0, "2007-09-30": 0, "2007-06-30": 0, "2007-03-31": "", "2006-12-31": 0, "2006-09-30": 0, "2006-06-30": 0, "2006-03-31": "", "2005-12-31": 0, "2005-09-30": 0, "2005-06-30": 0, "2005-03-31": ""}, "Change In Accounts Payable": {"2020-09-30": 0, "2020-06-30": 0, "2020-03-31": "", "2019-12-31": 0, "2019-09-30": 0, "2019-06-30": 0, "2019-03-31": "", "2018-12-31": 0, "2018-09-30": 0, "2018-06-30": 0, "2018-03-31": "", "2017-12-31": 0, "2017-09-30": 0, "2017-06-30": 0, "2017-03-31": "", "2016-12-31": 0, "2016-09-30": 0, "2016-06-30": 0, "2016-03-31": "", "2015-12-31": 0, "2015-09-30": 0, "2015-06-30": 0, "2015-03-31": "", "2014-12-31": 0, "2014-09-30": 0, "2014-06-30": 0, "2014-03-31": "", "2013-12-31": 0, "2013-09-30": 0, "2013-06-30": 0, "2013-03-31": "", "2012-12-31": 0, "2012-09-30": 0, "2012-06-30": 0, "2012-03-31": "", "2011-12-31": 0, "2011-09-30": 0, "2011-06-30": 0, "2011-03-31": "", "2010-12-31": 0, "2010-09-30": 0, "2010-06-30": 0, "2010-03-31": "", "2009-12-31": 0, "2009-09-30": 0, "2009-06-30": 0, "2009-03-31": "", "2008-12-31": 0, "2008-09-30": 0, "2008-06-30": 0, "2008-03-31": "", "2007-12-31": 0, "2007-09-30": 0, "2007-06-30": 0, "2007-03-31": "", "2006-12-31": 0, "2006-09-30": 0, "2006-06-30": 0, "2006-03-31": "", "2005-12-31": 0, "2005-09-30": 0, "2005-06-30": 0, "2005-03-31": ""}, "Change In Assets/Liabilities": {"2020-09-30": -11.304, "2020-06-30": 18.011, "2020-03-31": "-31.55200", "2019-12-31": 3.655, "2019-09-30": 13.495, "2019-06-30": -5.092, "2019-03-31": "-15.16800", "2018-12-31": 14.345, "2018-09-30": 15.482, "2018-06-30": -14.62, "2018-03-31": "-4.10000", "2017-12-31": -7.094, "2017-09-30": 18.007, "2017-06-30": -13.705, "2017-03-31": "-10.49400", "2016-12-31": -32.211, "2016-09-30": 12.137, "2016-06-30": -13.178, "2016-03-31": "-8.23100", "2015-12-31": 11.859, "2015-09-30": -18.823, "2015-06-30": 11.257, "2015-03-31": "-18.53500", "2014-12-31": 8.78, "2014-09-30": -10.92, "2014-06-30": 4.691, "2014-03-31": "-9.24300", "2013-12-31": -10.762, "2013-09-30": -9.147, "2013-06-30": 10.75, "2013-03-31": "-22.67500", "2012-12-31": -11.282, "2012-09-30": 15.323, "2012-06-30": -0.694, "2012-03-31": "-12.21500", "2011-12-31": -13.251, "2011-09-30": -7.741, "2011-06-30": -1.939, "2011-03-31": "-17.75100", "2010-12-31": 2.737, "2010-09-30": 2.215, "2010-06-30": 5.234, "2010-03-31": "-14.80700", "2009-12-31": -14.109, "2009-09-30": 12.327, "2009-06-30": -8.598, "2009-03-31": "14.18300", "2008-12-31": -0.507, "2008-09-30": 7.35, "2008-06-30": 1.71, "2008-03-31": "-37.23000", "2007-12-31": -9.108, "2007-09-30": 7.678, "2007-06-30": 16.951, "2007-03-31": "-27.26900", "2006-12-31": 11.6, "2006-09-30": 3.596, "2006-06-30": 4.308, "2006-03-31": "-27.06400", "2005-12-31": 20.258, "2005-09-30": 1.102, "2005-06-30": 10.175, "2005-03-31": "-14.04200"}, "Total Change In Assets/Liabilities": {"2020-09-30": -11.304, "2020-06-30": 18.011, "2020-03-31": "-31.55200", "2019-12-31": 3.655, "2019-09-30": 13.495, "2019-06-30": -5.092, "2019-03-31": "-15.16800", "2018-12-31": 14.345, "2018-09-30": 15.482, "2018-06-30": -14.62, "2018-03-31": "-4.10000", "2017-12-31": -7.094, "2017-09-30": 18.007, "2017-06-30": -13.705, "2017-03-31": "-10.49400", "2016-12-31": -32.211, "2016-09-30": 12.137, "2016-06-30": -13.178, "2016-03-31": "-8.23100", "2015-12-31": 11.859, "2015-09-30": -18.823, "2015-06-30": 11.257, "2015-03-31": "-18.53500", "2014-12-31": 8.78, "2014-09-30": -10.92, "2014-06-30": 4.691, "2014-03-31": "-9.24300", "2013-12-31": -10.762, "2013-09-30": -9.147, "2013-06-30": 10.75, "2013-03-31": "-22.67500", "2012-12-31": 17.372, "2012-09-30": -13.331, "2012-06-30": -0.694, "2012-03-31": "-12.21500", "2011-12-31": -13.424, "2011-09-30": -8.556, "2011-06-30": -1.454, "2011-03-31": "-17.24800", "2010-12-31": 4.574, "2010-09-30": -0.195, "2010-06-30": 4.942, "2010-03-31": "-14.80700", "2009-12-31": -11.255, "2009-09-30": 11.2, "2009-06-30": -7.885, "2009-03-31": "14.59700", "2008-12-31": -0.507, "2008-09-30": 11.52, "2008-06-30": -1.528, "2008-03-31": "-38.16200", "2007-12-31": -14.404, "2007-09-30": 8.533, "2007-06-30": 21.392, "2007-03-31": "-27.26900", "2006-12-31": 11.6, "2006-09-30": 3.596, "2006-06-30": 4.308, "2006-03-31": "-27.06400", "2005-12-31": 20.258, "2005-09-30": 1.102, "2005-06-30": 10.175, "2005-03-31": "-14.04200"}, "Cash Flow From Operating Activities": {"2020-09-30": 139.577, "2020-06-30": 181.559, "2020-03-31": "135.45600", "2019-12-31": 173.828, "2019-09-30": 170.455, "2019-06-30": 149.088, "2019-03-31": "137.33300", "2018-12-31": 153.952, "2018-09-30": 151.623, "2018-06-30": 122.845, "2018-03-31": "132.25600", "2017-12-31": 129.639, "2017-09-30": 149.659, "2017-06-30": 119.356, "2017-03-31": "120.26100", "2016-12-31": 153.446, "2016-09-30": 156.652, "2016-06-30": 113.709, "2016-03-31": "112.76100", "2015-12-31": 152.825, "2015-09-30": 88.799, "2015-06-30": 120.985, "2015-03-31": "96.01800", "2014-12-31": 115.325, "2014-09-30": 95.765, "2014-06-30": 103.692, "2014-03-31": "82.52100", "2013-12-31": 78.605, "2013-09-30": 88.908, "2013-06-30": 105.729, "2013-03-31": "66.66000", "2012-12-31": 77.498, "2012-09-30": 97.956, "2012-06-30": 81.719, "2012-03-31": "70.01400", "2011-12-31": 68.49, "2011-09-30": 67.846, "2011-06-30": 67.122, "2011-03-31": "47.95300", "2010-12-31": 56.691, "2010-09-30": 55.71, "2010-06-30": 60.269, "2010-03-31": "41.51000", "2009-12-31": 39.733, "2009-09-30": 65.656, "2009-06-30": 52.437, "2009-03-31": "71.55700", "2008-12-31": 41.064, "2008-09-30": 55.94, "2008-06-30": 60.316, "2008-03-31": "22.43400", "2007-12-31": 74.206, "2007-09-30": 77.136, "2007-06-30": 81.594, "2007-03-31": "36.34500", "2006-12-31": 73.433, "2006-09-30": 67.366, "2006-06-30": 64.865, "2006-03-31": "32.21700", "2005-12-31": 77.726, "2005-09-30": 59.758, "2005-06-30": 60.332, "2005-03-31": "50.37000"}, "Net Change In Property, Plant, And Equipment": {"2020-09-30": -70.412, "2020-06-30": -75.902, "2020-03-31": "-58.54900", "2019-12-31": -65.781, "2019-09-30": -56.247, "2019-06-30": -46.873, "2019-03-31": "-40.84700", "2018-12-31": -51.933, "2018-09-30": -61.226, "2018-06-30": -75.372, "2018-03-31": "-78.91600", "2017-12-31": -89.339, "2017-09-30": -103.534, "2017-06-30": -95.575, "2017-03-31": "-86.21000", "2016-12-31": -73.727, "2016-09-30": -83.54, "2016-06-30": -55.565, "2016-03-31": "-61.62600", "2015-12-31": -46.466, "2015-09-30": -58.997, "2015-06-30": -50.76, "2015-03-31": "-64.43100", "2014-12-31": -106.417, "2014-09-30": -70.797, "2014-06-30": -88.967, "2014-03-31": "-87.48800", "2013-12-31": -93.272, "2013-09-30": -89.835, "2013-06-30": -146.517, "2013-03-31": "-112.29400", "2012-12-31": -118.138, "2012-09-30": -107.044, "2012-06-30": -91.057, "2012-03-31": "-83.50800", "2011-12-31": -52.467, "2011-09-30": -66.244, "2011-06-30": -46.839, "2011-03-31": "-37.87600", "2010-12-31": -34.73, "2010-09-30": -34.883, "2010-06-30": -59.44, "2010-03-31": "-41.40800", "2009-12-31": -62.463, "2009-09-30": -71.236, "2009-06-30": -73.935, "2009-03-31": "-67.19500", "2008-12-31": -82.13, "2008-09-30": -87.241, "2008-06-30": -76.555, "2008-03-31": "-60.63100", "2007-12-31": -76.162, "2007-09-30": -74.825, "2007-06-30": -81.445, "2007-03-31": "-68.00200", "2006-12-31": -116.126, "2006-09-30": -81.902, "2006-06-30": -62.059, "2006-03-31": "-60.94800", "2005-12-31": -74.82, "2005-09-30": -56.777, "2005-06-30": -39.946, "2005-03-31": "-37.13100"}, "Net Change In Intangible Assets": {"2020-09-30": 0, "2020-06-30": 0, "2020-03-31": "", "2019-12-31": 0, "2019-09-30": 0, "2019-06-30": 0, "2019-03-31": "", "2018-12-31": 0, "2018-09-30": 0, "2018-06-30": 0, "2018-03-31": "", "2017-12-31": 0, "2017-09-30": 0, "2017-06-30": 0, "2017-03-31": "", "2016-12-31": 0, "2016-09-30": 0, "2016-06-30": 0, "2016-03-31": "", "2015-12-31": 0, "2015-09-30": 0, "2015-06-30": 0, "2015-03-31": "", "2014-12-31": 0, "2014-09-30": 0, "2014-06-30": 0, "2014-03-31": "", "2013-12-31": 0, "2013-09-30": 0, "2013-06-30": 0, "2013-03-31": "", "2012-12-31": 0, "2012-09-30": 0, "2012-06-30": 0, "2012-03-31": "", "2011-12-31": 0, "2011-09-30": 0, "2011-06-30": 0, "2011-03-31": "", "2010-12-31": 0, "2010-09-30": 0, "2010-06-30": 0, "2010-03-31": "", "2009-12-31": 0, "2009-09-30": 0, "2009-06-30": 0, "2009-03-31": "", "2008-12-31": 0, "2008-09-30": 0, "2008-06-30": 0, "2008-03-31": "", "2007-12-31": 0, "2007-09-30": 0, "2007-06-30": 0, "2007-03-31": "", "2006-12-31": 0, "2006-09-30": 0, "2006-06-30": 0, "2006-03-31": "", "2005-12-31": 0, "2005-09-30": 0, "2005-06-30": 0, "2005-03-31": ""}, "Net Acquisitions/Divestitures": {"2020-09-30": -14.874, "2020-06-30": 0, "2020-03-31": "-141.72700", "2019-12-31": -112.402, "2019-09-30": -534.458, "2019-06-30": -322.475, "2019-03-31": "-413.59500", "2018-12-31": 0, "2018-09-30": 0, "2018-06-30": 0, "2018-03-31": "-1.00000", "2017-12-31": -31.41, "2017-09-30": 0, "2017-06-30": 0, "2017-03-31": "-65.38100", "2016-12-31": -140.012, "2016-09-30": -5.768, "2016-06-30": -17.235, "2016-03-31": "", "2015-12-31": -244.769, "2015-09-30": 0, "2015-06-30": 0, "2015-03-31": "", "2014-12-31": -29.798, "2014-09-30": -121.219, "2014-06-30": 0, "2014-03-31": "-77.79300", "2013-12-31": 0, "2013-09-30": 0, "2013-06-30": 0, "2013-03-31": "", "2012-12-31": -91.376, "2012-09-30": -4.051, "2012-06-30": -12.788, "2012-03-31": "", "2011-12-31": -45.984, "2011-09-30": -833.897, "2011-06-30": -109.148, "2011-03-31": "", "2010-12-31": -4.885, "2010-09-30": -342.697, "2010-06-30": 0, "2010-03-31": "", "2009-12-31": 0, "2009-09-30": -28.528, "2009-06-30": 0, "2009-03-31": "", "2008-12-31": -26.774, "2008-09-30": -267.718, "2008-06-30": -128.912, "2008-03-31": "-513.13400", "2007-12-31": -238.206, "2007-09-30": -74.223, "2007-06-30": -62.968, "2007-03-31": "-60.60000", "2006-12-31": -32.551, "2006-09-30": -102.845, "2006-06-30": -211.654, "2006-03-31": "-18.55600", "2005-12-31": -103.193, "2005-09-30": -137.948, "2005-06-30": -51.016, "2005-03-31": "-121.58700"}, "Net Change In Short-term Investments": {"2020-09-30": 0, "2020-06-30": 0, "2020-03-31": "", "2019-12-31": 0, "2019-09-30": 0, "2019-06-30": 0, "2019-03-31": "", "2018-12-31": 0, "2018-09-30": 0, "2018-06-30": 0, "2018-03-31": "", "2017-12-31": 0, "2017-09-30": 0, "2017-06-30": 0, "2017-03-31": "", "2016-12-31": 0, "2016-09-30": 0, "2016-06-30": 0, "2016-03-31": "", "2015-12-31": 0, "2015-09-30": 0, "2015-06-30": 0, "2015-03-31": "", "2014-12-31": 0, "2014-09-30": 0, "2014-06-30": 0, "2014-03-31": "", "2013-12-31": 0, "2013-09-30": 0, "2013-06-30": 0, "2013-03-31": "", "2012-12-31": 0, "2012-09-30": 0, "2012-06-30": 0, "2012-03-31": "", "2011-12-31": 5.258, "2011-09-30": 1.044, "2011-06-30": 3.021, "2011-03-31": "0.47600", "2010-12-31": 39.488, "2010-09-30": 0, "2010-06-30": 0, "2010-03-31": "0.00000", "2009-12-31": 0.001, "2009-09-30": -0.003, "2009-06-30": -0.003, "2009-03-31": "-30.93600", "2008-12-31": 0, "2008-09-30": 0, "2008-06-30": 0, "2008-03-31": "", "2007-12-31": 0, "2007-09-30": 0, "2007-06-30": 0, "2007-03-31": "", "2006-12-31": 0, "2006-09-30": 0, "2006-06-30": 0, "2006-03-31": "", "2005-12-31": 0, "2005-09-30": 0, "2005-06-30": 0, "2005-03-31": ""}, "Net Change In Long-Term Investments": {"2020-09-30": -46.852, "2020-06-30": 130.032, "2020-03-31": "-16.13900", "2019-12-31": -20.98, "2019-09-30": -20.205, "2019-06-30": 7.515, "2019-03-31": "-21.38900", "2018-12-31": 130.632, "2018-09-30": -43.514, "2018-06-30": -21.809, "2018-03-31": "69.69700", "2017-12-31": 46.313, "2017-09-30": -34.661, "2017-06-30": -43.316, "2017-03-31": "-20.94300", "2016-12-31": 269.568, "2016-09-30": -9.239, "2016-06-30": -7.381, "2016-03-31": "8.68900", "2015-12-31": 275.072, "2015-09-30": -11.529, "2015-06-30": -68.072, "2015-03-31": "-25.46300", "2014-12-31": 94.203, "2014-09-30": 139.386, "2014-06-30": -99.079, "2014-03-31": "26.44600", "2013-12-31": 90.544, "2013-09-30": -6.461, "2013-06-30": 123.605, "2013-03-31": "-0.93600", "2012-12-31": 37.595, "2012-09-30": -24.695, "2012-06-30": 425.483, "2012-03-31": "-128.58500", "2011-12-31": 187.871, "2011-09-30": 33.503, "2011-06-30": -1.541, "2011-03-31": "-2.34100", "2010-12-31": -105.174, "2010-09-30": 20.672, "2010-06-30": -5.533, "2010-03-31": "-0.14800", "2009-12-31": -1.117, "2009-09-30": -6.53, "2009-06-30": -16.257, "2009-03-31": "-1.08400", "2008-12-31": 2.253, "2008-09-30": 10.037, "2008-06-30": 22.046, "2008-03-31": "1451.13600", "2007-12-31": 307.546, "2007-09-30": 282.81, "2007-06-30": 68.709, "2007-03-31": "53.18200", "2006-12-31": 103.921, "2006-09-30": 273.949, "2006-06-30": 78.267, "2006-03-31": "29.13500", "2005-12-31": 105.219, "2005-09-30": 32.914, "2005-06-30": 112.475, "2005-03-31": "70.45100"}, "Net Change In Investments - Total": {"2020-09-30": -46.852, "2020-06-30": 130.032, "2020-03-31": "-16.13900", "2019-12-31": -20.98, "2019-09-30": -20.205, "2019-06-30": 7.515, "2019-03-31": "-21.38900", "2018-12-31": 130.632, "2018-09-30": -43.514, "2018-06-30": -21.809, "2018-03-31": "69.69700", "2017-12-31": 46.313, "2017-09-30": -34.661, "2017-06-30": -43.316, "2017-03-31": "-20.94300", "2016-12-31": 269.568, "2016-09-30": -9.239, "2016-06-30": -7.381, "2016-03-31": "8.68900", "2015-12-31": 275.072, "2015-09-30": -11.529, "2015-06-30": -68.072, "2015-03-31": "-25.46300", "2014-12-31": 94.203, "2014-09-30": 139.386, "2014-06-30": -99.079, "2014-03-31": "26.44600", "2013-12-31": 90.544, "2013-09-30": -6.461, "2013-06-30": 123.605, "2013-03-31": "-0.93600", "2012-12-31": 37.595, "2012-09-30": -24.695, "2012-06-30": 425.483, "2012-03-31": "-128.58500", "2011-12-31": 193.129, "2011-09-30": 34.547, "2011-06-30": 1.48, "2011-03-31": "-1.86500", "2010-12-31": -65.686, "2010-09-30": 20.672, "2010-06-30": -5.533, "2010-03-31": "-0.14800", "2009-12-31": -1.116, "2009-09-30": -6.533, "2009-06-30": -16.26, "2009-03-31": "-32.02000", "2008-12-31": 2.253, "2008-09-30": 10.037, "2008-06-30": 22.046, "2008-03-31": "1451.13600", "2007-12-31": 307.546, "2007-09-30": 282.81, "2007-06-30": 68.709, "2007-03-31": "53.18200", "2006-12-31": 103.921, "2006-09-30": 273.949, "2006-06-30": 78.267, "2006-03-31": "29.13500", "2005-12-31": 105.219, "2005-09-30": 32.914, "2005-06-30": 112.475, "2005-03-31": "70.45100"}, "Investing Activities - Other": {"2020-09-30": 1.301, "2020-06-30": -1.98, "2020-03-31": "2.37100", "2019-12-31": -104.722, "2019-09-30": 34.101, "2019-06-30": 15.589, "2019-03-31": "16.08200", "2018-12-31": 10.859, "2018-09-30": 12.889, "2018-06-30": 10.512, "2018-03-31": "-14.36700", "2017-12-31": 50.401, "2017-09-30": 37.539, "2017-06-30": 18.999, "2017-03-31": "9.71100", "2016-12-31": 103.053, "2016-09-30": -50.6, "2016-06-30": 2.952, "2016-03-31": "7.71100", "2015-12-31": -21.106, "2015-09-30": 6.11, "2015-06-30": 4.594, "2015-03-31": "40.35600", "2014-12-31": 44.321, "2014-09-30": 31.292, "2014-06-30": 45.181, "2014-03-31": "2.12600", "2013-12-31": 8.019, "2013-09-30": 3.709, "2013-06-30": 88.016, "2013-03-31": "12.21300", "2012-12-31": 21.793, "2012-09-30": -1.165, "2012-06-30": -21.786, "2012-03-31": "-12.26000", "2011-12-31": -62.577, "2011-09-30": 44.87, "2011-06-30": -54.695, "2011-03-31": "-17.11700", "2010-12-31": 0.395, "2010-09-30": 0.251, "2010-06-30": 0.151, "2010-03-31": "-15.81300", "2009-12-31": 1.241, "2009-09-30": 0.5, "2009-06-30": 199.5, "2009-03-31": "", "2008-12-31": -0.567, "2008-09-30": 254.171, "2008-06-30": 106.576, "2008-03-31": "-300.25300", "2007-12-31": -55.099, "2007-09-30": 14.015, "2007-06-30": -1.707, "2007-03-31": "-23.12500", "2006-12-31": -16.677, "2006-09-30": 7.96, "2006-06-30": 22.46, "2006-03-31": "29.38500", "2005-12-31": 31.598, "2005-09-30": 44.995, "2005-06-30": -11.29, "2005-03-31": "17.03900"}, "Cash Flow From Investing Activities": {"2020-09-30": -130.837, "2020-06-30": 52.15, "2020-03-31": "-214.04400", "2019-12-31": -303.885, "2019-09-30": -576.809, "2019-06-30": -346.244, "2019-03-31": "-459.74900", "2018-12-31": 89.558, "2018-09-30": -91.851, "2018-06-30": -86.669, "2018-03-31": "-24.58600", "2017-12-31": -24.035, "2017-09-30": -100.656, "2017-06-30": -119.892, "2017-03-31": "-162.82300", "2016-12-31": 158.882, "2016-09-30": -149.147, "2016-06-30": -77.229, "2016-03-31": "-45.22600", "2015-12-31": -37.269, "2015-09-30": -64.416, "2015-06-30": -114.238, "2015-03-31": "-49.53800", "2014-12-31": 2.309, "2014-09-30": -21.338, "2014-06-30": -142.865, "2014-03-31": "-136.70900", "2013-12-31": 5.291, "2013-09-30": -92.587, "2013-06-30": 65.104, "2013-03-31": "-101.01700", "2012-12-31": -150.126, "2012-09-30": -136.955, "2012-06-30": 299.852, "2012-03-31": "-224.35300", "2011-12-31": 32.101, "2011-09-30": -820.724, "2011-06-30": -209.202, "2011-03-31": "-56.85800", "2010-12-31": -104.906, "2010-09-30": -356.657, "2010-06-30": -64.822, "2010-03-31": "-57.36900", "2009-12-31": -62.338, "2009-09-30": -105.797, "2009-06-30": 109.305, "2009-03-31": "-99.21500", "2008-12-31": -107.218, "2008-09-30": -90.751, "2008-06-30": -76.845, "2008-03-31": "577.11800", "2007-12-31": -61.921, "2007-09-30": 147.777, "2007-06-30": -77.411, "2007-03-31": "-98.54500", "2006-12-31": -61.433, "2006-09-30": 97.162, "2006-06-30": -172.986, "2006-03-31": "-20.98400", "2005-12-31": -41.196, "2005-09-30": -116.816, "2005-06-30": 10.223, "2005-03-31": "-71.22800"}, "Net Long-Term Debt": {"2020-09-30": 162.135, "2020-06-30": -58.84, "2020-03-31": "123.53900", "2019-12-31": 240.2841, "2019-09-30": 69.679, "2019-06-30": 301.062, "2019-03-31": "-12.07700", "2018-12-31": -210.662, "2018-09-30": 59.833, "2018-06-30": 78.867, "2018-03-31": "-26.17200", "2017-12-31": 12.669, "2017-09-30": 43.906, "2017-06-30": 94.637, "2017-03-31": "120.53700", "2016-12-31": 2.506, "2016-09-30": 92.685, "2016-06-30": -129.974, "2016-03-31": "-85.57800", "2015-12-31": -59.608, "2015-09-30": 296.888, "2015-06-30": -2.391, "2015-03-31": "-327.47700", "2014-12-31": -36.571, "2014-09-30": -2.086, "2014-06-30": 131.587, "2014-03-31": "-181.93300", "2013-12-31": -2.039, "2013-09-30": 297.974, "2013-06-30": -161.857, "2013-03-31": "-3.19900", "2012-12-31": -8.353, "2012-09-30": -1.318, "2012-06-30": -409.199, "2012-03-31": "223.63500", "2011-12-31": -109.593, "2011-09-30": -103.572, "2011-06-30": 146.42, "2011-03-31": "-202.93800", "2010-12-31": 168.236, "2010-09-30": -4.947, "2010-06-30": -17.148, "2010-03-31": "54.88500", "2009-12-31": -139.632, "2009-09-30": 96.111, "2009-06-30": -152.156, "2009-03-31": "54.74200", "2008-12-31": 62.271, "2008-09-30": 16.64, "2008-06-30": 15.659, "2008-03-31": "-77.91800", "2007-12-31": -75.193, "2007-09-30": -116.116, "2007-06-30": 15.947, "2007-03-31": "63.08000", "2006-12-31": 241.753, "2006-09-30": -113.474, "2006-06-30": 122.722, "2006-03-31": "-18.91700", "2005-12-31": 205.644, "2005-09-30": 106.21, "2005-06-30": 18.266, "2005-03-31": "-9.48700"}, "Net Current Debt": {"2020-09-30": 4.906, "2020-06-30": -57.617, "2020-03-31": "58.21400", "2019-12-31": -17.864, "2019-09-30": 1.069, "2019-06-30": -20.932, "2019-03-31": "54.29400", "2018-12-31": -50.994, "2018-09-30": 1.063, "2018-06-30": -7.76, "2018-03-31": "35.94000", "2017-12-31": -18.95, "2017-09-30": 0.659, "2017-06-30": 3.918, "2017-03-31": "14.79000", "2016-12-31": -225.575, "2016-09-30": -12.274, "2016-06-30": 182.851, "2016-03-31": "-73.65200", "2015-12-31": 40, "2015-09-30": -347, "2015-06-30": 68, "2015-03-31": "236.50000", "2014-12-31": -7.5, "2014-09-30": -116.5, "2014-06-30": -11, "2014-03-31": "287.50000", "2013-12-31": 0, "2013-09-30": -228.5, "2013-06-30": 58.5, "2013-03-31": "94.00000", "2012-12-31": 76, "2012-09-30": 0, "2012-06-30": -197, "2012-03-31": "-224.00000", "2011-12-31": 59, "2011-09-30": 357, "2011-06-30": -180.55, "2011-03-31": "153.80000", "2010-12-31": -80.85, "2010-09-30": -21.3, "2010-06-30": 12.9, "2010-03-31": "-68.30000", "2009-12-31": 164.3, "2009-09-30": -36.1, "2009-06-30": 10, "2009-03-31": "51.10000", "2008-12-31": -116.1, "2008-09-30": 96.2, "2008-06-30": 19.9, "2008-03-31": "-309.50000", "2007-12-31": 139.8, "2007-09-30": -39.2, "2007-06-30": 72.8, "2007-03-31": "48.90000", "2006-12-31": -236.4, "2006-09-30": 22.2, "2006-06-30": 17.2, "2006-03-31": "73.40000", "2005-12-31": -102.3, "2005-09-30": -2.9, "2005-06-30": -32.8, "2005-03-31": "70.70000"}, "Debt Issuance/Retirement Net - Total": {"2020-09-30": 167.041, "2020-06-30": -116.457, "2020-03-31": "181.75300", "2019-12-31": 222.4201, "2019-09-30": 70.748, "2019-06-30": 280.13, "2019-03-31": "42.21700", "2018-12-31": -261.656, "2018-09-30": 60.896, "2018-06-30": 71.107, "2018-03-31": "9.76800", "2017-12-31": -6.281, "2017-09-30": 44.565, "2017-06-30": 98.555, "2017-03-31": "135.32700", "2016-12-31": -223.069, "2016-09-30": 80.411, "2016-06-30": 52.877, "2016-03-31": "-159.23000", "2015-12-31": -19.608, "2015-09-30": -50.112, "2015-06-30": 65.609, "2015-03-31": "-90.97700", "2014-12-31": -44.071, "2014-09-30": -118.586, "2014-06-30": 120.587, "2014-03-31": "105.56700", "2013-12-31": -2.039, "2013-09-30": 69.474, "2013-06-30": -103.357, "2013-03-31": "90.80100", "2012-12-31": 67.647, "2012-09-30": -1.318, "2012-06-30": -606.199, "2012-03-31": "-0.36500", "2011-12-31": -50.593, "2011-09-30": 253.428, "2011-06-30": -34.13, "2011-03-31": "-49.13800", "2010-12-31": 87.386, "2010-09-30": -26.247, "2010-06-30": -4.248, "2010-03-31": "-13.41500", "2009-12-31": 24.668, "2009-09-30": 60.011, "2009-06-30": -142.156, "2009-03-31": "105.84200", "2008-12-31": -53.829, "2008-09-30": 112.84, "2008-06-30": 35.559, "2008-03-31": "-387.41800", "2007-12-31": 64.607, "2007-09-30": -155.316, "2007-06-30": 88.747, "2007-03-31": "111.98000", "2006-12-31": 5.353, "2006-09-30": -91.274, "2006-06-30": 139.922, "2006-03-31": "54.48300", "2005-12-31": 103.344, "2005-09-30": 103.31, "2005-06-30": -14.534, "2005-03-31": "61.21300"}, "Net Common Equity Issued/Repurchased": {"2020-09-30": -19.795, "2020-06-30": 0, "2020-03-31": "", "2019-12-31": 63.306, "2019-09-30": 449.137, "2019-06-30": 20.693, "2019-03-31": "192.17900", "2018-12-31": 299.825, "2018-09-30": 0, "2018-06-30": 0, "2018-03-31": "-19.98800", "2017-12-31": 0, "2017-09-30": 0, "2017-06-30": 0, "2017-03-31": "", "2016-12-31": -0.027, "2016-09-30": -0.045, "2016-06-30": -0.017, "2016-03-31": "173.30000", "2015-12-31": -0.12, "2015-09-30": 101.392, "2015-06-30": -0.051, "2015-03-31": "108.79000", "2014-12-31": -0.142, "2014-09-30": 99.991, "2014-06-30": 0, "2014-03-31": "", "2013-12-31": 0, "2013-09-30": 0, "2013-06-30": 0, "2013-03-31": "", "2012-12-31": -0.098, "2012-09-30": -0.205, "2012-06-30": 555.818, "2012-03-31": "200.62300", "2011-12-31": 11.612, "2011-09-30": 539.204, "2011-06-30": 231.108, "2011-03-31": "97.83000", "2010-12-31": 0.548, "2010-09-30": 364.643, "2010-06-30": 31.068, "2010-03-31": "76.75200", "2009-12-31": 35.565, "2009-09-30": 33.237, "2009-06-30": -0.918, "2009-03-31": "-1.13300", "2008-12-31": 183.48, "2008-09-30": -7.245, "2008-06-30": -29.092, "2008-03-31": "-101.70500", "2007-12-31": -26.132, "2007-09-30": -18.003, "2007-06-30": -31.847, "2007-03-31": "0.61700", "2006-12-31": 1.262, "2006-09-30": 1.218, "2006-06-30": 0.056, "2006-03-31": "3.16700", "2005-12-31": -73.13, "2005-09-30": 1.555, "2005-06-30": 1.979, "2005-03-31": "1.03100"}, "Net Total Equity Issued/Repurchased": {"2020-09-30": -19.795, "2020-06-30": 0, "2020-03-31": "", "2019-12-31": 63.306, "2019-09-30": 449.137, "2019-06-30": 20.693, "2019-03-31": "192.17900", "2018-12-31": 299.825, "2018-09-30": 0, "2018-06-30": 0, "2018-03-31": "-19.98800", "2017-12-31": 0, "2017-09-30": 0, "2017-06-30": 0, "2017-03-31": "", "2016-12-31": -0.027, "2016-09-30": -0.045, "2016-06-30": -0.017, "2016-03-31": "173.30000", "2015-12-31": -0.12, "2015-09-30": 101.392, "2015-06-30": -0.051, "2015-03-31": "108.79000", "2014-12-31": -0.142, "2014-09-30": 99.991, "2014-06-30": 0, "2014-03-31": "", "2013-12-31": 0, "2013-09-30": 0, "2013-06-30": 0, "2013-03-31": "", "2012-12-31": -0.098, "2012-09-30": -0.205, "2012-06-30": 474.209, "2012-03-31": "200.62300", "2011-12-31": 11.612, "2011-09-30": 539.204, "2011-06-30": 227.511, "2011-03-31": "97.83000", "2010-12-31": 0.548, "2010-09-30": 364.643, "2010-06-30": 30.431, "2010-03-31": "76.75200", "2009-12-31": 14.06, "2009-09-30": 33.237, "2009-06-30": -0.918, "2009-03-31": "-1.13300", "2008-12-31": 183.48, "2008-09-30": -27.592, "2008-06-30": -29.092, "2008-03-31": "-101.70500", "2007-12-31": -26.132, "2007-09-30": -18.003, "2007-06-30": -32.247, "2007-03-31": "0.61700", "2006-12-31": 1.262, "2006-09-30": 1.218, "2006-06-30": 0.056, "2006-03-31": "3.16700", "2005-12-31": -73.13, "2005-09-30": 1.555, "2005-06-30": 1.979, "2005-03-31": "1.03100"}, "Total Common And Preferred Stock Dividends Paid": {"2020-09-30": -115.397, "2020-06-30": -115.429, "2020-03-31": "-109.56300", "2019-12-31": -108.233, "2019-09-30": -106.26, "2019-06-30": -105.806, "2019-03-31": "-98.42300", "2018-12-31": -95.7, "2018-09-30": -95.443, "2018-06-30": -95.435, "2018-03-31": "-91.95600", "2017-12-31": -91.757, "2017-09-30": -91.75, "2017-06-30": -91.74, "2017-03-31": "-87.34300", "2016-12-31": -87.272, "2016-09-30": -87.062, "2016-06-30": -87.281, "2016-03-31": "-80.71300", "2015-12-31": -76.533, "2015-09-30": -75.442, "2015-06-30": -75.437, "2015-03-31": "-70.13200", "2014-12-31": -69.799, "2014-09-30": -68.845, "2014-06-30": -68.866, "2014-03-31": "-62.24300", "2013-12-31": -62.216, "2013-09-30": -62.113, "2013-06-30": -62.336, "2013-03-31": "-58.22900", "2012-12-31": -58.228, "2012-09-30": -57.617, "2012-06-30": -55.759, "2012-03-31": "-51.85300", "2011-12-31": -48.05, "2011-09-30": -47.094, "2011-06-30": -38.348, "2011-03-31": "-37.21200", "2010-12-31": -37.136, "2010-09-30": -32.867, "2010-06-30": -32.751, "2010-03-31": "-31.77700", "2009-12-31": -31.709, "2009-09-30": -31.661, "2009-06-30": -50.355, "2009-03-31": "-49.32900", "2008-12-31": -50.639, "2008-09-30": -48.348, "2008-06-30": -48.933, "2008-03-31": "-50.15800", "2007-12-31": -50.473, "2007-09-30": -49.873, "2007-06-30": -51.723, "2007-03-31": "-49.26500", "2006-12-31": -49.179, "2006-09-30": -49.203, "2006-06-30": -49.239, "2006-03-31": "-47.26300", "2005-12-31": -48.142, "2005-09-30": -48.118, "2005-06-30": -48.067, "2005-03-31": "-46.94400"}, "Financial Activities - Other": {"2020-09-30": -39.265, "2020-06-30": -1.876, "2020-03-31": "-3.96400", "2019-12-31": -37.686, "2019-09-30": -7.753, "2019-06-30": 2.008, "2019-03-31": "1.70600", "2018-12-31": -5.168, "2018-09-30": -28.057, "2018-06-30": -1.789, "2018-03-31": "-6.47100", "2017-12-31": -7.937, "2017-09-30": -0.63, "2017-06-30": -7.483, "2017-03-31": "-5.31100", "2016-12-31": -3.953, "2016-09-30": -2.675, "2016-06-30": -0.56, "2016-03-31": "-3.96600", "2015-12-31": -13.874, "2015-09-30": -1.89, "2015-06-30": -0.152, "2015-03-31": "-3.11100", "2014-12-31": -3.003, "2014-09-30": 0.802, "2014-06-30": -1.623, "2014-03-31": "-3.49400", "2013-12-31": -0.541, "2013-09-30": -1.568, "2013-06-30": -3.226, "2013-03-31": "-3.20900", "2012-12-31": -6.955, "2012-09-30": -3.596, "2012-06-30": -13.268, "2012-03-31": "-3.01100", "2011-12-31": -14.539, "2011-09-30": -0.812, "2011-06-30": -3.011, "2011-03-31": "-0.36900", "2010-12-31": -3.204, "2010-09-30": -2.549, "2010-06-30": -0.725, "2010-03-31": "-1.76600", "2009-12-31": -3.383, "2009-09-30": -1.475, "2009-06-30": -0.462, "2009-03-31": "-3.33000", "2008-12-31": -2.979, "2008-09-30": -0.64, "2008-06-30": 0.22, "2008-03-31": "-3.30300", "2007-12-31": 0.579, "2007-09-30": -2.296, "2007-06-30": -7.708, "2007-03-31": "-1.59900", "2006-12-31": 3.959, "2006-09-30": -2.811, "2006-06-30": -12.664, "2006-03-31": "-0.82700", "2005-12-31": -8.539, "2005-09-30": -0.376, "2005-06-30": -5.427, "2005-03-31": "-0.68500"}, "Cash Flow From Financial Activities": {"2020-09-30": -7.416, "2020-06-30": -233.762, "2020-03-31": "68.22600", "2019-12-31": 139.807, "2019-09-30": 405.872, "2019-06-30": 197.025, "2019-03-31": "137.67900", "2018-12-31": -62.699, "2018-09-30": -62.604, "2018-06-30": -26.117, "2018-03-31": "-108.64700", "2017-12-31": -105.975, "2017-09-30": -47.815, "2017-06-30": -0.668, "2017-03-31": "42.67300", "2016-12-31": -314.321, "2016-09-30": -9.371, "2016-06-30": -34.981, "2016-03-31": "-70.60900", "2015-12-31": -110.135, "2015-09-30": -26.052, "2015-06-30": -10.031, "2015-03-31": "-55.43000", "2014-12-31": -117.015, "2014-09-30": -86.638, "2014-06-30": 50.098, "2014-03-31": "39.83000", "2013-12-31": -64.796, "2013-09-30": 5.793, "2013-06-30": -168.919, "2013-03-31": "29.36300", "2012-12-31": 2.366, "2012-09-30": -62.736, "2012-06-30": -201.017, "2012-03-31": "145.39400", "2011-12-31": -101.57, "2011-09-30": 744.726, "2011-06-30": 152.022, "2011-03-31": "11.11100", "2010-12-31": 47.594, "2010-09-30": 302.98, "2010-06-30": -7.293, "2010-03-31": "29.79400", "2009-12-31": 3.636, "2009-09-30": 60.112, "2009-06-30": -193.891, "2009-03-31": "52.05000", "2008-12-31": 76.033, "2008-09-30": 36.26, "2008-06-30": -42.246, "2008-03-31": "-542.58400", "2007-12-31": -11.419, "2007-09-30": -225.488, "2007-06-30": -2.931, "2007-03-31": "61.73300", "2006-12-31": -38.605, "2006-09-30": -142.07, "2006-06-30": 78.075, "2006-03-31": "9.56000", "2005-12-31": -26.467, "2005-09-30": 56.371, "2005-06-30": -66.049, "2005-03-31": "14.61500"}, "Net Cash Flow": {"2020-09-30": 1.324, "2020-06-30": -0.053, "2020-03-31": "-10.36200", "2019-12-31": 9.75, "2019-09-30": -0.482, "2019-06-30": -0.131, "2019-03-31": "-184.73700", "2018-12-31": 180.811, "2018-09-30": -2.832, "2018-06-30": 10.059, "2018-03-31": "-0.97700", "2017-12-31": -0.371, "2017-09-30": 1.188, "2017-06-30": -1.204, "2017-03-31": "0.11100", "2016-12-31": -1.993, "2016-09-30": -1.866, "2016-06-30": 1.499, "2016-03-31": "-3.07400", "2015-12-31": 5.421, "2015-09-30": -1.669, "2015-06-30": -3.284, "2015-03-31": "-8.95000", "2014-12-31": 0.619, "2014-09-30": -12.211, "2014-06-30": 10.925, "2014-03-31": "-14.35800", "2013-12-31": 19.1, "2013-09-30": 2.114, "2013-06-30": 1.914, "2013-03-31": "-4.99400", "2012-12-31": -70.262, "2012-09-30": -101.735, "2012-06-30": 180.554, "2012-03-31": "-8.94500", "2011-12-31": -0.979, "2011-09-30": -8.152, "2011-06-30": 9.942, "2011-03-31": "2.20600", "2010-12-31": -0.621, "2010-09-30": 2.033, "2010-06-30": -11.846, "2010-03-31": "13.93500", "2009-12-31": -18.969, "2009-09-30": 19.971, "2009-06-30": -32.149, "2009-03-31": "24.39200", "2008-12-31": 9.879, "2008-09-30": 1.449, "2008-06-30": -58.775, "2008-03-31": "56.96800", "2007-12-31": 0.866, "2007-09-30": -0.575, "2007-06-30": 1.252, "2007-03-31": "-0.46700", "2006-12-31": -26.605, "2006-09-30": 22.458, "2006-06-30": -30.046, "2006-03-31": "20.79300", "2005-12-31": 10.063, "2005-09-30": -0.687, "2005-06-30": 4.506, "2005-03-31": "-6.24300"}, "Stock-Based Compensation": {"2020-09-30": 4.278, "2020-06-30": 4, "2020-03-31": "6.80800", "2019-12-31": 11.31, "2019-09-30": 2.704, "2019-06-30": 4.379, "2019-03-31": "5.93700", "2018-12-31": 3.55, "2018-09-30": 3.612, "2018-06-30": 3.578, "2018-03-31": "3.50400", "2017-12-31": 2.79, "2017-09-30": 3.239, "2017-06-30": 3.454, "2017-03-31": "3.37900", "2016-12-31": 2.862, "2016-09-30": 3.461, "2016-06-30": 3.196, "2016-03-31": "3.87900", "2015-12-31": 3.578, "2015-09-30": 5.379, "2015-06-30": 4.8, "2015-03-31": "4.26000", "2014-12-31": 13.954, "2014-09-30": 0, "2014-06-30": 0, "2014-03-31": "", "2013-12-31": 9.531, "2013-09-30": 0, "2013-06-30": 0, "2013-03-31": "", "2012-12-31": 0, "2012-09-30": 0, "2012-06-30": 0, "2012-03-31": "", "2011-12-31": -7.65, "2011-09-30": 2.545, "2011-06-30": 2.449, "2011-03-31": "2.65600", "2010-12-31": 2.332, "2010-09-30": 3.071, "2010-06-30": 3.11, "2010-03-31": "2.89800", "2009-12-31": 1.743, "2009-09-30": 1.666, "2009-06-30": 1.857, "2009-03-31": "2.33900", "2008-12-31": 1.678, "2008-09-30": 1.812, "2008-06-30": 1.79, "2008-03-31": "1.74400", "2007-12-31": 1.657, "2007-09-30": 4.699, "2007-06-30": 0, "2007-03-31": "", "2006-12-31": 0, "2006-09-30": 0, "2006-06-30": -1.21, "2006-03-31": "1.21000", "2005-12-31": 2.939, "2005-09-30": 0, "2005-06-30": -1.025, "2005-03-31": "1.02500"}, "Common Stock Dividends Paid": {"2020-09-30": -114.362, "2020-06-30": -114.329, "2020-03-31": "-108.54800", "2019-12-31": -107.186, "2019-09-30": -105.245, "2019-06-30": -104.764, "2019-03-31": "-97.46400", "2018-12-31": -94.718, "2018-09-30": -94.483, "2018-06-30": -94.456, "2018-03-31": "-91.04100", "2017-12-31": -90.825, "2017-09-30": -90.832, "2017-06-30": -90.807, "2017-03-31": "-86.41800", "2016-12-31": -86.338, "2016-09-30": -86.137, "2016-06-30": -86.347, "2016-03-31": "-79.78900", "2015-12-31": -75.603, "2015-09-30": -74.512, "2015-06-30": -74.506, "2015-03-31": "-69.20100", "2014-12-31": -68.868, "2014-09-30": -67.914, "2014-06-30": -67.935, "2014-03-31": "-61.31200", "2013-12-31": -61.286, "2013-09-30": -61.181, "2013-06-30": -61.405, "2013-03-31": "-57.29800", "2012-12-31": -57.297, "2012-09-30": -57.307, "2012-06-30": -52.354, "2012-03-31": "-49.54500", "2011-12-31": -45.742, "2011-09-30": -44.787, "2011-06-30": -36.02, "2011-03-31": "-34.84400", "2010-12-31": -34.767, "2010-09-30": -30.499, "2010-06-30": -30.379, "2010-03-31": "-29.39800", "2009-12-31": -28.906, "2009-09-30": -28.861, "2009-06-30": -47.555, "2009-03-31": "-46.52900", "2008-12-31": -47.839, "2008-09-30": -45.137, "2008-06-30": -45.724, "2008-03-31": "-46.94900", "2007-12-31": -47.264, "2007-09-30": -47.423, "2007-06-30": -47.912, "2007-03-31": "-45.42300", "2006-12-31": -45.336, "2006-09-30": -45.361, "2006-06-30": -45.396, "2006-03-31": "-43.42100", "2005-12-31": -44.299, "2005-09-30": -44.276, "2005-06-30": -44.224, "2005-03-31": "-43.10200"}}, "financial ratios": {"Current Ratio": {"2019-12-31": "", "2018-12-31": "", "2017-12-31": "", "2016-12-31": "", "2015-12-31": "", "2014-12-31": "", "2013-12-31": "", "2012-12-31": "", "2011-12-31": "", "2010-12-31": "", "2009-12-31": "", "2008-12-31": "", "2007-12-31": "", "2006-12-31": "", "2005-12-31": ""}, "Long-term Debt / Capital": {"2019-12-31": "0.58140", "2018-12-31": "0.54830", "2017-12-31": "0.56430", "2016-12-31": "0.52340", "2015-12-31": "0.55180", "2014-12-31": "0.56580", "2013-12-31": "0.55610", "2012-12-31": "0.53240", "2011-12-31": "0.62820", "2010-12-31": "0.68900", "2009-12-31": "0.71010", "2008-12-31": "0.69680", "2007-12-31": "0.77460", "2006-12-31": "0.75980", "2005-12-31": "0.74040"}, "Debt/Equity Ratio": {"2019-12-31": "1.38890", "2018-12-31": "1.21380", "2017-12-31": "1.29500", "2016-12-31": "1.09830", "2015-12-31": "1.23100", "2014-12-31": "1.30310", "2013-12-31": "1.25290", "2012-12-31": "1.13880", "2011-12-31": "1.68980", "2010-12-31": "2.21580", "2009-12-31": "2.44930", "2008-12-31": "2.29760", "2007-12-31": "3.43600", "2006-12-31": "3.16400", "2005-12-31": "2.85250"}, "Gross Margin": {"2019-12-31": "", "2018-12-31": "", "2017-12-31": "", "2016-12-31": "", "2015-12-31": "", "2014-12-31": "", "2013-12-31": "", "2012-12-31": "", "2011-12-31": "", "2010-12-31": "", "2009-12-31": "", "2008-12-31": "", "2007-12-31": "", "2006-12-31": "", "2005-12-31": ""}, "Operating Margin": {"2019-12-31": "19.18580", "2018-12-31": "33.88400", "2017-12-31": "22.88610", "2016-12-31": "41.75820", "2015-12-31": "17.83860", "2014-12-31": "15.49600", "2013-12-31": "15.40600", "2012-12-31": "9.38580", "2011-12-31": "3.60110", "2010-12-31": "-22.14240", "2009-12-31": "9.48280", "2008-12-31": "12.34640", "2007-12-31": "15.21890", "2006-12-31": "20.53890", "2005-12-31": "23.98770"}, "EBIT Margin": {"2019-12-31": "19.18580", "2018-12-31": "33.88400", "2017-12-31": "22.88610", "2016-12-31": "41.75820", "2015-12-31": "17.83860", "2014-12-31": "15.49600", "2013-12-31": "15.40600", "2012-12-31": "9.38580", "2011-12-31": "3.60110", "2010-12-31": "-22.14240", "2009-12-31": "9.48280", "2008-12-31": "12.34640", "2007-12-31": "15.21890", "2006-12-31": "20.53890", "2005-12-31": "23.98770"}, "EBITDA Margin": {"2019-12-31": "63.26890", "2018-12-31": "75.50180", "2017-12-31": "66.71680", "2016-12-31": "86.10200", "2015-12-31": "60.45660", "2014-12-31": "59.98360", "2013-12-31": "61.29070", "2012-12-31": "58.85540", "2011-12-31": "63.64280", "2010-12-31": "38.95180", "2009-12-31": "62.10530", "2008-12-31": "58.41980", "2007-12-31": "69.59230", "2006-12-31": "74.24280", "2005-12-31": "75.53740"}, "Pre-Tax Profit Margin": {"2019-12-31": "17.65480", "2018-12-31": "21.22830", "2017-12-31": "13.29750", "2016-12-31": "34.58360", "2015-12-31": "11.35610", "2014-12-31": "0.14200", "2013-12-31": "-0.65340", "2012-12-31": "-10.68740", "2011-12-31": "-21.25850", "2010-12-31": "-22.46060", "2009-12-31": "-17.34230", "2008-12-31": "-10.74380", "2007-12-31": "-13.66550", "2006-12-31": "-15.71850", "2005-12-31": "-14.84660"}, "Net Profit Margin": {"2019-12-31": "15.69710", "2018-12-31": "19.03200", "2017-12-31": "11.83480", "2016-12-31": "30.10860", "2015-12-31": "37.63100", "2014-12-31": "18.41100", "2013-12-31": "5.41400", "2012-12-31": "28.38020", "2011-12-31": "1.69040", "2010-12-31": "-21.40020", "2009-12-31": "-17.05370", "2008-12-31": "117.07480", "2007-12-31": "39.32460", "2006-12-31": "24.03650", "2005-12-31": "32.68540"}, "Asset Turnover": {"2019-12-31": "0.11960", "2018-12-31": "0.13570", "2017-12-31": "0.12880", "2016-12-31": "0.12500", "2015-12-31": "0.11670", "2014-12-31": "0.11980", "2013-12-31": "0.11150", "2012-12-31": "0.10450", "2011-12-31": "0.09270", "2010-12-31": "0.09500", "2009-12-31": "0.10950", "2008-12-31": "0.11440", "2007-12-31": "0.10540", "2006-12-31": "0.10080", "2005-12-31": "0.09420"}, "Inventory Turnover Ratio": {"2019-12-31": "", "2018-12-31": "", "2017-12-31": "", "2016-12-31": "", "2015-12-31": "", "2014-12-31": "", "2013-12-31": "", "2012-12-31": "", "2011-12-31": "", "2010-12-31": "", "2009-12-31": "", "2008-12-31": "", "2007-12-31": "", "2006-12-31": "", "2005-12-31": ""}, "Receiveable Turnover": {"2019-12-31": "", "2018-12-31": "", "2017-12-31": "", "2016-12-31": "", "2015-12-31": "", "2014-12-31": "", "2013-12-31": "", "2012-12-31": "", "2011-12-31": "", "2010-12-31": "", "2009-12-31": "", "2008-12-31": "", "2007-12-31": "", "2006-12-31": "", "2005-12-31": ""}, "Days Sales In Receivables": {"2019-12-31": "", "2018-12-31": "", "2017-12-31": "", "2016-12-31": "", "2015-12-31": "", "2014-12-31": "", "2013-12-31": "", "2012-12-31": "", "2011-12-31": "", "2010-12-31": "", "2009-12-31": "", "2008-12-31": "", "2007-12-31": "", "2006-12-31": "", "2005-12-31": ""}, "ROE - Return On Equity": {"2019-12-31": "5.96990", "2018-12-31": "7.70160", "2017-12-31": "4.75610", "2016-12-31": "10.50250", "2015-12-31": "3.69570", "2014-12-31": "0.60460", "2013-12-31": "0.08460", "2012-12-31": "-1.57110", "2011-12-31": "-5.79150", "2010-12-31": "-7.97730", "2009-12-31": "-7.69630", "2008-12-31": "-5.00810", "2007-12-31": "5.33050", "2006-12-31": "-7.87350", "2005-12-31": "-6.36890"}, "Return On Tangible Equity": {"2019-12-31": "5.88850", "2018-12-31": "7.57980", "2017-12-31": "4.67860", "2016-12-31": "10.34500", "2015-12-31": "3.63650", "2014-12-31": "0.59430", "2013-12-31": "0.08320", "2012-12-31": "-1.54670", "2011-12-31": "-5.47140", "2010-12-31": "-7.32470", "2009-12-31": "-6.96790", "2008-12-31": "-4.45290", "2007-12-31": "4.38100", "2006-12-31": "-6.51580", "2005-12-31": "-5.32260"}, "ROA - Return On Assets": {"2019-12-31": "2.07110", "2018-12-31": "2.87280", "2017-12-31": "1.71540", "2016-12-31": "4.17180", "2015-12-31": "1.37640", "2014-12-31": "0.23810", "2013-12-31": "0.03440", "2012-12-31": "-0.67510", "2011-12-31": "-1.88760", "2010-12-31": "-2.13270", "2009-12-31": "-1.89920", "2008-12-31": "-1.22870", "2007-12-31": "0.93020", "2006-12-31": "-1.47050", "2005-12-31": "-1.29820"}, "ROI - Return On Investment": {"2019-12-31": "2.46490", "2018-12-31": "3.42380", "2017-12-31": "2.03860", "2016-12-31": "4.93010", "2015-12-31": "1.63000", "2014-12-31": "0.25800", "2013-12-31": "0.03690", "2012-12-31": "-0.72320", "2011-12-31": "-2.03410", "2010-12-31": "-2.27770", "2009-12-31": "-2.02010", "2008-12-31": "-1.35030", "2007-12-31": "0.98760", "2006-12-31": "-1.56480", "2005-12-31": "-1.38160"}, "Book Value Per Share": {"2019-12-31": "11.50530", "2018-12-31": "10.60720", "2017-12-31": "10.58680", "2016-12-31": "11.58790", "2015-12-31": "11.07760", "2014-12-31": "10.72440", "2013-12-31": "11.21640", "2012-12-31": "11.96870", "2011-12-31": "10.55670", "2010-12-31": "8.82230", "2009-12-31": "8.99870", "2008-12-31": "10.32830", "2007-12-31": "7.06260", "2006-12-31": "7.81500", "2005-12-31": "8.26590"}, "Operating Cash Flow Per Share": {"2019-12-31": 0.1245, "2018-12-31": 0.1503, "2017-12-31": -0.077, "2016-12-31": 0.2684, "2015-12-31": 0.1713, "2014-12-31": 0.2078, "2013-12-31": -0.01, "2012-12-31": 0.1208, "2011-12-31": -0.0424, "2010-12-31": -0.2472, "2009-12-31": 0.1582, "2008-12-31": -0.6289, "2007-12-31": 0.3663, "2006-12-31": -0.18, "2005-12-31": 1.823}, "Free Cash Flow Per Share": {"2019-12-31": 0.3837, "2018-12-31": 0.5515, "2017-12-31": -0.4439, "2016-12-31": 0.0782, "2015-12-31": 0.7301, "2014-12-31": 0.5803, "2013-12-31": -0.1043, "2012-12-31": -0.5422, "2011-12-31": -0.0252, "2010-12-31": 0.5684, "2009-12-31": 0.669, "2008-12-31": -0.7413, "2007-12-31": 0.3418, "2006-12-31": -0.8645, "2005-12-31": 0.2902}}, "financial ratios, quarterly": {"Current Ratio": {"2020-09-30": "", "2020-06-30": "", "2020-03-31": "", "2019-12-31": "", "2019-09-30": "", "2019-06-30": "", "2019-03-31": "", "2018-12-31": "", "2018-09-30": "", "2018-06-30": "", "2018-03-31": "", "2017-12-31": "", "2017-09-30": "", "2017-06-30": "", "2017-03-31": "", "2016-12-31": "", "2016-09-30": "", "2016-06-30": "", "2016-03-31": "", "2015-12-31": "", "2015-09-30": "", "2015-06-30": "", "2015-03-31": "", "2014-12-31": "", "2014-09-30": "", "2014-06-30": "", "2014-03-31": "", "2013-12-31": "", "2013-09-30": "", "2013-06-30": "", "2013-03-31": "", "2012-12-31": "", "2012-09-30": "", "2012-06-30": "", "2012-03-31": "", "2011-12-31": "", "2011-09-30": "", "2011-06-30": "", "2011-03-31": "", "2010-12-31": "", "2010-09-30": "", "2010-06-30": "", "2010-03-31": "", "2009-12-31": "", "2009-09-30": "", "2009-06-30": "", "2009-03-31": "", "2008-12-31": "", "2008-09-30": "", "2008-06-30": "", "2008-03-31": "", "2007-12-31": "", "2007-09-30": "", "2007-06-30": "", "2007-03-31": "", "2006-12-31": "", "2006-09-30": "", "2006-06-30": "", "2006-03-31": "", "2005-12-31": "", "2005-09-30": "", "2005-06-30": "", "2005-03-31": ""}, "Long-term Debt / Capital": {"2020-09-30": "0.59600", "2020-06-30": "0.58260", "2020-03-31": "0.58410", "2019-12-31": "0.58140", "2019-09-30": "0.54610", "2019-06-30": "0.56600", "2019-03-31": "0.54790", "2018-12-31": "0.54830", "2018-09-30": "0.59380", "2018-06-30": "0.57540", "2018-03-31": "0.56050", "2017-12-31": "0.56430", "2017-09-30": "0.56320", "2017-06-30": "0.55630", "2017-03-31": "0.53780", "2016-12-31": "0.52340", "2016-09-30": "0.54780", "2016-06-30": "0.54020", "2016-03-31": "0.53430", "2015-12-31": "0.55180", "2015-09-30": "0.54990", "2015-06-30": "0.55500", "2015-03-31": "0.55580", "2014-12-31": "0.56580", "2014-09-30": "0.56630", "2014-06-30": "0.58280", "2014-03-31": "0.56960", "2013-12-31": "0.55610", "2013-09-30": "0.55040", "2013-06-30": "0.54210", "2013-03-31": "0.54410", "2012-12-31": "0.53240", "2012-09-30": "0.52240", "2012-06-30": "0.51780", "2012-03-31": "0.60660", "2011-12-31": "0.62820", "2011-09-30": "0.63120", "2011-06-30": "0.66900", "2011-03-31": "0.68240", "2010-12-31": "0.68900", "2010-09-30": "0.67500", "2010-06-30": "0.71300", "2010-03-31": "0.70740", "2009-12-31": "0.71010", "2009-09-30": "0.69500", "2009-06-30": "0.68100", "2009-03-31": "0.68600", "2008-12-31": "0.69680", "2008-09-30": "0.69800", "2008-06-30": "0.67800", "2008-03-31": "0.66570", "2007-12-31": "0.77460", "2007-09-30": "0.77690", "2007-06-30": "0.78700", "2007-03-31": "0.76860", "2006-12-31": "0.75980", "2006-09-30": "0.75540", "2006-06-30": "0.76150", "2006-03-31": "0.74880", "2005-12-31": "0.74040", "2005-09-30": "0.72630", "2005-06-30": "0.71270", "2005-03-31": "0.71560"}, "Debt/Equity Ratio": {"2020-09-30": "1.47520", "2020-06-30": "1.39590", "2020-03-31": "1.40440", "2019-12-31": "1.38890", "2019-09-30": "1.20300", "2019-06-30": "1.30410", "2019-03-31": "1.21180", "2018-12-31": "1.21380", "2018-09-30": "1.46160", "2018-06-30": "1.35520", "2018-03-31": "1.27550", "2017-12-31": "1.29500", "2017-09-30": "1.28960", "2017-06-30": "1.25400", "2017-03-31": "1.16360", "2016-12-31": "1.09830", "2016-09-30": "1.21130", "2016-06-30": "1.17510", "2016-03-31": "1.14730", "2015-12-31": "1.23100", "2015-09-30": "1.22190", "2015-06-30": "1.24690", "2015-03-31": "1.25100", "2014-12-31": "1.30310", "2014-09-30": "1.30550", "2014-06-30": "1.39670", "2014-03-31": "1.32330", "2013-12-31": "1.25290", "2013-09-30": "1.22420", "2013-06-30": "1.18390", "2013-03-31": "1.19340", "2012-12-31": "1.13880", "2012-09-30": "1.09400", "2012-06-30": "1.07390", "2012-03-31": "1.54190", "2011-12-31": "1.68980", "2011-09-30": "1.71160", "2011-06-30": "2.02090", "2011-03-31": "2.14910", "2010-12-31": "2.21580", "2010-09-30": "2.07660", "2010-06-30": "2.48460", "2010-03-31": "2.41800", "2009-12-31": "2.44930", "2009-09-30": "2.27830", "2009-06-30": "2.13440", "2009-03-31": "2.18500", "2008-12-31": "2.29760", "2008-09-30": "2.31170", "2008-06-30": "2.10530", "2008-03-31": "1.99120", "2007-12-31": "3.43600", "2007-09-30": "3.48140", "2007-06-30": "3.69450", "2007-03-31": "3.32110", "2006-12-31": "3.16400", "2006-09-30": "3.08760", "2006-06-30": "3.19330", "2006-03-31": "2.98080", "2005-12-31": "2.85250", "2005-09-30": "2.65360", "2005-06-30": "2.48020", "2005-03-31": "2.51650"}, "Gross Margin": {"2020-09-30": "", "2020-06-30": "", "2020-03-31": "", "2019-12-31": "", "2019-09-30": "", "2019-06-30": "", "2019-03-31": "", "2018-12-31": "", "2018-09-30": "", "2018-06-30": "", "2018-03-31": "", "2017-12-31": "", "2017-09-30": "", "2017-06-30": "", "2017-03-31": "", "2016-12-31": "", "2016-09-30": "", "2016-06-30": "", "2016-03-31": "", "2015-12-31": "", "2015-09-30": "", "2015-06-30": "", "2015-03-31": "", "2014-12-31": "", "2014-09-30": "", "2014-06-30": "", "2014-03-31": "", "2013-12-31": "", "2013-09-30": "", "2013-06-30": "", "2013-03-31": "", "2012-12-31": "", "2012-09-30": "", "2012-06-30": "", "2012-03-31": "", "2011-12-31": "", "2011-09-30": "", "2011-06-30": "", "2011-03-31": "", "2010-12-31": "", "2010-09-30": "", "2010-06-30": "", "2010-03-31": "", "2009-12-31": "", "2009-09-30": "", "2009-06-30": "", "2009-03-31": "", "2008-12-31": "", "2008-09-30": "", "2008-06-30": "", "2008-03-31": "", "2007-12-31": "", "2007-09-30": "", "2007-06-30": "", "2007-03-31": "", "2006-12-31": "", "2006-09-30": "", "2006-06-30": "", "2006-03-31": "", "2005-12-31": "", "2005-09-30": "", "2005-06-30": "", "2005-03-31": ""}, "Operating Margin": {"2020-09-30": "9.71310", "2020-06-30": "29.86990", "2020-03-31": "12.11710", "2019-12-31": "14.69140", "2019-09-30": "19.92460", "2019-06-30": "23.07970", "2019-03-31": "19.39390", "2018-12-31": "47.15370", "2018-09-30": "20.66970", "2018-06-30": "21.24370", "2018-03-31": "46.70770", "2017-12-31": "35.86330", "2017-09-30": "18.11770", "2017-06-30": "18.63260", "2017-03-31": "18.66380", "2016-12-31": "113.28230", "2016-09-30": "18.80810", "2016-06-30": "17.44660", "2016-03-31": "16.23620", "2015-12-31": "14.65250", "2015-09-30": "18.15620", "2015-06-30": "18.20700", "2015-03-31": "20.60180", "2014-12-31": "16.37230", "2014-09-30": "16.00180", "2014-06-30": "16.13210", "2014-03-31": "13.38630", "2013-12-31": "11.89560", "2013-09-30": "17.57860", "2013-06-30": "16.19140", "2013-03-31": "16.02740", "2012-12-31": "8.13160", "2012-09-30": "10.71180", "2012-06-30": "9.71580", "2012-03-31": "8.90650", "2011-12-31": "24.63720", "2011-09-30": "-16.78830", "2011-06-30": "2.94420", "2011-03-31": "5.11630", "2010-12-31": "-182.62780", "2010-09-30": "4.97470", "2010-06-30": "6.00660", "2010-03-31": "5.84760", "2009-12-31": "20.77160", "2009-09-30": "-1.90380", "2009-06-30": "11.97350", "2009-03-31": "10.86430", "2008-12-31": "6.85000", "2008-09-30": "13.53700", "2008-06-30": "13.88870", "2008-03-31": "15.60440", "2007-12-31": "-1.81750", "2007-09-30": "21.61620", "2007-06-30": "19.32410", "2007-03-31": "20.15620", "2006-12-31": "-20.28110", "2006-09-30": "22.96260", "2006-06-30": "23.77280", "2006-03-31": "22.24030", "2005-12-31": "-0.23570", "2005-09-30": "25.13530", "2005-06-30": "25.76510", "2005-03-31": "29.21540"}, "EBIT Margin": {"2020-09-30": "9.71310", "2020-06-30": "29.86990", "2020-03-31": "12.11710", "2019-12-31": "14.69140", "2019-09-30": "19.92460", "2019-06-30": "23.07970", "2019-03-31": "19.39390", "2018-12-31": "47.15370", "2018-09-30": "20.66970", "2018-06-30": "21.24370", "2018-03-31": "46.70770", "2017-12-31": "35.86330", "2017-09-30": "18.11770", "2017-06-30": "18.63260", "2017-03-31": "18.66380", "2016-12-31": "113.28230", "2016-09-30": "18.80810", "2016-06-30": "17.44660", "2016-03-31": "16.23620", "2015-12-31": "14.65250", "2015-09-30": "18.15620", "2015-06-30": "18.20700", "2015-03-31": "20.60180", "2014-12-31": "16.37230", "2014-09-30": "16.00180", "2014-06-30": "16.13210", "2014-03-31": "13.38630", "2013-12-31": "11.89560", "2013-09-30": "17.57860", "2013-06-30": "16.19140", "2013-03-31": "16.02740", "2012-12-31": "8.13160", "2012-09-30": "10.71180", "2012-06-30": "9.71580", "2012-03-31": "8.90650", "2011-12-31": "24.63720", "2011-09-30": "-16.78830", "2011-06-30": "2.94420", "2011-03-31": "5.11630", "2010-12-31": "-182.62780", "2010-09-30": "4.97470", "2010-06-30": "6.00660", "2010-03-31": "5.84760", "2009-12-31": "20.77160", "2009-09-30": "-1.90380", "2009-06-30": "11.97350", "2009-03-31": "10.86430", "2008-12-31": "6.85000", "2008-09-30": "13.53700", "2008-06-30": "13.88870", "2008-03-31": "15.60440", "2007-12-31": "-1.81750", "2007-09-30": "21.61620", "2007-06-30": "19.32410", "2007-03-31": "20.15620", "2006-12-31": "-20.28110", "2006-09-30": "22.96260", "2006-06-30": "23.77280", "2006-03-31": "22.24030", "2005-12-31": "-0.23570", "2005-09-30": "25.13530", "2005-06-30": "25.76510", "2005-03-31": "29.21540"}, "EBITDA Margin": {"2020-09-30": "", "2020-06-30": "", "2020-03-31": "", "2019-12-31": "", "2019-09-30": "", "2019-06-30": "", "2019-03-31": "", "2018-12-31": "", "2018-09-30": "", "2018-06-30": "", "2018-03-31": "", "2017-12-31": "", "2017-09-30": "", "2017-06-30": "", "2017-03-31": "", "2016-12-31": "", "2016-09-30": "", "2016-06-30": "", "2016-03-31": "", "2015-12-31": "", "2015-09-30": "", "2015-06-30": "", "2015-03-31": "", "2014-12-31": "", "2014-09-30": "", "2014-06-30": "", "2014-03-31": "", "2013-12-31": "", "2013-09-30": "", "2013-06-30": "", "2013-03-31": "", "2012-12-31": "", "2012-09-30": "", "2012-06-30": "", "2012-03-31": "", "2011-12-31": "", "2011-09-30": "", "2011-06-30": "", "2011-03-31": "", "2010-12-31": "", "2010-09-30": "", "2010-06-30": "", "2010-03-31": "", "2009-12-31": "", "2009-09-30": "", "2009-06-30": "", "2009-03-31": "", "2008-12-31": "", "2008-09-30": "", "2008-06-30": "", "2008-03-31": "", "2007-12-31": "", "2007-09-30": "", "2007-06-30": "", "2007-03-31": "", "2006-12-31": "", "2006-09-30": "", "2006-06-30": "", "2006-03-31": "", "2005-12-31": "", "2005-09-30": "", "2005-06-30": "", "2005-03-31": ""}, "Pre-Tax Profit Margin": {"2020-09-30": "-8.71810", "2020-06-30": "20.70650", "2020-03-31": "1.77430", "2019-12-31": "34.52520", "2019-09-30": "10.46770", "2019-06-30": "13.66580", "2019-03-31": "10.64530", "2018-12-31": "33.50620", "2018-09-30": "7.67100", "2018-06-30": "8.73060", "2018-03-31": "35.31400", "2017-12-31": "30.32820", "2017-09-30": "7.04800", "2017-06-30": "4.60850", "2017-03-31": "10.90710", "2016-12-31": "116.21670", "2016-09-30": "12.15200", "2016-06-30": "4.96130", "2016-03-31": "3.46270", "2015-12-31": "1.30640", "2015-09-30": "5.89930", "2015-06-30": "4.37220", "2015-03-31": "34.58060", "2014-12-31": "-0.28730", "2014-09-30": "3.92690", "2014-06-30": "1.06480", "2014-03-31": "-4.30420", "2013-12-31": "-1.73620", "2013-09-30": "-0.16060", "2013-06-30": "0.97150", "2013-03-31": "-1.69570", "2012-12-31": "-23.21600", "2012-09-30": "-6.21490", "2012-06-30": "-14.39630", "2012-03-31": "0.99360", "2011-12-31": "-22.41550", "2011-09-30": "-17.75760", "2011-06-30": "-22.23600", "2011-03-31": "-23.07510", "2010-12-31": "-43.27330", "2010-09-30": "-18.80250", "2010-06-30": "-19.16640", "2010-03-31": "-18.61630", "2009-12-31": "-29.17000", "2009-09-30": "-26.78970", "2009-06-30": "-9.44340", "2009-03-31": "-8.51650", "2008-12-31": "-11.77610", "2008-09-30": "-10.86520", "2008-06-30": "-9.32930", "2008-03-31": "-10.97530", "2007-12-31": "-23.61420", "2007-09-30": "-9.98910", "2007-06-30": "-10.72270", "2007-03-31": "-11.26820", "2006-12-31": "-20.28110", "2006-09-30": "-4.45990", "2006-06-30": "-4.21040", "2006-03-31": "-4.29150", "2005-12-31": "-0.23570", "2005-09-30": "-0.85040", "2005-06-30": "1.08620", "2005-03-31": "2.85960"}, "Net Profit Margin": {"2020-09-30": "-8.48560", "2020-06-30": "18.45660", "2020-03-31": "1.29250", "2019-12-31": "31.69370", "2019-09-30": "8.86040", "2019-06-30": "12.29540", "2019-03-31": "8.67910", "2018-12-31": "30.32430", "2018-09-30": "6.62760", "2018-06-30": "7.55750", "2018-03-31": "31.89870", "2017-12-31": "27.01680", "2017-09-30": "6.07910", "2017-06-30": "3.72130", "2017-03-31": "10.26820", "2016-12-31": "97.31900", "2016-09-30": "10.69960", "2016-06-30": "7.12650", "2016-03-31": "4.03040", "2015-12-31": "69.64710", "2015-09-30": "5.58270", "2015-06-30": "39.80510", "2015-03-31": "33.16950", "2014-12-31": "30.77370", "2014-09-30": "19.16210", "2014-06-30": "14.27350", "2014-03-31": "8.80130", "2013-12-31": "18.49330", "2013-09-30": "1.18090", "2013-06-30": "2.24850", "2013-03-31": "-0.64850", "2012-12-31": "-7.51320", "2012-09-30": "-5.38240", "2012-06-30": "80.86990", "2012-03-31": "46.13800", "2011-12-31": "27.89230", "2011-09-30": "-9.20170", "2011-06-30": "7.91520", "2011-03-31": "-21.24580", "2010-12-31": "-39.82870", "2010-09-30": "-17.15610", "2010-06-30": "-19.48040", "2010-03-31": "-18.02910", "2009-12-31": "-24.97730", "2009-09-30": "-26.93570", "2009-06-30": "-9.53650", "2009-03-31": "-9.91330", "2008-12-31": "-11.85320", "2008-09-30": "-6.21290", "2008-06-30": "-2.64990", "2008-03-31": "549.11480", "2007-12-31": "80.29680", "2007-09-30": "56.19060", "2007-06-30": "0.63740", "2007-03-31": "22.14080", "2006-12-31": "17.61610", "2006-09-30": "32.34100", "2006-06-30": "17.08160", "2006-03-31": "4.87140", "2005-12-31": "41.05740", "2005-09-30": "7.05660", "2005-06-30": "30.87020", "2005-03-31": "6.46950"}, "Asset Turnover": {"2020-09-30": "0.03250", "2020-06-30": "0.03210", "2020-03-31": "0.03320", "2019-12-31": "0.03160", "2019-09-30": "0.03400", "2019-06-30": "0.03430", "2019-03-31": "0.03400", "2018-12-31": "0.03470", "2018-09-30": "0.03470", "2018-06-30": "0.03370", "2018-03-31": "0.03290", "2017-12-31": "0.03270", "2017-09-30": "0.03240", "2017-06-30": "0.03190", "2017-03-31": "0.03150", "2016-12-31": "0.03160", "2016-09-30": "0.03180", "2016-06-30": "0.03140", "2016-03-31": "0.03090", "2015-12-31": "0.03100", "2015-09-30": "0.03200", "2015-06-30": "0.03110", "2015-03-31": "0.03200", "2014-12-31": "0.03070", "2014-09-30": "0.03000", "2014-06-30": "0.02940", "2014-03-31": "0.02900", "2013-12-31": "0.02840", "2013-09-30": "0.02830", "2013-06-30": "0.02810", "2013-03-31": "0.02680", "2012-12-31": "0.02570", "2012-09-30": "0.02680", "2012-06-30": "0.02580", "2012-03-31": "0.02520", "2011-12-31": "0.02360", "2011-09-30": "0.02480", "2011-06-30": "0.02570", "2011-03-31": "0.02590", "2010-12-31": "0.01400", "2010-09-30": "0.02780", "2010-06-30": "0.02930", "2010-03-31": "0.02870", "2009-12-31": "0.01930", "2009-09-30": "0.03020", "2009-06-30": "0.03130", "2009-03-31": "0.03000", "2008-12-31": "0.02970", "2008-09-30": "0.03090", "2008-06-30": "0.02910", "2008-03-31": "0.02590", "2007-12-31": "0.02450", "2007-09-30": "0.02880", "2007-06-30": "0.02650", "2007-03-31": "0.02660", "2006-12-31": "0.02580", "2006-09-30": "0.03670", "2006-06-30": "0.03520", "2006-03-31": "0.03700", "2005-12-31": "0.03690", "2005-09-30": "0.03570", "2005-06-30": "0.03610", "2005-03-31": "0.03940"}, "Inventory Turnover Ratio": {"2020-09-30": "", "2020-06-30": "", "2020-03-31": "", "2019-12-31": "", "2019-09-30": "", "2019-06-30": "", "2019-03-31": "", "2018-12-31": "", "2018-09-30": "", "2018-06-30": "", "2018-03-31": "", "2017-12-31": "", "2017-09-30": "", "2017-06-30": "", "2017-03-31": "", "2016-12-31": "", "2016-09-30": "", "2016-06-30": "", "2016-03-31": "", "2015-12-31": "", "2015-09-30": "", "2015-06-30": "", "2015-03-31": "", "2014-12-31": "", "2014-09-30": "", "2014-06-30": "", "2014-03-31": "", "2013-12-31": "", "2013-09-30": "", "2013-06-30": "", "2013-03-31": "", "2012-12-31": "", "2012-09-30": "", "2012-06-30": "", "2012-03-31": "", "2011-12-31": "", "2011-09-30": "", "2011-06-30": "", "2011-03-31": "", "2010-12-31": "", "2010-09-30": "", "2010-06-30": "", "2010-03-31": "", "2009-12-31": "", "2009-09-30": "", "2009-06-30": "", "2009-03-31": "", "2008-12-31": "", "2008-09-30": "", "2008-06-30": "", "2008-03-31": "", "2007-12-31": "", "2007-09-30": "", "2007-06-30": "", "2007-03-31": "", "2006-12-31": "", "2006-09-30": "", "2006-06-30": "", "2006-03-31": "", "2005-12-31": "", "2005-09-30": "", "2005-06-30": "", "2005-03-31": ""}, "Receiveable Turnover": {"2020-09-30": "", "2020-06-30": "", "2020-03-31": "", "2019-12-31": "", "2019-09-30": "", "2019-06-30": "", "2019-03-31": "", "2018-12-31": "", "2018-09-30": "", "2018-06-30": "", "2018-03-31": "", "2017-12-31": "", "2017-09-30": "", "2017-06-30": "", "2017-03-31": "", "2016-12-31": "", "2016-09-30": "", "2016-06-30": "", "2016-03-31": "", "2015-12-31": "", "2015-09-30": "", "2015-06-30": "", "2015-03-31": "", "2014-12-31": "", "2014-09-30": "", "2014-06-30": "", "2014-03-31": "", "2013-12-31": "", "2013-09-30": "", "2013-06-30": "", "2013-03-31": "", "2012-12-31": "", "2012-09-30": "", "2012-06-30": "", "2012-03-31": "", "2011-12-31": "", "2011-09-30": "", "2011-06-30": "", "2011-03-31": "", "2010-12-31": "", "2010-09-30": "", "2010-06-30": "", "2010-03-31": "", "2009-12-31": "", "2009-09-30": "", "2009-06-30": "", "2009-03-31": "", "2008-12-31": "", "2008-09-30": "", "2008-06-30": "", "2008-03-31": "", "2007-12-31": "", "2007-09-30": "", "2007-06-30": "", "2007-03-31": "", "2006-12-31": "", "2006-09-30": "", "2006-06-30": "", "2006-03-31": "", "2005-12-31": "", "2005-09-30": "", "2005-06-30": "", "2005-03-31": ""}, "Days Sales In Receivables": {"2020-09-30": "", "2020-06-30": "", "2020-03-31": "", "2019-12-31": "", "2019-09-30": "", "2019-06-30": "", "2019-03-31": "", "2018-12-31": "", "2018-09-30": "", "2018-06-30": "", "2018-03-31": "", "2017-12-31": "", "2017-09-30": "", "2017-06-30": "", "2017-03-31": "", "2016-12-31": "", "2016-09-30": "", "2016-06-30": "", "2016-03-31": "", "2015-12-31": "", "2015-09-30": "", "2015-06-30": "", "2015-03-31": "", "2014-12-31": "", "2014-09-30": "", "2014-06-30": "", "2014-03-31": "", "2013-12-31": "", "2013-09-30": "", "2013-06-30": "", "2013-03-31": "", "2012-12-31": "", "2012-09-30": "", "2012-06-30": "", "2012-03-31": "", "2011-12-31": "", "2011-09-30": "", "2011-06-30": "", "2011-03-31": "", "2010-12-31": "", "2010-09-30": "", "2010-06-30": "", "2010-03-31": "", "2009-12-31": "", "2009-09-30": "", "2009-06-30": "", "2009-03-31": "", "2008-12-31": "", "2008-09-30": "", "2008-06-30": "", "2008-03-31": "", "2007-12-31": "", "2007-09-30": "", "2007-06-30": "", "2007-03-31": "", "2006-12-31": "", "2006-09-30": "", "2006-06-30": "", "2006-03-31": "", "2005-12-31": "", "2005-09-30": "", "2005-06-30": "", "2005-03-31": ""}, "ROE - Return On Equity": {"2020-09-30": "-0.82760", "2020-06-30": "1.84250", "2020-03-31": "0.16140", "2019-12-31": "3.14790", "2019-09-30": "0.91210", "2019-06-30": "1.31140", "2019-03-31": "0.91220", "2018-12-31": "3.11530", "2018-09-30": "0.79090", "2018-06-30": "0.82440", "2018-03-31": "3.14220", "2017-12-31": "2.78790", "2017-09-30": "0.62600", "2017-06-30": "0.38790", "2017-03-31": "0.87740", "2016-12-31": "8.85530", "2016-09-30": "1.02330", "2016-06-30": "0.42200", "2016-03-31": "0.29150", "2015-12-31": "0.15860", "2015-09-30": "0.48410", "2015-06-30": "0.38560", "2015-03-31": "2.76430", "2014-12-31": "0.24110", "2014-09-30": "0.38830", "2014-06-30": "0.16530", "2014-03-31": "-0.19270", "2013-12-31": "-0.12190", "2013-09-30": "0.08450", "2013-06-30": "0.16040", "2013-03-31": "-0.04030", "2012-12-31": "-0.55580", "2012-09-30": "-0.28390", "2012-06-30": "-0.75360", "2012-03-31": "0.07220", "2011-12-31": "-1.36340", "2011-09-30": "-1.36320", "2011-06-30": "-2.00470", "2011-03-31": "-2.18160", "2010-12-31": "-2.26550", "2010-09-30": "-1.85510", "2010-06-30": "-2.29590", "2010-03-31": "-2.13330", "2009-12-31": "-2.28620", "2009-09-30": "-3.16800", "2009-06-30": "-1.09110", "2009-03-31": "-0.96010", "2008-12-31": "-1.42790", "2008-09-30": "-1.32350", "2008-06-30": "-1.01510", "2008-03-31": "-1.01770", "2007-12-31": "9.90760", "2007-09-30": "-1.55430", "2007-06-30": "-1.58940", "2007-03-31": "-1.53420", "2006-12-31": "-2.61370", "2006-09-30": "-0.76810", "2006-06-30": "-0.72010", "2006-03-31": "-0.72890", "2005-12-31": "-0.01990", "2005-09-30": "-0.10550", "2005-06-30": "0.17780", "2005-03-31": "0.48530"}, "Return On Tangible Equity": {"2020-09-30": "-0.81650", "2020-06-30": "1.81840", "2020-03-31": "0.15930", "2019-12-31": "3.10500", "2019-09-30": "0.89930", "2019-06-30": "1.29100", "2019-03-31": "0.89800", "2018-12-31": "3.06610", "2018-09-30": "0.77690", "2018-06-30": "0.81060", "2018-03-31": "3.09190", "2017-12-31": "2.74250", "2017-09-30": "0.61590", "2017-06-30": "0.38160", "2017-03-31": "0.86400", "2016-12-31": "8.72240", "2016-09-30": "1.00700", "2016-06-30": "0.41540", "2016-03-31": "0.28700", "2015-12-31": "0.15610", "2015-09-30": "0.47630", "2015-06-30": "0.37930", "2015-03-31": "2.71850", "2014-12-31": "0.23700", "2014-09-30": "0.38180", "2014-06-30": "0.16240", "2014-03-31": "-0.18950", "2013-12-31": "-0.11990", "2013-09-30": "0.08310", "2013-06-30": "0.15780", "2013-03-31": "-0.03960", "2012-12-31": "-0.54710", "2012-09-30": "-0.27960", "2012-06-30": "-0.74230", "2012-03-31": "0.06860", "2011-12-31": "-1.28800", "2011-09-30": "-1.28820", "2011-06-30": "-1.86440", "2011-03-31": "-2.00610", "2010-12-31": "-2.08010", "2010-09-30": "-1.70930", "2010-06-30": "-2.07570", "2010-03-31": "-1.93330", "2009-12-31": "-2.06990", "2009-09-30": "-2.82120", "2009-06-30": "-0.97710", "2009-03-31": "-0.86190", "2008-12-31": "-1.26960", "2008-09-30": "-1.17980", "2008-06-30": "-0.89460", "2008-03-31": "-0.90190", "2007-12-31": "8.14290", "2007-09-30": "-1.26860", "2007-06-30": "-1.29270", "2007-03-31": "-1.26700", "2006-12-31": "-2.16300", "2006-09-30": "-0.63860", "2006-06-30": "-0.59710", "2006-03-31": "-0.60590", "2005-12-31": "-0.01660", "2005-09-30": "-0.08880", "2005-06-30": "0.15030", "2005-03-31": "0.40980"}, "ROA - Return On Assets": {"2020-09-30": "-0.28500", "2020-06-30": "0.64920", "2020-03-31": "0.05720", "2019-12-31": "1.09210", "2019-09-30": "0.33830", "2019-06-30": "0.46740", "2019-03-31": "0.33440", "2018-12-31": "1.16210", "2018-09-30": "0.26380", "2018-06-30": "0.29120", "2018-03-31": "1.15740", "2017-12-31": "1.00550", "2017-09-30": "0.22640", "2017-06-30": "0.14240", "2017-03-31": "0.33950", "2016-12-31": "3.51750", "2016-09-30": "0.38510", "2016-06-30": "0.16100", "2016-03-31": "0.11230", "2015-12-31": "0.05910", "2015-09-30": "0.19780", "2015-06-30": "0.15620", "2015-03-31": "1.11420", "2014-12-31": "0.09500", "2014-09-30": "0.15380", "2014-06-30": "0.06290", "2014-03-31": "-0.07600", "2013-12-31": "-0.04950", "2013-09-30": "0.03480", "2013-06-30": "0.06710", "2013-03-31": "-0.01690", "2012-12-31": "-0.23880", "2012-09-30": "-0.12360", "2012-06-30": "-0.33160", "2012-03-31": "0.02510", "2011-12-31": "-0.44430", "2011-09-30": "-0.44120", "2011-06-30": "-0.57250", "2011-03-31": "-0.59700", "2010-12-31": "-0.60570", "2010-09-30": "-0.52290", "2010-06-30": "-0.56110", "2010-03-31": "-0.53360", "2009-12-31": "-0.56420", "2009-09-30": "-0.80940", "2009-06-30": "-0.29600", "2009-03-31": "-0.25560", "2008-12-31": "-0.35030", "2008-09-30": "-0.33530", "2008-06-30": "-0.27170", "2008-03-31": "-0.28400", "2007-12-31": "1.72890", "2007-09-30": "-0.26800", "2007-06-30": "-0.26180", "2007-03-31": "-0.27910", "2006-12-31": "-0.48810", "2006-09-30": "-0.14720", "2006-06-30": "-0.13480", "2006-03-31": "-0.14420", "2005-12-31": "-0.00410", "2005-09-30": "-0.02280", "2005-06-30": "0.04070", "2005-03-31": "0.11000"}, "ROI - Return On Investment": {"2020-09-30": "-0.32990", "2020-06-30": "0.75900", "2020-03-31": "0.06620", "2019-12-31": "1.29970", "2019-09-30": "0.40820", "2019-06-30": "0.56030", "2019-03-31": "0.40600", "2018-12-31": "1.38500", "2018-09-30": "0.31560", "2018-06-30": "0.34420", "2018-03-31": "1.35880", "2017-12-31": "1.19500", "2017-09-30": "0.26900", "2017-06-30": "0.16930", "2017-03-31": "0.39930", "2016-12-31": "4.15690", "2016-09-30": "0.45540", "2016-06-30": "0.19100", "2016-03-31": "0.13360", "2015-12-31": "0.07000", "2015-09-30": "0.21440", "2015-06-30": "0.16880", "2015-03-31": "1.20770", "2014-12-31": "0.10290", "2014-09-30": "0.16560", "2014-06-30": "0.06780", "2014-03-31": "-0.08160", "2013-12-31": "-0.05320", "2013-09-30": "0.03740", "2013-06-30": "0.07220", "2013-03-31": "-0.01810", "2012-12-31": "-0.25580", "2012-09-30": "-0.13350", "2012-06-30": "-0.35790", "2012-03-31": "0.02700", "2011-12-31": "-0.47880", "2011-09-30": "-0.47510", "2011-06-30": "-0.61720", "2011-03-31": "-0.63700", "2010-12-31": "-0.64690", "2010-09-30": "-0.55560", "2010-06-30": "-0.59570", "2010-03-31": "-0.56560", "2009-12-31": "-0.60010", "2009-09-30": "-0.86060", "2009-06-30": "-0.31170", "2009-03-31": "-0.27060", "2008-12-31": "-0.38500", "2008-09-30": "-0.35630", "2008-06-30": "-0.28810", "2008-03-31": "-0.30150", "2007-12-31": "1.83560", "2007-09-30": "-0.28310", "2007-06-30": "-0.27540", "2007-03-31": "-0.29320", "2006-12-31": "-0.51950", "2006-09-30": "-0.15620", "2006-06-30": "-0.14240", "2006-03-31": "-0.15220", "2005-12-31": "-0.00430", "2005-09-30": "-0.02430", "2005-06-30": "0.04320", "2005-03-31": "0.11650"}, "Book Value Per Share": {"2020-09-30": "11.31980", "2020-06-30": "11.57340", "2020-03-31": "11.79590", "2019-12-31": "11.50530", "2019-09-30": "11.16850", "2019-06-30": "10.48380", "2019-03-31": "10.51260", "2018-12-31": "10.60720", "2018-09-30": "9.71520", "2018-06-30": "10.34400", "2018-03-31": "10.78460", "2017-12-31": "10.58680", "2017-09-30": "10.66110", "2017-06-30": "10.83310", "2017-03-31": "11.36850", "2016-12-31": "11.58790", "2016-09-30": "10.94970", "2016-06-30": "11.04200", "2016-03-31": "11.13190", "2015-12-31": "11.07760", "2015-09-30": "10.97350", "2015-06-30": "11.03280", "2015-03-31": "10.85390", "2014-12-31": "10.72440", "2014-09-30": "10.88930", "2014-06-30": "10.66990", "2014-03-31": "10.90510", "2013-12-31": "11.21640", "2013-09-30": "11.28210", "2013-06-30": "11.43520", "2013-03-31": "11.69380", "2012-12-31": "11.96870", "2012-09-30": "12.21580", "2012-06-30": "12.44950", "2012-03-31": "11.13300", "2011-12-31": "10.55670", "2011-09-30": "10.64100", "2011-06-30": "9.30860", "2011-03-31": "8.74290", "2010-12-31": "8.82230", "2010-09-30": "9.20040", "2010-06-30": "8.42190", "2010-03-31": "8.74960", "2009-12-31": "8.99870", "2009-09-30": "9.40480", "2009-06-30": "10.00120", "2009-03-31": "10.31520", "2008-12-31": "10.32830", "2008-09-30": "11.31520", "2008-06-30": "11.91740", "2008-03-31": "12.34260", "2007-12-31": "7.06260", "2007-09-30": "7.35290", "2007-06-30": "7.20590", "2007-03-31": "7.69970", "2006-12-31": "7.81500", "2006-09-30": "8.01490", "2006-06-30": "7.91650", "2006-03-31": "8.03030", "2005-12-31": "8.26590", "2005-09-30": "8.39570", "2005-06-30": "8.60620", "2005-03-31": "8.53460"}, "Operating Cash Flow Per Share": {"2020-09-30": 0.4735, "2020-06-30": 0.6154, "2020-03-31": "0.45890", "2019-12-31": 0.6271, "2019-09-30": 0.5644, "2019-06-30": 0.5188, "2019-03-31": "0.49480", "2018-12-31": 0.5678, "2018-09-30": 0.5641, "2018-06-30": 0.4574, "2018-03-31": "0.49130", "2017-12-31": 0.4835, "2017-09-30": 0.5556, "2017-06-30": 0.4436, "2017-03-31": "0.44760", "2016-12-31": 0.5794, "2016-09-30": 0.5834, "2016-06-30": 0.4178, "2016-03-31": "0.42670", "2015-12-31": 0.5682, "2015-09-30": 0.345, "2015-06-30": 0.4545, "2015-03-31": "0.37120", "2014-12-31": 0.4563, "2014-09-30": 0.3729, "2014-06-30": 0.4107, "2014-03-31": "0.32770", "2013-12-31": 0.3207, "2013-09-30": 0.3534, "2013-06-30": 0.419, "2013-03-31": "0.26670", "2012-12-31": 0.3703, "2012-09-30": 0.3512, "2012-06-30": 0.3322, "2012-03-31": "0.31610", "2011-12-31": 0.3935, "2011-09-30": 0.2514, "2011-06-30": 0.3414, "2011-03-31": "0.26270", "2010-12-31": 0.3392, "2010-09-30": 0.3196, "2010-06-30": 0.3667, "2010-03-31": "0.26590", "2009-12-31": 0.2743, "2009-09-30": 0.4346, "2009-06-30": 0.3334, "2009-03-31": "0.49630", "2008-12-31": 0.3705, "2008-09-30": 0.4101, "2008-06-30": 0.4424, "2008-03-31": "0.15740", "2007-12-31": 0.5519, "2007-09-30": 0.582, "2007-06-30": 0.6052, "2007-03-31": "0.27020", "2006-12-31": 0.5462, "2006-09-30": 0.5037, "2006-06-30": 0.485, "2006-03-31": "0.24120", "2005-12-31": 0.5768, "2005-09-30": 0.4367, "2005-06-30": 0.4456, "2005-03-31": "0.36750"}, "Free Cash Flow Per Share": {"2020-09-30": 0.2346, "2020-06-30": 0.3581, "2020-03-31": "0.26060", "2019-12-31": 0.391, "2019-09-30": 0.3776, "2019-06-30": 0.3556, "2019-03-31": "0.34760", "2018-12-31": 0.3769, "2018-09-30": 0.3363, "2018-06-30": 0.1768, "2018-03-31": "0.19810", "2017-12-31": 0.1502, "2017-09-30": 0.1713, "2017-06-30": 0.0884, "2017-03-31": "0.12670", "2016-12-31": 0.3007, "2016-09-30": 0.2723, "2016-06-30": 0.214, "2016-03-31": "0.19350", "2015-12-31": 0.3984, "2015-09-30": 0.1165, "2015-06-30": 0.2653, "2015-03-31": "0.12210", "2014-12-31": 0.0353, "2014-09-30": 0.0982, "2014-06-30": 0.0584, "2014-03-31": "-0.01970", "2013-12-31": -0.0607, "2013-09-30": -0.0036, "2013-06-30": -0.1612, "2013-03-31": "-0.18260", "2012-12-31": -0.176, "2012-09-30": -0.0302, "2012-06-30": -0.0367, "2012-03-31": "-0.06090", "2011-12-31": 0.0889, "2011-09-30": -0.0099, "2011-06-30": 0.1042, "2011-03-31": "0.05520", "2010-12-31": 0.1321, "2010-09-30": 0.1257, "2010-06-30": 0.0051, "2010-03-31": "0.00070", "2009-12-31": -0.1534, "2009-09-30": -0.0367, "2009-06-30": -0.145, "2009-03-31": "0.03030", "2008-12-31": -0.3495, "2008-09-30": -0.2297, "2008-06-30": -0.1266, "2008-03-31": "-0.26800", "2007-12-31": -0.0144, "2007-09-30": 0.0158, "2007-06-30": 0.0014, "2007-03-31": "-0.23530", "2006-12-31": -0.3183, "2006-09-30": -0.1087, "2006-06-30": 0.0212, "2006-03-31": "-0.21510", "2005-12-31": 0.0224, "2005-09-30": 0.0214, "2005-06-30": 0.1504, "2005-03-31": "0.09660"}}, "revenue": {"United Dominion Realty Trust Annual Revenue (Millions of US $)": {"2019": "$1,152", "2018": "$1,047", "2017": "$996", "2016": "$960", "2015": "$895", "2014": "$818", "2013": "$759", "2012": "$717", "2011": "$623", "2010": "$525", "2009": "$562", "2008": "$588", "2007": "$506", "2006": "$471", "2005": "$428"}, "United Dominion Realty Trust Quarterly Revenue (Millions of US $)": {"2020-09-30": "$310", "2020-06-30": "$307", "2020-03-31": "$321", "2019-12-31": "$305", "2019-09-30": "$295", "2019-06-30": "$281", "2019-03-31": "$271", "2018-12-31": "$268", "2018-09-30": "$266", "2018-06-30": "$260", "2018-03-31": "$253", "2017-12-31": "$253", "2017-09-30": "$251", "2017-06-30": "$248", "2017-03-31": "$244", "2016-12-31": "$243", "2016-09-30": "$243", "2016-06-30": "$239", "2016-03-31": "$235", "2015-12-31": "$238", "2015-09-30": "$221", "2015-06-30": "$216", "2015-03-31": "$220", "2014-12-31": "$210", "2014-09-30": "$207", "2014-06-30": "$204", "2014-03-31": "$198", "2013-12-31": "$193", "2013-09-30": "$191", "2013-06-30": "$190", "2013-03-31": "$185", "2012-12-31": "$176", "2012-09-30": "$185", "2012-06-30": "$180", "2012-03-31": "$175", "2011-12-31": "$158", "2011-09-30": "$169", "2011-06-30": "$153", "2011-03-31": "$142", "2010-12-31": "$77", "2010-09-30": "$152", "2010-06-30": "$149", "2010-03-31": "$147", "2009-12-31": "$99", "2009-09-30": "$151", "2009-06-30": "$156", "2009-03-31": "$156", "2008-12-31": "$153", "2008-09-30": "$157", "2008-06-30": "$147", "2008-03-31": "$131", "2007-12-31": "$118", "2007-09-30": "$134", "2007-06-30": "$127", "2007-03-31": "$126", "2006-12-31": "$120", "2006-09-30": "$172", "2006-06-30": "$166", "2006-03-31": "$168", "2005-12-31": "$168", "2005-09-30": "$160", "2005-06-30": "$157", "2005-03-31": "$172"}}, "gross-profit": {"United Dominion Realty Trust Annual Gross Profit (Millions of US $)": {"2019": "$776", "2018": "$703", "2017": "$674", "2016": "$651", "2015": "$603", "2014": "$539", "2013": "$493", "2012": "$466", "2011": "$398", "2010": "$330", "2009": "$355", "2008": "$379", "2007": "$322", "2006": "$296", "2005": "$265"}, "United Dominion Realty Trust Quarterly Gross Profit (Millions of US $)": {"2020-09-30": "$198", "2020-06-30": "$199", "2020-03-31": "$213", "2019-12-31": "$206", "2019-09-30": "$199", "2019-06-30": "$192", "2019-03-31": "$179", "2018-12-31": "$179", "2018-09-30": "$177", "2018-06-30": "$177", "2018-03-31": "$171", "2017-12-31": "$171", "2017-09-30": "$169", "2017-06-30": "$169", "2017-03-31": "$166", "2016-12-31": "$165", "2016-09-30": "$165", "2016-06-30": "$162", "2016-03-31": "$159", "2015-12-31": "$160", "2015-09-30": "$149", "2015-06-30": "$146", "2015-03-31": "$149", "2014-12-31": "$140", "2014-09-30": "$135", "2014-06-30": "$135", "2014-03-31": "$129", "2013-12-31": "$126", "2013-09-30": "$123", "2013-06-30": "$124", "2013-03-31": "$120", "2012-12-31": "$116", "2012-09-30": "$119", "2012-06-30": "$117", "2012-03-31": "$114", "2011-12-31": "$100", "2011-09-30": "$110", "2011-06-30": "$99", "2011-03-31": "$90", "2010-12-31": "$55", "2010-09-30": "$93", "2010-06-30": "$92", "2010-03-31": "$90", "2009-12-31": "$63", "2009-09-30": "$94", "2009-06-30": "$99", "2009-03-31": "$98", "2008-12-31": "$98", "2008-09-30": "$100", "2008-06-30": "$95", "2008-03-31": "$85", "2007-12-31": "$72", "2007-09-30": "$87", "2007-06-30": "$83", "2007-03-31": "$81", "2006-12-31": "$74", "2006-09-30": "$105", "2006-06-30": "$102", "2006-03-31": "$99", "2005-12-31": "$104", "2005-09-30": "$95", "2005-06-30": "$95", "2005-03-31": "$106"}}, "operating-income": {"United Dominion Realty Trust Annual Operating Income (Millions of US $)": {"2019": "$221", "2018": "$355", "2017": "$228", "2016": "$401", "2015": "$160", "2014": "$127", "2013": "$117", "2012": "$67", "2011": "$22", "2010": "$-116", "2009": "$53", "2008": "$73", "2007": "$77", "2006": "$97", "2005": "$103"}, "United Dominion Realty Trust Quarterly Operating Income (Millions of US $)": {"2020-09-30": "$30", "2020-06-30": "$92", "2020-03-31": "$39", "2019-12-31": "$45", "2019-09-30": "$59", "2019-06-30": "$65", "2019-03-31": "$52", "2018-12-31": "$126", "2018-09-30": "$55", "2018-06-30": "$55", "2018-03-31": "$118", "2017-12-31": "$91", "2017-09-30": "$45", "2017-06-30": "$46", "2017-03-31": "$46", "2016-12-31": "$275", "2016-09-30": "$46", "2016-06-30": "$42", "2016-03-31": "$38", "2015-12-31": "$35", "2015-09-30": "$40", "2015-06-30": "$39", "2015-03-31": "$45", "2014-12-31": "$34", "2014-09-30": "$33", "2014-06-30": "$33", "2014-03-31": "$27", "2013-12-31": "$23", "2013-09-30": "$34", "2013-06-30": "$31", "2013-03-31": "$30", "2012-12-31": "$14", "2012-09-30": "$20", "2012-06-30": "$18", "2012-03-31": "$16", "2011-12-31": "$39", "2011-09-30": "$-28", "2011-06-30": "$5", "2011-03-31": "$7", "2010-12-31": "$-141", "2010-09-30": "$8", "2010-06-30": "$9", "2010-03-31": "$9", "2009-12-31": "$21", "2009-09-30": "$-3", "2009-06-30": "$19", "2009-03-31": "$17", "2008-12-31": "$10", "2008-09-30": "$21", "2008-06-30": "$20", "2008-03-31": "$20", "2007-12-31": "$-2", "2007-09-30": "$29", "2007-06-30": "$25", "2007-03-31": "$25", "2006-12-31": "$-24", "2006-09-30": "$39", "2006-06-30": "$39", "2006-03-31": "$37", "2005-12-31": "$-0", "2005-09-30": "$40", "2005-06-30": "$41", "2005-03-31": "$50"}}, "ebitda": {"United Dominion Realty Trust Annual EBITDA (Millions of US $)": {"2019": "$729", "2018": "$790", "2017": "$664", "2016": "$826", "2015": "$541", "2014": "$491", "2013": "$465", "2012": "$422", "2011": "$397", "2010": "$205", "2009": "$349", "2008": "$344", "2007": "$352", "2006": "$350", "2005": "$323"}, "United Dominion Realty Trust Quarterly EBITDA (Millions of US $)": {"2020-09-30": "$186", "2020-06-30": "$249", "2020-03-31": "$196", "2019-12-31": "$190", "2019-09-30": "$188", "2019-06-30": "$185", "2019-03-31": "$167", "2018-12-31": "$234", "2018-09-30": "$165", "2018-06-30": "$163", "2018-03-31": "$228", "2017-12-31": "$202", "2017-09-30": "$154", "2017-06-30": "$156", "2017-03-31": "$152", "2016-12-31": "$379", "2016-09-30": "$153", "2016-06-30": "$149", "2016-03-31": "$145", "2015-12-31": "$142", "2015-09-30": "$132", "2015-06-30": "$131", "2015-03-31": "$136", "2014-12-31": "$128", "2014-09-30": "$124", "2014-06-30": "$123", "2014-03-31": "$116", "2013-12-31": "$115", "2013-09-30": "$119", "2013-06-30": "$117", "2013-03-31": "$114", "2012-12-31": "$99", "2012-09-30": "$109", "2012-06-30": "$103", "2012-03-31": "$111", "2011-12-31": "$130", "2011-09-30": "$73", "2011-06-30": "$98", "2011-03-31": "$96", "2010-12-31": "$-54", "2010-09-30": "$87", "2010-06-30": "$87", "2010-03-31": "$85", "2009-12-31": "$96", "2009-09-30": "$71", "2009-06-30": "$92", "2009-03-31": "$90", "2008-12-31": "$86", "2008-09-30": "$86", "2008-06-30": "$94", "2008-03-31": "$78", "2007-12-31": "$71", "2007-09-30": "$97", "2007-06-30": "$92", "2007-03-31": "$92", "2006-12-31": "$39", "2006-09-30": "$107", "2006-06-30": "$101", "2006-03-31": "$98", "2005-12-31": "$55", "2005-09-30": "$96", "2005-06-30": "$95", "2005-03-31": "$105"}}, "net-income": {"United Dominion Realty Trust Annual Net Income (Millions of US $)": {"2019": "$181", "2018": "$199", "2017": "$118", "2016": "$289", "2015": "$337", "2014": "$151", "2013": "$41", "2012": "$203", "2011": "$11", "2010": "$-112", "2009": "$-96", "2008": "$689", "2007": "$199", "2006": "$113", "2005": "$140"}, "United Dominion Realty Trust Quarterly Net Income (Millions of US $)": {"2020-09-30": "$-26", "2020-06-30": "$57", "2020-03-31": "$4", "2019-12-31": "$97", "2019-09-30": "$26", "2019-06-30": "$35", "2019-03-31": "$23", "2018-12-31": "$81", "2018-09-30": "$18", "2018-06-30": "$20", "2018-03-31": "$81", "2017-12-31": "$68", "2017-09-30": "$15", "2017-06-30": "$9", "2017-03-31": "$25", "2016-12-31": "$236", "2016-09-30": "$26", "2016-06-30": "$17", "2016-03-31": "$9", "2015-12-31": "$165", "2015-09-30": "$12", "2015-06-30": "$86", "2015-03-31": "$73", "2014-12-31": "$64", "2014-09-30": "$40", "2014-06-30": "$29", "2014-03-31": "$17", "2013-12-31": "$36", "2013-09-30": "$2", "2013-06-30": "$4", "2013-03-31": "$-1", "2012-12-31": "$-13", "2012-09-30": "$-10", "2012-06-30": "$146", "2012-03-31": "$81", "2011-12-31": "$44", "2011-09-30": "$-16", "2011-06-30": "$12", "2011-03-31": "$-30", "2010-12-31": "$-31", "2010-09-30": "$-26", "2010-06-30": "$-29", "2010-03-31": "$-26", "2009-12-31": "$-25", "2009-09-30": "$-41", "2009-06-30": "$-15", "2009-03-31": "$-15", "2008-12-31": "$-18", "2008-09-30": "$-10", "2008-06-30": "$-4", "2008-03-31": "$721", "2007-12-31": "$95", "2007-09-30": "$76", "2007-06-30": "$1", "2007-03-31": "$28", "2006-12-31": "$21", "2006-09-30": "$56", "2006-06-30": "$28", "2006-03-31": "$8", "2005-12-31": "$69", "2005-09-30": "$11", "2005-06-30": "$49", "2005-03-31": "$11"}}, "eps-earnings-per-share-diluted": {"United Dominion Realty Trust Annual EPS": {"2019": "$0.63", "2018": "$0.74", "2017": "$0.44", "2016": "$1.08", "2015": "$1.29", "2014": "$0.59", "2013": "$0.16", "2012": "$0.85", "2011": "$0.05", "2010": "$-0.68", "2009": "$-0.64", "2008": "$5.29", "2007": "$1.48", "2006": "$0.78", "2005": "$1.03"}, "United Dominion Realty Trust Quarterly EPS": {"2020-09-30": "$-0.09", "2020-06-30": "$0.19", "2020-03-31": "$0.01", "2019-12-31": "$0.34", "2019-09-30": "$0.09", "2019-06-30": "$0.12", "2019-03-31": "$0.08", "2018-12-31": "$0.30", "2018-09-30": "$0.07", "2018-06-30": "$0.07", "2018-03-31": "$0.30", "2017-12-31": "$0.26", "2017-09-30": "$0.06", "2017-06-30": "$0.03", "2017-03-31": "$0.09", "2016-12-31": "$0.88", "2016-09-30": "$0.10", "2016-06-30": "$0.06", "2016-03-31": "$0.04", "2015-12-31": "$0.63", "2015-09-30": "$0.05", "2015-06-30": "$0.33", "2015-03-31": "$0.28", "2014-12-31": "$0.24", "2014-09-30": "$0.16", "2014-06-30": "$0.12", "2014-03-31": "$0.07", "2013-12-31": "$0.13", "2013-09-30": "$0.01", "2013-06-30": "$0.02", "2013-03-31": "$0.00", "2012-12-31": "$-0.10", "2012-09-30": "$-0.04", "2012-06-30": "$0.62", "2012-03-31": "$0.37", "2011-12-31": "$0.23", "2011-09-30": "$-0.07", "2011-06-30": "$0.06", "2011-03-31": "$-0.17", "2010-12-31": "$-0.17", "2010-09-30": "$-0.16", "2010-06-30": "$-0.18", "2010-03-31": "$-0.17", "2009-12-31": "$-0.16", "2009-09-30": "$-0.27", "2009-06-30": "$-0.10", "2009-03-31": "$-0.11", "2008-12-31": "$0.34", "2008-09-30": "$-0.07", "2008-06-30": "$-0.03", "2008-03-31": "$5.05", "2007-12-31": "$0.70", "2007-09-30": "$0.56", "2007-06-30": "$0.01", "2007-03-31": "$0.21", "2006-12-31": "$0.16", "2006-09-30": "$0.42", "2006-06-30": "$0.21", "2006-03-31": "$0.06", "2005-12-31": "$0.51", "2005-09-30": "$0.08", "2005-06-30": "$0.36", "2005-03-31": "$0.08"}}, "shares-outstanding": {"United Dominion Realty Trust Annual Shares Outstanding (Millions of Shares)": {"2019": "286", "2018": "269", "2017": "269", "2016": "267", "2015": "264", "2014": "253", "2013": "250", "2012": "239", "2011": "201", "2010": "166", "2009": "149", "2008": "130", "2007": "134", "2006": "145", "2005": "136"}, "United Dominion Realty Trust Quarterly Shares Outstanding (Millions of Shares)": {"2020-09-30": "295", "2020-06-30": "295", "2020-03-31": "295", "2019-12-31": "286", "2019-09-30": "290", "2019-06-30": "283", "2019-03-31": "278", "2018-12-31": "269", "2018-09-30": "269", "2018-06-30": "269", "2018-03-31": "269", "2017-12-31": "269", "2017-09-30": "269", "2017-06-30": "269", "2017-03-31": "269", "2016-12-31": "267", "2016-09-30": "268", "2016-06-30": "268", "2016-03-31": "264", "2015-12-31": "264", "2015-09-30": "261", "2015-06-30": "263", "2015-03-31": "259", "2014-12-31": "253", "2014-09-30": "254", "2014-06-30": "252", "2014-03-31": "252", "2013-12-31": "250", "2013-09-30": "251", "2013-06-30": "251", "2013-03-31": "250", "2012-12-31": "239", "2012-09-30": "250", "2012-06-30": "234", "2012-03-31": "222", "2011-12-31": "201", "2011-09-30": "214", "2011-06-30": "190", "2011-03-31": "183", "2010-12-31": "166", "2010-09-30": "165", "2010-06-30": "161", "2010-03-31": "156", "2009-12-31": "149", "2009-09-30": "150", "2009-06-30": "149", "2009-03-31": "144", "2008-12-31": "130", "2008-09-30": "137", "2008-06-30": "138", "2008-03-31": "143", "2007-12-31": "134", "2007-09-30": "134", "2007-06-30": "135", "2007-03-31": "135", "2006-12-31": "134", "2006-09-30": "134", "2006-06-30": "134", "2006-03-31": "134", "2005-12-31": "136", "2005-09-30": "136", "2005-06-30": "136", "2005-03-31": "137"}}, "total-assets": {"United Dominion Realty Trust Annual Total Assets (Millions of US $)": {"2019": "$9,636", "2018": "$7,712", "2017": "$7,733", "2016": "$7,680", "2015": "$7,664", "2014": "$6,829", "2013": "$6,808", "2012": "$6,859", "2011": "$6,721", "2010": "$5,530", "2009": "$5,133", "2008": "$5,144", "2007": "$4,801", "2006": "$4,676", "2005": "$4,542"}, "United Dominion Realty Trust Quarterly Total Assets (Millions of US $)": {"2020-09-30": "$9,551", "2020-06-30": "$9,564", "2020-03-31": "$9,691", "2019-12-31": "$9,636", "2019-09-30": "$8,698", "2019-06-30": "$8,197", "2019-03-31": "$7,956", "2018-12-31": "$7,712", "2018-09-30": "$7,679", "2018-06-30": "$7,707", "2018-03-31": "$7,709", "2017-12-31": "$7,733", "2017-09-30": "$7,761", "2017-06-30": "$7,768", "2017-03-31": "$7,736", "2016-12-31": "$7,680", "2016-09-30": "$7,651", "2016-06-30": "$7,610", "2016-03-31": "$7,602", "2015-12-31": "$7,664", "2015-09-30": "$6,923", "2015-06-30": "$6,940", "2015-03-31": "$6,859", "2014-12-31": "$6,829", "2014-09-30": "$6,898", "2014-06-30": "$6,932", "2014-03-31": "$6,834", "2013-12-31": "$6,808", "2013-09-30": "$6,756", "2013-06-30": "$6,744", "2013-03-31": "$6,891", "2012-12-31": "$6,859", "2012-09-30": "$6,911", "2012-06-30": "$6,973", "2012-03-31": "$6,943", "2011-12-31": "$6,721", "2011-09-30": "$6,805", "2011-06-30": "$5,962", "2011-03-31": "$5,502", "2010-12-31": "$5,530", "2010-09-30": "$5,477", "2010-06-30": "$5,079", "2010-03-31": "$5,116", "2009-12-31": "$5,133", "2009-09-30": "$5,010", "2009-06-30": "$4,971", "2009-03-31": "$5,186", "2008-12-31": "$5,144", "2008-09-30": "$5,100", "2008-06-30": "$5,036", "2008-03-31": "$5,070", "2007-12-31": "$4,801", "2007-09-30": "$4,675", "2007-06-30": "$4,804", "2007-03-31": "$4,745", "2006-12-31": "$4,676", "2006-09-30": "$4,682", "2006-06-30": "$4,719", "2006-03-31": "$4,531", "2005-12-31": "$4,542", "2005-09-30": "$4,480", "2005-06-30": "$4,363", "2005-03-31": "$4,354"}}, "cash-on-hand": {"United Dominion Realty Trust Annual Cash on Hand (Millions of US $)": {"2019": "$622", "2018": "$990", "2017": "$743", "2016": "$849", "2015": "$966", "2014": "$756", "2013": "$53", "2012": "$36", "2011": "$37", "2010": "$29", "2009": "$53", "2008": "$20", "2007": "$8", "2006": "$8", "2005": "$20"}, "United Dominion Realty Trust Quarterly Cash on Hand (Millions of US $)": {"2020-09-30": "$671", "2020-06-30": "$621", "2020-03-31": "$23", "2019-12-31": "$622", "2019-09-30": "$815", "2019-06-30": "$793", "2019-03-31": "$773", "2018-12-31": "$990", "2018-09-30": "$795", "2018-06-30": "$771", "2018-03-31": "$753", "2017-12-31": "$743", "2017-09-30": "$862", "2017-06-30": "$864", "2017-03-31": "$841", "2016-12-31": "$849", "2016-09-30": "$942", "2016-06-30": "$959", "2016-03-31": "$25", "2015-12-31": "$966", "2015-09-30": "$947", "2015-06-30": "$941", "2015-03-31": "$793", "2014-12-31": "$756", "2014-09-30": "$689", "2014-06-30": "$663", "2014-03-31": "$557", "2013-12-31": "$53", "2013-09-30": "$566", "2013-06-30": "$567", "2013-03-31": "$493", "2012-12-31": "$36", "2012-09-30": "$107", "2012-06-30": "$789", "2012-03-31": "$577", "2011-12-31": "$37", "2011-09-30": "$33", "2011-06-30": "$42", "2011-03-31": "$176", "2010-12-31": "$29", "2010-09-30": "$83", "2010-06-30": "$73", "2010-03-31": "$80", "2009-12-31": "$53", "2009-09-30": "$124", "2009-06-30": "$111", "2009-03-31": "$125", "2008-12-31": "$20", "2008-09-30": "$60", "2008-06-30": "$58", "2008-03-31": "$117", "2007-12-31": "$8", "2007-09-30": "$37", "2007-06-30": "$8", "2007-03-31": "$8", "2006-12-31": "$8", "2006-09-30": "$34", "2006-06-30": "$11", "2006-03-31": "$41", "2005-12-31": "$20", "2005-09-30": "$10", "2005-06-30": "$22", "2005-03-31": "$8"}}, "long-term-debt": {"United Dominion Realty Trust Annual Long Term Debt (Millions of US $)": {"2019": "$4,708", "2018": "$3,548", "2017": "$3,672", "2016": "$3,401", "2015": "$3,571", "2014": "$3,565", "2013": "$3,524", "2012": "$3,409", "2011": "$3,918", "2010": "$3,568", "2009": "$3,427", "2008": "$3,261", "2007": "$3,503", "2006": "$3,339", "2005": "$3,160"}, "United Dominion Realty Trust Quarterly Long Term Debt (Millions of US $)": {"2020-09-30": "$4,918", "2020-06-30": "$4,767", "2020-03-31": "$4,885", "2019-12-31": "$4,708", "2019-09-30": "$3,936", "2019-06-30": "$3,871", "2019-03-31": "$3,590", "2018-12-31": "$3,548", "2018-09-30": "$3,811", "2018-06-30": "$3,752", "2018-03-31": "$3,681", "2017-12-31": "$3,672", "2017-09-30": "$3,679", "2017-06-30": "$3,635", "2017-03-31": "$3,537", "2016-12-31": "$3,401", "2016-09-30": "$3,544", "2016-06-30": "$3,465", "2016-03-31": "$3,412", "2015-12-31": "$3,571", "2015-09-30": "$3,513", "2015-06-30": "$3,564", "2015-03-31": "$3,517", "2014-12-31": "$3,565", "2014-09-30": "$3,628", "2014-06-30": "$3,748", "2014-03-31": "$3,628", "2013-12-31": "$3,524", "2013-09-30": "$3,463", "2013-06-30": "$3,395", "2013-03-31": "$3,499", "2012-12-31": "$3,409", "2012-09-30": "$3,343", "2012-06-30": "$3,345", "2012-03-31": "$3,913", "2011-12-31": "$3,918", "2011-09-30": "$3,989", "2011-06-30": "$3,700", "2011-03-31": "$3,519", "2010-12-31": "$3,568", "2010-09-30": "$3,480", "2010-06-30": "$3,412", "2010-03-31": "$3,414", "2009-12-31": "$3,427", "2009-09-30": "$3,275", "2009-06-30": "$3,214", "2009-03-31": "$3,360", "2008-12-31": "$3,261", "2008-09-30": "$3,351", "2008-06-30": "$3,220", "2008-03-31": "$3,179", "2007-12-31": "$3,503", "2007-09-30": "$3,439", "2007-06-30": "$3,594", "2007-03-31": "$3,471", "2006-12-31": "$3,339", "2006-09-30": "$3,333", "2006-06-30": "$3,402", "2006-03-31": "$3,214", "2005-12-31": "$3,160", "2005-09-30": "$3,057", "2005-06-30": "$2,926", "2005-03-31": "$2,941"}}, "total-liabilities": {"United Dominion Realty Trust Annual Total Liabilities (Millions of US $)": {"2019": "$6,247", "2018": "$4,789", "2017": "$4,898", "2016": "$4,583", "2015": "$4,763", "2014": "$4,093", "2013": "$3,995", "2012": "$3,865", "2011": "$4,403", "2010": "$3,920", "2009": "$3,734", "2008": "$3,724", "2007": "$3,782", "2006": "$3,621", "2005": "$3,434"}, "United Dominion Realty Trust Quarterly Total Liabilities (Millions of US $)": {"2020-09-30": "$6,218", "2020-06-30": "$6,150", "2020-03-31": "$6,213", "2019-12-31": "$6,247", "2019-09-30": "$5,426", "2019-06-30": "$5,229", "2019-03-31": "$4,993", "2018-12-31": "$4,789", "2018-09-30": "$5,071", "2018-06-30": "$4,939", "2018-03-31": "$4,823", "2017-12-31": "$4,898", "2017-09-30": "$4,908", "2017-06-30": "$4,869", "2017-03-31": "$4,696", "2016-12-31": "$4,583", "2016-09-30": "$4,725", "2016-06-30": "$4,661", "2016-03-31": "$4,628", "2015-12-31": "$4,763", "2015-09-30": "$4,048", "2015-06-30": "$4,081", "2015-03-31": "$4,047", "2014-12-31": "$4,093", "2014-09-30": "$4,119", "2014-06-30": "$4,249", "2014-03-31": "$4,092", "2013-12-31": "$3,995", "2013-09-30": "$3,927", "2013-06-30": "$3,876", "2013-03-31": "$3,959", "2012-12-31": "$3,865", "2012-09-30": "$3,855", "2012-06-30": "$3,858", "2012-03-31": "$4,405", "2011-12-31": "$4,403", "2011-09-30": "$4,474", "2011-06-30": "$4,131", "2011-03-31": "$3,865", "2010-12-31": "$3,920", "2010-09-30": "$3,802", "2010-06-30": "$3,706", "2010-03-31": "$3,704", "2009-12-31": "$3,734", "2009-09-30": "$3,573", "2009-06-30": "$3,465", "2009-03-31": "$3,648", "2008-12-31": "$3,724", "2008-09-30": "$3,651", "2008-06-30": "$3,507", "2008-03-31": "$3,474", "2007-12-31": "$3,782", "2007-09-30": "$3,687", "2007-06-30": "$3,831", "2007-03-31": "$3,700", "2006-12-31": "$3,621", "2006-09-30": "$3,603", "2006-06-30": "$3,654", "2006-03-31": "$3,453", "2005-12-31": "$3,434", "2005-09-30": "$3,329", "2005-06-30": "$3,183", "2005-03-31": "$3,185"}}, "total-share-holder-equity": {"United Dominion Realty Trust Annual Share Holder Equity (Millions of US $)": {"2019": "$3,389", "2018": "$2,923", "2017": "$2,835", "2016": "$3,097", "2015": "$2,901", "2014": "$2,736", "2013": "$2,813", "2012": "$2,994", "2011": "$2,319", "2010": "$1,610", "2009": "$1,399", "2008": "$1,419", "2007": "$1,019", "2006": "$1,055", "2005": "$1,108"}, "United Dominion Realty Trust Quarterly Share Holder Equity (Millions of US $)": {"2020-09-30": "$3,333", "2020-06-30": "$3,415", "2020-03-31": "$3,478", "2019-12-31": "$3,389", "2019-09-30": "$3,272", "2019-06-30": "$2,968", "2019-03-31": "$2,962", "2018-12-31": "$2,923", "2018-09-30": "$2,607", "2018-06-30": "$2,769", "2018-03-31": "$2,886", "2017-12-31": "$2,835", "2017-09-30": "$2,853", "2017-06-30": "$2,898", "2017-03-31": "$3,040", "2016-12-31": "$3,097", "2016-09-30": "$2,926", "2016-06-30": "$2,949", "2016-03-31": "$2,974", "2015-12-31": "$2,901", "2015-09-30": "$2,875", "2015-06-30": "$2,859", "2015-03-31": "$2,811", "2014-12-31": "$2,736", "2014-09-30": "$2,779", "2014-06-30": "$2,683", "2014-03-31": "$2,742", "2013-12-31": "$2,813", "2013-09-30": "$2,829", "2013-06-30": "$2,867", "2013-03-31": "$2,932", "2012-12-31": "$2,994", "2012-09-30": "$3,056", "2012-06-30": "$3,115", "2012-03-31": "$2,538", "2011-12-31": "$2,319", "2011-09-30": "$2,331", "2011-06-30": "$1,831", "2011-03-31": "$1,637", "2010-12-31": "$1,610", "2010-09-30": "$1,676", "2010-06-30": "$1,373", "2010-03-31": "$1,412", "2009-12-31": "$1,399", "2009-09-30": "$1,437", "2009-06-30": "$1,506", "2009-03-31": "$1,538", "2008-12-31": "$1,419", "2008-09-30": "$1,449", "2008-06-30": "$1,529", "2008-03-31": "$1,597", "2007-12-31": "$1,019", "2007-09-30": "$988", "2007-06-30": "$973", "2007-03-31": "$1,045", "2006-12-31": "$1,055", "2006-09-30": "$1,079", "2006-06-30": "$1,065", "2006-03-31": "$1,078", "2005-12-31": "$1,108", "2005-09-30": "$1,152", "2005-06-30": "$1,180", "2005-03-31": "$1,169"}}, "profit-margins": {"current": "10.91%"}, "gross margin": {"2020-09-30": "65.65%", "2020-06-30": "66.53%", "2020-03-31": "67.39%", "2019-12-31": "67.36%", "2019-09-30": "67.17%", "2019-06-30": "66.94%", "2019-03-31": "66.85%", "2018-12-31": "67.24%", "2018-09-30": "67.44%", "2018-06-30": "67.65%", "2018-03-31": "67.66%", "2017-12-31": "67.77%", "2017-09-30": "67.85%", "2017-06-30": "68.00%", "2017-03-31": "67.91%", "2016-12-31": "67.81%", "2016-09-30": "67.64%", "2016-06-30": "67.52%", "2016-03-31": "67.47%", "2015-12-31": "67.49%", "2015-09-30": "67.36%", "2015-06-30": "66.82%", "2015-03-31": "66.47%", "2014-12-31": "65.81%", "2014-09-30": "65.46%", "2014-06-30": "65.27%", "2014-03-31": "65.03%", "2013-12-31": "64.95%", "2013-09-30": "65.09%", "2013-06-30": "65.08%", "2013-03-31": "65.01%", "2012-12-31": "65.08%", "2012-09-30": "64.47%", "2012-06-30": "64.66%", "2012-03-31": "64.58%", "2011-12-31": "64.15%", "2011-09-30": "65.43%", "2011-06-30": "64.31%", "2011-03-31": "63.46%", "2010-12-31": "62.86%", "2010-09-30": "61.79%", "2010-06-30": "62.09%", "2010-03-31": "62.57%", "2009-12-31": "62.99%", "2009-09-30": "63.15%", "2009-06-30": "63.50%", "2009-03-31": "63.78%", "2008-12-31": "64.29%", "2008-09-30": "63.65%", "2008-06-30": "63.96%", "2008-03-31": "64.12%", "2007-12-31": "63.96%", "2007-09-30": "64.10%", "2007-06-30": "62.94%", "2007-03-31": "61.99%", "2006-12-31": "60.70%", "2006-09-30": "60.83%", "2006-06-30": "60.42%", "2006-03-31": "60.18%", "2005-12-31": "60.88%"}, "operating margin": {"2020-09-30": "16.57%", "2020-06-30": "19.14%", "2020-03-31": "17.30%", "2019-12-31": "19.18%", "2019-09-30": "27.09%", "2019-06-30": "27.44%", "2019-03-31": "27.04%", "2018-12-31": "33.81%", "2018-09-30": "30.91%", "2018-06-30": "30.38%", "2018-03-31": "29.85%", "2017-12-31": "22.89%", "2017-09-30": "41.78%", "2017-06-30": "42.23%", "2017-03-31": "42.21%", "2016-12-31": "41.77%", "2016-09-30": "16.86%", "2016-06-30": "16.61%", "2016-03-31": "16.70%", "2015-12-31": "17.77%", "2015-09-30": "18.22%", "2015-06-30": "17.70%", "2015-03-31": "17.24%", "2014-12-31": "15.51%", "2014-09-30": "14.46%", "2014-06-30": "14.89%", "2014-03-31": "14.90%", "2013-12-31": "15.55%", "2013-09-30": "14.69%", "2013-06-30": "12.91%", "2013-03-31": "11.29%", "2012-12-31": "9.50%", "2012-09-30": "13.32%", "2012-06-30": "6.60%", "2012-03-31": "4.89%", "2011-12-31": "3.70%", "2011-09-30": "-29.02%", "2011-06-30": "-23.09%", "2011-03-31": "-22.50%", "2010-12-31": "-21.90%", "2010-09-30": "8.59%", "2010-06-30": "6.59%", "2010-03-31": "8.32%", "2009-12-31": "9.61%", "2009-09-30": "6.98%", "2009-06-30": "10.77%", "2009-03-31": "11.09%", "2008-12-31": "12.07%", "2008-09-30": "10.67%", "2008-06-30": "12.64%", "2008-03-31": "14.12%", "2007-12-31": "15.25%", "2007-09-30": "10.85%", "2007-06-30": "11.93%", "2007-03-31": "13.53%", "2006-12-31": "14.54%", "2006-09-30": "17.06%", "2006-06-30": "17.52%", "2006-03-31": "18.07%", "2005-12-31": "19.94%"}, "ebitda margin": {"2020-09-30": "66.05%", "2020-06-30": "67.02%", "2020-03-31": "63.14%", "2019-12-31": "63.37%", "2019-09-30": "69.42%", "2019-06-30": "69.15%", "2019-03-31": "68.45%", "2018-12-31": "75.45%", "2018-09-30": "73.45%", "2018-06-30": "73.45%", "2018-03-31": "73.63%", "2017-12-31": "66.67%", "2017-09-30": "85.29%", "2017-06-30": "85.89%", "2017-03-31": "85.96%", "2016-12-31": "86.04%", "2016-09-30": "61.68%", "2016-06-30": "60.88%", "2016-03-31": "60.44%", "2015-12-31": "60.45%", "2015-09-30": "60.78%", "2015-06-30": "60.84%", "2015-03-31": "60.76%", "2014-12-31": "59.95%", "2014-09-30": "59.60%", "2014-06-30": "60.18%", "2014-03-31": "60.49%", "2013-12-31": "61.26%", "2013-09-30": "60.51%", "2013-06-30": "59.65%", "2013-03-31": "58.54%", "2012-12-31": "58.94%", "2012-09-30": "64.90%", "2012-06-30": "61.14%", "2012-03-31": "62.90%", "2011-12-31": "63.83%", "2011-09-30": "39.37%", "2011-06-30": "43.32%", "2011-03-31": "41.54%", "2010-12-31": "39.05%", "2010-09-30": "64.90%", "2010-06-30": "62.09%", "2010-03-31": "62.21%", "2009-12-31": "62.10%", "2009-09-30": "55.03%", "2009-06-30": "56.91%", "2009-03-31": "58.08%", "2008-12-31": "58.50%", "2008-09-30": "59.49%", "2008-06-30": "64.15%", "2008-03-31": "66.27%", "2007-12-31": "69.70%", "2007-09-30": "63.12%", "2007-06-30": "60.55%", "2007-03-31": "58.05%", "2006-12-31": "55.11%", "2006-09-30": "53.56%", "2006-06-30": "52.87%", "2006-03-31": "52.68%", "2005-12-31": "53.42%"}, "pre tax profit margin": {"2020-09-30": "11.91%", "2020-06-30": "16.78%", "2020-03-31": "14.98%", "2019-12-31": "17.62%", "2019-09-30": "16.86%", "2019-06-30": "16.30%", "2019-03-31": "15.21%", "2018-12-31": "21.20%", "2018-09-30": "20.25%", "2018-06-30": "20.35%", "2018-03-31": "19.40%", "2017-12-31": "13.35%", "2017-09-30": "34.28%", "2017-06-30": "35.79%", "2017-03-31": "36.22%", "2016-12-31": "34.58%", "2016-09-30": "5.55%", "2016-06-30": "3.86%", "2016-03-31": "3.63%", "2015-12-31": "11.28%", "2015-09-30": "11.19%", "2015-06-30": "10.79%", "2015-03-31": "10.11%", "2014-12-31": "0.00%", "2014-09-30": "-0.25%", "2014-06-30": "-1.27%", "2014-03-31": "-1.30%", "2013-12-31": "-0.53%", "2013-09-30": "-5.66%", "2013-06-30": "-7.34%", "2013-03-31": "-11.29%", "2012-12-31": "-10.75%", "2012-09-30": "-10.32%", "2012-06-30": "-13.20%", "2012-03-31": "-14.96%", "2011-12-31": "-21.38%", "2011-09-30": "-24.03%", "2011-06-30": "-24.62%", "2011-03-31": "-23.85%", "2010-12-31": "-22.48%", "2010-09-30": "-20.84%", "2010-06-30": "-23.08%", "2010-03-31": "-20.25%", "2009-12-31": "-17.44%", "2009-09-30": "-14.12%", "2009-06-30": "-10.13%", "2009-03-31": "-10.11%", "2008-12-31": "-10.71%", "2008-09-30": "-13.20%", "2008-06-30": "-13.02%", "2008-03-31": "-13.53%", "2007-12-31": "-13.66%", "2007-09-30": "-12.82%", "2007-06-30": "-11.01%", "2007-03-31": "-9.08%", "2006-12-31": "-7.35%", "2006-09-30": "-3.26%", "2006-06-30": "-2.27%", "2006-03-31": "-0.92%", "2005-12-31": "0.91%"}, "net profit margin": {"2020-09-30": "10.62%", "2020-06-30": "14.98%", "2020-03-31": "13.48%", "2019-12-31": "15.71%", "2019-09-30": "14.80%", "2019-06-30": "14.46%", "2019-03-31": "13.33%", "2018-12-31": "19.10%", "2018-09-30": "18.12%", "2018-06-30": "18.09%", "2018-03-31": "17.21%", "2017-12-31": "11.75%", "2017-09-30": "28.90%", "2017-06-30": "30.27%", "2017-03-31": "31.37%", "2016-12-31": "30.00%", "2016-09-30": "22.72%", "2016-06-30": "21.76%", "2016-03-31": "29.89%", "2015-12-31": "37.54%", "2015-09-30": "27.10%", "2015-06-30": "30.83%", "2015-03-31": "24.49%", "2014-12-31": "18.32%", "2014-09-30": "15.21%", "2014-06-30": "10.69%", "2014-03-31": "7.64%", "2013-12-31": "5.40%", "2013-09-30": "-1.08%", "2013-06-30": "-2.72%", "2013-03-31": "16.80%", "2012-12-31": "28.49%", "2012-09-30": "37.39%", "2012-06-30": "37.39%", "2012-03-31": "18.47%", "2011-12-31": "1.61%", "2011-09-30": "-12.01%", "2011-06-30": "-14.31%", "2011-03-31": "-22.31%", "2010-12-31": "-21.33%", "2010-09-30": "-19.38%", "2010-06-30": "-22.16%", "2010-03-31": "-19.35%", "2009-12-31": "-17.08%", "2009-09-30": "-14.45%", "2009-06-30": "-9.32%", "2009-03-31": "-7.67%", "2008-12-31": "117.18%", "2008-09-30": "145.03%", "2008-06-30": "167.55%", "2008-03-31": "175.10%", "2007-12-31": "39.60%", "2007-09-30": "24.85%", "2007-06-30": "19.45%", "2007-03-31": "22.77%", "2006-12-31": "18.05%", "2006-09-30": "23.89%", "2006-06-30": "17.52%", "2006-03-31": "20.98%", "2005-12-31": "21.31%"}, "pe ratio": {"current": "19.26", "2021-02-05": "91.07", "2020-09-30": "72.67", "2020-06-30": "58.53", "2020-03-31": "63.91", "2019-12-31": "71.91", "2019-09-30": "77.90", "2019-06-30": "74.12", "2019-03-31": "81.66", "2018-12-31": "49.60", "2018-09-30": "53.85", "2018-06-30": "50.30", "2018-03-31": "50.26", "2017-12-31": "80.22", "2017-09-30": "31.87", "2017-06-30": "31.21", "2017-03-31": "28.03", "2016-12-31": "29.27", "2016-09-30": "38.17", "2016-06-30": "41.40", "2016-03-31": "31.63", "2015-12-31": "24.83", "2015-09-30": "31.55", "2015-06-30": "25.93", "2015-03-31": "34.40", "2014-12-31": "41.72", "2014-09-30": "44.75", "2014-06-30": "67.14", "2014-03-31": "84.95", "2013-12-31": "107.33", "2013-09-30": "0.00", "2013-06-30": "0.00", "2013-03-31": "34.64", "2012-12-31": "20.09", "2012-09-30": "16.08", "2012-06-30": "17.05", "2012-03-31": "35.27", "2011-12-31": "903.31", "2011-09-30": "0.00", "2011-06-30": "0.00", "2011-03-31": "0.00", "2010-12-31": "0.00", "2010-09-30": "0.00", "2010-06-30": "0.00", "2010-03-31": "0.00", "2009-12-31": "0.00", "2009-09-30": "0.00", "2009-06-30": "0.00", "2009-03-31": "0.00", "2008-12-31": "1.63", "2008-09-30": "2.45", "2008-06-30": "1.88", "2008-03-31": "2.02", "2007-12-31": "7.14", "2007-09-30": "14.06", "2007-06-30": "17.65", "2007-03-31": "16.26", "2006-12-31": "19.67"}, "price sales": {"2021-02-05": "9.43", "2020-09-30": "7.53", "2020-06-30": "8.61", "2020-03-31": "8.43", "2019-12-31": "10.99", "2019-09-30": "11.54", "2019-06-30": "10.69", "2019-03-31": "10.82", "2018-12-31": "9.44", "2018-09-30": "9.68", "2018-06-30": "9.05", "2018-03-31": "8.61", "2017-12-31": "9.31", "2017-09-30": "9.20", "2017-06-30": "9.42", "2017-03-31": "8.77", "2016-12-31": "8.79", "2016-09-30": "8.62", "2016-06-30": "8.92", "2016-03-31": "9.42", "2015-12-31": "9.22", "2015-09-30": "8.58", "2015-06-30": "7.98", "2015-03-31": "8.45", "2014-12-31": "7.74", "2014-09-30": "6.89", "2014-06-30": "7.30", "2014-03-31": "6.63", "2013-12-31": "6.03", "2013-09-30": "6.13", "2013-06-30": "6.57", "2013-03-31": "6.14", "2012-12-31": "5.88", "2012-09-30": "5.93", "2012-06-30": "6.03", "2012-03-31": "6.11", "2011-12-31": "5.71", "2011-09-30": "5.56", "2011-06-30": "5.85", "2011-03-31": "5.54", "2010-12-31": "5.04", "2010-09-30": "4.23", "2010-06-30": "3.70", "2010-03-31": "3.27", "2009-12-31": "2.90", "2009-09-30": "2.42", "2009-06-30": "1.51", "2009-03-31": "1.21", "2008-12-31": "2.01", "2008-09-30": "3.76", "2008-06-30": "3.28", "2008-03-31": "3.66", "2007-12-31": "2.90", "2007-09-30": "3.49", "2007-06-30": "3.47", "2007-03-31": "3.73", "2006-12-31": "3.57"}, "price book": {"current": "3.59", "2021-02-05": "3.54", "2020-09-30": "2.82", "2020-06-30": "3.14", "2020-03-31": "2.98", "2019-12-31": "3.88", "2019-09-30": "4.12", "2019-06-30": "4.03", "2019-03-31": "4.04", "2018-12-31": "3.46", "2018-09-30": "3.82", "2018-06-30": "3.31", "2018-03-31": "2.98", "2017-12-31": "3.26", "2017-09-30": "3.17", "2017-06-30": "3.17", "2017-03-31": "2.79", "2016-12-31": "2.73", "2016-09-30": "2.82", "2016-06-30": "2.85", "2016-03-31": "2.93", "2015-12-31": "2.85", "2015-09-30": "2.62", "2015-06-30": "2.40", "2015-03-31": "2.57", "2014-12-31": "2.33", "2014-09-30": "2.01", "2014-06-30": "2.14", "2014-03-31": "1.87", "2013-12-31": "1.63", "2013-09-30": "1.62", "2013-06-30": "1.71", "2013-03-31": "1.57", "2012-12-31": "1.49", "2012-09-30": "1.50", "2012-06-30": "1.52", "2012-03-31": "1.74", "2011-12-31": "1.71", "2011-09-30": "1.48", "2011-06-30": "1.87", "2011-03-31": "1.96", "2010-12-31": "1.86", "2010-09-30": "1.59", "2010-06-30": "1.55", "2010-03-31": "1.37", "2009-12-31": "1.22", "2009-09-30": "1.11", "2009-06-30": "0.67", "2009-03-31": "0.52", "2008-12-31": "0.84", "2008-09-30": "1.33", "2008-06-30": "1.07", "2008-03-31": "1.11", "2007-12-31": "1.55", "2007-09-30": "1.80", "2007-06-30": "1.96", "2007-03-31": "2.11", "2006-12-31": "2.14", "2006-09-30": "1.96", "2006-06-30": "1.82", "2006-03-31": "1.81"}, "price fcf": {"2021-02-05": "", "2020-09-30": "$1.24", "2020-06-30": "$1.39", "2020-03-31": "$1.38", "2019-12-31": "$1.47", "2019-09-30": "$1.46", "2019-06-30": "$1.42", "2019-03-31": "$1.24", "2018-12-31": "$1.09", "2018-09-30": "$0.86", "2018-06-30": "$0.70", "2018-03-31": "$0.61", "2017-12-31": "$0.54", "2017-09-30": "$0.69", "2017-06-30": "$0.79", "2017-03-31": "$0.91", "2016-12-31": "$0.98", "2016-09-30": "$1.08", "2016-06-30": "$0.92", "2016-03-31": "$0.97", "2015-12-31": "$0.90", "2015-09-30": "$0.54", "2015-06-30": "$0.52", "2015-03-31": "$0.31", "2014-12-31": "$0.17", "2014-09-30": "$0.08", "2014-06-30": "$-0.03", "2014-03-31": "$-0.25", "2013-12-31": "$-0.41", "2013-09-30": "$-0.52", "2013-06-30": "$-0.55", "2013-03-31": "$-0.43", "2012-12-31": "$-0.30", "2012-09-30": "$-0.04", "2012-06-30": "$-0.02", "2012-03-31": "$0.12", "2011-12-31": "$0.24", "2011-09-30": "$0.28", "2011-06-30": "$0.42", "2011-03-31": "$0.32", "2010-12-31": "$0.26", "2010-09-30": "$-0.02", "2010-06-30": "$-0.18", "2010-03-31": "$-0.33", "2009-12-31": "$-0.30", "2009-09-30": "$-0.50", "2009-06-30": "$-0.69", "2009-03-31": "$-0.68", "2008-12-31": "$-0.97", "2008-09-30": "$-0.64", "2008-06-30": "$-0.39", "2008-03-31": "$-0.27", "2007-12-31": "$-0.23", "2007-09-30": "$-0.54", "2007-06-30": "$-0.66", "2007-03-31": "$-0.64", "2006-12-31": "$-0.62"}, "net worth": {"value": "$11.8B"}, "current ratio": {"2020-09-30": "4.55", "2020-06-30": "4.08", "2020-03-31": "1.19", "2019-12-31": "4.71", "2019-09-30": "5.99", "2019-06-30": "6.43", "2019-03-31": "6.65", "2018-12-31": "7.61", "2018-09-30": "5.97", "2018-06-30": "6.03", "2018-03-31": "5.83", "2017-12-31": "4.93", "2017-09-30": "5.45", "2017-06-30": "6.29", "2017-03-31": "6.86", "2016-12-31": "5.77", "2016-09-30": "6.18", "2016-06-30": "6.93", "2016-03-31": "0.34", "2015-12-31": "7.60", "2015-09-30": "8.57", "2015-06-30": "8.10", "2015-03-31": "7.41", "2014-12-31": "5.44", "2014-09-30": "5.10", "2014-06-30": "5.23", "2014-03-31": "5.18", "2013-12-31": "0.83", "2013-09-30": "4.10", "2013-06-30": "4.08", "2013-03-31": "4.53", "2012-12-31": "0.67", "2012-09-30": "1.12", "2012-06-30": "5.63", "2012-03-31": "4.81", "2011-12-31": "0.28", "2011-09-30": "0.25", "2011-06-30": "0.35", "2011-03-31": "1.43", "2010-12-31": "0.26", "2010-09-30": "0.81", "2010-06-30": "0.85", "2010-03-31": "0.94", "2009-12-31": "0.52", "2009-09-30": "1.21", "2009-06-30": "1.24", "2009-03-31": "3.09", "2008-12-31": "2.15", "2008-09-30": "2.95", "2008-06-30": "3.68", "2008-03-31": "4.20", "2007-12-31": "0.23", "2007-09-30": "0.40", "2007-06-30": "0.15", "2007-03-31": "0.17", "2006-12-31": "0.18", "2006-09-30": "0.40", "2006-06-30": "0.26", "2006-03-31": "0.99", "2005-12-31": "0.83", "2005-09-30": "0.98", "2005-06-30": "0.26", "2005-03-31": "0.14"}, "quick ratio": {"2020-09-30": "0.00", "2020-06-30": "0.00", "2020-03-31": "0.00", "2019-12-31": "0.00", "2019-09-30": "0.00", "2019-06-30": "0.00", "2019-03-31": "0.00", "2018-12-31": "0.00", "2018-09-30": "0.00", "2018-06-30": "0.00", "2018-03-31": "0.00", "2017-12-31": "0.00", "2017-09-30": "0.00", "2017-06-30": "0.00", "2017-03-31": "0.00", "2016-12-31": "0.00", "2016-09-30": "0.00", "2016-06-30": "0.00", "2016-03-31": "0.00", "2015-12-31": "0.00", "2015-09-30": "0.00", "2015-06-30": "0.00", "2015-03-31": "0.00", "2014-12-31": "0.00", "2014-09-30": "0.00", "2014-06-30": "0.00", "2014-03-31": "0.00", "2013-12-31": "0.00", "2013-09-30": "0.00", "2013-06-30": "0.00", "2013-03-31": "0.00", "2012-12-31": "0.00", "2012-09-30": "0.00", "2012-06-30": "0.00", "2012-03-31": "0.00", "2011-12-31": "0.00", "2011-09-30": "0.00", "2011-06-30": "0.00", "2011-03-31": "0.00", "2010-12-31": "0.00", "2010-09-30": "0.00", "2010-06-30": "0.00", "2010-03-31": "0.00", "2009-12-31": "0.00", "2009-09-30": "0.00", "2009-06-30": "0.00", "2009-03-31": "0.00", "2008-12-31": "0.00", "2008-09-30": "0.00", "2008-06-30": "0.00", "2008-03-31": "0.00", "2007-12-31": "0.00", "2007-09-30": "0.00", "2007-06-30": "0.00", "2007-03-31": "0.00", "2006-12-31": "0.00", "2006-09-30": "0.00", "2006-06-30": "0.00", "2006-03-31": "0.00", "2005-12-31": "0.00", "2005-09-30": "0.00", "2005-06-30": "0.00", "2005-03-31": "0.00"}, "debt equity ratio": {"current": "1.50", "2020-09-30": "1.87", "2020-06-30": "1.80", "2020-03-31": "1.79", "2019-12-31": "1.84", "2019-09-30": "1.66", "2019-06-30": "1.76", "2019-03-31": "1.69", "2018-12-31": "1.64", "2018-09-30": "1.95", "2018-06-30": "1.78", "2018-03-31": "1.67", "2017-12-31": "1.73", "2017-09-30": "1.72", "2017-06-30": "1.68", "2017-03-31": "1.55", "2016-12-31": "1.48", "2016-09-30": "1.62", "2016-06-30": "1.58", "2016-03-31": "1.56", "2015-12-31": "1.64", "2015-09-30": "1.41", "2015-06-30": "1.43", "2015-03-31": "1.44", "2014-12-31": "1.50", "2014-09-30": "1.48", "2014-06-30": "1.58", "2014-03-31": "1.49", "2013-12-31": "1.42", "2013-09-30": "1.39", "2013-06-30": "1.35", "2013-03-31": "1.35", "2012-12-31": "1.29", "2012-09-30": "1.26", "2012-06-30": "1.24", "2012-03-31": "1.74", "2011-12-31": "1.90", "2011-09-30": "1.92", "2011-06-30": "2.26", "2011-03-31": "2.36", "2010-12-31": "2.43", "2010-09-30": "2.27", "2010-06-30": "2.70", "2010-03-31": "2.62", "2009-12-31": "2.67", "2009-09-30": "2.49", "2009-06-30": "2.30", "2009-03-31": "2.37", "2008-12-31": "2.62", "2008-09-30": "2.52", "2008-06-30": "2.29", "2008-03-31": "2.18", "2007-12-31": "3.71", "2007-09-30": "3.73", "2007-06-30": "3.94", "2007-03-31": "3.54", "2006-12-31": "3.43", "2006-09-30": "3.34", "2006-06-30": "3.43", "2006-03-31": "3.20", "2005-12-31": "3.10", "2005-09-30": "2.89", "2005-06-30": "2.70", "2005-03-31": "2.73"}, "return on equity": {"2020-09-30": "3.88%", "2020-06-30": "5.43%", "2020-03-31": "4.94%", "2019-12-31": "5.75%", "2019-09-30": "5.44%", "2019-06-30": "5.48%", "2019-03-31": "5.04%", "2018-12-31": "7.15%", "2018-09-30": "6.74%", "2018-06-30": "6.49%", "2018-03-31": "6.03%", "2017-12-31": "4.03%", "2017-09-30": "9.59%", "2017-06-30": "9.90%", "2017-03-31": "10.12%", "2016-12-31": "9.64%", "2016-09-30": "7.39%", "2016-06-30": "6.94%", "2016-03-31": "9.37%", "2015-12-31": "11.74%", "2015-09-30": "8.33%", "2015-06-30": "9.41%", "2015-03-31": "7.48%", "2014-12-31": "5.48%", "2014-09-30": "4.43%", "2014-06-30": "3.04%", "2014-03-31": "2.10%", "2013-12-31": "1.43%", "2013-09-30": "-0.28%", "2013-06-30": "-0.68%", "2013-03-31": "4.03%", "2012-12-31": "6.97%", "2012-09-30": "9.47%", "2012-06-30": "9.90%", "2012-03-31": "5.37%", "2011-12-31": "0.49%", "2011-09-30": "-3.51%", "2011-06-30": "-4.44%", "2011-03-31": "-7.37%", "2010-12-31": "-7.38%", "2010-09-30": "-7.24%", "2010-06-30": "-8.61%", "2010-03-31": "-7.44%", "2009-12-31": "-6.53%", "2009-09-30": "-6.03%", "2009-06-30": "-3.92%", "2009-03-31": "-3.17%", "2008-12-31": "45.98%", "2008-09-30": "57.35%", "2008-06-30": "69.20%", "2008-03-31": "78.04%", "2007-12-31": "19.88%", "2007-09-30": "12.41%", "2007-06-30": "10.21%", "2007-03-31": "12.54%", "2006-12-31": "10.57%", "2006-09-30": "14.87%", "2006-06-30": "10.54%", "2006-03-31": "12.13%", "2005-12-31": "12.15%"}, "return on assets": {"2020-09-30": "1.37%", "2020-06-30": "1.96%", "2020-03-31": "1.79%", "2019-12-31": "2.10%", "2019-09-30": "2.03%", "2019-06-30": "1.99%", "2019-03-31": "1.83%", "2018-12-31": "2.60%", "2018-09-30": "2.43%", "2018-06-30": "2.38%", "2018-03-31": "2.23%", "2017-12-31": "1.51%", "2017-09-30": "3.68%", "2017-06-30": "3.84%", "2017-03-31": "3.96%", "2016-12-31": "3.77%", "2016-09-30": "2.84%", "2016-06-30": "2.72%", "2016-03-31": "3.74%", "2015-12-31": "4.73%", "2015-09-30": "3.41%", "2015-06-30": "3.82%", "2015-03-31": "2.99%", "2014-12-31": "2.18%", "2014-09-30": "1.78%", "2014-06-30": "1.23%", "2014-03-31": "0.87%", "2013-12-31": "0.60%", "2013-09-30": "-0.12%", "2013-06-30": "-0.29%", "2013-03-31": "1.77%", "2012-12-31": "2.95%", "2012-09-30": "3.79%", "2012-06-30": "3.72%", "2012-03-31": "1.83%", "2011-12-31": "0.16%", "2011-09-30": "-1.09%", "2011-06-30": "-1.34%", "2011-03-31": "-2.15%", "2010-12-31": "-2.11%", "2010-09-30": "-2.04%", "2010-06-30": "-2.38%", "2010-03-31": "-2.12%", "2009-12-31": "-1.89%", "2009-09-30": "-1.75%", "2009-06-30": "-1.14%", "2009-03-31": "-0.92%", "2008-12-31": "13.54%", "2008-09-30": "16.03%", "2008-06-30": "18.14%", "2008-03-31": "18.46%", "2007-12-31": "4.20%", "2007-09-30": "2.67%", "2007-06-30": "2.24%", "2007-03-31": "2.83%", "2006-12-31": "2.43%", "2006-09-30": "3.49%", "2006-06-30": "2.54%", "2006-03-31": "3.06%", "2005-12-31": "3.16%"}, "return on investments": {"2020-09-30": "2.51%", "2020-06-30": "2.95%", "2020-03-31": "2.73%", "2019-12-31": "3.08%", "2019-09-30": "4.46%", "2019-06-30": "4.54%", "2019-03-31": "4.44%", "2018-12-31": "5.45%", "2018-09-30": "4.91%", "2018-06-30": "4.73%", "2018-03-31": "4.59%", "2017-12-31": "3.49%", "2017-09-30": "6.30%", "2017-06-30": "6.33%", "2017-03-31": "6.30%", "2016-12-31": "6.22%", "2016-09-30": "2.50%", "2016-06-30": "2.42%", "2016-03-31": "2.37%", "2015-12-31": "2.48%", "2015-09-30": "2.48%", "2015-06-30": "2.37%", "2015-03-31": "2.28%", "2014-12-31": "1.99%", "2014-09-30": "1.82%", "2014-06-30": "1.84%", "2014-03-31": "1.82%", "2013-12-31": "1.86%", "2013-09-30": "1.72%", "2013-06-30": "1.49%", "2013-03-31": "1.28%", "2012-12-31": "1.06%", "2012-09-30": "1.46%", "2012-06-30": "0.71%", "2012-03-31": "0.52%", "2011-12-31": "0.40%", "2011-09-30": "-2.83%", "2011-06-30": "-2.30%", "2011-03-31": "-2.31%", "2010-12-31": "-2.31%", "2010-09-30": "0.96%", "2010-06-30": "0.75%", "2010-03-31": "0.96%", "2009-12-31": "1.13%", "2009-09-30": "0.90%", "2009-06-30": "1.40%", "2009-03-31": "1.42%", "2008-12-31": "1.49%", "2008-09-30": "1.25%", "2008-06-30": "1.45%", "2008-03-31": "1.57%", "2007-12-31": "1.71%", "2007-09-30": "1.23%", "2007-06-30": "1.45%", "2007-03-31": "1.78%", "2006-12-31": "2.07%", "2006-09-30": "2.64%", "2006-06-30": "2.69%", "2006-03-31": "2.80%", "2005-12-31": "3.14%"}, "return on tangible equity": {"2020-09-30": "3.88%", "2020-06-30": "5.43%", "2020-03-31": "4.94%", "2019-12-31": "5.75%", "2019-09-30": "5.44%", "2019-06-30": "5.48%", "2019-03-31": "5.04%", "2018-12-31": "7.15%", "2018-09-30": "6.74%", "2018-06-30": "6.49%", "2018-03-31": "6.03%", "2017-12-31": "4.03%", "2017-09-30": "9.59%", "2017-06-30": "9.90%", "2017-03-31": "10.12%", "2016-12-31": "9.64%", "2016-09-30": "7.39%", "2016-06-30": "6.94%", "2016-03-31": "9.37%", "2015-12-31": "11.74%", "2015-09-30": "8.33%", "2015-06-30": "9.41%", "2015-03-31": "7.48%", "2014-12-31": "5.48%", "2014-09-30": "4.43%", "2014-06-30": "3.04%", "2014-03-31": "2.10%", "2013-12-31": "1.43%", "2013-09-30": "-0.28%", "2013-06-30": "-0.68%", "2013-03-31": "4.03%", "2012-12-31": "6.97%", "2012-09-30": "9.47%", "2012-06-30": "9.90%", "2012-03-31": "5.37%", "2011-12-31": "0.49%", "2011-09-30": "-3.51%", "2011-06-30": "-4.44%", "2011-03-31": "-7.37%", "2010-12-31": "-7.38%", "2010-09-30": "-7.24%", "2010-06-30": "-8.61%", "2010-03-31": "-7.44%", "2009-12-31": "-6.53%", "2009-09-30": "-6.03%", "2009-06-30": "-3.92%", "2009-03-31": "-3.17%", "2008-12-31": "45.98%", "2008-09-30": "57.35%", "2008-06-30": "69.20%", "2008-03-31": "78.04%", "2007-12-31": "19.88%", "2007-09-30": "12.41%", "2007-06-30": "10.21%", "2007-03-31": "12.54%", "2006-12-31": "10.57%", "2006-09-30": "14.87%", "2006-06-30": "10.54%", "2006-03-31": "12.13%", "2005-12-31": "12.15%"}, "dividend yield history": {"last payout": "$1.44", "last yield": "3.59%"}}