{"ticker": "UGI", "price": {"title": "UGI Historical Annual Stock Price Data", "value": 37.3, "historical": {"2021": {"Average Stock Price": "36.4163", "Year Open": "34.7900", "Year High": "37.6300", "Year Low": "34.7900", "Year Close": "37.3000", "Annual % Change": "6.69%"}, "2020": {"Average Stock Price": "34.0789", "Year Open": "44.7600", "Year High": "44.7600", "Year Low": "22.9200", "Year Close": "34.9600", "Annual % Change": "-22.59%"}, "2019": {"Average Stock Price": "50.8716", "Year Open": "52.2600", "Year High": "57.0600", "Year Low": "41.4400", "Year Close": "45.1600", "Annual % Change": "-15.35%"}, "2018": {"Average Stock Price": "50.7270", "Year Open": "47.4800", "Year High": "58.9600", "Year Low": "42.5300", "Year Close": "53.3500", "Annual % Change": "13.63%"}, "2017": {"Average Stock Price": "48.4659", "Year Open": "45.8600", "Year High": "51.6800", "Year Low": "45.3100", "Year Close": "46.9500", "Annual % Change": "1.89%"}, "2016": {"Average Stock Price": "42.2662", "Year Open": "33.8500", "Year High": "48.0500", "Year Low": "32.0100", "Year Close": "46.0800", "Annual % Change": "36.49%"}, "2015": {"Average Stock Price": "35.0386", "Year Open": "38.0200", "Year High": "38.5700", "Year Low": "31.6700", "Year Close": "33.7600", "Annual % Change": "-11.11%"}, "2014": {"Average Stock Price": "32.8809", "Year Open": "27.0533", "Year High": "39.6000", "Year Low": "26.9933", "Year Close": "37.9800", "Annual % Change": "37.41%"}, "2013": {"Average Stock Price": "25.9863", "Year Open": "22.2000", "Year High": "28.6867", "Year Low": "22.0533", "Year Close": "27.6400", "Annual % Change": "26.75%"}, "2012": {"Average Stock Price": "19.8629", "Year Open": "19.5000", "Year High": "22.2400", "Year Low": "17.6000", "Year Close": "21.8067", "Annual % Change": "11.26%"}, "2011": {"Average Stock Price": "20.2695", "Year Open": "21.1933", "Year High": "22.2000", "Year Low": "16.5933", "Year Close": "19.6000", "Annual % Change": "-6.90%"}, "2010": {"Average Stock Price": "18.2611", "Year Open": "16.4000", "Year High": "21.4400", "Year Low": "16.0067", "Year Close": "21.0533", "Annual % Change": "30.55%"}, "2009": {"Average Stock Price": "16.3938", "Year Open": "16.4733", "Year High": "18.1533", "Year Low": "14.2067", "Year Close": "16.1267", "Annual % Change": "-0.94%"}, "2008": {"Average Stock Price": "17.0941", "Year Open": "18.1600", "Year High": "19.1400", "Year Low": "13.2867", "Year Close": "16.2800", "Annual % Change": "-10.39%"}, "2007": {"Average Stock Price": "17.8189", "Year Open": "18.2133", "Year High": "19.5333", "Year Low": "15.8533", "Year Close": "18.1667", "Annual % Change": "-0.11%"}, "2006": {"Average Stock Price": "15.9982", "Year Open": "14.0533", "Year High": "18.8200", "Year Low": "14.0200", "Year Close": "18.1867", "Annual % Change": "32.43%"}, "2005": {"Average Stock Price": "16.3621", "Year Open": "13.3267", "Year High": "19.8267", "Year Low": "12.9133", "Year Close": "13.7333", "Annual % Change": "0.71%"}, "2004": {"Average Stock Price": "11.4635", "Year Open": "11.3267", "Year High": "13.7067", "Year Low": "9.9633", "Year Close": "13.6367", "Annual % Change": "20.68%"}, "2003": {"Average Stock Price": "10.1982", "Year Open": "8.4444", "Year High": "11.6333", "Year Low": "8.4111", "Year Close": "11.3000", "Annual % Change": "36.00%"}, "2002": {"Average Stock Price": "7.3328", "Year Open": "6.8889", "Year High": "8.9333", "Year Low": "5.9111", "Year Close": "8.3089", "Annual % Change": "23.81%"}, "2001": {"Average Stock Price": "5.9598", "Year Open": "5.4711", "Year High": "6.9222", "Year Low": "5.1111", "Year Close": "6.7111", "Annual % Change": "19.32%"}, "2000": {"Average Stock Price": "4.8723", "Year Open": "4.6244", "Year High": "5.7911", "Year Low": "4.0556", "Year Close": "5.6244", "Annual % Change": "23.83%"}, "1999": {"Average Stock Price": "4.6490", "Year Open": "5.1533", "Year High": "5.4578", "Year Low": "3.5422", "Year Close": "4.5422", "Annual % Change": "-13.94%"}, "1998": {"Average Stock Price": "5.6327", "Year Open": "6.3200", "Year High": "6.5289", "Year Low": "4.6244", "Year Close": "5.2778", "Annual % Change": "-18.97%"}, "1997": {"Average Stock Price": "5.5387", "Year Open": "4.8600", "Year High": "6.6244", "Year Low": "4.8600", "Year Close": "6.5133", "Annual % Change": "31.02%"}, "1996": {"Average Stock Price": "5.0052", "Year Open": "4.6400", "Year High": "5.5289", "Year Low": "4.4444", "Year Close": "4.9711", "Annual % Change": "7.81%"}, "1995": {"Average Stock Price": "4.5900", "Year Open": "4.5289", "Year High": "4.8889", "Year Low": "4.2222", "Year Close": "4.6111", "Annual % Change": "1.82%"}, "1994": {"Average Stock Price": "4.6687", "Year Open": "5.0289", "Year High": "5.4178", "Year Low": "3.9444", "Year Close": "4.5289", "Annual % Change": "-9.42%"}, "1993": {"Average Stock Price": "5.2743", "Year Open": "5.1956", "Year High": "5.6667", "Year Low": "4.8600", "Year Close": "5.0000", "Annual % Change": "-7.22%"}, "1992": {"Average Stock Price": "4.4751", "Year Open": "4.4711", "Year High": "5.3889", "Year Low": "3.6400", "Year Close": "5.3889", "Annual % Change": "20.53%"}, "1991": {"Average Stock Price": "4.0655", "Year Open": "3.6400", "Year High": "4.6400", "Year Low": "3.4178", "Year Close": "4.4711", "Annual % Change": "24.81%"}, "1990": {"Average Stock Price": "3.8685", "Year Open": "4.3333", "Year High": "4.3333", "Year Low": "3.2489", "Year Close": "3.5822", "Annual % Change": "-16.00%"}, "1989": {"Average Stock Price": "3.8530", "Year Open": "3.3611", "Year High": "4.3889", "Year Low": "3.1944", "Year Close": "4.2644", "Annual % Change": "28.45%"}}}, "market cap": {"value": "$7.77B"}, "income statement": {"Revenue": {"2020-09-30": "6559.00000", "2019-09-30": "7320.00000", "2018-09-30": "7651.00000", "2017-09-30": "6120.70000", "2016-09-30": "5685.70000", "2015-09-30": "6691.10000", "2014-09-30": "8277.30000", "2013-09-30": "7194.70000", "2012-09-30": "6521.30000", "2011-09-30": "6090.90000", "2010-09-30": "5591.40000", "2009-09-30": "5737.80000", "2008-09-30": "6648.20000", "2007-09-30": "5476.90000", "2006-09-30": "5221.00000", "2005-09-30": "4888.70000"}, "Cost Of Goods Sold": {"2020-09-30": "3149.00000", "2019-09-30": "4323.00000", "2018-09-30": "4075.00000", "2017-09-30": "2837.30000", "2016-09-30": "2437.50000", "2015-09-30": "3736.50000", "2014-09-30": "5175.70000", "2013-09-30": "4324.40000", "2012-09-30": "4099.10000", "2011-09-30": "3982.70000", "2010-09-30": "3584.00000", "2009-09-30": "3670.60000", "2008-09-30": "4744.60000", "2007-09-30": "3730.80000", "2006-09-30": "3657.90000", "2005-09-30": "3306.00000"}, "Gross Profit": {"2020-09-30": "3410.00000", "2019-09-30": "2997.00000", "2018-09-30": "3576.00000", "2017-09-30": "3283.40000", "2016-09-30": "3248.20000", "2015-09-30": "2954.60000", "2014-09-30": "3101.60000", "2013-09-30": "2870.30000", "2012-09-30": "2422.20000", "2011-09-30": "2108.20000", "2010-09-30": "2007.40000", "2009-09-30": "2067.20000", "2008-09-30": "1903.60000", "2007-09-30": "1746.10000", "2006-09-30": "1563.10000", "2005-09-30": "1582.70000"}, "Research And Development Expenses": {"2020-09-30": "", "2019-09-30": "", "2018-09-30": "", "2017-09-30": "", "2016-09-30": "", "2015-09-30": "", "2014-09-30": "", "2013-09-30": "", "2012-09-30": "", "2011-09-30": "", "2010-09-30": "", "2009-09-30": "", "2008-09-30": "", "2007-09-30": "", "2006-09-30": "", "2005-09-30": ""}, "SG&A Expenses": {"2020-09-30": "1911.00000", "2019-09-30": "1963.00000", "2018-09-30": "2013.00000", "2017-09-30": "1867.60000", "2016-09-30": "1881.70000", "2015-09-30": "1790.00000", "2014-09-30": "1769.20000", "2013-09-30": "1708.90000", "2012-09-30": "1608.40000", "2011-09-30": "1283.60000", "2010-09-30": "1196.00000", "2009-09-30": "1236.90000", "2008-09-30": "1175.60000", "2007-09-30": "1073.50000", "2006-09-30": "983.50000", "2005-09-30": "980.00000"}, "Other Operating Income Or Expenses": {"2020-09-30": "-33.00000", "2019-09-30": "31.00000", "2018-09-30": "-43.00000", "2017-09-30": "10.50000", "2016-09-30": "22.40000", "2015-09-30": "44.40000", "2014-09-30": "36.10000", "2013-09-30": "32.80000", "2012-09-30": "39.80000", "2011-09-30": "45.50000", "2010-09-30": "58.00000", "2009-09-30": "55.90000", "2008-09-30": "41.60000", "2007-09-30": "77.90000", "2006-09-30": "36.80000", "2005-09-30": "46.70000"}, "Operating Expenses": {"2020-09-30": "5577.00000", "2019-09-30": "6703.00000", "2018-09-30": "6586.00000", "2017-09-30": "5110.70000", "2016-09-30": "4697.70000", "2015-09-30": "5856.20000", "2014-09-30": "7271.70000", "2013-09-30": "6363.60000", "2012-09-30": "5982.70000", "2011-09-30": "5448.50000", "2010-09-30": "4932.20000", "2009-09-30": "5052.50000", "2008-09-30": "6063.00000", "2007-09-30": "4895.60000", "2006-09-30": "4753.30000", "2005-09-30": "4385.70000"}, "Operating Income": {"2020-09-30": "982.00000", "2019-09-30": "617.00000", "2018-09-30": "1065.00000", "2017-09-30": "1010.00000", "2016-09-30": "988.00050", "2015-09-30": "834.89990", "2014-09-30": "1005.60000", "2013-09-30": "831.10010", "2012-09-30": "538.59960", "2011-09-30": "642.39990", "2010-09-30": "659.19970", "2009-09-30": "685.29980", "2008-09-30": "585.20070", "2007-09-30": "581.29980", "2006-09-30": "467.70020", "2005-09-30": "503.00050"}, "Total Non-Operating Income/Expense": {"2020-09-30": "-315.00000", "2019-09-30": "-216.00000", "2018-09-30": "-210.00000", "2017-09-30": "-308.60000", "2016-09-30": "-278.00000", "2015-09-30": "-243.10000", "2014-09-30": "-237.80000", "2013-09-30": "-240.70000", "2012-09-30": "-234.00000", "2011-09-30": "-177.00000", "2010-09-30": "-135.90000", "2009-09-30": "-144.20000", "2008-09-30": "-145.40000", "2007-09-30": "-143.40000", "2006-09-30": "-144.30000", "2005-09-30": "-166.40000"}, "Pre-Tax Income": {"2020-09-30": "667.00000", "2019-09-30": "401.00000", "2018-09-30": "855.00000", "2017-09-30": "701.40000", "2016-09-30": "710.00000", "2015-09-30": "591.80000", "2014-09-30": "767.80000", "2013-09-30": "590.40000", "2012-09-30": "304.60000", "2011-09-30": "465.40000", "2010-09-30": "523.30000", "2009-09-30": "541.10000", "2008-09-30": "439.80000", "2007-09-30": "437.90000", "2006-09-30": "323.40000", "2005-09-30": "336.60000"}, "Income Taxes": {"2020-09-30": "135.00000", "2019-09-30": "93.00000", "2018-09-30": "33.00000", "2017-09-30": "177.60000", "2016-09-30": "221.20000", "2015-09-30": "177.80000", "2014-09-30": "235.20000", "2013-09-30": "162.80000", "2012-09-30": "106.90000", "2011-09-30": "145.40000", "2010-09-30": "167.60000", "2009-09-30": "159.10000", "2008-09-30": "134.50000", "2007-09-30": "126.70000", "2006-09-30": "98.50000", "2005-09-30": "119.20000"}, "Income After Taxes": {"2020-09-30": "532.00000", "2019-09-30": "308.00000", "2018-09-30": "822.00000", "2017-09-30": "523.80000", "2016-09-30": "488.80000", "2015-09-30": "414.00000", "2014-09-30": "532.60000", "2013-09-30": "427.60000", "2012-09-30": "197.70000", "2011-09-30": "320.00000", "2010-09-30": "355.70000", "2009-09-30": "382.00000", "2008-09-30": "305.30000", "2007-09-30": "311.20000", "2006-09-30": "224.90000", "2005-09-30": "217.40000"}, "Other Income": {"2020-09-30": "", "2019-09-30": "", "2018-09-30": "", "2017-09-30": "", "2016-09-30": "", "2015-09-30": "", "2014-09-30": "", "2013-09-30": "", "2012-09-30": "", "2011-09-30": "", "2010-09-30": "", "2009-09-30": "", "2008-09-30": "", "2007-09-30": "", "2006-09-30": "", "2005-09-30": ""}, "Income From Continuous Operations": {"2020-09-30": "532.00000", "2019-09-30": "308.00000", "2018-09-30": "822.00000", "2017-09-30": "523.80000", "2016-09-30": "488.80000", "2015-09-30": "414.00000", "2014-09-30": "532.60000", "2013-09-30": "427.60000", "2012-09-30": "197.70000", "2011-09-30": "320.00000", "2010-09-30": "355.70000", "2009-09-30": "258.50000", "2008-09-30": "215.50000", "2007-09-30": "204.30000", "2006-09-30": "176.20000", "2005-09-30": "187.50000"}, "Income From Discontinued Operations": {"2020-09-30": "", "2019-09-30": "", "2018-09-30": "", "2017-09-30": "", "2016-09-30": "", "2015-09-30": "", "2014-09-30": "", "2013-09-30": "", "2012-09-30": "", "2011-09-30": "", "2010-09-30": "", "2009-09-30": "", "2008-09-30": "", "2007-09-30": "", "2006-09-30": "", "2005-09-30": ""}, "Net Income": {"2020-09-30": "532.00000", "2019-09-30": "256.00000", "2018-09-30": "719.00000", "2017-09-30": "436.60000", "2016-09-30": "364.70000", "2015-09-30": "281.00000", "2014-09-30": "337.20000", "2013-09-30": "278.10000", "2012-09-30": "210.20000", "2011-09-30": "245.40000", "2010-09-30": "261.00000", "2009-09-30": "258.50000", "2008-09-30": "215.50000", "2007-09-30": "204.30000", "2006-09-30": "176.20000", "2005-09-30": "187.50000"}, "EBITDA": {"2020-09-30": "1466.00000", "2019-09-30": "1065.00000", "2018-09-30": "1520.00000", "2017-09-30": "1426.30000", "2016-09-30": "1388.90100", "2015-09-30": "1209.00000", "2014-09-30": "1368.50000", "2013-09-30": "1194.20000", "2012-09-30": "853.59960", "2011-09-30": "870.09990", "2010-09-30": "869.39970", "2009-09-30": "886.19980", "2008-09-30": "769.60070", "2007-09-30": "750.49980", "2006-09-30": "616.40020", "2005-09-30": "649.40050"}, "EBIT": {"2020-09-30": "982.00000", "2019-09-30": "617.00000", "2018-09-30": "1065.00000", "2017-09-30": "1010.00000", "2016-09-30": "988.00050", "2015-09-30": "834.89990", "2014-09-30": "1005.60000", "2013-09-30": "831.10010", "2012-09-30": "538.59960", "2011-09-30": "642.39990", "2010-09-30": "659.19970", "2009-09-30": "685.29980", "2008-09-30": "585.20070", "2007-09-30": "581.29980", "2006-09-30": "467.70020", "2005-09-30": "503.00050"}, "Basic Shares Outstanding": {"2020-09-30": "208.92800", "2019-09-30": "178.41700", "2018-09-30": "173.90800", "2017-09-30": "173.66200", "2016-09-30": "173.15400", "2015-09-30": "173.11500", "2014-09-30": "172.73300", "2013-09-30": "170.88500", "2012-09-30": "168.87200", "2011-09-30": "167.51100", "2010-09-30": "164.38200", "2009-09-30": "162.78450", "2008-09-30": "161.09400", "2007-09-30": "159.67650", "2006-09-30": "158.18250", "2005-09-30": "155.81550"}, "Shares Outstanding": {"2020-09-30": "209.86900", "2019-09-30": "181.11100", "2018-09-30": "176.90500", "2017-09-30": "177.15900", "2016-09-30": "175.57200", "2015-09-30": "175.66700", "2014-09-30": "175.23100", "2013-09-30": "173.28200", "2012-09-30": "170.14800", "2011-09-30": "169.41600", "2010-09-30": "165.76650", "2009-09-30": "164.00850", "2008-09-30": "162.78150", "2007-09-30": "161.91150", "2006-09-30": "160.09050", "2005-09-30": "158.58450"}, "Basic EPS": {"2020-09-30": "2.55000", "2019-09-30": "1.44000", "2018-09-30": "4.13000", "2017-09-30": "2.51000", "2016-09-30": "2.11000", "2015-09-30": "1.62000", "2014-09-30": "1.95000", "2013-09-30": "1.63000", "2012-09-30": "1.24000", "2011-09-30": "1.46670", "2010-09-30": "1.58670", "2009-09-30": "1.58670", "2008-09-30": "1.34000", "2007-09-30": "1.28000", "2006-09-30": "1.11330", "2005-09-30": "1.20670"}, "EPS - Earnings Per Share": {"2020-09-30": "2.54000", "2019-09-30": "1.41000", "2018-09-30": "4.06000", "2017-09-30": "2.46000", "2016-09-30": "2.08000", "2015-09-30": "1.60000", "2014-09-30": "1.92000", "2013-09-30": "1.60000", "2012-09-30": "1.24000", "2011-09-30": "1.44670", "2010-09-30": "1.57330", "2009-09-30": "1.57330", "2008-09-30": "1.32670", "2007-09-30": "1.26000", "2006-09-30": "1.10000", "2005-09-30": "1.18000"}}, "income statement, quarterly": {"Revenue": {"2020-12-31": "1932.00000", "2020-09-30": "1123.80000", "2020-06-30": "1199.30000", "2020-03-31": "2228.90000", "2019-12-31": "2007.00000", "2019-09-30": "1150.00000", "2019-06-30": "1363.70000", "2019-03-31": "2606.10000", "2018-12-31": "2200.20000", "2018-09-30": "1272.90000", "2018-06-30": "1440.90000", "2018-03-31": "2812.00000", "2017-12-31": "2125.20000", "2017-09-30": "1113.90000", "2017-06-30": "1153.50000", "2017-03-31": "2173.80000", "2016-12-31": "1679.50000", "2016-09-30": "976.20030", "2016-06-30": "1130.80000", "2016-03-31": "1972.10000", "2015-12-31": "1606.60000", "2015-09-30": "1082.80000", "2015-06-30": "1148.10000", "2015-03-31": "2455.60000", "2014-12-31": "2004.60000", "2014-09-30": "1311.40000", "2014-06-30": "1486.70000", "2014-03-31": "3163.30000", "2013-12-31": "2315.90000", "2013-09-30": "1259.00000", "2013-06-30": "1374.30000", "2013-03-31": "2542.70000", "2012-12-31": "2018.70000", "2012-09-30": "1127.80000", "2012-06-30": "1277.20000", "2012-03-31": "2427.50000", "2011-12-31": "1688.80000", "2011-09-30": "1038.90000", "2011-06-30": "1105.40000", "2011-03-31": "2181.00000", "2010-12-31": "1765.60000", "2010-09-30": "890.39990", "2010-06-30": "961.90000", "2010-03-31": "2120.30000", "2009-12-31": "1618.80000", "2009-09-30": "859.29960", "2009-06-30": "962.20000", "2009-03-31": "2137.80000", "2008-12-31": "1778.50000", "2008-09-30": "1189.20000", "2008-06-30": "1332.80000", "2008-03-31": "2361.50000", "2007-12-31": "1764.70000", "2007-09-30": "934.79960", "2007-06-30": "1076.80000", "2007-03-31": "2002.10000", "2006-12-31": "1463.20000", "2006-09-30": "878.49990", "2006-06-30": "919.10000", "2006-03-31": "1845.50000", "2005-12-31": "1577.90000", "2005-09-30": "806.10020", "2005-06-30": "932.50000", "2005-03-31": "1787.70000"}, "Cost Of Goods Sold": {"2020-12-31": "833.00000", "2020-09-30": "476.20000", "2020-06-30": "416.60000", "2020-03-31": "1248.20000", "2019-12-31": "1008.00000", "2019-09-30": "689.70020", "2019-06-30": "781.40000", "2019-03-31": "1426.90000", "2018-12-31": "1425.00000", "2018-09-30": "644.90000", "2018-06-30": "732.50000", "2018-03-31": "1560.20000", "2017-12-31": "1137.40000", "2017-09-30": "500.20010", "2017-06-30": "618.50000", "2017-03-31": "1071.20000", "2016-12-31": "647.40000", "2016-09-30": "493.60000", "2016-06-30": "433.00000", "2016-03-31": "776.90000", "2015-12-31": "734.00000", "2015-09-30": "540.10010", "2015-06-30": "586.40000", "2015-03-31": "1205.40000", "2014-12-31": "1404.60000", "2014-09-30": "818.00010", "2014-06-30": "926.50000", "2014-03-31": "2001.30000", "2013-12-31": "1429.90000", "2013-09-30": "785.39990", "2013-06-30": "836.80000", "2013-03-31": "1486.70000", "2012-12-31": "1215.50000", "2012-09-30": "660.50010", "2012-06-30": "810.20000", "2012-03-31": "1526.60000", "2011-12-31": "1101.80000", "2011-09-30": "665.20000", "2011-06-30": "731.00000", "2011-03-31": "1423.90000", "2010-12-31": "1162.60000", "2010-09-30": "574.79990", "2010-06-30": "615.50000", "2010-03-31": "1366.90000", "2009-12-31": "1026.80000", "2009-09-30": "527.80000", "2009-06-30": "591.60000", "2009-03-31": "1380.10000", "2008-12-31": "1171.10000", "2008-09-30": "863.39990", "2008-06-30": "948.60000", "2008-03-31": "1690.60000", "2007-12-31": "1242.00000", "2007-09-30": "636.79990", "2007-06-30": "726.80000", "2007-03-31": "1372.80000", "2006-12-31": "994.40000", "2006-09-30": "598.59990", "2006-06-30": "611.60000", "2006-03-31": "1297.00000", "2005-12-31": "1150.70000", "2005-09-30": "541.49990", "2005-06-30": "628.80000", "2005-03-31": "1210.50000"}, "Gross Profit": {"2020-12-31": "1099.00000", "2020-09-30": "647.60030", "2020-06-30": "782.70010", "2020-03-31": "980.70000", "2019-12-31": "999.00000", "2019-09-30": "460.29960", "2019-06-30": "582.29990", "2019-03-31": "1179.20000", "2018-12-31": "775.20000", "2018-09-30": "628.00010", "2018-06-30": "708.40000", "2018-03-31": "1251.80000", "2017-12-31": "987.79990", "2017-09-30": "613.70010", "2017-06-30": "535.00000", "2017-03-31": "1102.60000", "2016-12-31": "1032.10000", "2016-09-30": "482.60030", "2016-06-30": "697.80000", "2016-03-31": "1195.20000", "2015-12-31": "872.60000", "2015-09-30": "542.69980", "2015-06-30": "561.70000", "2015-03-31": "1250.20000", "2014-12-31": "600.00000", "2014-09-30": "493.39950", "2014-06-30": "560.20000", "2014-03-31": "1162.00000", "2013-12-31": "885.99990", "2013-09-30": "473.60060", "2013-06-30": "537.50010", "2013-03-31": "1056.00000", "2012-12-31": "803.20000", "2012-09-30": "467.29940", "2012-06-30": "466.99990", "2012-03-31": "900.90000", "2011-12-31": "587.00000", "2011-09-30": "373.70010", "2011-06-30": "374.40000", "2011-03-31": "757.10000", "2010-12-31": "603.00000", "2010-09-30": "315.60000", "2010-06-30": "346.40000", "2010-03-31": "753.40000", "2009-12-31": "592.00000", "2009-09-30": "331.49950", "2009-06-30": "370.60000", "2009-03-31": "757.70010", "2008-12-31": "607.40000", "2008-09-30": "325.80050", "2008-06-30": "384.20010", "2008-03-31": "670.90000", "2007-12-31": "522.70000", "2007-09-30": "297.99960", "2007-06-30": "350.00010", "2007-03-31": "629.29990", "2006-12-31": "468.79990", "2006-09-30": "279.90000", "2006-06-30": "307.50000", "2006-03-31": "548.50000", "2005-12-31": "427.20010", "2005-09-30": "264.60030", "2005-06-30": "303.70000", "2005-03-31": "577.20000"}, "Research And Development Expenses": {"2020-12-31": "", "2020-09-30": "", "2020-06-30": "", "2020-03-31": "", "2019-12-31": "", "2019-09-30": "", "2019-06-30": "", "2019-03-31": "", "2018-12-31": "", "2018-09-30": "", "2018-06-30": "", "2018-03-31": "", "2017-12-31": "", "2017-09-30": "", "2017-06-30": "", "2017-03-31": "", "2016-12-31": "", "2016-09-30": "", "2016-06-30": "", "2016-03-31": "", "2015-12-31": "", "2015-09-30": "", "2015-06-30": "", "2015-03-31": "", "2014-12-31": "", "2014-09-30": "", "2014-06-30": "", "2014-03-31": "", "2013-12-31": "", "2013-09-30": "", "2013-06-30": "", "2013-03-31": "", "2012-12-31": "", "2012-09-30": "", "2012-06-30": "", "2012-03-31": "", "2011-12-31": "", "2011-09-30": "", "2011-06-30": "", "2011-03-31": "", "2010-12-31": "", "2010-09-30": "", "2010-06-30": "", "2010-03-31": "", "2009-12-31": "", "2009-09-30": "", "2009-06-30": "", "2009-03-31": "", "2008-12-31": "", "2008-09-30": "", "2008-06-30": "", "2008-03-31": "", "2007-12-31": "", "2007-09-30": "", "2007-06-30": "", "2007-03-31": "", "2006-12-31": "", "2006-09-30": "", "2006-06-30": "", "2006-03-31": "", "2005-12-31": "", "2005-09-30": "", "2005-06-30": "", "2005-03-31": ""}, "SG&A Expenses": {"2020-12-31": "489.00000", "2020-09-30": "458.70000", "2020-06-30": "437.90000", "2020-03-31": "503.40000", "2019-12-31": "511.00000", "2019-09-30": "446.20000", "2019-06-30": "476.90000", "2019-03-31": "536.70000", "2018-12-31": "503.20000", "2018-09-30": "476.30000", "2018-06-30": "495.10000", "2018-03-31": "554.70000", "2017-12-31": "486.90000", "2017-09-30": "458.60000", "2017-06-30": "449.40000", "2017-03-31": "491.10000", "2016-12-31": "468.50000", "2016-09-30": "491.09990", "2016-06-30": "449.50000", "2016-03-31": "485.40000", "2015-12-31": "467.90000", "2015-09-30": "455.30010", "2015-06-30": "423.50000", "2015-03-31": "471.40000", "2014-12-31": "439.80000", "2014-09-30": "417.09990", "2014-06-30": "419.60000", "2014-03-31": "496.80000", "2013-12-31": "435.70000", "2013-09-30": "400.30000", "2013-06-30": "411.20000", "2013-03-31": "466.20000", "2012-12-31": "431.20000", "2012-09-30": "404.00010", "2012-06-30": "409.70000", "2012-03-31": "448.20000", "2011-12-31": "346.50000", "2011-09-30": "303.80000", "2011-06-30": "307.90000", "2011-03-31": "355.40000", "2010-12-31": "316.50000", "2010-09-30": "289.70000", "2010-06-30": "271.80000", "2010-03-31": "333.30000", "2009-12-31": "301.20000", "2009-09-30": "293.50000", "2009-06-30": "285.20000", "2009-03-31": "340.60000", "2008-12-31": "317.60000", "2008-09-30": "275.20000", "2008-06-30": "287.70000", "2008-03-31": "321.50000", "2007-12-31": "291.20000", "2007-09-30": "246.60000", "2007-06-30": "265.40000", "2007-03-31": "295.70000", "2006-12-31": "265.80000", "2006-09-30": "237.40000", "2006-06-30": "239.40000", "2006-03-31": "268.00000", "2005-12-31": "238.70000", "2005-09-30": "233.10000", "2005-06-30": "236.80000", "2005-03-31": "259.10000"}, "Other Operating Income Or Expenses": {"2020-12-31": "16.00000", "2020-09-30": "2.60000", "2020-06-30": "-48.40000", "2020-03-31": "4.80000", "2019-12-31": "8.00000", "2019-09-30": "4.80000", "2019-06-30": "14.10000", "2019-03-31": "5.20000", "2018-12-31": "6.90000", "2018-09-30": "11.50000", "2018-06-30": "-65.00000", "2018-03-31": "6.10000", "2017-12-31": "4.40000", "2017-09-30": "-6.90000", "2017-06-30": "15.70000", "2017-03-31": "1.00000", "2016-12-31": "0.70000", "2016-09-30": "9.20000", "2016-06-30": "5.50000", "2016-03-31": "6.30000", "2015-12-31": "1.40000", "2015-09-30": "8.60000", "2015-06-30": "10.40000", "2015-03-31": "11.30000", "2014-12-31": "14.10000", "2014-09-30": "5.50000", "2014-06-30": "12.10000", "2014-03-31": "11.10000", "2013-12-31": "7.40000", "2013-09-30": "8.30000", "2013-06-30": "7.00000", "2013-03-31": "7.50000", "2012-12-31": "10.00000", "2012-09-30": "12.70000", "2012-06-30": "8.10000", "2012-03-31": "10.90000", "2011-12-31": "8.10000", "2011-09-30": "26.20000", "2011-06-30": "8.50000", "2011-03-31": "10.80000", "2010-12-31": "", "2010-09-30": "45.80000", "2010-06-30": "8.30000", "2010-03-31": "-1.50000", "2009-12-31": "5.40000", "2009-09-30": "1.10000", "2009-06-30": "", "2009-03-31": "7.50000", "2008-12-31": "47.30000", "2008-09-30": "", "2008-06-30": "", "2008-03-31": "", "2007-12-31": "", "2007-09-30": "", "2007-06-30": "", "2007-03-31": "", "2006-12-31": "", "2006-09-30": "", "2006-06-30": "", "2006-03-31": "", "2005-12-31": "", "2005-09-30": "", "2005-06-30": "", "2005-03-31": ""}, "Operating Expenses": {"2020-12-31": "1430.00000", "2020-09-30": "1054.60000", "2020-06-30": "1025.40000", "2020-03-31": "1867.00000", "2019-12-31": "1630.00000", "2019-09-30": "1249.10000", "2019-06-30": "1354.10000", "2019-03-31": "2067.30000", "2018-12-31": "2032.50000", "2018-09-30": "1223.40000", "2018-06-30": "1411.40000", "2018-03-31": "2221.00000", "2017-12-31": "1730.20000", "2017-09-30": "1080.50000", "2017-06-30": "1156.30000", "2017-03-31": "1660.60000", "2016-12-31": "1213.30000", "2016-09-30": "1064.79900", "2016-06-30": "975.10000", "2016-03-31": "1356.70000", "2015-12-31": "1301.10000", "2015-09-30": "1089.40000", "2015-06-30": "1092.00000", "2015-03-31": "1753.50000", "2014-12-31": "1921.30000", "2014-09-30": "1320.80000", "2014-06-30": "1424.00000", "2014-03-31": "2574.70000", "2013-12-31": "1952.20000", "2013-09-30": "1271.30000", "2013-06-30": "1332.80000", "2013-03-31": "2035.00000", "2012-12-31": "1724.50000", "2012-09-30": "1139.10000", "2012-06-30": "1296.40000", "2012-03-31": "2046.70000", "2011-12-31": "1500.50000", "2011-09-30": "1001.90000", "2011-06-30": "1088.20000", "2011-03-31": "1824.00000", "2010-12-31": "1534.40000", "2010-09-30": "871.60000", "2010-06-30": "930.70010", "2010-03-31": "1754.30000", "2009-12-31": "1375.60000", "2009-09-30": "872.30000", "2009-06-30": "928.10000", "2009-03-31": "1763.00000", "2008-12-31": "1489.10000", "2008-09-30": "1143.89900", "2008-06-30": "1283.10000", "2008-03-31": "2057.90000", "2007-12-31": "1578.10000", "2007-09-30": "849.10020", "2007-06-30": "1034.30000", "2007-03-31": "1710.30000", "2006-12-31": "1301.90000", "2006-09-30": "839.19980", "2006-06-30": "887.50000", "2006-03-31": "1600.90000", "2005-12-31": "1425.70000", "2005-09-30": "762.49980", "2005-06-30": "902.10000", "2005-03-31": "1507.30000"}, "Operating Income": {"2020-12-31": "502.00000", "2020-09-30": "69.20020", "2020-06-30": "173.90000", "2020-03-31": "361.90000", "2019-12-31": "377.00000", "2019-09-30": "-99.10020", "2019-06-30": "9.59990", "2019-03-31": "538.80000", "2018-12-31": "167.70010", "2018-09-30": "49.49990", "2018-06-30": "29.50000", "2018-03-31": "591.00020", "2017-12-31": "394.99990", "2017-09-30": "33.39990", "2017-06-30": "-2.80000", "2017-03-31": "513.20010", "2016-12-31": "466.20000", "2016-09-30": "-88.59910", "2016-06-30": "155.70010", "2016-03-31": "615.39990", "2015-12-31": "305.50000", "2015-09-30": "-6.60020", "2015-06-30": "56.10010", "2015-03-31": "702.10010", "2014-12-31": "83.29990", "2014-09-30": "-9.40060", "2014-06-30": "62.70000", "2014-03-31": "588.60010", "2013-12-31": "363.70000", "2013-09-30": "-12.29970", "2013-06-30": "41.50010", "2013-03-31": "507.70010", "2012-12-31": "294.19980", "2012-09-30": "-11.30090", "2012-06-30": "-19.20010", "2012-03-31": "380.80020", "2011-12-31": "188.29990", "2011-09-30": "37.00020", "2011-06-30": "17.20010", "2011-03-31": "357.00000", "2010-12-31": "231.20000", "2010-09-30": "18.79990", "2010-06-30": "31.20000", "2010-03-31": "366.00000", "2009-12-31": "243.20010", "2009-09-30": "-13.00050", "2009-06-30": "34.10000", "2009-03-31": "374.80000", "2008-12-31": "289.40010", "2008-09-30": "45.30130", "2008-06-30": "49.70010", "2008-03-31": "303.59990", "2007-12-31": "186.59990", "2007-09-30": "85.69930", "2007-06-30": "42.50010", "2007-03-31": "291.79990", "2006-12-31": "161.29990", "2006-09-30": "39.30010", "2006-06-30": "31.60000", "2006-03-31": "244.60010", "2005-12-31": "152.20000", "2005-09-30": "43.60050", "2005-06-30": "30.40000", "2005-03-31": "280.40000"}, "Total Non-Operating Income/Expense": {"2020-12-31": "-90.00000", "2020-09-30": "-86.10000", "2020-06-30": "-77.20000", "2020-03-31": "-62.70000", "2019-12-31": "-89.00000", "2019-09-30": "-50.40000", "2019-06-30": "-58.30000", "2019-03-31": "-51.50000", "2018-12-31": "-55.80000", "2018-09-30": "-44.30000", "2018-06-30": "-30.60000", "2018-03-31": "-69.90000", "2017-12-31": "-65.20000", "2017-09-30": "-67.80000", "2017-06-30": "-76.50000", "2017-03-31": "-76.80000", "2016-12-31": "-87.50000", "2016-09-30": "-69.20000", "2016-06-30": "-93.50000", "2016-03-31": "-57.30000", "2015-12-31": "-58.00000", "2015-09-30": "-57.30000", "2015-06-30": "-67.50000", "2015-03-31": "-58.30000", "2014-12-31": "-60.00000", "2014-09-30": "-58.80000", "2014-06-30": "-60.20000", "2014-03-31": "-59.50000", "2013-12-31": "-59.30000", "2013-09-30": "-60.00000", "2013-06-30": "-59.20000", "2013-03-31": "-60.00000", "2012-12-31": "-61.50000", "2012-09-30": "-57.90000", "2012-06-30": "-61.30000", "2012-03-31": "-78.70000", "2011-12-31": "-36.10000", "2011-09-30": "-75.90000", "2011-06-30": "-35.20000", "2011-03-31": "-53.50000", "2010-12-31": "-12.40000", "2010-09-30": "-32.10000", "2010-06-30": "-35.50000", "2010-03-31": "-34.10000", "2009-12-31": "-34.20000", "2009-09-30": "-31.40000", "2009-06-30": "-39.90000", "2009-03-31": "-35.60000", "2008-12-31": "-37.30000", "2008-09-30": "-67.60000", "2008-06-30": "-27.60000", "2008-03-31": "-23.00000", "2007-12-31": "-27.20000", "2007-09-30": "-60.00000", "2007-06-30": "-25.70000", "2007-03-31": "-27.70000", "2006-12-31": "-30.00000", "2006-09-30": "-65.40000", "2006-06-30": "-22.20000", "2006-03-31": "-31.50000", "2005-12-31": "-25.20000", "2005-09-30": "-72.80000", "2005-06-30": "-59.20000", "2005-03-31": "-26.60000"}, "Pre-Tax Income": {"2020-12-31": "412.00000", "2020-09-30": "-16.90000", "2020-06-30": "96.70000", "2020-03-31": "299.20000", "2019-12-31": "288.00000", "2019-09-30": "-149.50000", "2019-06-30": "-48.70000", "2019-03-31": "487.30000", "2018-12-31": "111.90000", "2018-09-30": "5.20000", "2018-06-30": "-1.10000", "2018-03-31": "521.10000", "2017-12-31": "329.80000", "2017-09-30": "-34.40000", "2017-06-30": "-79.30000", "2017-03-31": "436.40000", "2016-12-31": "378.70000", "2016-09-30": "-157.80000", "2016-06-30": "62.20000", "2016-03-31": "558.10000", "2015-12-31": "247.50000", "2015-09-30": "-63.90000", "2015-06-30": "-11.40000", "2015-03-31": "643.80000", "2014-12-31": "23.30000", "2014-09-30": "-68.20000", "2014-06-30": "2.50000", "2014-03-31": "529.10000", "2013-12-31": "304.40000", "2013-09-30": "-72.30000", "2013-06-30": "-17.70000", "2013-03-31": "447.70000", "2012-12-31": "232.70000", "2012-09-30": "-69.20000", "2012-06-30": "-80.50000", "2012-03-31": "302.10000", "2011-12-31": "152.20000", "2011-09-30": "-38.90000", "2011-06-30": "-18.00000", "2011-03-31": "303.50000", "2010-12-31": "218.80000", "2010-09-30": "-13.30000", "2010-06-30": "-4.30000", "2010-03-31": "331.90000", "2009-12-31": "209.00000", "2009-09-30": "-44.40010", "2009-06-30": "-5.80000", "2009-03-31": "339.20000", "2008-12-31": "252.10000", "2008-09-30": "-22.30000", "2008-06-30": "22.10000", "2008-03-31": "280.60000", "2007-12-31": "159.40000", "2007-09-30": "25.70000", "2007-06-30": "16.80000", "2007-03-31": "264.10000", "2006-12-31": "131.30000", "2006-09-30": "-26.10000", "2006-06-30": "9.40000", "2006-03-31": "213.10000", "2005-12-31": "127.00000", "2005-09-30": "-29.20000", "2005-06-30": "-28.80000", "2005-03-31": "253.80000"}, "Income Taxes": {"2020-12-31": "109.00000", "2020-09-30": "-26.60000", "2020-06-30": "12.00000", "2020-03-31": "73.60000", "2019-12-31": "76.00000", "2019-09-30": "-18.80000", "2019-06-30": "-2.20000", "2019-03-31": "90.60000", "2018-12-31": "23.40000", "2018-09-30": "13.40000", "2018-06-30": "10.60000", "2018-03-31": "113.40000", "2017-12-31": "-104.40000", "2017-09-30": "-17.70000", "2017-06-30": "-17.10000", "2017-03-31": "124.60000", "2016-12-31": "87.80000", "2016-09-30": "-42.10000", "2016-06-30": "33.60000", "2016-03-31": "150.10000", "2015-12-31": "79.60000", "2015-09-30": "-11.40000", "2015-06-30": "4.50000", "2015-03-31": "161.60000", "2014-12-31": "23.10000", "2014-09-30": "-8.20000", "2014-06-30": "15.20000", "2014-03-31": "141.30000", "2013-12-31": "86.90000", "2013-09-30": "-13.20000", "2013-06-30": "5.10000", "2013-03-31": "106.00000", "2012-12-31": "64.90000", "2012-09-30": "-6.30000", "2012-06-30": "-4.00000", "2012-03-31": "75.10000", "2011-12-31": "42.10000", "2011-09-30": "-1.80000", "2011-06-30": "-4.50000", "2011-03-31": "87.90000", "2010-12-31": "63.80000", "2010-09-30": "5.10000", "2010-06-30": "-0.10000", "2010-03-31": "99.10000", "2009-12-31": "63.50000", "2009-09-30": "-12.90000", "2009-06-30": "6.40000", "2009-03-31": "97.40000", "2008-12-31": "68.20000", "2008-09-30": "-4.40000", "2008-06-30": "11.30000", "2008-03-31": "79.10000", "2007-12-31": "48.50000", "2007-09-30": "4.40000", "2007-06-30": "8.30000", "2007-03-31": "75.90000", "2006-12-31": "38.10000", "2006-09-30": "-6.50000", "2006-06-30": "2.10000", "2006-03-31": "64.40000", "2005-12-31": "38.50000", "2005-09-30": "-4.70000", "2005-06-30": "-1.60000", "2005-03-31": "83.50000"}, "Income After Taxes": {"2020-12-31": "303.00000", "2020-09-30": "9.70000", "2020-06-30": "84.70000", "2020-03-31": "225.60000", "2019-12-31": "212.00000", "2019-09-30": "-130.70000", "2019-06-30": "-46.50000", "2019-03-31": "396.70000", "2018-12-31": "88.50000", "2018-09-30": "-8.20000", "2018-06-30": "-11.70000", "2018-03-31": "407.70000", "2017-12-31": "434.20000", "2017-09-30": "-16.70000", "2017-06-30": "-62.20000", "2017-03-31": "311.80000", "2016-12-31": "290.90000", "2016-09-30": "-115.70000", "2016-06-30": "28.60000", "2016-03-31": "408.00000", "2015-12-31": "167.90000", "2015-09-30": "-52.50000", "2015-06-30": "-15.90000", "2015-03-31": "482.20000", "2014-12-31": "0.20000", "2014-09-30": "-60.00000", "2014-06-30": "-12.70000", "2014-03-31": "387.80000", "2013-12-31": "217.50000", "2013-09-30": "-59.10000", "2013-06-30": "-22.80000", "2013-03-31": "341.70000", "2012-12-31": "167.80000", "2012-09-30": "-62.90000", "2012-06-30": "-76.50000", "2012-03-31": "227.00000", "2011-12-31": "110.10000", "2011-09-30": "-37.10000", "2011-06-30": "-13.50000", "2011-03-31": "215.60000", "2010-12-31": "155.00000", "2010-09-30": "-18.40000", "2010-06-30": "-4.20000", "2010-03-31": "232.80000", "2009-12-31": "145.50000", "2009-09-30": "-31.50010", "2009-06-30": "-12.20000", "2009-03-31": "241.80000", "2008-12-31": "183.90000", "2008-09-30": "-17.90000", "2008-06-30": "10.80000", "2008-03-31": "201.50000", "2007-12-31": "110.90000", "2007-09-30": "21.30000", "2007-06-30": "8.50000", "2007-03-31": "188.20000", "2006-12-31": "93.20000", "2006-09-30": "-19.60000", "2006-06-30": "7.30000", "2006-03-31": "148.70000", "2005-12-31": "88.50000", "2005-09-30": "-24.50000", "2005-06-30": "-27.20000", "2005-03-31": "170.30000"}, "Other Income": {"2020-12-31": "", "2020-09-30": "", "2020-06-30": "", "2020-03-31": "", "2019-12-31": "", "2019-09-30": "", "2019-06-30": "", "2019-03-31": "", "2018-12-31": "", "2018-09-30": "", "2018-06-30": "", "2018-03-31": "", "2017-12-31": "", "2017-09-30": "", "2017-06-30": "", "2017-03-31": "", "2016-12-31": "", "2016-09-30": "", "2016-06-30": "", "2016-03-31": "", "2015-12-31": "", "2015-09-30": "", "2015-06-30": "", "2015-03-31": "", "2014-12-31": "", "2014-09-30": "", "2014-06-30": "", "2014-03-31": "", "2013-12-31": "", "2013-09-30": "", "2013-06-30": "", "2013-03-31": "", "2012-12-31": "", "2012-09-30": "", "2012-06-30": "", "2012-03-31": "", "2011-12-31": "", "2011-09-30": "", "2011-06-30": "", "2011-03-31": "", "2010-12-31": "", "2010-09-30": "", "2010-06-30": "", "2010-03-31": "", "2009-12-31": "", "2009-09-30": "", "2009-06-30": "", "2009-03-31": "", "2008-12-31": "", "2008-09-30": "", "2008-06-30": "", "2008-03-31": "", "2007-12-31": "", "2007-09-30": "", "2007-06-30": "", "2007-03-31": "", "2006-12-31": "", "2006-09-30": "", "2006-06-30": "", "2006-03-31": "", "2005-12-31": "", "2005-09-30": "", "2005-06-30": "", "2005-03-31": ""}, "Income From Continuous Operations": {"2020-12-31": "303.00000", "2020-09-30": "9.70000", "2020-06-30": "84.70000", "2020-03-31": "225.60000", "2019-12-31": "212.00000", "2019-09-30": "-130.70000", "2019-06-30": "-46.50000", "2019-03-31": "396.70000", "2018-12-31": "88.50000", "2018-09-30": "-8.20000", "2018-06-30": "-11.70000", "2018-03-31": "407.70000", "2017-12-31": "434.20000", "2017-09-30": "-16.70000", "2017-06-30": "-62.20000", "2017-03-31": "311.80000", "2016-12-31": "290.90000", "2016-09-30": "-115.70000", "2016-06-30": "28.60000", "2016-03-31": "408.00000", "2015-12-31": "167.90000", "2015-09-30": "-52.50000", "2015-06-30": "-15.90000", "2015-03-31": "482.20000", "2014-12-31": "0.20000", "2014-09-30": "-60.00000", "2014-06-30": "-12.70000", "2014-03-31": "387.80000", "2013-12-31": "217.50000", "2013-09-30": "-59.10000", "2013-06-30": "-22.80000", "2013-03-31": "341.70000", "2012-12-31": "167.80000", "2012-09-30": "-62.90000", "2012-06-30": "-76.50000", "2012-03-31": "227.00000", "2011-12-31": "110.10000", "2011-09-30": "-37.10000", "2011-06-30": "-13.50000", "2011-03-31": "215.60000", "2010-12-31": "155.00000", "2010-09-30": "-18.40000", "2010-06-30": "-4.20000", "2010-03-31": "232.80000", "2009-12-31": "145.50000", "2009-09-30": "-155.00000", "2009-06-30": "-12.20000", "2009-03-31": "241.80000", "2008-12-31": "183.90000", "2008-09-30": "-6.30000", "2008-06-30": "15.70000", "2008-03-31": "126.10000", "2007-12-31": "80.00000", "2007-09-30": "10.70000", "2007-06-30": "11.50000", "2007-03-31": "120.20000", "2006-12-31": "61.90000", "2006-09-30": "-4.00000", "2006-06-30": "18.70000", "2006-03-31": "104.00000", "2005-12-31": "57.50000", "2005-09-30": "-8.70000", "2005-06-30": "0.70000", "2005-03-31": "117.30000"}, "Income From Discontinued Operations": {"2020-12-31": "", "2020-09-30": "", "2020-06-30": "", "2020-03-31": "", "2019-12-31": "", "2019-09-30": "", "2019-06-30": "", "2019-03-31": "", "2018-12-31": "", "2018-09-30": "", "2018-06-30": "", "2018-03-31": "", "2017-12-31": "", "2017-09-30": "", "2017-06-30": "", "2017-03-31": "", "2016-12-31": "", "2016-09-30": "", "2016-06-30": "", "2016-03-31": "", "2015-12-31": "", "2015-09-30": "", "2015-06-30": "", "2015-03-31": "", "2014-12-31": "", "2014-09-30": "", "2014-06-30": "", "2014-03-31": "", "2013-12-31": "", "2013-09-30": "", "2013-06-30": "", "2013-03-31": "", "2012-12-31": "", "2012-09-30": "", "2012-06-30": "", "2012-03-31": "", "2011-12-31": "", "2011-09-30": "", "2011-06-30": "", "2011-03-31": "", "2010-12-31": "", "2010-09-30": "", "2010-06-30": "", "2010-03-31": "", "2009-12-31": "", "2009-09-30": "", "2009-06-30": "", "2009-03-31": "", "2008-12-31": "", "2008-09-30": "", "2008-06-30": "", "2008-03-31": "", "2007-12-31": "", "2007-09-30": "", "2007-06-30": "", "2007-03-31": "", "2006-12-31": "", "2006-09-30": "", "2006-06-30": "", "2006-03-31": "", "2005-12-31": "", "2005-09-30": "", "2005-06-30": "", "2005-03-31": ""}, "Net Income": {"2020-12-31": "303.00000", "2020-09-30": "9.20000", "2020-06-30": "85.30000", "2020-03-31": "225.50000", "2019-12-31": "212.00000", "2019-09-30": "-51.70000", "2019-06-30": "-1.90000", "2019-03-31": "245.40000", "2018-12-31": "64.20000", "2018-09-30": "24.70000", "2018-06-30": "52.40000", "2018-03-31": "276.00000", "2017-12-31": "365.90000", "2017-09-30": "5.00000", "2017-06-30": "-19.00000", "2017-03-31": "219.90000", "2016-12-31": "230.70000", "2016-09-30": "-43.80000", "2016-06-30": "60.70000", "2016-03-31": "233.20000", "2015-12-31": "114.60000", "2015-09-30": "-9.20000", "2015-06-30": "9.60000", "2015-03-31": "246.50000", "2014-12-31": "34.10000", "2014-09-30": "-19.80000", "2014-06-30": "20.60000", "2014-03-31": "214.40000", "2013-12-31": "122.00000", "2013-09-30": "-14.20000", "2013-06-30": "9.10000", "2013-03-31": "180.70000", "2012-12-31": "102.50000", "2012-09-30": "-3.90000", "2012-06-30": "-6.30000", "2012-03-31": "133.40000", "2011-12-31": "87.00000", "2011-09-30": "-9.90000", "2011-06-30": "-7.20000", "2011-03-31": "149.40000", "2010-12-31": "113.10000", "2010-09-30": "2.10000", "2010-06-30": "3.40000", "2010-03-31": "157.10000", "2009-12-31": "98.40000", "2009-09-30": "-11.00000", "2009-06-30": "-3.60000", "2009-03-31": "158.20000", "2008-12-31": "114.90000", "2008-09-30": "-6.30000", "2008-06-30": "15.70000", "2008-03-31": "126.10000", "2007-12-31": "80.00000", "2007-09-30": "10.70000", "2007-06-30": "11.50000", "2007-03-31": "120.20000", "2006-12-31": "61.90000", "2006-09-30": "-4.00000", "2006-06-30": "18.70000", "2006-03-31": "104.00000", "2005-12-31": "57.50000", "2005-09-30": "-8.70000", "2005-06-30": "0.70000", "2005-03-31": "117.30000"}, "EBITDA": {"2020-12-31": "626.00000", "2020-09-30": "191.10020", "2020-06-30": "296.40000", "2020-03-31": "482.50000", "2019-12-31": "496.00000", "2019-09-30": "18.89980", "2019-06-30": "119.49980", "2019-03-31": "647.70010", "2018-12-31": "278.90010", "2018-09-30": "163.19990", "2018-06-30": "148.30000", "2018-03-31": "703.20030", "2017-12-31": "505.29990", "2017-09-30": "148.19990", "2017-06-30": "101.30000", "2017-03-31": "612.50010", "2016-12-31": "564.29990", "2016-09-30": "12.90090", "2016-06-30": "253.80010", "2016-03-31": "716.09990", "2015-12-31": "406.10000", "2015-09-30": "95.99980", "2015-06-30": "148.60010", "2015-03-31": "790.10010", "2014-12-31": "174.29990", "2014-09-30": "81.79940", "2014-06-30": "152.70000", "2014-03-31": "676.30010", "2013-12-31": "457.70000", "2013-09-30": "81.60030", "2013-06-30": "133.30010", "2013-03-31": "597.30000", "2012-12-31": "381.99980", "2012-09-30": "75.99910", "2012-06-30": "65.39990", "2012-03-31": "463.60020", "2011-12-31": "248.59990", "2011-09-30": "96.10020", "2011-06-30": "75.00010", "2011-03-31": "412.50000", "2010-12-31": "286.49990", "2010-09-30": "71.69990", "2010-06-30": "82.90000", "2010-03-31": "418.60000", "2009-12-31": "296.20010", "2009-09-30": "39.09950", "2009-06-30": "85.40000", "2009-03-31": "424.60000", "2008-12-31": "337.10020", "2008-09-30": "92.20130", "2008-06-30": "96.50010", "2008-03-31": "349.39980", "2007-12-31": "231.49980", "2007-09-30": "129.29930", "2007-06-30": "84.60010", "2007-03-31": "333.59990", "2006-12-31": "202.99990", "2006-09-30": "79.30010", "2006-06-30": "68.10000", "2006-03-31": "280.50010", "2005-12-31": "188.50000", "2005-09-30": "78.20050", "2005-06-30": "66.90000", "2005-03-31": "318.10000"}, "EBIT": {"2020-12-31": "502.00000", "2020-09-30": "69.20000", "2020-06-30": "173.90000", "2020-03-31": "361.90000", "2019-12-31": "377.00000", "2019-09-30": "-99.10000", "2019-06-30": "9.59990", "2019-03-31": "538.80000", "2018-12-31": "167.70010", "2018-09-30": "49.49990", "2018-06-30": "29.50000", "2018-03-31": "591.00020", "2017-12-31": "394.99990", "2017-09-30": "33.40000", "2017-06-30": "-2.80000", "2017-03-31": "513.20010", "2016-12-31": "466.20000", "2016-09-30": "-88.59950", "2016-06-30": "155.70010", "2016-03-31": "615.39990", "2015-12-31": "305.50000", "2015-09-30": "-6.60020", "2015-06-30": "56.10010", "2015-03-31": "702.10010", "2014-12-31": "83.29990", "2014-09-30": "-9.40040", "2014-06-30": "62.70000", "2014-03-31": "588.60010", "2013-12-31": "363.70000", "2013-09-30": "-12.29990", "2013-06-30": "41.50010", "2013-03-31": "507.70010", "2012-12-31": "294.19980", "2012-09-30": "-11.30040", "2012-06-30": "-19.20010", "2012-03-31": "380.80020", "2011-12-31": "188.29990", "2011-09-30": "36.99990", "2011-06-30": "17.20010", "2011-03-31": "357.00000", "2010-12-31": "231.20000", "2010-09-30": "18.79970", "2010-06-30": "31.20000", "2010-03-31": "366.00000", "2009-12-31": "243.20010", "2009-09-30": "-13.00040", "2009-06-30": "34.10000", "2009-03-31": "374.80000", "2008-12-31": "289.40010", "2008-09-30": "45.30090", "2008-06-30": "49.70010", "2008-03-31": "303.59990", "2007-12-31": "186.59990", "2007-09-30": "85.69980", "2007-06-30": "42.50010", "2007-03-31": "291.79990", "2006-12-31": "161.29990", "2006-09-30": "39.30020", "2006-06-30": "31.60000", "2006-03-31": "244.60010", "2005-12-31": "152.20000", "2005-09-30": "43.60040", "2005-06-30": "30.40000", "2005-03-31": "280.40000"}, "Basic Shares Outstanding": {"2020-12-31": "208.77400", "2020-09-30": "208.92800", "2020-06-30": "208.59800", "2020-03-31": "208.94100", "2019-12-31": "209.43900", "2019-09-30": "178.41700", "2019-06-30": "174.75900", "2019-03-31": "174.50100", "2018-12-31": "174.41300", "2018-09-30": "173.90800", "2018-06-30": "173.99100", "2018-03-31": "173.57000", "2017-12-31": "173.67000", "2017-09-30": "173.66200", "2017-06-30": "173.74200", "2017-03-31": "173.62400", "2016-12-31": "173.51200", "2016-09-30": "173.15400", "2016-06-30": "173.39500", "2016-03-31": "172.61900", "2015-12-31": "172.86200", "2015-09-30": "173.11500", "2015-06-30": "173.13600", "2015-03-31": "173.15400", "2014-12-31": "172.94500", "2014-09-30": "172.73300", "2014-06-30": "173.05500", "2014-03-31": "172.76000", "2013-12-31": "172.23800", "2013-09-30": "170.88500", "2013-06-30": "171.36000", "2013-03-31": "170.56350", "2012-12-31": "169.70400", "2012-09-30": "168.87200", "2012-06-30": "169.08900", "2012-03-31": "168.76500", "2011-12-31": "168.36000", "2011-09-30": "167.51100", "2011-06-30": "168.03000", "2011-03-31": "167.45550", "2010-12-31": "166.34100", "2010-09-30": "164.38200", "2010-06-30": "164.52450", "2010-03-31": "163.84800", "2009-12-31": "163.61550", "2009-09-30": "162.78450", "2009-06-30": "162.88800", "2009-03-31": "162.61200", "2008-12-31": "162.33600", "2008-09-30": "161.09400", "2008-06-30": "161.13150", "2008-03-31": "160.67400", "2007-12-31": "160.47150", "2007-09-30": "159.67650", "2007-06-30": "159.98250", "2007-03-31": "159.49650", "2006-12-31": "158.89500", "2006-09-30": "158.18250", "2006-06-30": "158.40450", "2006-03-31": "158.04750", "2005-12-31": "157.73550", "2005-09-30": "155.81550", "2005-06-30": "156.46800", "2005-03-31": "155.37300"}, "Shares Outstanding": {"2020-12-31": "209.64000", "2020-09-30": "209.86900", "2020-06-30": "208.97500", "2020-03-31": "209.80800", "2019-12-31": "211.25800", "2019-09-30": "181.11100", "2019-06-30": "174.75900", "2019-03-31": "177.31800", "2018-12-31": "177.56600", "2018-09-30": "176.90500", "2018-06-30": "176.80700", "2018-03-31": "176.35000", "2017-12-31": "176.94800", "2017-09-30": "177.15900", "2017-06-30": "173.74200", "2017-03-31": "177.13600", "2016-12-31": "176.98400", "2016-09-30": "175.57200", "2016-06-30": "175.97400", "2016-03-31": "174.84500", "2015-12-31": "175.21800", "2015-09-30": "175.66700", "2015-06-30": "175.58000", "2015-03-31": "175.62800", "2014-12-31": "175.78600", "2014-09-30": "175.23100", "2014-06-30": "175.57200", "2014-03-31": "175.12100", "2013-12-31": "174.70500", "2013-09-30": "173.28200", "2013-06-30": "174.29400", "2013-03-31": "172.79850", "2012-12-31": "171.73500", "2012-09-30": "170.14800", "2012-06-30": "169.08900", "2012-03-31": "169.85850", "2011-12-31": "169.72800", "2011-09-30": "169.41600", "2011-06-30": "168.03000", "2011-03-31": "169.74000", "2010-12-31": "168.62400", "2010-09-30": "165.76650", "2010-06-30": "166.04850", "2010-03-31": "165.12900", "2009-12-31": "164.81550", "2009-09-30": "164.00850", "2009-06-30": "162.88800", "2009-03-31": "163.83450", "2008-12-31": "163.51350", "2008-09-30": "162.78150", "2008-06-30": "162.88500", "2008-03-31": "162.38100", "2007-12-31": "162.47700", "2007-09-30": "161.91150", "2007-06-30": "161.95950", "2007-03-31": "161.64000", "2006-12-31": "161.35950", "2006-09-30": "160.09050", "2006-06-30": "160.27500", "2006-03-31": "159.60150", "2005-12-31": "159.93450", "2005-09-30": "158.58450", "2005-06-30": "159.03600", "2005-03-31": "157.62900"}, "Basic EPS": {"2020-12-31": "1.45000", "2020-09-30": "0.05000", "2020-06-30": "0.41000", "2020-03-31": "1.08000", "2019-12-31": "1.01000", "2019-09-30": "-0.33000", "2019-06-30": "-0.01000", "2019-03-31": "1.41000", "2018-12-31": "0.37000", "2018-09-30": "0.13000", "2018-06-30": "0.30000", "2018-03-31": "1.59000", "2017-12-31": "2.11000", "2017-09-30": "0.02000", "2017-06-30": "-0.11000", "2017-03-31": "1.27000", "2016-12-31": "1.33000", "2016-09-30": "-0.25000", "2016-06-30": "0.35000", "2016-03-31": "1.35000", "2015-12-31": "0.66000", "2015-09-30": "-0.06000", "2015-06-30": "0.06000", "2015-03-31": "1.42000", "2014-12-31": "0.20000", "2014-09-30": "-0.12000", "2014-06-30": "0.12000", "2014-03-31": "1.24000", "2013-12-31": "0.71000", "2013-09-30": "-0.09000", "2013-06-30": "0.05330", "2013-03-31": "1.06000", "2012-12-31": "0.60670", "2012-09-30": "-0.03330", "2012-06-30": "-0.04000", "2012-03-31": "0.79330", "2011-12-31": "0.52000", "2011-09-30": "-0.06670", "2011-06-30": "-0.04000", "2011-03-31": "0.89330", "2010-12-31": "0.68000", "2010-09-30": "0.00670", "2010-06-30": "0.02000", "2010-03-31": "0.96000", "2009-12-31": "0.60000", "2009-09-30": "-0.07330", "2009-06-30": "-0.02000", "2009-03-31": "0.97330", "2008-12-31": "0.70670", "2008-09-30": "-0.04670", "2008-06-30": "0.10000", "2008-03-31": "0.78670", "2007-12-31": "0.50000", "2007-09-30": "0.06670", "2007-06-30": "0.07330", "2007-03-31": "0.75330", "2006-12-31": "0.38670", "2006-09-30": "-0.03330", "2006-06-30": "0.12000", "2006-03-31": "0.66000", "2005-12-31": "0.36670", "2005-09-30": "-0.06000", "2005-06-30": "0.00670", "2005-03-31": "0.75330"}, "EPS - Earnings Per Share": {"2020-12-31": "1.44000", "2020-09-30": "0.06000", "2020-06-30": "0.41000", "2020-03-31": "1.07000", "2019-12-31": "1.00000", "2019-09-30": "-0.32000", "2019-06-30": "-0.01000", "2019-03-31": "1.38000", "2018-12-31": "0.36000", "2018-09-30": "0.12000", "2018-06-30": "0.30000", "2018-03-31": "1.57000", "2017-12-31": "2.07000", "2017-09-30": "0.03000", "2017-06-30": "-0.11000", "2017-03-31": "1.24000", "2016-12-31": "1.30000", "2016-09-30": "-0.24000", "2016-06-30": "0.34000", "2016-03-31": "1.33000", "2015-12-31": "0.65000", "2015-09-30": "-0.04000", "2015-06-30": "0.05000", "2015-03-31": "1.40000", "2014-12-31": "0.19000", "2014-09-30": "-0.12000", "2014-06-30": "0.12000", "2014-03-31": "1.22000", "2013-12-31": "0.70000", "2013-09-30": "-0.10000", "2013-06-30": "0.05330", "2013-03-31": "1.04670", "2012-12-31": "0.60000", "2012-09-30": "-0.02000", "2012-06-30": "-0.04000", "2012-03-31": "0.78670", "2011-12-31": "0.51330", "2011-09-30": "-0.06670", "2011-06-30": "-0.04000", "2011-03-31": "0.88000", "2010-12-31": "0.67330", "2010-09-30": "0.00000", "2010-06-30": "0.02000", "2010-03-31": "0.95330", "2009-12-31": "0.60000", "2009-09-30": "-0.07330", "2009-06-30": "-0.02000", "2009-03-31": "0.96670", "2008-12-31": "0.70000", "2008-09-30": "-0.04000", "2008-06-30": "0.09330", "2008-03-31": "0.78000", "2007-12-31": "0.49330", "2007-09-30": "0.05330", "2007-06-30": "0.07330", "2007-03-31": "0.74670", "2006-12-31": "0.38670", "2006-09-30": "-0.03330", "2006-06-30": "0.12000", "2006-03-31": "0.65330", "2005-12-31": "0.36000", "2005-09-30": "-0.06670", "2005-06-30": "0.00670", "2005-03-31": "0.74670"}}, "balance sheet": {"Cash On Hand": {"2020-09-30": "357.00000", "2019-09-30": "511.00000", "2018-09-30": "462.20000", "2017-09-30": "568.70000", "2016-09-30": "518.40000", "2015-09-30": "439.00000", "2014-09-30": "436.10000", "2013-09-30": "397.60000", "2012-09-30": "322.90000", "2011-09-30": "255.70000", "2010-09-30": "295.50000", "2009-09-30": "287.10000", "2008-09-30": "315.50000", "2007-09-30": "264.60000", "2006-09-30": "200.40000", "2005-09-30": "385.00000"}, "Receivables": {"2020-09-30": "732.00000", "2019-09-30": "641.00000", "2018-09-30": "751.90000", "2017-09-30": "626.80000", "2016-09-30": "551.60000", "2015-09-30": "619.70000", "2014-09-30": "684.70000", "2013-09-30": "745.60000", "2012-09-30": "627.50000", "2011-09-30": "565.90000", "2010-09-30": "487.90000", "2009-09-30": "405.90000", "2008-09-30": "488.00000", "2007-09-30": "467.60000", "2006-09-30": "398.20000", "2005-09-30": "421.80000"}, "Inventory": {"2020-09-30": "241.00000", "2019-09-30": "230.00000", "2018-09-30": "318.20000", "2017-09-30": "278.60000", "2016-09-30": "210.30000", "2015-09-30": "239.90000", "2014-09-30": "423.00000", "2013-09-30": "365.50000", "2012-09-30": "354.10000", "2011-09-30": "363.00000", "2010-09-30": "314.00000", "2009-09-30": "363.20000", "2008-09-30": "400.80000", "2007-09-30": "359.50000", "2006-09-30": "340.40000", "2005-09-30": "239.90000"}, "Pre-Paid Expenses": {"2020-09-30": "96.00000", "2019-09-30": "72.00000", "2018-09-30": "130.20000", "2017-09-30": "83.90000", "2016-09-30": "96.60000", "2015-09-30": "113.90000", "2014-09-30": "67.10000", "2013-09-30": "57.10000", "2012-09-30": "99.50000", "2011-09-30": "43.00000", "2010-09-30": "38.70000", "2009-09-30": "33.50000", "2008-09-30": "57.30000", "2007-09-30": "19.30000", "2006-09-30": "23.30000", "2005-09-30": "30.50000"}, "Other Current Assets": {"2020-09-30": "117.00000", "2019-09-30": "112.00000", "2018-09-30": "225.60000", "2017-09-30": "139.50000", "2016-09-30": "46.90000", "2015-09-30": "39.50000", "2014-09-30": "42.00000", "2013-09-30": "50.90000", "2012-09-30": "36.60000", "2011-09-30": "33.60000", "2010-09-30": "51.40000", "2009-09-30": "60.90000", "2008-09-30": "49.50000", "2007-09-30": "53.00000", "2006-09-30": "22.40000", "2005-09-30": "70.70000"}, "Total Current Assets": {"2020-09-30": "1543.00000", "2019-09-30": "1566.00000", "2018-09-30": "1888.10000", "2017-09-30": "1697.50000", "2016-09-30": "1423.80000", "2015-09-30": "1459.80000", "2014-09-30": "1663.00000", "2013-09-30": "1627.30000", "2012-09-30": "1470.40000", "2011-09-30": "1306.10000", "2010-09-30": "1220.10000", "2009-09-30": "1185.10000", "2008-09-30": "1338.60000", "2007-09-30": "1173.60000", "2006-09-30": "1040.60000", "2005-09-30": "1172.30000"}, "Property, Plant, And Equipment": {"2020-09-30": "6960.00000", "2019-09-30": "6688.00000", "2018-09-30": "5808.20000", "2017-09-30": "5537.00000", "2016-09-30": "5238.00000", "2015-09-30": "4994.10000", "2014-09-30": "4543.70000", "2013-09-30": "4480.20000", "2012-09-30": "4234.40000", "2011-09-30": "3204.50000", "2010-09-30": "3040.20000", "2009-09-30": "2903.60000", "2008-09-30": "2449.50000", "2007-09-30": "2397.40000", "2006-09-30": "2214.70000", "2005-09-30": "1802.70000"}, "Long-Term Investments": {"2020-09-30": "", "2019-09-30": "", "2018-09-30": "", "2017-09-30": "", "2016-09-30": "", "2015-09-30": "", "2014-09-30": "", "2013-09-30": "", "2012-09-30": "", "2011-09-30": "", "2010-09-30": "", "2009-09-30": "", "2008-09-30": "", "2007-09-30": "63.90000", "2006-09-30": "58.20000", "2005-09-30": "12.80000"}, "Goodwill And Intangible Assets": {"2020-09-30": "4195.00000", "2019-09-30": "4165.00000", "2018-09-30": "3674.00000", "2017-09-30": "3718.90000", "2016-09-30": "3569.30000", "2015-09-30": "3563.50000", "2014-09-30": "3409.80000", "2013-09-30": "3481.60000", "2012-09-30": "3476.50000", "2011-09-30": "1710.00000", "2010-09-30": "1712.80000", "2009-09-30": "1747.80000", "2008-09-30": "1644.70000", "2007-09-30": "1671.90000", "2006-09-30": "1581.50000", "2005-09-30": "1403.80000"}, "Other Long-Term Assets": {"2020-09-30": "892.00000", "2019-09-30": "541.00000", "2018-09-30": "317.10000", "2017-09-30": "268.20000", "2016-09-30": "224.20000", "2015-09-30": "196.70000", "2014-09-30": "221.50000", "2013-09-30": "183.00000", "2012-09-30": "495.60000", "2011-09-30": "442.70000", "2010-09-30": "401.20000", "2009-09-30": "206.10000", "2008-09-30": "252.20000", "2007-09-30": "106.90000", "2006-09-30": "112.60000", "2005-09-30": "118.60000"}, "Total Long-Term Assets": {"2020-09-30": "12442.00000", "2019-09-30": "11781.00000", "2018-09-30": "10092.80000", "2017-09-30": "9884.70000", "2016-09-30": "9423.40000", "2015-09-30": "9054.39900", "2014-09-30": "8430.00000", "2013-09-30": "8381.50000", "2012-09-30": "8206.50000", "2011-09-30": "5357.20000", "2010-09-30": "5154.20000", "2009-09-30": "4857.50000", "2008-09-30": "4346.40000", "2007-09-30": "4329.10000", "2006-09-30": "4039.90000", "2005-09-30": "3399.20000"}, "Total Assets": {"2020-09-30": "13985.00000", "2019-09-30": "13347.00000", "2018-09-30": "11980.90000", "2017-09-30": "11582.20000", "2016-09-30": "10847.20000", "2015-09-30": "10514.20000", "2014-09-30": "10093.00000", "2013-09-30": "10008.80000", "2012-09-30": "9676.90000", "2011-09-30": "6663.30000", "2010-09-30": "6374.30000", "2009-09-30": "6042.60000", "2008-09-30": "5685.00000", "2007-09-30": "5502.70000", "2006-09-30": "5080.50000", "2005-09-30": "4571.50000"}, "Total Current Liabilities": {"2020-09-30": "1755.00000", "2019-09-30": "2028.00000", "2018-09-30": "1732.10000", "2017-09-30": "1690.10000", "2016-09-30": "1442.00000", "2015-09-30": "1678.80000", "2014-09-30": "1430.90000", "2013-09-30": "1424.90000", "2012-09-30": "1482.30000", "2011-09-30": "1077.90000", "2010-09-30": "1674.70000", "2009-09-30": "1097.30000", "2008-09-30": "1184.20000", "2007-09-30": "1057.50000", "2006-09-30": "1026.60000", "2005-09-30": "1163.10000"}, "Long Term Debt": {"2020-09-30": "5981.00000", "2019-09-30": "5780.00000", "2018-09-30": "4146.50000", "2017-09-30": "3994.60000", "2016-09-30": "3766.00000", "2015-09-30": "3409.50000", "2014-09-30": "3433.60000", "2013-09-30": "3542.20000", "2012-09-30": "3347.60000", "2011-09-30": "2110.30000", "2010-09-30": "1432.20000", "2009-09-30": "2038.60000", "2008-09-30": "1987.30000", "2007-09-30": "2038.80000", "2006-09-30": "1965.00000", "2005-09-30": "1392.50000"}, "Other Non-Current Liabilities": {"2020-09-30": "1472.00000", "2019-09-30": "1171.00000", "2018-09-30": "1010.40000", "2017-09-30": "799.60000", "2016-09-30": "828.50000", "2015-09-30": "715.90000", "2014-09-30": "556.30000", "2013-09-30": "527.20000", "2012-09-30": "621.30000", "2011-09-30": "569.80000", "2010-09-30": "599.10000", "2009-09-30": "579.30000", "2008-09-30": "439.60000", "2007-09-30": "379.50000", "2006-09-30": "351.50000", "2005-09-30": "327.30000"}, "Total Long Term Liabilities": {"2020-09-30": "8093.00000", "2019-09-30": "7492.00000", "2018-09-30": "6148.80000", "2017-09-30": "6151.20000", "2016-09-30": "5810.20000", "2015-09-30": "5263.00000", "2014-09-30": "4998.90000", "2013-09-30": "5036.00000", "2012-09-30": "4879.20000", "2011-09-30": "3394.30000", "2010-09-30": "2638.00000", "2009-09-30": "3128.50000", "2008-09-30": "3083.10000", "2007-09-30": "3123.30000", "2006-09-30": "2954.30000", "2005-09-30": "2410.80000"}, "Total Liabilities": {"2020-09-30": "9848.00000", "2019-09-30": "9520.00000", "2018-09-30": "7880.90000", "2017-09-30": "7841.30000", "2016-09-30": "7252.20000", "2015-09-30": "6941.80000", "2014-09-30": "6429.80000", "2013-09-30": "6460.90000", "2012-09-30": "6361.50000", "2011-09-30": "4472.20000", "2010-09-30": "4312.70000", "2009-09-30": "4225.80000", "2008-09-30": "4267.30000", "2007-09-30": "4180.80000", "2006-09-30": "3980.90000", "2005-09-30": "3573.90000"}, "Common Stock Net": {"2020-09-30": "1416.00000", "2019-09-30": "1397.00000", "2018-09-30": "1200.80000", "2017-09-30": "1188.60000", "2016-09-30": "1201.60000", "2015-09-30": "1214.60000", "2014-09-30": "1215.60000", "2013-09-30": "1208.10000", "2012-09-30": "1157.70000", "2011-09-30": "937.40000", "2010-09-30": "906.10000", "2009-09-30": "875.60000", "2008-09-30": "858.30000", "2007-09-30": "831.60000", "2006-09-30": "807.50000", "2005-09-30": "793.60000"}, "Retained Earnings (Accumulated Deficit)": {"2020-09-30": "2908.00000", "2019-09-30": "2653.00000", "2018-09-30": "2610.70000", "2017-09-30": "2106.70000", "2016-09-30": "1834.10000", "2015-09-30": "1636.90000", "2014-09-30": "1509.40000", "2013-09-30": "1308.30000", "2012-09-30": "1156.00000", "2011-09-30": "1085.80000", "2010-09-30": "966.70000", "2009-09-30": "804.30000", "2008-09-30": "630.90000", "2007-09-30": "497.50000", "2006-09-30": "370.00000", "2005-09-30": "266.30000"}, "Comprehensive Income": {"2020-09-30": "-147.00000", "2019-09-30": "-217.00000", "2018-09-30": "-110.40000", "2017-09-30": "-93.40000", "2016-09-30": "-154.70000", "2015-09-30": "-114.60000", "2014-09-30": "-21.20000", "2013-09-30": "8.40000", "2012-09-30": "-55.20000", "2011-09-30": "-17.70000", "2010-09-30": "-10.10000", "2009-09-30": "-38.90000", "2008-09-30": "-15.20000", "2007-09-30": "57.70000", "2006-09-30": "-3.80000", "2005-09-30": "16.50000"}, "Other Share Holders Equity": {"2020-09-30": "", "2019-09-30": "", "2018-09-30": "", "2017-09-30": "", "2016-09-30": "", "2015-09-30": "", "2014-09-30": "", "2013-09-30": "", "2012-09-30": "", "2011-09-30": "", "2010-09-30": "", "2009-09-30": "", "2008-09-30": "", "2007-09-30": "", "2006-09-30": "", "2005-09-30": ""}, "Share Holder Equity": {"2020-09-30": "4137.00000", "2019-09-30": "3827.00000", "2018-09-30": "4100.00000", "2017-09-30": "3740.90000", "2016-09-30": "3595.00000", "2015-09-30": "3572.40000", "2014-09-30": "3663.20000", "2013-09-30": "3547.90000", "2012-09-30": "3315.40000", "2011-09-30": "2191.10000", "2010-09-30": "2061.60000", "2009-09-30": "1816.80000", "2008-09-30": "1417.70000", "2007-09-30": "1321.90000", "2006-09-30": "1099.60000", "2005-09-30": "997.60000"}, "Total Liabilities And Share Holders Equity": {"2020-09-30": "13985.00000", "2019-09-30": "13347.00000", "2018-09-30": "11980.90000", "2017-09-30": "11582.20000", "2016-09-30": "10847.20000", "2015-09-30": "10514.20000", "2014-09-30": "10093.00000", "2013-09-30": "10008.80000", "2012-09-30": "9676.90000", "2011-09-30": "6663.30000", "2010-09-30": "6374.30000", "2009-09-30": "6042.60000", "2008-09-30": "5685.00000", "2007-09-30": "5502.70000", "2006-09-30": "5080.50000", "2005-09-30": "4571.50000"}}, "balance sheet, quarterly": {"Cash On Hand": {"2020-12-31": "446.00000", "2020-09-30": "357.00000", "2020-06-30": "531.80000", "2020-03-31": "401.70000", "2019-12-31": "429.00000", "2019-09-30": "511.00000", "2019-06-30": "576.00000", "2019-03-31": "518.40000", "2018-12-31": "495.00000", "2018-09-30": "462.20000", "2018-06-30": "514.40000", "2018-03-31": "485.40000", "2017-12-31": "466.20000", "2017-09-30": "568.70000", "2017-06-30": "611.00000", "2017-03-31": "638.10000", "2016-12-31": "523.10000", "2016-09-30": "518.40000", "2016-06-30": "918.80000", "2016-03-31": "506.20000", "2015-12-31": "458.50000", "2015-09-30": "439.00000", "2015-06-30": "431.10000", "2015-03-31": "502.20000", "2014-12-31": "464.70000", "2014-09-30": "436.10000", "2014-06-30": "444.30000", "2014-03-31": "498.00000", "2013-12-31": "422.60000", "2013-09-30": "397.60000", "2013-06-30": "407.80000", "2013-03-31": "449.10000", "2012-12-31": "355.00000", "2012-09-30": "322.90000", "2012-06-30": "444.10000", "2012-03-31": "419.20000", "2011-12-31": "251.30000", "2011-09-30": "255.70000", "2011-06-30": "328.00000", "2011-03-31": "307.70000", "2010-12-31": "158.80000", "2010-09-30": "295.50000", "2010-06-30": "264.70000", "2010-03-31": "309.60000", "2009-12-31": "225.20000", "2009-09-30": "287.10000", "2009-06-30": "304.90000", "2009-03-31": "338.50000", "2008-12-31": "291.90000", "2008-09-30": "315.50000", "2008-06-30": "276.50000", "2008-03-31": "241.70000", "2007-12-31": "232.00000", "2007-09-30": "264.60000", "2007-06-30": "197.60000", "2007-03-31": "210.40000", "2006-12-31": "153.70000", "2006-09-30": "200.40000", "2006-06-30": "407.60000", "2006-03-31": "369.10000", "2005-12-31": "597.30000", "2005-09-30": "385.00000", "2005-06-30": "272.40000", "2005-03-31": "226.60000"}, "Receivables": {"2020-12-31": "1115.00000", "2020-09-30": "732.00000", "2020-06-30": "674.60000", "2020-03-31": "1016.30000", "2019-12-31": "1011.00000", "2019-09-30": "641.00000", "2019-06-30": "779.80000", "2019-03-31": "1231.40000", "2018-12-31": "1144.30000", "2018-09-30": "751.90000", "2018-06-30": "813.30000", "2018-03-31": "1272.70000", "2017-12-31": "1101.80000", "2017-09-30": "626.80000", "2017-06-30": "628.20000", "2017-03-31": "920.40000", "2016-12-31": "917.30000", "2016-09-30": "551.60000", "2016-06-30": "607.00000", "2016-03-31": "858.40000", "2015-12-31": "803.10000", "2015-09-30": "619.70000", "2015-06-30": "728.20000", "2015-03-31": "1046.00000", "2014-12-31": "960.60000", "2014-09-30": "684.70000", "2014-06-30": "785.40000", "2014-03-31": "1323.30000", "2013-12-31": "1204.00000", "2013-09-30": "745.60000", "2013-06-30": "752.60000", "2013-03-31": "1124.80000", "2012-12-31": "989.30000", "2012-09-30": "627.50000", "2012-06-30": "624.90000", "2012-03-31": "1000.80000", "2011-12-31": "842.90000", "2011-09-30": "565.90000", "2011-06-30": "595.70000", "2011-03-31": "908.70000", "2010-12-31": "906.90000", "2010-09-30": "487.90000", "2010-06-30": "503.40000", "2010-03-31": "855.90000", "2009-12-31": "764.80000", "2009-09-30": "405.90000", "2009-06-30": "454.50000", "2009-03-31": "767.60000", "2008-12-31": "759.80000", "2008-09-30": "488.00000", "2008-06-30": "692.60000", "2008-03-31": "1010.10000", "2007-12-31": "903.10000", "2007-09-30": "467.60000", "2007-06-30": "509.90000", "2007-03-31": "782.60000", "2006-12-31": "645.00000", "2006-09-30": "398.20000", "2006-06-30": "421.60000", "2006-03-31": "684.50000", "2005-12-31": "675.70000", "2005-09-30": "421.80000", "2005-06-30": "424.30000", "2005-03-31": "747.40000"}, "Inventory": {"2020-12-31": "279.00000", "2020-09-30": "241.00000", "2020-06-30": "200.80000", "2020-03-31": "179.70000", "2019-12-31": "248.00000", "2019-09-30": "230.00000", "2019-06-30": "215.10000", "2019-03-31": "222.00000", "2018-12-31": "293.70000", "2018-09-30": "318.20000", "2018-06-30": "253.20000", "2018-03-31": "228.30000", "2017-12-31": "307.30000", "2017-09-30": "278.60000", "2017-06-30": "216.10000", "2017-03-31": "203.00000", "2016-12-31": "228.20000", "2016-09-30": "210.30000", "2016-06-30": "184.20000", "2016-03-31": "176.50000", "2015-12-31": "246.80000", "2015-09-30": "239.90000", "2015-06-30": "208.70000", "2015-03-31": "201.50000", "2014-12-31": "391.00000", "2014-09-30": "423.00000", "2014-06-30": "332.00000", "2014-03-31": "324.40000", "2013-12-31": "412.40000", "2013-09-30": "365.50000", "2013-06-30": "304.00000", "2013-03-31": "292.40000", "2012-12-31": "378.50000", "2012-09-30": "354.10000", "2012-06-30": "317.30000", "2012-03-31": "347.80000", "2011-12-31": "390.70000", "2011-09-30": "363.00000", "2011-06-30": "271.60000", "2011-03-31": "222.10000", "2010-12-31": "387.30000", "2010-09-30": "314.00000", "2010-06-30": "249.20000", "2010-03-31": "223.90000", "2009-12-31": "387.40000", "2009-09-30": "363.20000", "2009-06-30": "269.10000", "2009-03-31": "173.50000", "2008-12-31": "345.20000", "2008-09-30": "400.80000", "2008-06-30": "318.00000", "2008-03-31": "228.90000", "2007-12-31": "393.60000", "2007-09-30": "359.50000", "2007-06-30": "249.60000", "2007-03-31": "202.60000", "2006-12-31": "340.80000", "2006-09-30": "340.40000", "2006-06-30": "217.20000", "2006-03-31": "168.60000", "2005-12-31": "262.00000", "2005-09-30": "239.90000", "2005-06-30": "168.80000", "2005-03-31": "135.40000"}, "Pre-Paid Expenses": {"2020-12-31": "185.00000", "2020-09-30": "155.00000", "2020-06-30": "138.30000", "2020-03-31": "200.00000", "2019-12-31": "151.00000", "2019-09-30": "72.00000", "2019-06-30": "100.10000", "2019-03-31": "122.60000", "2018-12-31": "181.00000", "2018-09-30": "130.20000", "2018-06-30": "117.00000", "2018-03-31": "133.90000", "2017-12-31": "135.40000", "2017-09-30": "83.90000", "2017-06-30": "85.00000", "2017-03-31": "90.60000", "2016-12-31": "97.10000", "2016-09-30": "96.60000", "2016-06-30": "116.70000", "2016-03-31": "117.60000", "2015-12-31": "101.80000", "2015-09-30": "113.90000", "2015-06-30": "80.70000", "2015-03-31": "83.90000", "2014-12-31": "88.00000", "2014-09-30": "67.10000", "2014-06-30": "38.30000", "2014-03-31": "48.50000", "2013-12-31": "47.10000", "2013-09-30": "57.10000", "2013-06-30": "36.10000", "2013-03-31": "53.50000", "2012-12-31": "58.30000", "2012-09-30": "99.50000", "2012-06-30": "59.40000", "2012-03-31": "63.10000", "2011-12-31": "41.30000", "2011-09-30": "43.00000", "2011-06-30": "48.20000", "2011-03-31": "52.60000", "2010-12-31": "32.00000", "2010-09-30": "38.70000", "2010-06-30": "40.40000", "2010-03-31": "49.50000", "2009-12-31": "31.90000", "2009-09-30": "33.50000", "2009-06-30": "21.00000", "2009-03-31": "31.90000", "2008-12-31": "27.40000", "2008-09-30": "57.30000", "2008-06-30": "17.80000", "2008-03-31": "24.80000", "2007-12-31": "17.90000", "2007-09-30": "19.30000", "2007-06-30": "14.90000", "2007-03-31": "18.80000", "2006-12-31": "10.40000", "2006-09-30": "23.30000", "2006-06-30": "42.70000", "2006-03-31": "22.50000", "2005-12-31": "38.30000", "2005-09-30": "30.50000", "2005-06-30": "15.80000", "2005-03-31": "17.80000"}, "Other Current Assets": {"2020-12-31": "155.00000", "2020-09-30": "58.00000", "2020-06-30": "54.40000", "2020-03-31": "81.10000", "2019-12-31": "108.00000", "2019-09-30": "112.00000", "2019-06-30": "46.60000", "2019-03-31": "85.60000", "2018-12-31": "128.20000", "2018-09-30": "225.60000", "2018-06-30": "110.30000", "2018-03-31": "101.80000", "2017-12-31": "169.90000", "2017-09-30": "139.50000", "2017-06-30": "27.00000", "2017-03-31": "88.20000", "2016-12-31": "144.20000", "2016-09-30": "46.90000", "2016-06-30": "52.80000", "2016-03-31": "48.30000", "2015-12-31": "63.80000", "2015-09-30": "39.50000", "2015-06-30": "37.80000", "2015-03-31": "75.80000", "2014-12-31": "89.20000", "2014-09-30": "42.00000", "2014-06-30": "29.80000", "2014-03-31": "76.10000", "2013-12-31": "118.40000", "2013-09-30": "50.90000", "2013-06-30": "34.20000", "2013-03-31": "67.30000", "2012-12-31": "71.90000", "2012-09-30": "36.60000", "2012-06-30": "39.30000", "2012-03-31": "41.20000", "2011-12-31": "75.30000", "2011-09-30": "33.60000", "2011-06-30": "19.90000", "2011-03-31": "60.80000", "2010-12-31": "109.00000", "2010-09-30": "51.40000", "2010-06-30": "27.20000", "2010-03-31": "47.10000", "2009-12-31": "141.90000", "2009-09-30": "60.90000", "2009-06-30": "62.40000", "2009-03-31": "131.70000", "2008-12-31": "277.00000", "2008-09-30": "49.50000", "2008-06-30": "126.90000", "2008-03-31": "117.20000", "2007-12-31": "133.60000", "2007-09-30": "53.00000", "2007-06-30": "26.80000", "2007-03-31": "69.70000", "2006-12-31": "70.10000", "2006-09-30": "22.40000", "2006-06-30": "12.20000", "2006-03-31": "32.90000", "2005-12-31": "59.20000", "2005-09-30": "70.70000", "2005-06-30": "23.30000", "2005-03-31": "37.30000"}, "Total Current Assets": {"2020-12-31": "2180.00000", "2020-09-30": "1543.00000", "2020-06-30": "1599.90000", "2020-03-31": "1878.80000", "2019-12-31": "1947.00000", "2019-09-30": "1566.00000", "2019-06-30": "1717.60000", "2019-03-31": "2180.00000", "2018-12-31": "2242.20000", "2018-09-30": "1888.10000", "2018-06-30": "1808.20000", "2018-03-31": "2222.10000", "2017-12-31": "2180.60000", "2017-09-30": "1697.50000", "2017-06-30": "1567.30000", "2017-03-31": "1940.30000", "2016-12-31": "1909.90000", "2016-09-30": "1423.80000", "2016-06-30": "1879.50000", "2016-03-31": "1707.00000", "2015-12-31": "1674.00000", "2015-09-30": "1459.80000", "2015-06-30": "1558.10000", "2015-03-31": "1959.00000", "2014-12-31": "2039.60000", "2014-09-30": "1663.00000", "2014-06-30": "1638.90000", "2014-03-31": "2281.10000", "2013-12-31": "2227.50000", "2013-09-30": "1627.30000", "2013-06-30": "1541.30000", "2013-03-31": "2002.00000", "2012-12-31": "1889.90000", "2012-09-30": "1470.40000", "2012-06-30": "1537.30000", "2012-03-31": "1920.70000", "2011-12-31": "1668.00000", "2011-09-30": "1306.10000", "2011-06-30": "1290.20000", "2011-03-31": "1579.10000", "2010-12-31": "1635.10000", "2010-09-30": "1220.10000", "2010-06-30": "1111.60000", "2010-03-31": "1516.90000", "2009-12-31": "1595.90000", "2009-09-30": "1185.10000", "2009-06-30": "1161.20000", "2009-03-31": "1499.60000", "2008-12-31": "1795.90000", "2008-09-30": "1338.60000", "2008-06-30": "1441.20000", "2008-03-31": "1634.30000", "2007-12-31": "1697.50000", "2007-09-30": "1173.60000", "2007-06-30": "1042.80000", "2007-03-31": "1320.40000", "2006-12-31": "1272.10000", "2006-09-30": "1040.60000", "2006-06-30": "1132.70000", "2006-03-31": "1307.20000", "2005-12-31": "1668.20000", "2005-09-30": "1172.30000", "2005-06-30": "944.20000", "2005-03-31": "1194.30000"}, "Property, Plant, And Equipment": {"2020-12-31": "7054.00000", "2020-09-30": "6960.00000", "2020-06-30": "6805.70000", "2020-03-31": "6804.60000", "2019-12-31": "6784.00000", "2019-09-30": "6688.00000", "2019-06-30": "6009.80000", "2019-03-31": "5917.00000", "2018-12-31": "5855.10000", "2018-09-30": "5808.20000", "2018-06-30": "5699.10000", "2018-03-31": "5716.60000", "2017-12-31": "5690.50000", "2017-09-30": "5537.00000", "2017-06-30": "5422.10000", "2017-03-31": "5298.60000", "2016-12-31": "5244.30000", "2016-09-30": "5238.00000", "2016-06-30": "5108.20000", "2016-03-31": "5083.10000", "2015-12-31": "5012.90000", "2015-09-30": "4994.10000", "2015-06-30": "4923.70000", "2015-03-31": "4486.30000", "2014-12-31": "4552.70000", "2014-09-30": "4543.70000", "2014-06-30": "4543.40000", "2014-03-31": "4519.10000", "2013-12-31": "4517.10000", "2013-09-30": "4480.20000", "2013-06-30": "4323.70000", "2013-03-31": "4285.40000", "2012-12-31": "4271.40000", "2012-09-30": "4234.40000", "2012-06-30": "4188.90000", "2012-03-31": "4226.50000", "2011-12-31": "3273.80000", "2011-09-30": "3204.50000", "2011-06-30": "3216.80000", "2011-03-31": "3175.50000", "2010-12-31": "3096.80000", "2010-09-30": "3040.20000", "2010-06-30": "2875.50000", "2010-03-31": "2902.90000", "2009-12-31": "2915.00000", "2009-09-30": "2903.60000", "2009-06-30": "2823.30000", "2009-03-31": "2755.00000", "2008-12-31": "2707.50000", "2008-09-30": "2449.50000", "2008-06-30": "2483.00000", "2008-03-31": "2475.20000", "2007-12-31": "2419.00000", "2007-09-30": "2397.40000", "2007-06-30": "2303.60000", "2007-03-31": "2266.20000", "2006-12-31": "2249.20000", "2006-09-30": "2214.70000", "2006-06-30": "1832.20000", "2006-03-31": "1799.60000", "2005-12-31": "1805.70000", "2005-09-30": "1802.70000", "2005-06-30": "1787.30000", "2005-03-31": "1819.60000"}, "Long-Term Investments": {"2020-12-31": "", "2020-09-30": "", "2020-06-30": "", "2020-03-31": "", "2019-12-31": "", "2019-09-30": "", "2019-06-30": "", "2019-03-31": "", "2018-12-31": "", "2018-09-30": "", "2018-06-30": "", "2018-03-31": "", "2017-12-31": "", "2017-09-30": "", "2017-06-30": "", "2017-03-31": "", "2016-12-31": "", "2016-09-30": "", "2016-06-30": "", "2016-03-31": "", "2015-12-31": "", "2015-09-30": "", "2015-06-30": "", "2015-03-31": "", "2014-12-31": "", "2014-09-30": "", "2014-06-30": "", "2014-03-31": "", "2013-12-31": "", "2013-09-30": "", "2013-06-30": "", "2013-03-31": "", "2012-12-31": "", "2012-09-30": "", "2012-06-30": "", "2012-03-31": "", "2011-12-31": "", "2011-09-30": "", "2011-06-30": "", "2011-03-31": "", "2010-12-31": "", "2010-09-30": "", "2010-06-30": "", "2010-03-31": "", "2009-12-31": "", "2009-09-30": "", "2009-06-30": "", "2009-03-31": "", "2008-12-31": "", "2008-09-30": "", "2008-06-30": "70.80000", "2008-03-31": "70.90000", "2007-12-31": "66.00000", "2007-09-30": "63.90000", "2007-06-30": "61.20000", "2007-03-31": "61.00000", "2006-12-31": "60.50000", "2006-09-30": "58.20000", "2006-06-30": "57.70000", "2006-03-31": "55.60000", "2005-12-31": "12.30000", "2005-09-30": "12.80000", "2005-06-30": "13.50000", "2005-03-31": "14.30000"}, "Goodwill And Intangible Assets": {"2020-12-31": "4231.00000", "2020-09-30": "4195.00000", "2020-06-30": "4152.20000", "2020-03-31": "4153.30000", "2019-12-31": "4186.00000", "2019-09-30": "4165.00000", "2019-06-30": "3639.10000", "2019-03-31": "3636.10000", "2018-12-31": "3660.00000", "2018-09-30": "3674.00000", "2018-06-30": "3698.80000", "2018-03-31": "3845.20000", "2017-12-31": "3827.40000", "2017-09-30": "3718.90000", "2017-06-30": "3603.50000", "2017-03-31": "3499.40000", "2016-12-31": "3494.70000", "2016-09-30": "3569.30000", "2016-06-30": "3569.20000", "2016-03-31": "3596.80000", "2015-12-31": "3567.50000", "2015-09-30": "3563.50000", "2015-06-30": "3556.20000", "2015-03-31": "3268.70000", "2014-12-31": "3370.50000", "2014-09-30": "3409.80000", "2014-06-30": "3475.40000", "2014-03-31": "3494.20000", "2013-12-31": "3483.30000", "2013-09-30": "3481.60000", "2013-06-30": "3442.60000", "2013-03-31": "3443.70000", "2012-12-31": "3481.80000", "2012-09-30": "3476.50000", "2012-06-30": "3473.70000", "2012-03-31": "3528.40000", "2011-12-31": "1784.40000", "2011-09-30": "1710.00000", "2011-06-30": "1771.50000", "2011-03-31": "1748.60000", "2010-12-31": "1714.80000", "2010-09-30": "1712.80000", "2010-06-30": "1614.00000", "2010-03-31": "1679.00000", "2009-12-31": "1726.10000", "2009-09-30": "1747.80000", "2009-06-30": "1707.10000", "2009-03-31": "1668.30000", "2008-12-31": "1679.80000", "2008-09-30": "1644.70000", "2008-06-30": "1742.90000", "2008-03-31": "1749.70000", "2007-12-31": "1685.30000", "2007-09-30": "1671.90000", "2007-06-30": "1604.50000", "2007-03-31": "1592.20000", "2006-12-31": "1607.70000", "2006-09-30": "1581.50000", "2006-06-30": "1409.00000", "2006-03-31": "1374.00000", "2005-12-31": "1388.50000", "2005-09-30": "1403.80000", "2005-06-30": "1410.30000", "2005-03-31": "1473.90000"}, "Other Long-Term Assets": {"2020-12-31": "868.00000", "2020-09-30": "892.00000", "2020-06-30": "891.00000", "2020-03-31": "911.90000", "2019-12-31": "983.00000", "2019-09-30": "541.00000", "2019-06-30": "355.30000", "2019-03-31": "319.80000", "2018-12-31": "315.50000", "2018-09-30": "317.10000", "2018-06-30": "312.70000", "2018-03-31": "302.70000", "2017-12-31": "283.20000", "2017-09-30": "268.20000", "2017-06-30": "262.50000", "2017-03-31": "254.80000", "2016-12-31": "260.30000", "2016-09-30": "224.20000", "2016-06-30": "205.00000", "2016-03-31": "193.90000", "2015-12-31": "197.40000", "2015-09-30": "196.70000", "2015-06-30": "230.60000", "2015-03-31": "212.70000", "2014-12-31": "213.40000", "2014-09-30": "221.50000", "2014-06-30": "420.00000", "2014-03-31": "426.10000", "2013-12-31": "435.60000", "2013-09-30": "183.00000", "2013-06-30": "499.20000", "2013-03-31": "484.30000", "2012-12-31": "495.20000", "2012-09-30": "495.60000", "2012-06-30": "452.30000", "2012-03-31": "453.80000", "2011-12-31": "427.70000", "2011-09-30": "442.70000", "2011-06-30": "395.20000", "2011-03-31": "391.20000", "2010-12-31": "361.10000", "2010-09-30": "401.20000", "2010-06-30": "230.50000", "2010-03-31": "220.00000", "2009-12-31": "215.70000", "2009-09-30": "206.10000", "2009-06-30": "209.70000", "2009-03-31": "213.90000", "2008-12-31": "263.00000", "2008-09-30": "252.20000", "2008-06-30": "137.60000", "2008-03-31": "106.20000", "2007-12-31": "109.70000", "2007-09-30": "106.90000", "2007-06-30": "128.30000", "2007-03-31": "117.60000", "2006-12-31": "113.80000", "2006-09-30": "112.60000", "2006-06-30": "124.80000", "2006-03-31": "124.70000", "2005-12-31": "121.40000", "2005-09-30": "118.60000", "2005-06-30": "106.60000", "2005-03-31": "105.50000"}, "Total Long-Term Assets": {"2020-12-31": "12545.00000", "2020-09-30": "12442.00000", "2020-06-30": "12243.50000", "2020-03-31": "12256.70000", "2019-12-31": "12339.00000", "2019-09-30": "11781.00000", "2019-06-30": "10301.30000", "2019-03-31": "10170.90000", "2018-12-31": "10126.10000", "2018-09-30": "10092.80000", "2018-06-30": "10068.50000", "2018-03-31": "10223.20000", "2017-12-31": "10163.30000", "2017-09-30": "9884.70000", "2017-06-30": "9679.10000", "2017-03-31": "9445.20000", "2016-12-31": "9390.60000", "2016-09-30": "9423.40000", "2016-06-30": "9224.40000", "2016-03-31": "9218.80100", "2015-12-31": "9075.70100", "2015-09-30": "9054.39900", "2015-06-30": "8961.90000", "2015-03-31": "8223.70000", "2014-12-31": "8390.40000", "2014-09-30": "8430.00000", "2014-06-30": "8438.80000", "2014-03-31": "8439.39900", "2013-12-31": "8436.00000", "2013-09-30": "8381.50000", "2013-06-30": "8265.50000", "2013-03-31": "8213.40000", "2012-12-31": "8248.40000", "2012-09-30": "8206.50000", "2012-06-30": "8114.89900", "2012-03-31": "8208.70000", "2011-12-31": "5485.90000", "2011-09-30": "5357.20000", "2011-06-30": "5383.50000", "2011-03-31": "5315.30000", "2010-12-31": "5172.70000", "2010-09-30": "5154.20000", "2010-06-30": "4720.00000", "2010-03-31": "4801.90000", "2009-12-31": "4856.80000", "2009-09-30": "4857.50000", "2009-06-30": "4740.10000", "2009-03-31": "4637.20000", "2008-12-31": "4650.30000", "2008-09-30": "4346.40000", "2008-06-30": "4526.10000", "2008-03-31": "4493.20000", "2007-12-31": "4370.60000", "2007-09-30": "4329.10000", "2007-06-30": "4180.20000", "2007-03-31": "4119.50000", "2006-12-31": "4105.00000", "2006-09-30": "4039.90000", "2006-06-30": "3485.00000", "2006-03-31": "3415.90000", "2005-12-31": "3389.70000", "2005-09-30": "3399.20000", "2005-06-30": "3384.50000", "2005-03-31": "3479.50000"}, "Total Assets": {"2020-12-31": "14725.00000", "2020-09-30": "13985.00000", "2020-06-30": "13843.40000", "2020-03-31": "14135.50000", "2019-12-31": "14286.00000", "2019-09-30": "13347.00000", "2019-06-30": "12018.90000", "2019-03-31": "12350.90000", "2018-12-31": "12368.30000", "2018-09-30": "11980.90000", "2018-06-30": "11876.70000", "2018-03-31": "12445.30000", "2017-12-31": "12343.90000", "2017-09-30": "11582.20000", "2017-06-30": "11246.40000", "2017-03-31": "11385.50000", "2016-12-31": "11300.50000", "2016-09-30": "10847.20000", "2016-06-30": "11103.90000", "2016-03-31": "10925.80000", "2015-12-31": "10749.70000", "2015-09-30": "10514.20000", "2015-06-30": "10520.00000", "2015-03-31": "10182.70000", "2014-12-31": "10430.00000", "2014-09-30": "10093.00000", "2014-06-30": "10077.70000", "2014-03-31": "10720.50000", "2013-12-31": "10663.50000", "2013-09-30": "10008.80000", "2013-06-30": "9806.80000", "2013-03-31": "10215.40000", "2012-12-31": "10138.30000", "2012-09-30": "9676.90000", "2012-06-30": "9652.20000", "2012-03-31": "10129.40000", "2011-12-31": "7153.90000", "2011-09-30": "6663.30000", "2011-06-30": "6673.70000", "2011-03-31": "6894.40000", "2010-12-31": "6807.80000", "2010-09-30": "6374.30000", "2010-06-30": "5831.60000", "2010-03-31": "6318.80000", "2009-12-31": "6452.70000", "2009-09-30": "6042.60000", "2009-06-30": "5901.30000", "2009-03-31": "6136.80000", "2008-12-31": "6446.20000", "2008-09-30": "5685.00000", "2008-06-30": "5967.30000", "2008-03-31": "6127.50000", "2007-12-31": "6068.10000", "2007-09-30": "5502.70000", "2007-06-30": "5223.00000", "2007-03-31": "5439.90000", "2006-12-31": "5377.10000", "2006-09-30": "5080.50000", "2006-06-30": "4617.70000", "2006-03-31": "4723.10000", "2005-12-31": "5057.90000", "2005-09-30": "4571.50000", "2005-06-30": "4328.70000", "2005-03-31": "4673.80000"}, "Total Current Liabilities": {"2020-12-31": "2097.00000", "2020-09-30": "1755.00000", "2020-06-30": "1679.00000", "2020-03-31": "2116.10000", "2019-12-31": "2391.00000", "2019-09-30": "2028.00000", "2019-06-30": "1594.70000", "2019-03-31": "1777.30000", "2018-12-31": "2183.10000", "2018-09-30": "1732.10000", "2018-06-30": "1566.30000", "2018-03-31": "1817.50000", "2017-12-31": "2216.00000", "2017-09-30": "1690.10000", "2017-06-30": "1279.60000", "2017-03-31": "1367.80000", "2016-12-31": "1574.90000", "2016-09-30": "1442.00000", "2016-06-30": "1586.70000", "2016-03-31": "1466.70000", "2015-12-31": "1911.60000", "2015-09-30": "1678.80000", "2015-06-30": "1339.40000", "2015-03-31": "1849.70000", "2014-12-31": "1968.80000", "2014-09-30": "1430.90000", "2014-06-30": "1214.20000", "2014-03-31": "1655.30000", "2013-12-31": "1879.50000", "2013-09-30": "1424.90000", "2013-06-30": "1325.70000", "2013-03-31": "1617.30000", "2012-12-31": "1779.60000", "2012-09-30": "1482.30000", "2012-06-30": "1313.30000", "2012-03-31": "1470.80000", "2011-12-31": "1564.80000", "2011-09-30": "1077.90000", "2011-06-30": "1034.90000", "2011-03-31": "1227.90000", "2010-12-31": "2024.10000", "2010-09-30": "1674.70000", "2010-06-30": "1333.50000", "2010-03-31": "1692.50000", "2009-12-31": "1386.30000", "2009-09-30": "1097.30000", "2009-06-30": "946.30000", "2009-03-31": "1283.50000", "2008-12-31": "1799.10000", "2008-09-30": "1184.20000", "2008-06-30": "1118.90000", "2008-03-31": "1322.20000", "2007-12-31": "1478.00000", "2007-09-30": "1057.50000", "2007-06-30": "806.10000", "2007-03-31": "1048.80000", "2006-12-31": "1207.80000", "2006-09-30": "1026.60000", "2006-06-30": "795.90000", "2006-03-31": "942.90000", "2005-12-31": "1584.70000", "2005-09-30": "1163.10000", "2005-06-30": "931.10000", "2005-03-31": "1119.70000"}, "Long Term Debt": {"2020-12-31": "6012.00000", "2020-09-30": "5981.00000", "2020-06-30": "5961.40000", "2020-03-31": "5800.20000", "2019-12-31": "5828.00000", "2019-09-30": "5780.00000", "2019-06-30": "4291.70000", "2019-03-31": "4283.80000", "2018-12-31": "4150.70000", "2018-09-30": "4146.50000", "2018-06-30": "4088.60000", "2018-03-31": "4192.80000", "2017-12-31": "4056.40000", "2017-09-30": "3994.60000", "2017-06-30": "4014.60000", "2017-03-31": "4025.50000", "2016-12-31": "3994.20000", "2016-09-30": "3766.00000", "2016-06-30": "3737.00000", "2016-03-31": "3600.90000", "2015-12-31": "3391.80000", "2015-09-30": "3409.50000", "2015-06-30": "3628.30000", "2015-03-31": "2958.20000", "2014-12-31": "3341.20000", "2014-09-30": "3433.60000", "2014-06-30": "3477.80000", "2014-03-31": "3548.60000", "2013-12-31": "3549.10000", "2013-09-30": "3542.20000", "2013-06-30": "3298.20000", "2013-03-31": "3340.50000", "2012-12-31": "3358.40000", "2012-09-30": "3347.60000", "2012-06-30": "3475.10000", "2012-03-31": "3542.80000", "2011-12-31": "2115.70000", "2011-09-30": "2110.30000", "2011-06-30": "2039.50000", "2011-03-31": "2028.00000", "2010-12-31": "1448.40000", "2010-09-30": "1432.20000", "2010-06-30": "1456.80000", "2010-03-31": "1475.20000", "2009-12-31": "2025.20000", "2009-09-30": "2038.60000", "2009-06-30": "2087.90000", "2009-03-31": "2057.90000", "2008-12-31": "2090.50000", "2008-09-30": "1987.30000", "2008-06-30": "2059.40000", "2008-03-31": "2047.70000", "2007-12-31": "2052.50000", "2007-09-30": "2038.80000", "2007-06-30": "2012.60000", "2007-03-31": "1985.70000", "2006-12-31": "1986.30000", "2006-09-30": "1965.00000", "2006-06-30": "1642.70000", "2006-03-31": "1636.80000", "2005-12-31": "1454.50000", "2005-09-30": "1392.50000", "2005-06-30": "1458.60000", "2005-03-31": "1520.30000"}, "Other Non-Current Liabilities": {"2020-12-31": "1477.00000", "2020-09-30": "1472.00000", "2020-06-30": "1455.00000", "2020-03-31": "1549.60000", "2019-12-31": "1499.00000", "2019-09-30": "1171.00000", "2019-06-30": "1002.80000", "2019-03-31": "1003.00000", "2018-12-31": "1014.50000", "2018-09-30": "1010.40000", "2018-06-30": "1100.30000", "2018-03-31": "1108.10000", "2017-12-31": "1098.70000", "2017-09-30": "799.60000", "2017-06-30": "828.30000", "2017-03-31": "784.10000", "2016-12-31": "790.40000", "2016-09-30": "828.50000", "2016-06-30": "729.80000", "2016-03-31": "743.10000", "2015-12-31": "709.90000", "2015-09-30": "715.90000", "2015-06-30": "650.10000", "2015-03-31": "545.30000", "2014-12-31": "585.20000", "2014-09-30": "556.30000", "2014-06-30": "514.70000", "2014-03-31": "526.00000", "2013-12-31": "531.80000", "2013-09-30": "527.20000", "2013-06-30": "616.90000", "2013-03-31": "615.70000", "2012-12-31": "634.00000", "2012-09-30": "621.30000", "2012-06-30": "589.50000", "2012-03-31": "595.70000", "2011-12-31": "575.20000", "2011-09-30": "569.80000", "2011-06-30": "535.10000", "2011-03-31": "523.70000", "2010-12-31": "518.60000", "2010-09-30": "599.10000", "2010-06-30": "531.00000", "2010-03-31": "542.40000", "2009-12-31": "569.00000", "2009-09-30": "579.30000", "2009-06-30": "554.50000", "2009-03-31": "569.20000", "2008-12-31": "559.20000", "2008-09-30": "439.60000", "2008-06-30": "411.80000", "2008-03-31": "409.90000", "2007-12-31": "391.90000", "2007-09-30": "379.50000", "2007-06-30": "367.60000", "2007-03-31": "367.30000", "2006-12-31": "360.10000", "2006-09-30": "351.50000", "2006-06-30": "332.90000", "2006-03-31": "319.00000", "2005-12-31": "317.30000", "2005-09-30": "327.30000", "2005-06-30": "324.10000", "2005-03-31": "327.70000"}, "Total Long Term Liabilities": {"2020-12-31": "8182.00000", "2020-09-30": "8093.00000", "2020-06-30": "8029.00000", "2020-03-31": "7929.80000", "2019-12-31": "7890.00000", "2019-09-30": "7492.00000", "2019-06-30": "6250.50000", "2019-03-31": "6257.60000", "2018-12-31": "6138.60000", "2018-09-30": "6148.80000", "2018-06-30": "6082.60100", "2018-03-31": "6206.80000", "2017-12-31": "6045.80000", "2017-09-30": "6151.20000", "2017-06-30": "6125.70000", "2017-03-31": "6080.30000", "2016-12-31": "5992.50000", "2016-09-30": "5810.20000", "2016-06-30": "5680.50000", "2016-03-31": "5534.10000", "2015-12-31": "5245.60000", "2015-09-30": "5263.00000", "2015-06-30": "5445.00000", "2015-03-31": "4449.30000", "2014-12-31": "4906.50000", "2014-09-30": "4998.90000", "2014-06-30": "4982.70000", "2014-03-31": "5063.10000", "2013-12-31": "5065.30000", "2013-09-30": "5036.00000", "2013-06-30": "4853.00000", "2013-03-31": "4879.30000", "2012-12-31": "4919.90000", "2012-09-30": "4879.20000", "2012-06-30": "4902.10000", "2012-03-31": "4992.50000", "2011-12-31": "3389.40000", "2011-09-30": "3394.30000", "2011-06-30": "3257.90000", "2011-03-31": "3223.40000", "2010-12-31": "2573.90000", "2010-09-30": "2638.00000", "2010-06-30": "2504.10000", "2010-03-31": "2535.00000", "2009-12-31": "3114.00000", "2009-09-30": "3128.50000", "2009-06-30": "3112.90000", "2009-03-31": "3059.20000", "2008-12-31": "3101.80000", "2008-09-30": "3083.10000", "2008-06-30": "3265.60000", "2008-03-31": "3254.20000", "2007-12-31": "3186.80000", "2007-09-30": "3123.30000", "2007-06-30": "3116.40000", "2007-03-31": "3090.60000", "2006-12-31": "3011.30000", "2006-09-30": "2954.30000", "2006-06-30": "2680.10000", "2006-03-31": "2669.20000", "2005-12-31": "2460.40000", "2005-09-30": "2410.80000", "2005-06-30": "2418.30000", "2005-03-31": "2533.90000"}, "Total Liabilities": {"2020-12-31": "10279.00000", "2020-09-30": "9848.00000", "2020-06-30": "9708.00000", "2020-03-31": "10045.90000", "2019-12-31": "10281.00000", "2019-09-30": "9520.00000", "2019-06-30": "7845.20000", "2019-03-31": "8034.90000", "2018-12-31": "8321.70000", "2018-09-30": "7880.90000", "2018-06-30": "7648.90000", "2018-03-31": "8024.30000", "2017-12-31": "8261.80000", "2017-09-30": "7841.30000", "2017-06-30": "7405.30000", "2017-03-31": "7448.10000", "2016-12-31": "7567.40000", "2016-09-30": "7252.20000", "2016-06-30": "7267.20000", "2016-03-31": "7000.80000", "2015-12-31": "7157.20000", "2015-09-30": "6941.80000", "2015-06-30": "6784.40000", "2015-03-31": "6299.00000", "2014-12-31": "6875.30000", "2014-09-30": "6429.80000", "2014-06-30": "6196.90000", "2014-03-31": "6718.40000", "2013-12-31": "6944.80000", "2013-09-30": "6460.90000", "2013-06-30": "6178.70000", "2013-03-31": "6496.60000", "2012-12-31": "6699.50000", "2012-09-30": "6361.50000", "2012-06-30": "6215.40000", "2012-03-31": "6463.30000", "2011-12-31": "4954.20000", "2011-09-30": "4472.20000", "2011-06-30": "4292.80000", "2011-03-31": "4451.30000", "2010-12-31": "4598.00000", "2010-09-30": "4312.70000", "2010-06-30": "3837.60000", "2010-03-31": "4227.50000", "2009-12-31": "4500.30000", "2009-09-30": "4225.80000", "2009-06-30": "4059.20000", "2009-03-31": "4342.70000", "2008-12-31": "4900.90000", "2008-09-30": "4267.30000", "2008-06-30": "4384.50000", "2008-03-31": "4576.40000", "2007-12-31": "4664.80000", "2007-09-30": "4180.80000", "2007-06-30": "3922.50000", "2007-03-31": "4139.40000", "2006-12-31": "4219.10000", "2006-09-30": "3980.90000", "2006-06-30": "3476.00000", "2006-03-31": "3612.10000", "2005-12-31": "4045.10000", "2005-09-30": "3573.90000", "2005-06-30": "3349.40000", "2005-03-31": "3653.60000"}, "Common Stock Net": {"2020-12-31": "1419.00000", "2020-09-30": "1416.00000", "2020-06-30": "1412.80000", "2020-03-31": "1408.60000", "2019-12-31": "1398.00000", "2019-09-30": "1397.00000", "2019-06-30": "1223.90000", "2019-03-31": "1219.00000", "2018-12-31": "1206.50000", "2018-09-30": "1200.80000", "2018-06-30": "1198.50000", "2018-03-31": "1193.40000", "2017-12-31": "1189.30000", "2017-09-30": "1188.60000", "2017-06-30": "1187.80000", "2017-03-31": "1190.40000", "2016-12-31": "1203.40000", "2016-09-30": "1201.60000", "2016-06-30": "1201.30000", "2016-03-31": "1205.80000", "2015-12-31": "1215.70000", "2015-09-30": "1214.60000", "2015-06-30": "1208.40000", "2015-03-31": "1215.00000", "2014-12-31": "1215.70000", "2014-09-30": "1215.60000", "2014-06-30": "1216.00000", "2014-03-31": "1215.60000", "2013-12-31": "1210.00000", "2013-09-30": "1208.10000", "2013-06-30": "1192.90000", "2013-03-31": "1185.90000", "2012-12-31": "1170.00000", "2012-09-30": "1157.70000", "2012-06-30": "1148.80000", "2012-03-31": "1145.00000", "2011-12-31": "939.10000", "2011-09-30": "937.40000", "2011-06-30": "934.90000", "2011-03-31": "931.50000", "2010-12-31": "916.30000", "2010-09-30": "906.10000", "2010-06-30": "896.10000", "2010-03-31": "883.90000", "2009-12-31": "877.80000", "2009-09-30": "875.60000", "2009-06-30": "870.40000", "2009-03-31": "867.50000", "2008-12-31": "860.40000", "2008-09-30": "858.30000", "2008-06-30": "852.80000", "2008-03-31": "842.40000", "2007-12-31": "833.90000", "2007-09-30": "831.60000", "2007-06-30": "825.30000", "2007-03-31": "820.70000", "2006-12-31": "810.80000", "2006-09-30": "807.50000", "2006-06-30": "805.10000", "2006-03-31": "800.50000", "2005-12-31": "795.00000", "2005-09-30": "793.60000", "2005-06-30": "769.90000", "2005-03-31": "768.80000"}, "Retained Earnings (Accumulated Deficit)": {"2020-12-31": "3139.00000", "2020-09-30": "2908.00000", "2020-06-30": "2969.70000", "2020-03-31": "2953.30000", "2019-12-31": "2798.00000", "2019-09-30": "2653.00000", "2019-06-30": "2761.20000", "2019-03-31": "2818.20000", "2018-12-31": "2620.80000", "2018-09-30": "2610.70000", "2018-06-30": "2637.20000", "2018-03-31": "2656.60000", "2017-12-31": "2429.30000", "2017-09-30": "2106.70000", "2017-06-30": "2151.90000", "2017-03-31": "2214.20000", "2016-12-31": "2035.40000", "2016-09-30": "1834.10000", "2016-06-30": "1925.80000", "2016-03-31": "1906.20000", "2015-12-31": "1712.30000", "2015-09-30": "1636.90000", "2015-06-30": "1685.30000", "2015-03-31": "1715.00000", "2014-12-31": "1506.00000", "2014-09-30": "1509.40000", "2014-06-30": "1566.70000", "2014-03-31": "1579.90000", "2013-12-31": "1397.90000", "2013-09-30": "1308.30000", "2013-06-30": "1354.90000", "2013-03-31": "1378.00000", "2012-12-31": "1227.90000", "2012-09-30": "1156.00000", "2012-06-30": "1211.20000", "2012-03-31": "1247.90000", "2011-12-31": "1143.60000", "2011-09-30": "1085.80000", "2011-06-30": "1137.30000", "2011-03-31": "1173.50000", "2010-12-31": "1052.00000", "2010-09-30": "966.70000", "2010-06-30": "992.10000", "2010-03-31": "1016.20000", "2009-12-31": "880.80000", "2009-09-30": "804.30000", "2009-06-30": "837.00000", "2009-03-31": "862.30000", "2008-12-31": "725.00000", "2008-09-30": "630.90000", "2008-06-30": "658.00000", "2008-03-31": "663.00000", "2007-12-31": "556.70000", "2007-09-30": "497.50000", "2007-06-30": "506.80000", "2007-03-31": "514.60000", "2006-12-31": "413.10000", "2006-09-30": "370.00000", "2006-06-30": "392.60000", "2006-03-31": "392.20000", "2005-12-31": "306.80000", "2005-09-30": "266.30000", "2005-06-30": "292.60000", "2005-03-31": "309.50000"}, "Comprehensive Income": {"2020-12-31": "-79.00000", "2020-09-30": "-147.00000", "2020-06-30": "-204.60000", "2020-03-31": "-229.70000", "2019-12-31": "-163.00000", "2019-09-30": "-217.00000", "2019-06-30": "-145.40000", "2019-03-31": "-160.80000", "2018-12-31": "-133.10000", "2018-09-30": "-110.40000", "2018-06-30": "-111.60000", "2018-03-31": "-34.10000", "2017-12-31": "-71.50000", "2017-09-30": "-93.40000", "2017-06-30": "-135.90000", "2017-03-31": "-204.50000", "2016-12-31": "-216.80000", "2016-09-30": "-154.70000", "2016-06-30": "-156.60000", "2016-03-31": "-129.90000", "2015-12-31": "-142.90000", "2015-09-30": "-114.60000", "2015-06-30": "-112.20000", "2015-03-31": "-85.40000", "2014-12-31": "-40.10000", "2014-09-30": "-21.20000", "2014-06-30": "25.40000", "2014-03-31": "24.30000", "2013-12-31": "32.20000", "2013-09-30": "8.40000", "2013-06-30": "-27.40000", "2013-03-31": "-46.50000", "2012-12-31": "-37.30000", "2012-09-30": "-55.20000", "2012-06-30": "-77.70000", "2012-03-31": "-40.90000", "2011-12-31": "-61.80000", "2011-09-30": "-17.70000", "2011-06-30": "67.60000", "2011-03-31": "63.60000", "2010-12-31": "14.80000", "2010-09-30": "-10.10000", "2010-06-30": "-115.80000", "2010-03-31": "-71.40000", "2009-12-31": "-27.80000", "2009-09-30": "-38.90000", "2009-06-30": "-71.70000", "2009-03-31": "-130.20000", "2008-12-31": "-121.70000", "2008-09-30": "-15.20000", "2008-06-30": "130.20000", "2008-03-31": "108.80000", "2007-12-31": "77.20000", "2007-09-30": "57.70000", "2007-06-30": "34.20000", "2007-03-31": "34.20000", "2006-12-31": "5.00000", "2006-09-30": "-3.80000", "2006-06-30": "18.60000", "2006-03-31": "-6.00000", "2005-12-31": "-10.80000", "2005-09-30": "16.50000", "2005-06-30": "-1.60000", "2005-03-31": "29.50000"}, "Other Share Holders Equity": {"2020-12-31": "", "2020-09-30": "", "2020-06-30": "", "2020-03-31": "", "2019-12-31": "", "2019-09-30": "", "2019-06-30": "", "2019-03-31": "", "2018-12-31": "", "2018-09-30": "", "2018-06-30": "", "2018-03-31": "", "2017-12-31": "", "2017-09-30": "", "2017-06-30": "", "2017-03-31": "", "2016-12-31": "", "2016-09-30": "", "2016-06-30": "", "2016-03-31": "", "2015-12-31": "", "2015-09-30": "", "2015-06-30": "", "2015-03-31": "", "2014-12-31": "", "2014-09-30": "", "2014-06-30": "", "2014-03-31": "", "2013-12-31": "", "2013-09-30": "", "2013-06-30": "", "2013-03-31": "", "2012-12-31": "", "2012-09-30": "", "2012-06-30": "", "2012-03-31": "", "2011-12-31": "", "2011-09-30": "", "2011-06-30": "", "2011-03-31": "", "2010-12-31": "", "2010-09-30": "", "2010-06-30": "", "2010-03-31": "", "2009-12-31": "", "2009-09-30": "", "2009-06-30": "", "2009-03-31": "", "2008-12-31": "", "2008-09-30": "", "2008-06-30": "", "2008-03-31": "", "2007-12-31": "", "2007-09-30": "", "2007-06-30": "", "2007-03-31": "", "2006-12-31": "", "2006-09-30": "", "2006-06-30": "", "2006-03-31": "", "2005-12-31": "", "2005-09-30": "", "2005-06-30": "", "2005-03-31": ""}, "Share Holder Equity": {"2020-12-31": "4446.00000", "2020-09-30": "4137.00000", "2020-06-30": "4135.40000", "2020-03-31": "4089.60000", "2019-12-31": "4005.00000", "2019-09-30": "3827.00000", "2019-06-30": "4173.70000", "2019-03-31": "4316.00000", "2018-12-31": "4046.60000", "2018-09-30": "4100.00000", "2018-06-30": "4227.80000", "2018-03-31": "4421.00000", "2017-12-31": "4082.10000", "2017-09-30": "3740.90000", "2017-06-30": "3841.10000", "2017-03-31": "3937.40000", "2016-12-31": "3733.10000", "2016-09-30": "3595.00000", "2016-06-30": "3836.70000", "2016-03-31": "3925.00000", "2015-12-31": "3592.50000", "2015-09-30": "3572.40000", "2015-06-30": "3735.60000", "2015-03-31": "3883.70000", "2014-12-31": "3554.70000", "2014-09-30": "3663.20000", "2014-06-30": "3880.80000", "2014-03-31": "4002.10000", "2013-12-31": "3718.70000", "2013-09-30": "3547.90000", "2013-06-30": "3628.10000", "2013-03-31": "3718.80000", "2012-12-31": "3438.80000", "2012-09-30": "3315.40000", "2012-06-30": "3436.80000", "2012-03-31": "3666.10000", "2011-12-31": "2199.70000", "2011-09-30": "2191.10000", "2011-06-30": "2380.90000", "2011-03-31": "2443.10000", "2010-12-31": "2209.80000", "2010-09-30": "2061.60000", "2010-06-30": "1994.00000", "2010-03-31": "2091.30000", "2009-12-31": "1952.40000", "2009-09-30": "1816.80000", "2009-06-30": "1842.10000", "2009-03-31": "1794.10000", "2008-12-31": "1545.30000", "2008-09-30": "1417.70000", "2008-06-30": "1582.80000", "2008-03-31": "1551.10000", "2007-12-31": "1403.30000", "2007-09-30": "1321.90000", "2007-06-30": "1300.50000", "2007-03-31": "1300.50000", "2006-12-31": "1158.00000", "2006-09-30": "1099.60000", "2006-06-30": "1141.70000", "2006-03-31": "1111.00000", "2005-12-31": "1012.80000", "2005-09-30": "997.60000", "2005-06-30": "979.30000", "2005-03-31": "1020.20000"}, "Total Liabilities And Share Holders Equity": {"2020-12-31": "14725.00000", "2020-09-30": "13985.00000", "2020-06-30": "13843.40000", "2020-03-31": "14135.50000", "2019-12-31": "14286.00000", "2019-09-30": "13347.00000", "2019-06-30": "12018.90000", "2019-03-31": "12350.90000", "2018-12-31": "12368.30000", "2018-09-30": "11980.90000", "2018-06-30": "11876.70000", "2018-03-31": "12445.30000", "2017-12-31": "12343.90000", "2017-09-30": "11582.20000", "2017-06-30": "11246.40000", "2017-03-31": "11385.50000", "2016-12-31": "11300.50000", "2016-09-30": "10847.20000", "2016-06-30": "11103.90000", "2016-03-31": "10925.80000", "2015-12-31": "10749.70000", "2015-09-30": "10514.20000", "2015-06-30": "10520.00000", "2015-03-31": "10182.70000", "2014-12-31": "10430.00000", "2014-09-30": "10093.00000", "2014-06-30": "10077.70000", "2014-03-31": "10720.50000", "2013-12-31": "10663.50000", "2013-09-30": "10008.80000", "2013-06-30": "9806.80000", "2013-03-31": "10215.40000", "2012-12-31": "10138.30000", "2012-09-30": "9676.90000", "2012-06-30": "9652.20000", "2012-03-31": "10129.40000", "2011-12-31": "7153.90000", "2011-09-30": "6663.30000", "2011-06-30": "6673.70000", "2011-03-31": "6894.40000", "2010-12-31": "6807.80000", "2010-09-30": "6374.30000", "2010-06-30": "5831.60000", "2010-03-31": "6318.80000", "2009-12-31": "6452.70000", "2009-09-30": "6042.60000", "2009-06-30": "5901.30000", "2009-03-31": "6136.80000", "2008-12-31": "6446.20000", "2008-09-30": "5685.00000", "2008-06-30": "5967.30000", "2008-03-31": "6127.50000", "2007-12-31": "6068.10000", "2007-09-30": "5502.70000", "2007-06-30": "5223.00000", "2007-03-31": "5439.90000", "2006-12-31": "5377.10000", "2006-09-30": "5080.50000", "2006-06-30": "4617.70000", "2006-03-31": "4723.10000", "2005-12-31": "5057.90000", "2005-09-30": "4571.50000", "2005-06-30": "4328.70000", "2005-03-31": "4673.80000"}}, "cash flow statement": {"Net Income/Loss": {"2020-09-30": "532.00000", "2019-09-30": "308.00000", "2018-09-30": "822.00000", "2017-09-30": "523.80000", "2016-09-30": "488.80000", "2015-09-30": "414.00000", "2014-09-30": "532.60000", "2013-09-30": "427.60000", "2012-09-30": "197.70000", "2011-09-30": "320.00000", "2010-09-30": "355.70000", "2009-09-30": "382.00000", "2008-09-30": "305.30000", "2007-09-30": "204.30000", "2006-09-30": "176.20000", "2005-09-30": "187.50000"}, "Total Depreciation And Amortization - Cash Flow": {"2020-09-30": "484.00000", "2019-09-30": "448.00000", "2018-09-30": "455.00000", "2017-09-30": "416.30000", "2016-09-30": "400.90000", "2015-09-30": "374.10000", "2014-09-30": "362.90000", "2013-09-30": "363.10000", "2012-09-30": "315.00000", "2011-09-30": "227.70000", "2010-09-30": "210.20000", "2009-09-30": "200.90000", "2008-09-30": "184.40000", "2007-09-30": "169.20000", "2006-09-30": "148.70000", "2005-09-30": "146.40000"}, "Other Non-Cash Items": {"2020-09-30": "160.00000", "2019-09-30": "269.00000", "2018-09-30": "-61.00000", "2017-09-30": "184.90000", "2016-09-30": "36.90000", "2015-09-30": "183.90000", "2014-09-30": "116.40000", "2013-09-30": "54.90000", "2012-09-30": "116.30000", "2011-09-30": "149.90000", "2010-09-30": "97.90000", "2009-09-30": "28.80000", "2008-09-30": "35.60000", "2007-09-30": "144.90000", "2006-09-30": "79.70000", "2005-09-30": "92.60000"}, "Total Non-Cash Items": {"2020-09-30": "644.00000", "2019-09-30": "717.00000", "2018-09-30": "394.00000", "2017-09-30": "601.20000", "2016-09-30": "437.80000", "2015-09-30": "558.00010", "2014-09-30": "479.30000", "2013-09-30": "418.00000", "2012-09-30": "431.30000", "2011-09-30": "377.60000", "2010-09-30": "308.10000", "2009-09-30": "229.70000", "2008-09-30": "220.00000", "2007-09-30": "314.10000", "2006-09-30": "228.40000", "2005-09-30": "239.00000"}, "Change In Accounts Receivable": {"2020-09-30": "-18.00000", "2019-09-30": "83.00000", "2018-09-30": "-148.00000", "2017-09-30": "-103.60000", "2016-09-30": "37.30000", "2015-09-30": "163.30000", "2014-09-30": "18.10000", "2013-09-30": "-110.80000", "2012-09-30": "65.50000", "2011-09-30": "-66.00000", "2010-09-30": "-94.60000", "2009-09-30": "79.50000", "2008-09-30": "-22.20000", "2007-09-30": "-80.50000", "2006-09-30": "34.80000", "2005-09-30": "-81.50000"}, "Change In Inventories": {"2020-09-30": "-5.00000", "2019-09-30": "84.00000", "2018-09-30": "-37.00000", "2017-09-30": "-64.70000", "2016-09-30": "29.40000", "2015-09-30": "181.40000", "2014-09-30": "-65.10000", "2013-09-30": "4.60000", "2012-09-30": "89.20000", "2011-09-30": "-40.70000", "2010-09-30": "34.30000", "2009-09-30": "67.00000", "2008-09-30": "-42.30000", "2007-09-30": "-9.10000", "2006-09-30": "-31.90000", "2005-09-30": "-29.40000"}, "Change In Accounts Payable": {"2020-09-30": "3.00000", "2019-09-30": "-97.00000", "2018-09-30": "65.00000", "2017-09-30": "49.90000", "2016-09-30": "-40.00000", "2015-09-30": "-134.90000", "2014-09-30": "3.70000", "2013-09-30": "38.70000", "2012-09-30": "-78.70000", "2011-09-30": "19.20000", "2010-09-30": "47.10000", "2009-09-30": "-146.10000", "2008-09-30": "-6.00000", "2007-09-30": "30.30000", "2006-09-30": "-61.10000", "2005-09-30": "70.00000"}, "Change In Assets/Liabilities": {"2020-09-30": "-54.00000", "2019-09-30": "-17.00000", "2018-09-30": "-11.00000", "2017-09-30": "-42.20000", "2016-09-30": "16.40000", "2015-09-30": "-18.00000", "2014-09-30": "36.80000", "2013-09-30": "23.40000", "2012-09-30": "2.70000", "2011-09-30": "-55.40000", "2010-09-30": "-51.80000", "2009-09-30": "52.90000", "2008-09-30": "9.60000", "2007-09-30": "-2.90000", "2006-09-30": "-67.00000", "2005-09-30": "52.10000"}, "Total Change In Assets/Liabilities": {"2020-09-30": "-74.00000", "2019-09-30": "53.00000", "2018-09-30": "-131.00000", "2017-09-30": "-160.60000", "2016-09-30": "43.10000", "2015-09-30": "191.80000", "2014-09-30": "-6.50000", "2013-09-30": "-44.10000", "2012-09-30": "78.70000", "2011-09-30": "-142.90000", "2010-09-30": "-65.00000", "2009-09-30": "53.30000", "2008-09-30": "-60.90000", "2007-09-30": "-62.20000", "2006-09-30": "-125.20000", "2005-09-30": "11.20000"}, "Cash Flow From Operating Activities": {"2020-09-30": "1102.00000", "2019-09-30": "1078.00000", "2018-09-30": "1085.00000", "2017-09-30": "964.40000", "2016-09-30": "969.70000", "2015-09-30": "1163.80000", "2014-09-30": "1005.40000", "2013-09-30": "801.50000", "2012-09-30": "707.70000", "2011-09-30": "554.70000", "2010-09-30": "598.80000", "2009-09-30": "665.00000", "2008-09-30": "464.40000", "2007-09-30": "456.20000", "2006-09-30": "279.40000", "2005-09-30": "437.70000"}, "Net Change In Property, Plant, And Equipment": {"2020-09-30": "-655.00000", "2019-09-30": "-705.00000", "2018-09-30": "-574.00000", "2017-09-30": "-638.90000", "2016-09-30": "-563.80000", "2015-09-30": "-490.60000", "2014-09-30": "-456.80000", "2013-09-30": "-486.00000", "2012-09-30": "-339.40000", "2011-09-30": "-360.70000", "2010-09-30": "-347.30000", "2009-09-30": "-301.70000", "2008-09-30": "-232.10000", "2007-09-30": "-219.90000", "2006-09-30": "-182.90000", "2005-09-30": "-141.70000"}, "Net Change In Intangible Assets": {"2020-09-30": "", "2019-09-30": "", "2018-09-30": "", "2017-09-30": "", "2016-09-30": "", "2015-09-30": "", "2014-09-30": "", "2013-09-30": "", "2012-09-30": "", "2011-09-30": "", "2010-09-30": "", "2009-09-30": "", "2008-09-30": "", "2007-09-30": "", "2006-09-30": "", "2005-09-30": ""}, "Net Acquisitions/Divestitures": {"2020-09-30": "-16.00000", "2019-09-30": "-1362.00000", "2018-09-30": "-187.00000", "2017-09-30": "-100.80000", "2016-09-30": "-61.20000", "2015-09-30": "-447.50000", "2014-09-30": "-37.10000", "2013-09-30": "-78.90000", "2012-09-30": "-1580.50000", "2011-09-30": "-52.50000", "2010-09-30": "-16.40000", "2009-09-30": "-280.20000", "2008-09-30": "-1.30000", "2007-09-30": "-6.10000", "2006-09-30": "-577.10000", "2005-09-30": "-33.30000"}, "Net Change In Short-term Investments": {"2020-09-30": "", "2019-09-30": "", "2018-09-30": "", "2017-09-30": "", "2016-09-30": "", "2015-09-30": "", "2014-09-30": "", "2013-09-30": "", "2012-09-30": "", "2011-09-30": "", "2010-09-30": "", "2009-09-30": "", "2008-09-30": "", "2007-09-30": "", "2006-09-30": "69.40000", "2005-09-30": "-20.00000"}, "Net Change In Long-Term Investments": {"2020-09-30": "", "2019-09-30": "", "2018-09-30": "", "2017-09-30": "", "2016-09-30": "", "2015-09-30": "", "2014-09-30": "", "2013-09-30": "", "2012-09-30": "", "2011-09-30": "", "2010-09-30": "", "2009-09-30": "", "2008-09-30": "", "2007-09-30": "", "2006-09-30": "", "2005-09-30": ""}, "Net Change In Investments - Total": {"2020-09-30": "", "2019-09-30": "", "2018-09-30": "", "2017-09-30": "", "2016-09-30": "", "2015-09-30": "", "2014-09-30": "", "2013-09-30": "", "2012-09-30": "", "2011-09-30": "", "2010-09-30": "", "2009-09-30": "", "2008-09-30": "", "2007-09-30": "", "2006-09-30": "69.40000", "2005-09-30": "-20.00000"}, "Investing Activities - Other": {"2020-09-30": "22.00000", "2019-09-30": "12.00000", "2018-09-30": "12.00000", "2017-09-30": "-29.00000", "2016-09-30": "66.40000", "2015-09-30": "-38.20000", "2014-09-30": "6.30000", "2013-09-30": "11.60000", "2012-09-30": "15.40000", "2011-09-30": "-2.20000", "2010-09-30": "-35.60000", "2009-09-30": "62.00000", "2008-09-30": "-56.10000", "2007-09-30": "2.20000", "2006-09-30": "-16.90000", "2005-09-30": "-1.30000"}, "Cash Flow From Investing Activities": {"2020-09-30": "-649.00000", "2019-09-30": "-2055.00000", "2018-09-30": "-749.00000", "2017-09-30": "-768.70000", "2016-09-30": "-558.60000", "2015-09-30": "-976.30000", "2014-09-30": "-487.60000", "2013-09-30": "-553.30000", "2012-09-30": "-1904.50000", "2011-09-30": "-415.40000", "2010-09-30": "-399.30000", "2009-09-30": "-519.90000", "2008-09-30": "-289.50000", "2007-09-30": "-223.80000", "2006-09-30": "-707.50000", "2005-09-30": "-196.30000"}, "Net Long-Term Debt": {"2020-09-30": "123.00000", "2019-09-30": "1674.00000", "2018-09-30": "-25.00000", "2017-09-30": "242.29990", "2016-09-30": "59.60000", "2015-09-30": "230.90000", "2014-09-30": "-68.10000", "2013-09-30": "58.40000", "2012-09-30": "1250.30000", "2011-09-30": "97.00000", "2010-09-30": "-94.80000", "2009-09-30": "35.80000", "2008-09-30": "18.30000", "2007-09-30": "-10.60000", "2006-09-30": "227.10000", "2005-09-30": "31.60000"}, "Net Current Debt": {"2020-09-30": "-422.00000", "2019-09-30": "327.00000", "2018-09-30": "94.00000", "2017-09-30": "61.20000", "2016-09-30": "95.70000", "2015-09-30": "-31.90000", "2014-09-30": "5.80000", "2013-09-30": "32.30000", "2012-09-30": "41.70000", "2011-09-30": "-74.60000", "2010-09-30": "37.90000", "2009-09-30": "13.10000", "2008-09-30": "-60.90000", "2007-09-30": "-27.60000", "2006-09-30": "207.00000", "2005-09-30": "-50.00000"}, "Debt Issuance/Retirement Net - Total": {"2020-09-30": "-299.00000", "2019-09-30": "2001.00000", "2018-09-30": "69.00000", "2017-09-30": "303.49990", "2016-09-30": "155.30000", "2015-09-30": "199.00000", "2014-09-30": "-62.30000", "2013-09-30": "90.70000", "2012-09-30": "1292.00000", "2011-09-30": "22.40000", "2010-09-30": "-56.90000", "2009-09-30": "48.90000", "2008-09-30": "-42.60000", "2007-09-30": "-38.20000", "2006-09-30": "434.10000", "2005-09-30": "-18.40000"}, "Net Common Equity Issued/Repurchased": {"2020-09-30": "-36.00000", "2019-09-30": "", "2018-09-30": "-25.00000", "2017-09-30": "-32.30000", "2016-09-30": "-33.90000", "2015-09-30": "-22.20000", "2014-09-30": "-28.90000", "2013-09-30": "36.40000", "2012-09-30": "299.80000", "2011-09-30": "27.30000", "2010-09-30": "27.50000", "2009-09-30": "10.80000", "2008-09-30": "20.90000", "2007-09-30": "16.40000", "2006-09-30": "10.80000", "2005-09-30": "99.80000"}, "Net Total Equity Issued/Repurchased": {"2020-09-30": "-36.00000", "2019-09-30": "", "2018-09-30": "-25.00000", "2017-09-30": "-32.30000", "2016-09-30": "-33.90000", "2015-09-30": "-22.20000", "2014-09-30": "-28.90000", "2013-09-30": "36.40000", "2012-09-30": "299.80000", "2011-09-30": "27.30000", "2010-09-30": "27.50000", "2009-09-30": "10.80000", "2008-09-30": "20.90000", "2007-09-30": "16.40000", "2006-09-30": "10.80000", "2005-09-30": "79.80000"}, "Total Common And Preferred Stock Dividends Paid": {"2020-09-30": "-273.00000", "2019-09-30": "-200.00000", "2018-09-30": "-177.00000", "2017-09-30": "-168.90000", "2016-09-30": "-160.70000", "2015-09-30": "-153.50000", "2014-09-30": "-136.10000", "2013-09-30": "-125.80000", "2012-09-30": "-119.10000", "2011-09-30": "-113.80000", "2010-09-30": "-98.60000", "2009-09-30": "-85.10000", "2008-09-30": "-80.90000", "2007-09-30": "-76.80000", "2006-09-30": "-72.50000", "2005-09-30": "-67.40000"}, "Financial Activities - Other": {"2020-09-30": "-27.00000", "2019-09-30": "-759.00000", "2018-09-30": "-305.00000", "2017-09-30": "-248.90000", "2016-09-30": "-235.80000", "2015-09-30": "-240.40000", "2014-09-30": "-248.40000", "2013-09-30": "-187.40000", "2012-09-30": "-194.20000", "2011-09-30": "-88.00000", "2010-09-30": "-85.60000", "2009-09-30": "-89.20000", "2008-09-30": "-77.50000", "2007-09-30": "-79.90000", "2006-09-30": "-72.70000", "2005-09-30": "-66.60000"}, "Cash Flow From Financial Activities": {"2020-09-30": "-635.00000", "2019-09-30": "1042.00000", "2018-09-30": "-438.00000", "2017-09-30": "-146.60000", "2016-09-30": "-275.10000", "2015-09-30": "-217.10000", "2014-09-30": "-475.70000", "2013-09-30": "-186.10000", "2012-09-30": "1278.50000", "2011-09-30": "-152.10000", "2010-09-30": "-213.60000", "2009-09-30": "-114.60000", "2008-09-30": "-180.10000", "2007-09-30": "-178.50000", "2006-09-30": "299.70000", "2005-09-30": "-72.60000"}, "Net Cash Flow": {"2020-09-30": "-154.00000", "2019-09-30": "49.00000", "2018-09-30": "-107.00000", "2017-09-30": "50.30000", "2016-09-30": "133.10000", "2015-09-30": "-49.80000", "2014-09-30": "30.20000", "2013-09-30": "69.40000", "2012-09-30": "81.40000", "2011-09-30": "-22.20000", "2010-09-30": "-19.40000", "2009-09-30": "34.90000", "2008-09-30": "-6.60000", "2007-09-30": "65.60000", "2006-09-30": "-123.90000", "2005-09-30": "160.50000"}, "Stock-Based Compensation": {"2020-09-30": "15.00000", "2019-09-30": "18.00000", "2018-09-30": "23.00000", "2017-09-30": "19.30000", "2016-09-30": "23.80000", "2015-09-30": "29.20000", "2014-09-30": "25.80000", "2013-09-30": "17.60000", "2012-09-30": "14.50000", "2011-09-30": "15.60000", "2010-09-30": "13.20000", "2009-09-30": "11.40000", "2008-09-30": "11.80000", "2007-09-30": "9.10000", "2006-09-30": "6.90000", "2005-09-30": ""}, "Common Stock Dividends Paid": {"2020-09-30": "-273.00000", "2019-09-30": "-200.00000", "2018-09-30": "-177.00000", "2017-09-30": "-168.90000", "2016-09-30": "-160.70000", "2015-09-30": "-153.50000", "2014-09-30": "-136.10000", "2013-09-30": "-125.80000", "2012-09-30": "-119.10000", "2011-09-30": "-113.80000", "2010-09-30": "-98.60000", "2009-09-30": "-85.10000", "2008-09-30": "-80.90000", "2007-09-30": "-76.80000", "2006-09-30": "-72.50000", "2005-09-30": "-67.40000"}}, "cash flow statement, quarterly": {"Net Income/Loss": {"2020-12-31": "303.00000", "2020-09-30": 9.7, "2020-06-30": 84.7, "2020-03-31": 225.6, "2019-12-31": "212.00000", "2019-09-30": -130.7, "2019-06-30": -46.5, "2019-03-31": 396.7, "2018-12-31": "88.50000", "2018-09-30": -8.2, "2018-06-30": -11.7, "2018-03-31": 407.7, "2017-12-31": "434.20000", "2017-09-30": -16.7, "2017-06-30": -62.2, "2017-03-31": 311.8, "2016-12-31": "290.90000", "2016-09-30": -115.7, "2016-06-30": 28.6, "2016-03-31": 408, "2015-12-31": "167.90000", "2015-09-30": -52.5, "2015-06-30": -15.9, "2015-03-31": 482.2, "2014-12-31": "0.20000", "2014-09-30": -60, "2014-06-30": -12.7, "2014-03-31": 387.8, "2013-12-31": "217.50000", "2013-09-30": -59.1, "2013-06-30": -22.8, "2013-03-31": 341.7, "2012-12-31": "167.80000", "2012-09-30": -62.9, "2012-06-30": -76.5, "2012-03-31": 227, "2011-12-31": "110.10000", "2011-09-30": -37.1, "2011-06-30": -13.5, "2011-03-31": 215.6, "2010-12-31": "155.00000", "2010-09-30": -18.4, "2010-06-30": -4.2, "2010-03-31": 232.8, "2009-12-31": "145.50000", "2009-09-30": -31.5, "2009-06-30": -12.2, "2009-03-31": 241.8, "2008-12-31": "183.90000", "2008-09-30": 83.5, "2008-06-30": 15.7, "2008-03-31": 126.1, "2007-12-31": "80.00000", "2007-09-30": 10.7, "2007-06-30": 11.5, "2007-03-31": 120.2, "2006-12-31": "61.90000", "2006-09-30": -4, "2006-06-30": 18.7, "2006-03-31": 104, "2005-12-31": "57.50000", "2005-09-30": -8.7, "2005-06-30": 0.7, "2005-03-31": 195.5}, "Total Depreciation And Amortization - Cash Flow": {"2020-12-31": "124.00000", "2020-09-30": 121.9, "2020-06-30": 122.5, "2020-03-31": 120.6, "2019-12-31": "119.00000", "2019-09-30": 118, "2019-06-30": 109.9, "2019-03-31": 108.9, "2018-12-31": "111.20000", "2018-09-30": 113.7, "2018-06-30": 118.8, "2018-03-31": 112.2, "2017-12-31": "110.30000", "2017-09-30": 114.8, "2017-06-30": 104.1, "2017-03-31": 99.3, "2016-12-31": "98.10000", "2016-09-30": 101.5, "2016-06-30": 98.1, "2016-03-31": 100.7, "2015-12-31": "100.60000", "2015-09-30": 102.6, "2015-06-30": 92.5, "2015-03-31": 88, "2014-12-31": "91.00000", "2014-09-30": 91.2, "2014-06-30": 90, "2014-03-31": 87.7, "2013-12-31": "94.00000", "2013-09-30": 93.9, "2013-06-30": 91.8, "2013-03-31": 89.6, "2012-12-31": "87.80000", "2012-09-30": 87.3, "2012-06-30": 84.6, "2012-03-31": 82.8, "2011-12-31": "60.30000", "2011-09-30": 59.1, "2011-06-30": 57.8, "2011-03-31": 55.5, "2010-12-31": "55.30000", "2010-09-30": 52.9, "2010-06-30": 51.7, "2010-03-31": 52.6, "2009-12-31": "53.00000", "2009-09-30": 52.1, "2009-06-30": 51.3, "2009-03-31": 49.8, "2008-12-31": "47.70000", "2008-09-30": 46.9, "2008-06-30": 46.8, "2008-03-31": 45.8, "2007-12-31": "44.90000", "2007-09-30": 43.6, "2007-06-30": 42.1, "2007-03-31": 41.8, "2006-12-31": "41.70000", "2006-09-30": 40, "2006-06-30": 36.5, "2006-03-31": 35.9, "2005-12-31": "36.30000", "2005-09-30": 34.6, "2005-06-30": 36.5, "2005-03-31": 75.3}, "Other Non-Cash Items": {"2020-12-31": "-58.00000", "2020-09-30": 95.6, "2020-06-30": -62, "2020-03-31": 101.4, "2019-12-31": "25.00000", "2019-09-30": 92.2, "2019-06-30": 13.3, "2019-03-31": -9, "2018-12-31": "172.50000", "2018-09-30": 20.1, "2018-06-30": 26.1, "2018-03-31": 56.4, "2017-12-31": "-163.60000", "2017-09-30": 50.2, "2017-06-30": 72.3, "2017-03-31": 117.5, "2016-12-31": "-55.10000", "2016-09-30": 61.3, "2016-06-30": -24.5, "2016-03-31": 10.2, "2015-12-31": "-10.10000", "2015-09-30": 61.6, "2015-06-30": 3.1, "2015-03-31": -56.8, "2014-12-31": "176.00000", "2014-09-30": 58.8, "2014-06-30": 12, "2014-03-31": 60.8, "2013-12-31": "-15.20000", "2013-09-30": 3.1, "2013-06-30": 8.9, "2013-03-31": 33.6, "2012-12-31": "9.30000", "2012-09-30": 80.9, "2012-06-30": 11.4, "2012-03-31": 41, "2011-12-31": "-17.00000", "2011-09-30": 54.3, "2011-06-30": 16.4, "2011-03-31": 86.2, "2010-12-31": "-7.00000", "2010-09-30": -27.3, "2010-06-30": 24.4, "2010-03-31": 72, "2009-12-31": "28.80000", "2009-09-30": 64, "2009-06-30": 20, "2009-03-31": 31.9, "2008-12-31": "-87.10000", "2008-09-30": -91.5, "2008-06-30": -5.4, "2008-03-31": 79.6, "2007-12-31": "52.90000", "2007-09-30": -21.6, "2007-06-30": 16.2, "2007-03-31": 101.1, "2006-12-31": "49.20000", "2006-09-30": -35.8, "2006-06-30": 21.9, "2006-03-31": 58.3, "2005-12-31": "35.30000", "2005-09-30": -6, "2005-06-30": 1.7, "2005-03-31": 96.9}, "Total Non-Cash Items": {"2020-12-31": "66.00000", "2020-09-30": 217.5, "2020-06-30": 60.5, "2020-03-31": 222, "2019-12-31": "144.00000", "2019-09-30": 210.2, "2019-06-30": 123.2, "2019-03-31": 99.9, "2018-12-31": "283.70000", "2018-09-30": 133.8, "2018-06-30": 144.9, "2018-03-31": 168.6, "2017-12-31": "-53.30000", "2017-09-30": 165, "2017-06-30": 176.4, "2017-03-31": 216.8, "2016-12-31": "43.00000", "2016-09-30": 162.8, "2016-06-30": 73.6, "2016-03-31": 110.9, "2015-12-31": "90.50000", "2015-09-30": 164.2001, "2015-06-30": 95.6, "2015-03-31": 31.2, "2014-12-31": "267.00000", "2014-09-30": 150, "2014-06-30": 102, "2014-03-31": 148.5, "2013-12-31": "78.80000", "2013-09-30": 97, "2013-06-30": 100.7, "2013-03-31": 123.2, "2012-12-31": "97.10000", "2012-09-30": 168.2, "2012-06-30": 96, "2012-03-31": 123.8, "2011-12-31": "43.30000", "2011-09-30": 113.4, "2011-06-30": 74.2, "2011-03-31": 141.7, "2010-12-31": "48.30000", "2010-09-30": 25.6, "2010-06-30": 76.1, "2010-03-31": 124.6, "2009-12-31": "81.80000", "2009-09-30": 116.1, "2009-06-30": 71.3, "2009-03-31": 81.7, "2008-12-31": "-39.40000", "2008-09-30": -44.6, "2008-06-30": 41.4, "2008-03-31": 125.4, "2007-12-31": "97.80000", "2007-09-30": 22, "2007-06-30": 58.3, "2007-03-31": 142.9, "2006-12-31": "90.90000", "2006-09-30": 4.2, "2006-06-30": 58.4, "2006-03-31": 94.2, "2005-12-31": "71.60000", "2005-09-30": 28.6, "2005-06-30": 38.2, "2005-03-31": 172.2}, "Change In Accounts Receivable": {"2020-12-31": "-415.00000", "2020-09-30": 51.7, "2020-06-30": 365.9, "2020-03-31": -3.6, "2019-12-31": "-432.00000", "2019-09-30": 134.3, "2019-06-30": 487.3, "2019-03-31": -81, "2018-12-31": "-457.60000", "2018-09-30": 54.1, "2018-06-30": 473.9, "2018-03-31": -145.5, "2017-12-31": "-530.50000", "2017-09-30": -16.9, "2017-06-30": 337.6, "2017-03-31": 12.7, "2016-12-31": "-437.00000", "2016-09-30": 52.9, "2016-06-30": 253.2, "2016-03-31": -55.4, "2015-12-31": "-213.40000", "2015-09-30": 108.9, "2015-06-30": 524.1, "2015-03-31": -127.9, "2014-12-31": "-341.80000", "2014-09-30": 74.5, "2014-06-30": 576.1, "2014-03-31": -124.3, "2013-12-31": "-508.20000", "2013-09-30": 35.4, "2013-06-30": 409, "2013-03-31": -147.1, "2012-12-31": "-408.10000", "2012-09-30": -5.7, "2012-06-30": 365.1, "2012-03-31": -10.2, "2011-12-31": "-283.70000", "2011-09-30": 27.1, "2011-06-30": 356.2, "2011-03-31": 36.5, "2010-12-31": "-485.80000", "2010-09-30": 52.7, "2010-06-30": 357.4, "2010-03-31": -67.8, "2009-12-31": "-436.90000", "2009-09-30": 11.2, "2009-06-30": 359.1, "2009-03-31": 49.2, "2008-12-31": "-340.00000", "2008-09-30": 217.8, "2008-06-30": 354.7, "2008-03-31": -83.3, "2007-12-31": "-511.40000", "2007-09-30": 56.5, "2007-06-30": 307.4, "2007-03-31": -143.2, "2006-12-31": "-301.20000", "2006-09-30": 8.5, "2006-06-30": 296, "2006-03-31": 42.5, "2005-12-31": "-312.20000", "2005-09-30": -5.4, "2005-06-30": 331.1, "2005-03-31": -407.2}, "Change In Inventories": {"2020-12-31": "-34.00000", "2020-09-30": -33, "2020-06-30": -20.8, "2020-03-31": 64.8, "2019-12-31": "-16.00000", "2019-09-30": -17.2, "2019-06-30": 7.7, "2019-03-31": 70.5, "2018-12-31": "23.00000", "2018-09-30": -65.1, "2018-06-30": -28.9, "2018-03-31": 80.5, "2017-12-31": "-23.50000", "2017-09-30": -60.3, "2017-06-30": -8.3, "2017-03-31": 26.3, "2016-12-31": "-22.40000", "2016-09-30": -25.2, "2016-06-30": -9, "2016-03-31": 72.7, "2015-12-31": "-9.10000", "2015-09-30": -29.6, "2015-06-30": 3, "2015-03-31": 180.4, "2014-12-31": "27.60000", "2014-09-30": -99.9, "2014-06-30": -8.2, "2014-03-31": 88.1, "2013-12-31": "-45.10000", "2013-09-30": -46.7, "2013-06-30": -10.4, "2013-03-31": 81, "2012-12-31": "-19.30000", "2012-09-30": -38.9, "2012-06-30": 26.1, "2012-03-31": 127.3, "2011-12-31": "-25.30000", "2011-09-30": -97.4, "2011-06-30": -47.7, "2011-03-31": 171.3, "2010-12-31": "-66.90000", "2010-09-30": -72.6, "2010-06-30": -29.2, "2010-03-31": 161.3, "2009-12-31": "-25.20000", "2009-09-30": -92, "2009-06-30": -93.6, "2009-03-31": 174.5, "2008-12-31": "78.10000", "2008-09-30": -88.7, "2008-06-30": -89.1, "2008-03-31": 168.8, "2007-12-31": "-33.30000", "2007-09-30": -105.2, "2007-06-30": -43.6, "2007-03-31": 138.6, "2006-12-31": "1.10000", "2006-09-30": -56.3, "2006-06-30": -47.1, "2006-03-31": 94.2, "2005-12-31": "-22.70000", "2005-09-30": -71.2, "2005-06-30": -35.2, "2005-03-31": 77}, "Change In Accounts Payable": {"2020-12-31": "187.00000", "2020-09-30": 40.3, "2020-06-30": -98, "2020-03-31": -122.3, "2019-12-31": "183.00000", "2019-09-30": 0.9, "2019-06-30": -219, "2019-03-31": -96.3, "2018-12-31": "217.40000", "2018-09-30": 82.7, "2018-06-30": -153.9, "2018-03-31": -98.8, "2017-12-31": "235.00000", "2017-09-30": 44.8, "2017-06-30": -124.3, "2017-03-31": -92, "2016-12-31": "221.40000", "2016-09-30": 27.8, "2016-06-30": -61.9, "2016-03-31": -39.6, "2015-12-31": "33.70000", "2015-09-30": 36.3, "2015-06-30": -203, "2015-03-31": -87.5, "2014-12-31": "119.30000", "2014-09-30": 44.5, "2014-06-30": -234.9, "2014-03-31": -51.8, "2013-12-31": "245.90000", "2013-09-30": 64.2, "2013-06-30": -201.9, "2013-03-31": 11.6, "2012-12-31": "164.80000", "2012-09-30": 53.5, "2012-06-30": -114.9, "2012-03-31": -81, "2011-12-31": "63.70000", "2011-09-30": 70.5, "2011-06-30": -114.4, "2011-03-31": -217.2, "2010-12-31": "280.30000", "2010-09-30": 57.1, "2010-06-30": -128.5, "2010-03-31": -88.3, "2009-12-31": "206.80000", "2009-09-30": 92.6, "2009-06-30": -163.5, "2009-03-31": -149, "2008-12-31": "73.80000", "2008-09-30": -57.3, "2008-06-30": -108.6, "2008-03-31": -129.2, "2007-12-31": "289.10000", "2007-09-30": 64.6, "2007-06-30": -148, "2007-03-31": -33.4, "2006-12-31": "147.10000", "2006-09-30": 73.2, "2006-06-30": -146.7, "2006-03-31": -209.6, "2005-12-31": "222.00000", "2005-09-30": 127.3, "2005-06-30": -158.1, "2005-03-31": 100.8}, "Change In Assets/Liabilities": {"2020-12-31": "44.00000", "2020-09-30": -147, "2020-06-30": 8.1, "2020-03-31": 57.9, "2019-12-31": "27.00000", "2019-09-30": -44.1, "2019-06-30": -45.7, "2019-03-31": 131.2, "2018-12-31": "-58.40000", "2018-09-30": -39.1, "2018-06-30": -76.9, "2018-03-31": 135.5, "2017-12-31": "-30.50000", "2017-09-30": 2.5, "2017-06-30": -58.2, "2017-03-31": -17.2, "2016-12-31": "30.70000", "2016-09-30": 4.1, "2016-06-30": -39.8, "2016-03-31": -5.8, "2015-12-31": "57.90000", "2015-09-30": -31.6, "2015-06-30": -93.5, "2015-03-31": 160.4, "2014-12-31": "-53.30000", "2014-09-30": 38.2, "2014-06-30": -47.2, "2014-03-31": -38.2, "2013-12-31": "84.00000", "2013-09-30": 24.3, "2013-06-30": -69, "2013-03-31": 39.3, "2012-12-31": "28.80000", "2012-09-30": 27.3, "2012-06-30": -64.3, "2012-03-31": -29.8, "2011-12-31": "69.50000", "2011-09-30": 11, "2011-06-30": -79.7, "2011-03-31": -19.8, "2010-12-31": "33.10000", "2010-09-30": 37.7, "2010-06-30": -59.2, "2010-03-31": -75.4, "2009-12-31": "45.10000", "2009-09-30": -24.7, "2009-06-30": -10.4, "2009-03-31": 104.8, "2008-12-31": "-16.80000", "2008-09-30": 1.7, "2008-06-30": -25.7, "2008-03-31": 38.4, "2007-12-31": "-4.80000", "2007-09-30": 50.8, "2007-06-30": -51.3, "2007-03-31": -2.5, "2006-12-31": "0.10000", "2006-09-30": 61.6, "2006-06-30": -57.6, "2006-03-31": -37.2, "2005-12-31": "-33.80000", "2005-09-30": 50.4, "2005-06-30": -48.5, "2005-03-31": 50.2}, "Total Change In Assets/Liabilities": {"2020-12-31": "-218.00000", "2020-09-30": -88, "2020-06-30": 255.2, "2020-03-31": -3.2, "2019-12-31": "-238.00000", "2019-09-30": 73.9, "2019-06-30": 230.3, "2019-03-31": 24.4, "2018-12-31": "-275.60000", "2018-09-30": 32.6, "2018-06-30": 214.2, "2018-03-31": -28.3, "2017-12-31": "-349.50000", "2017-09-30": -29.9, "2017-06-30": 146.8, "2017-03-31": -70.2, "2016-12-31": "-207.30000", "2016-09-30": 59.6, "2016-06-30": 142.5, "2016-03-31": -28.1, "2015-12-31": "-130.90000", "2015-09-30": 84, "2015-06-30": 230.6, "2015-03-31": 125.4, "2014-12-31": "-248.20000", "2014-09-30": 57.3, "2014-06-30": 285.8, "2014-03-31": -126.2, "2013-12-31": "-223.40000", "2013-09-30": 77.2, "2013-06-30": 127.7, "2013-03-31": -15.2, "2012-12-31": "-233.80000", "2012-09-30": 36.2, "2012-06-30": 212, "2012-03-31": 6.3, "2011-12-31": "-175.80000", "2011-09-30": 11.2, "2011-06-30": 114.4, "2011-03-31": -29.2, "2010-12-31": "-239.30000", "2010-09-30": 74.9, "2010-06-30": 140.5, "2010-03-31": -70.2, "2009-12-31": "-210.20000", "2009-09-30": -12.9, "2009-06-30": 91.6, "2009-03-31": 179.5, "2008-12-31": "-204.90000", "2008-09-30": 73.5, "2008-06-30": 131.3, "2008-03-31": -5.3, "2007-12-31": "-260.40000", "2007-09-30": 66.7, "2007-06-30": 64.5, "2007-03-31": -40.5, "2006-12-31": "-152.90000", "2006-09-30": 87, "2006-06-30": 44.6, "2006-03-31": -110.1, "2005-12-31": "-146.70000", "2005-09-30": 101.1, "2005-06-30": 89.3, "2005-03-31": -179.2}, "Cash Flow From Operating Activities": {"2020-12-31": "151.00000", "2020-09-30": 139.2, "2020-06-30": 400.4, "2020-03-31": 444.4, "2019-12-31": "118.00000", "2019-09-30": 153.4, "2019-06-30": 307, "2019-03-31": 521, "2018-12-31": "96.60000", "2018-09-30": 158.2, "2018-06-30": 347.4, "2018-03-31": 548, "2017-12-31": "31.40000", "2017-09-30": 118.4, "2017-06-30": 261, "2017-03-31": 458.4, "2016-12-31": "126.60000", "2016-09-30": 106.7, "2016-06-30": 244.7, "2016-03-31": 490.8, "2015-12-31": "127.50000", "2015-09-30": 195.7, "2015-06-30": 310.3, "2015-03-31": 638.8, "2014-12-31": "19.00000", "2014-09-30": 147.3, "2014-06-30": 375.1, "2014-03-31": 410.1, "2013-12-31": "72.90000", "2013-09-30": 115.1, "2013-06-30": 205.6, "2013-03-31": 449.7, "2012-12-31": "31.10000", "2012-09-30": 141.5, "2012-06-30": 231.5, "2012-03-31": 357.1, "2011-12-31": "-22.40000", "2011-09-30": 87.5, "2011-06-30": 175.1, "2011-03-31": 328.1, "2010-12-31": "-36.00000", "2010-09-30": 82.1, "2010-06-30": 212.4, "2010-03-31": 287.2, "2009-12-31": "17.10000", "2009-09-30": 71.7, "2009-06-30": 150.7, "2009-03-31": 503, "2008-12-31": "-60.40000", "2008-09-30": 112.4, "2008-06-30": 188.4, "2008-03-31": 246.2, "2007-12-31": "-82.60000", "2007-09-30": 99.4, "2007-06-30": 134.3, "2007-03-31": 222.6, "2006-12-31": "-0.10000", "2006-09-30": 87.2, "2006-06-30": 121.7, "2006-03-31": 88.1, "2005-12-31": "-17.60000", "2005-09-30": 121, "2005-06-30": 128.2, "2005-03-31": 188.5}, "Net Change In Property, Plant, And Equipment": {"2020-12-31": "-187.00000", "2020-09-30": -183.9, "2020-06-30": -129.1, "2020-03-31": -160, "2019-12-31": "-182.00000", "2019-09-30": -194.8, "2019-06-30": -169.6, "2019-03-31": -157.3, "2018-12-31": "-183.30000", "2018-09-30": -179.8, "2018-06-30": -128.1, "2018-03-31": -118.6, "2017-12-31": "-147.50000", "2017-09-30": -167, "2017-06-30": -130.1, "2017-03-31": -144.7, "2016-12-31": "-197.10000", "2016-09-30": -193.2, "2016-06-30": -116, "2016-03-31": -122.6, "2015-12-31": "-132.00000", "2015-09-30": -160.2, "2015-06-30": -96.9, "2015-03-31": -101.4, "2014-12-31": "-132.10000", "2014-09-30": -131.3, "2014-06-30": -101.1, "2014-03-31": -91.3, "2013-12-31": "-133.10000", "2013-09-30": -194.4, "2013-06-30": -106.8, "2013-03-31": -93.5, "2012-12-31": "-91.30000", "2012-09-30": -103.4, "2012-06-30": -83.7, "2012-03-31": -64.9, "2011-12-31": "-87.40000", "2011-09-30": -115.4, "2011-06-30": -77.9, "2011-03-31": -81.8, "2010-12-31": "-85.60000", "2010-09-30": -118.5, "2010-06-30": -83, "2010-03-31": -70.8, "2009-12-31": "-75.00000", "2009-09-30": -88.3, "2009-06-30": -74.6, "2009-03-31": -66.4, "2008-12-31": "-72.40000", "2008-09-30": -79.3, "2008-06-30": -54.3, "2008-03-31": -50.6, "2007-12-31": "-47.90000", "2007-09-30": -67.9, "2007-06-30": -51.3, "2007-03-31": -48.7, "2006-12-31": "-52.00000", "2006-09-30": -57.5, "2006-06-30": -40.6, "2006-03-31": -45, "2005-12-31": "-39.80000", "2005-09-30": -43.8, "2005-06-30": -32.1, "2005-03-31": -65.8}, "Net Change In Intangible Assets": {"2020-12-31": "", "2020-09-30": 0, "2020-06-30": 0, "2020-03-31": 0, "2019-12-31": "", "2019-09-30": 0, "2019-06-30": 0, "2019-03-31": 0, "2018-12-31": "", "2018-09-30": 0, "2018-06-30": 0, "2018-03-31": 0, "2017-12-31": "", "2017-09-30": 0, "2017-06-30": 0, "2017-03-31": 0, "2016-12-31": "", "2016-09-30": 0, "2016-06-30": 0, "2016-03-31": 0, "2015-12-31": "", "2015-09-30": 0, "2015-06-30": 0, "2015-03-31": 0, "2014-12-31": "", "2014-09-30": 0, "2014-06-30": 0, "2014-03-31": 0, "2013-12-31": "", "2013-09-30": 0, "2013-06-30": 0, "2013-03-31": 0, "2012-12-31": "", "2012-09-30": 0, "2012-06-30": 0, "2012-03-31": 0, "2011-12-31": "", "2011-09-30": 0, "2011-06-30": 0, "2011-03-31": 0, "2010-12-31": "", "2010-09-30": 0, "2010-06-30": 0, "2010-03-31": 0, "2009-12-31": "", "2009-09-30": 0, "2009-06-30": 0, "2009-03-31": 0, "2008-12-31": "", "2008-09-30": 0, "2008-06-30": 0, "2008-03-31": 0, "2007-12-31": "", "2007-09-30": 0, "2007-06-30": 0, "2007-03-31": 0, "2006-12-31": "", "2006-09-30": 0, "2006-06-30": 0, "2006-03-31": 0, "2005-12-31": "", "2005-09-30": 0, "2005-06-30": 0, "2005-03-31": 0}, "Net Acquisitions/Divestitures": {"2020-12-31": "-12.00000", "2020-09-30": -15.6, "2020-06-30": 0, "2020-03-31": -0.4, "2019-12-31": "", "2019-09-30": -1303.6, "2019-06-30": 0.1, "2019-03-31": -43.5, "2018-12-31": "-15.00000", "2018-09-30": 3.7, "2018-06-30": -16.4, "2018-03-31": 1.5, "2017-12-31": "-175.80000", "2017-09-30": -48, "2017-06-30": -45.5, "2017-03-31": -6.5, "2016-12-31": "-0.80000", "2016-09-30": -0.9, "2016-06-30": -10.9, "2016-03-31": -7.7, "2015-12-31": "-41.70000", "2015-09-30": -19.3, "2015-06-30": -420.9, "2015-03-31": -0.1, "2014-12-31": "-7.20000", "2014-09-30": -13.8, "2014-06-30": -2, "2014-03-31": -0.5, "2013-12-31": "-20.80000", "2013-09-30": -54.6, "2013-06-30": -0.8, "2013-03-31": -23.5, "2012-12-31": "", "2012-09-30": -6.8, "2012-06-30": -11.9, "2012-03-31": -1409, "2011-12-31": "-152.80000", "2011-09-30": -2.9, "2011-06-30": -5, "2011-03-31": -6.8, "2010-12-31": "-37.80000", "2010-09-30": 9, "2010-06-30": -15.7, "2010-03-31": -5.3, "2009-12-31": "-4.40000", "2009-09-30": -3.1, "2009-06-30": -2.4, "2009-03-31": -16.4, "2008-12-31": "-258.30000", "2008-09-30": 0.2, "2008-06-30": -0.7, "2008-03-31": -2, "2007-12-31": "1.20000", "2007-09-30": -2, "2007-06-30": -27.4, "2007-03-31": 23.4, "2006-12-31": "-0.10000", "2006-09-30": -591.3, "2006-06-30": -0.6, "2006-03-31": 15.4, "2005-12-31": "-0.60000", "2005-09-30": -1.6, "2005-06-30": -4, "2005-03-31": -27.7}, "Net Change In Short-term Investments": {"2020-12-31": "", "2020-09-30": 0, "2020-06-30": 0, "2020-03-31": 0, "2019-12-31": "", "2019-09-30": 0, "2019-06-30": 0, "2019-03-31": 0, "2018-12-31": "", "2018-09-30": 0, "2018-06-30": 0, "2018-03-31": 0, "2017-12-31": "", "2017-09-30": 0, "2017-06-30": 0, "2017-03-31": 0, "2016-12-31": "", "2016-09-30": 0, "2016-06-30": 0, "2016-03-31": 0, "2015-12-31": "", "2015-09-30": 0, "2015-06-30": 0, "2015-03-31": 0, "2014-12-31": "", "2014-09-30": 0, "2014-06-30": 0, "2014-03-31": 0, "2013-12-31": "", "2013-09-30": 0, "2013-06-30": 0, "2013-03-31": 0, "2012-12-31": "", "2012-09-30": 0, "2012-06-30": 0, "2012-03-31": 0, "2011-12-31": "", "2011-09-30": 0, "2011-06-30": 0, "2011-03-31": 0, "2010-12-31": "", "2010-09-30": 0, "2010-06-30": 0, "2010-03-31": 0, "2009-12-31": "", "2009-09-30": 0, "2009-06-30": 0, "2009-03-31": 0, "2008-12-31": "", "2008-09-30": 0, "2008-06-30": 0, "2008-03-31": 0, "2007-12-31": "", "2007-09-30": 5.1, "2007-06-30": 0, "2007-03-31": -5.1, "2006-12-31": "", "2006-09-30": 114.4, "2006-06-30": 5, "2006-03-31": -50, "2005-12-31": "", "2005-09-30": -5, "2005-06-30": 0, "2005-03-31": -15}, "Net Change In Long-Term Investments": {"2020-12-31": "", "2020-09-30": 0, "2020-06-30": 0, "2020-03-31": 0, "2019-12-31": "", "2019-09-30": 0, "2019-06-30": 0, "2019-03-31": 0, "2018-12-31": "", "2018-09-30": 0, "2018-06-30": 0, "2018-03-31": 0, "2017-12-31": "", "2017-09-30": 0, "2017-06-30": 0, "2017-03-31": 0, "2016-12-31": "", "2016-09-30": 0, "2016-06-30": 0, "2016-03-31": 0, "2015-12-31": "", "2015-09-30": 0, "2015-06-30": 0, "2015-03-31": 0, "2014-12-31": "", "2014-09-30": 0, "2014-06-30": 0, "2014-03-31": 0, "2013-12-31": "", "2013-09-30": 0, "2013-06-30": 0, "2013-03-31": 0, "2012-12-31": "", "2012-09-30": 0, "2012-06-30": 0, "2012-03-31": 0, "2011-12-31": "", "2011-09-30": 0, "2011-06-30": 0, "2011-03-31": 0, "2010-12-31": "", "2010-09-30": 0, "2010-06-30": 0, "2010-03-31": 0, "2009-12-31": "", "2009-09-30": 0, "2009-06-30": 0, "2009-03-31": 0, "2008-12-31": "", "2008-09-30": 0, "2008-06-30": 0, "2008-03-31": 0, "2007-12-31": "", "2007-09-30": 0, "2007-06-30": 0, "2007-03-31": 0, "2006-12-31": "", "2006-09-30": 10.1, "2006-06-30": 0.8, "2006-03-31": -10.9, "2005-12-31": "", "2005-09-30": 0, "2005-06-30": 0, "2005-03-31": 0}, "Net Change In Investments - Total": {"2020-12-31": "", "2020-09-30": 0, "2020-06-30": 0, "2020-03-31": 0, "2019-12-31": "", "2019-09-30": 0, "2019-06-30": 0, "2019-03-31": 0, "2018-12-31": "", "2018-09-30": 0, "2018-06-30": 0, "2018-03-31": 0, "2017-12-31": "", "2017-09-30": 0, "2017-06-30": 0, "2017-03-31": 0, "2016-12-31": "", "2016-09-30": 0, "2016-06-30": 0, "2016-03-31": 0, "2015-12-31": "", "2015-09-30": 0, "2015-06-30": 0, "2015-03-31": 0, "2014-12-31": "", "2014-09-30": 0, "2014-06-30": 0, "2014-03-31": 0, "2013-12-31": "", "2013-09-30": 0, "2013-06-30": 0, "2013-03-31": 0, "2012-12-31": "", "2012-09-30": 0, "2012-06-30": 0, "2012-03-31": 0, "2011-12-31": "", "2011-09-30": 0, "2011-06-30": 0, "2011-03-31": 0, "2010-12-31": "", "2010-09-30": 0, "2010-06-30": 0, "2010-03-31": 0, "2009-12-31": "", "2009-09-30": 0, "2009-06-30": 0, "2009-03-31": 0, "2008-12-31": "", "2008-09-30": 0, "2008-06-30": 0, "2008-03-31": 0, "2007-12-31": "", "2007-09-30": 5.1, "2007-06-30": 0, "2007-03-31": -5.1, "2006-12-31": "", "2006-09-30": 124.5, "2006-06-30": 5.8, "2006-03-31": -60.9, "2005-12-31": "", "2005-09-30": -5, "2005-06-30": 0, "2005-03-31": -15}, "Investing Activities - Other": {"2020-12-31": "10.00000", "2020-09-30": 0.5, "2020-06-30": 6, "2020-03-31": 9.5, "2019-12-31": "6.00000", "2019-09-30": 6.9, "2019-06-30": -0.7, "2019-03-31": 1.5, "2018-12-31": "4.30000", "2018-09-30": 2.6, "2018-06-30": 0.4, "2018-03-31": 3.7, "2017-12-31": "5.30000", "2017-09-30": -22, "2017-06-30": -18, "2017-03-31": 5.5, "2016-12-31": "5.50000", "2016-09-30": 2.6, "2016-06-30": 28, "2016-03-31": 17.4, "2015-12-31": "18.40000", "2015-09-30": -21.8, "2015-06-30": 8.6, "2015-03-31": 6, "2014-12-31": "-31.00000", "2014-09-30": -5.1, "2014-06-30": 3, "2014-03-31": 3.3, "2013-12-31": "5.10000", "2013-09-30": 12.4, "2013-06-30": -3.2, "2013-03-31": 4.5, "2012-12-31": "-2.10000", "2012-09-30": 5.7, "2012-06-30": 9.6, "2012-03-31": 3.3, "2011-12-31": "-3.20000", "2011-09-30": -25.1, "2011-06-30": -3.8, "2011-03-31": 7.4, "2010-12-31": "19.30000", "2010-09-30": -5, "2010-06-30": 12.8, "2010-03-31": -30.3, "2009-12-31": "-13.10000", "2009-09-30": 55.3, "2009-06-30": 79.8, "2009-03-31": -27, "2008-12-31": "-46.10000", "2008-09-30": -70.7, "2008-06-30": 0.2, "2008-03-31": 23.4, "2007-12-31": "-9.00000", "2007-09-30": 8.6, "2007-06-30": -14.6, "2007-03-31": 22.7, "2006-12-31": "-14.50000", "2006-09-30": -6.2, "2006-06-30": -5.8, "2006-03-31": 251.3, "2005-12-31": "-256.20000", "2005-09-30": -7.9, "2005-06-30": 3.4, "2005-03-31": 3.2}, "Cash Flow From Investing Activities": {"2020-12-31": "-189.00000", "2020-09-30": -199, "2020-06-30": -123.1, "2020-03-31": -150.9, "2019-12-31": "-176.00000", "2019-09-30": -1491.5, "2019-06-30": -170.2, "2019-03-31": -199.3, "2018-12-31": "-194.00000", "2018-09-30": -173.5, "2018-06-30": -144.1, "2018-03-31": -113.4, "2017-12-31": "-318.00000", "2017-09-30": -237, "2017-06-30": -193.6, "2017-03-31": -145.7, "2016-12-31": "-192.40000", "2016-09-30": -191.5, "2016-06-30": -98.9, "2016-03-31": -112.9, "2015-12-31": "-155.30000", "2015-09-30": -201.3, "2015-06-30": -509.2, "2015-03-31": -95.5, "2014-12-31": "-170.30000", "2014-09-30": -150.2, "2014-06-30": -100.1, "2014-03-31": -88.5, "2013-12-31": "-148.80000", "2013-09-30": -236.6, "2013-06-30": -110.8, "2013-03-31": -112.5, "2012-12-31": "-93.40000", "2012-09-30": -104.5, "2012-06-30": -86, "2012-03-31": -1470.6, "2011-12-31": "-243.40000", "2011-09-30": -143.4, "2011-06-30": -86.7, "2011-03-31": -81.2, "2010-12-31": "-104.10000", "2010-09-30": -114.5, "2010-06-30": -85.9, "2010-03-31": -106.4, "2009-12-31": "-92.50000", "2009-09-30": -36.1, "2009-06-30": 2.8, "2009-03-31": -109.8, "2008-12-31": "-376.80000", "2008-09-30": -149.8, "2008-06-30": -54.8, "2008-03-31": -29.2, "2007-12-31": "-55.70000", "2007-09-30": -56.2, "2007-06-30": -93.3, "2007-03-31": -7.7, "2006-12-31": "-66.60000", "2006-09-30": -530.5, "2006-06-30": -41.2, "2006-03-31": 160.8, "2005-12-31": "-296.60000", "2005-09-30": -58.3, "2005-06-30": -32.7, "2005-03-31": -105.3}, "Net Long-Term Debt": {"2020-12-31": "-36.00000", "2020-09-30": 10.7, "2020-06-30": 142.3, "2020-03-31": -14, "2019-12-31": "-16.00000", "2019-09-30": 1524.4, "2019-06-30": -4.2, "2019-03-31": 146, "2018-12-31": "7.80000", "2018-09-30": -8.1, "2018-06-30": -76.9, "2018-03-31": -22.4, "2017-12-31": "82.40000", "2017-09-30": -8.6001, "2017-06-30": -127.6, "2017-03-31": 119.8, "2016-12-31": "258.70000", "2016-09-30": -346.2, "2016-06-30": 484.2, "2016-03-31": -3.9, "2015-12-31": "-74.50000", "2015-09-30": -15.3, "2015-06-30": 253.1, "2015-03-31": -4.3, "2014-12-31": "-2.60000", "2014-09-30": -6.3, "2014-06-30": -54.1, "2014-03-31": -3.6, "2013-12-31": "-4.10000", "2013-09-30": 86.9, "2013-06-30": -19, "2013-03-31": -3.2, "2012-12-31": "-6.30000", "2012-09-30": -60, "2012-06-30": -22, "2012-03-31": 1309.8, "2011-12-31": "22.50000", "2011-09-30": 102.8, "2011-06-30": -3, "2011-03-31": 0.2, "2010-12-31": "-3.00000", "2010-09-30": 38, "2010-06-30": -125.6, "2010-03-31": -62.2, "2009-12-31": "55.00000", "2009-09-30": 4.2, "2009-06-30": -1, "2009-03-31": -380.9, "2008-12-31": "413.50000", "2008-09-30": -5.8, "2008-06-30": 13.2, "2008-03-31": 11.7, "2007-12-31": "-0.80000", "2007-09-30": -5.3, "2007-06-30": 0.5, "2007-03-31": -4.8, "2006-12-31": "-1.00000", "2006-09-30": 261.1, "2006-06-30": 15.6, "2006-03-31": -292.9, "2005-12-31": "243.30000", "2005-09-30": 51.8, "2005-06-30": -19.2, "2005-03-31": -1}, "Net Current Debt": {"2020-12-31": "165.00000", "2020-09-30": -55.2, "2020-06-30": -227.4, "2020-03-31": -190.4, "2019-12-31": "51.00000", "2019-09-30": 426.6, "2019-06-30": -17.7, "2019-03-31": -325.3, "2018-12-31": "243.40000", "2018-09-30": 126, "2018-06-30": 6.7, "2018-03-31": -251.2, "2017-12-31": "212.50000", "2017-09-30": 193.8, "2017-06-30": 83.5, "2017-03-31": -149.4, "2016-12-31": "-66.70000", "2016-09-30": 122.2, "2016-06-30": -79.1, "2016-03-31": -207.8, "2015-12-31": "260.40000", "2015-09-30": 122.3, "2015-06-30": -42, "2015-03-31": -325.2, "2014-12-31": "213.00000", "2014-09-30": 80.4, "2014-06-30": -126.1, "2014-03-31": -136.7, "2013-12-31": "188.20000", "2013-09-30": 71.3, "2013-06-30": -40.6, "2013-03-31": -133.1, "2012-12-31": "134.70000", "2012-09-30": -12.5, "2012-06-30": 15.4, "2012-03-31": -226.2, "2011-12-31": "265.00000", "2011-09-30": -80, "2011-06-30": -16.6, "2011-03-31": -52.9, "2010-12-31": "74.90000", "2010-09-30": 37.9, "2010-06-30": 14.4, "2010-03-31": -14.4, "2009-12-31": "", "2009-09-30": 37.1, "2009-06-30": -70.3, "2009-03-31": 46.3, "2008-12-31": "", "2008-09-30": 98.8, "2008-06-30": -122.1, "2008-03-31": -105.2, "2007-12-31": "67.60000", "2007-09-30": 81.5, "2007-06-30": -38.4, "2007-03-31": -104.3, "2006-12-31": "33.60000", "2006-09-30": 128.2, "2006-06-30": -28.3, "2006-03-31": 42.2, "2005-12-31": "64.90000", "2005-09-30": -53.3, "2005-06-30": 4.8, "2005-03-31": -1.5}, "Debt Issuance/Retirement Net - Total": {"2020-12-31": "129.00000", "2020-09-30": -44.5, "2020-06-30": -85.1, "2020-03-31": -204.4, "2019-12-31": "35.00000", "2019-09-30": 1951, "2019-06-30": -21.9, "2019-03-31": -179.3, "2018-12-31": "251.20000", "2018-09-30": 117.9, "2018-06-30": -70.2, "2018-03-31": -273.6, "2017-12-31": "294.90000", "2017-09-30": 185.1999, "2017-06-30": -44.1, "2017-03-31": -29.6, "2016-12-31": "192.00000", "2016-09-30": -224, "2016-06-30": 405.1, "2016-03-31": -211.7, "2015-12-31": "185.90000", "2015-09-30": 107, "2015-06-30": 211.1, "2015-03-31": -329.5, "2014-12-31": "210.40000", "2014-09-30": 74.1, "2014-06-30": -180.2, "2014-03-31": -140.3, "2013-12-31": "184.10000", "2013-09-30": 158.2, "2013-06-30": -59.6, "2013-03-31": -136.3, "2012-12-31": "128.40000", "2012-09-30": -72.5, "2012-06-30": -6.6, "2012-03-31": 1083.6, "2011-12-31": "287.50000", "2011-09-30": 22.8, "2011-06-30": -19.6, "2011-03-31": -52.7, "2010-12-31": "71.90000", "2010-09-30": 75.9, "2010-06-30": -111.2, "2010-03-31": -76.6, "2009-12-31": "55.00000", "2009-09-30": 41.3, "2009-06-30": -71.3, "2009-03-31": -334.6, "2008-12-31": "413.50000", "2008-09-30": 93, "2008-06-30": -108.9, "2008-03-31": -93.5, "2007-12-31": "66.80000", "2007-09-30": 76.2, "2007-06-30": -37.9, "2007-03-31": -109.1, "2006-12-31": "32.60000", "2006-09-30": 389.3, "2006-06-30": -12.7, "2006-03-31": -250.7, "2005-12-31": "308.20000", "2005-09-30": -1.5, "2005-06-30": -14.4, "2005-03-31": -2.5}, "Net Common Equity Issued/Repurchased": {"2020-12-31": "4.00000", "2020-09-30": 0, "2020-06-30": 1.6, "2020-03-31": -15.6, "2019-12-31": "-22.00000", "2019-09-30": 1.6, "2019-06-30": 3.5, "2019-03-31": 4.9, "2018-12-31": "-10.00000", "2018-09-30": -42, "2018-06-30": 28, "2018-03-31": -2.9, "2017-12-31": "-8.10000", "2017-09-30": -14.6, "2017-06-30": 1.9, "2017-03-31": -22.9, "2016-12-31": "3.30000", "2016-09-30": -22.2, "2016-06-30": 7.8, "2016-03-31": 2.1, "2015-12-31": "-21.60000", "2015-09-30": -15.2, "2015-06-30": 5.3, "2015-03-31": -17.8, "2014-12-31": "5.50000", "2014-09-30": -14.5, "2014-06-30": -20.2, "2014-03-31": 4.1, "2013-12-31": "1.70000", "2013-09-30": 7.9, "2013-06-30": 9.4, "2013-03-31": 8.5, "2012-12-31": "10.60000", "2012-09-30": 10.5, "2012-06-30": 3.8, "2012-03-31": 282.4, "2011-12-31": "3.10000", "2011-09-30": 2.4, "2011-06-30": 3, "2011-03-31": 10.3, "2010-12-31": "11.60000", "2010-09-30": 10.9, "2010-06-30": 14.5, "2010-03-31": 0.4, "2009-12-31": "1.70000", "2009-09-30": 10.8, "2009-06-30": 0, "2009-03-31": -1.7, "2008-12-31": "1.70000", "2008-09-30": -21.9, "2008-06-30": 38.2, "2008-03-31": -64, "2007-12-31": "68.60000", "2007-09-30": 2.4, "2007-06-30": 5.7, "2007-03-31": 2.5, "2006-12-31": "5.80000", "2006-09-30": 1.5, "2006-06-30": 2.2, "2006-03-31": 5.6, "2005-12-31": "1.50000", "2005-09-30": 77, "2005-06-30": 7.1, "2005-03-31": 15.7}, "Net Total Equity Issued/Repurchased": {"2020-12-31": "4.00000", "2020-09-30": 0, "2020-06-30": 1.6, "2020-03-31": -15.6, "2019-12-31": "-22.00000", "2019-09-30": 1.6, "2019-06-30": 3.5, "2019-03-31": 4.9, "2018-12-31": "-10.00000", "2018-09-30": -42, "2018-06-30": 28, "2018-03-31": -2.9, "2017-12-31": "-8.10000", "2017-09-30": -14.6, "2017-06-30": 1.9, "2017-03-31": -22.9, "2016-12-31": "3.30000", "2016-09-30": -22.2, "2016-06-30": 7.8, "2016-03-31": 2.1, "2015-12-31": "-21.60000", "2015-09-30": -15.2, "2015-06-30": 5.3, "2015-03-31": -17.8, "2014-12-31": "5.50000", "2014-09-30": -14.5, "2014-06-30": -20.2, "2014-03-31": 4.1, "2013-12-31": "1.70000", "2013-09-30": 7.9, "2013-06-30": 9.4, "2013-03-31": 8.5, "2012-12-31": "10.60000", "2012-09-30": 10.5, "2012-06-30": 3.8, "2012-03-31": 282.4, "2011-12-31": "3.10000", "2011-09-30": 2.4, "2011-06-30": 3, "2011-03-31": 10.3, "2010-12-31": "11.60000", "2010-09-30": 10.9, "2010-06-30": 14.5, "2010-03-31": 0.4, "2009-12-31": "1.70000", "2009-09-30": 10.8, "2009-06-30": 0, "2009-03-31": -1.7, "2008-12-31": "1.70000", "2008-09-30": -21.9, "2008-06-30": 38.2, "2008-03-31": -64, "2007-12-31": "68.60000", "2007-09-30": 2.4, "2007-06-30": 5.7, "2007-03-31": 2.5, "2006-12-31": "5.80000", "2006-09-30": 1.5, "2006-06-30": 2.2, "2006-03-31": 5.6, "2005-12-31": "1.50000", "2005-09-30": 77, "2005-06-30": 7.1, "2005-03-31": -4.3}, "Total Common And Preferred Stock Dividends Paid": {"2020-12-31": "-69.00000", "2020-09-30": -68.6, "2020-06-30": -68.8, "2020-03-31": -67.6, "2019-12-31": "-68.00000", "2019-09-30": -57.2, "2019-06-30": -52.3, "2019-03-31": -45.2, "2018-12-31": "-45.30000", "2018-09-30": -45.2, "2018-06-30": -45.2, "2018-03-31": -43.3, "2017-12-31": "-43.30000", "2017-09-30": -43.3, "2017-06-30": -43.3, "2017-03-31": -41.1, "2016-12-31": "-41.20000", "2016-09-30": -41.1, "2016-06-30": -41.1, "2016-03-31": -39.3, "2015-12-31": "-39.20000", "2015-09-30": -39.2, "2015-06-30": -39.3, "2015-03-31": -37.5, "2014-12-31": "-37.50000", "2014-09-30": -37.5, "2014-06-30": -33.8, "2014-03-31": -32.4, "2013-12-31": "-32.40000", "2013-09-30": -32.4, "2013-06-30": -32.2, "2013-03-31": -30.6, "2012-12-31": "-30.60000", "2012-09-30": -30.4, "2012-06-30": -30.4, "2012-03-31": -29.1, "2011-12-31": "-29.20000", "2011-09-30": -29.1, "2011-06-30": -29, "2011-03-31": -27.9, "2010-12-31": "-27.80000", "2010-09-30": -27.5, "2010-06-30": -27.5, "2010-03-31": -21.7, "2009-12-31": "-21.90000", "2009-09-30": -21.8, "2009-06-30": -21.7, "2009-03-31": -20.8, "2008-12-31": "-20.80000", "2008-09-30": -20.7, "2008-06-30": -20.7, "2008-03-31": -19.8, "2007-12-31": "-19.70000", "2007-09-30": -19.7, "2007-06-30": -19.7, "2007-03-31": -18.7, "2006-12-31": "-18.70000", "2006-09-30": -18.4, "2006-06-30": -18.6, "2006-03-31": -17.8, "2005-12-31": "-17.70000", "2005-09-30": -17.5, "2005-06-30": -17.7, "2005-03-31": -32.2}, "Financial Activities - Other": {"2020-12-31": "56.00000", "2020-09-30": -20.6, "2020-06-30": -1.2, "2020-03-31": -27.2, "2019-12-31": "22.00000", "2019-09-30": -611.8, "2019-06-30": -10.3, "2019-03-31": -75, "2018-12-31": "-61.90000", "2018-09-30": -66.4, "2018-06-30": -74.7, "2018-03-31": -101.5, "2017-12-31": "-62.40000", "2017-09-30": -56.8, "2017-06-30": -35.7, "2017-03-31": -100.9, "2016-12-31": "-55.50000", "2016-09-30": -36.4, "2016-06-30": -63.6, "2016-03-31": -79.1, "2015-12-31": "-56.70000", "2015-09-30": -62.4, "2015-06-30": -46.5, "2015-03-31": -102.9, "2014-12-31": "-28.60000", "2014-09-30": -22.4, "2014-06-30": -95.8, "2014-03-31": -77.9, "2013-12-31": "-52.30000", "2013-09-30": -33.8, "2013-06-30": -58.6, "2013-03-31": -74.1, "2012-12-31": "-20.90000", "2012-09-30": -63.9, "2012-06-30": -72.2, "2012-03-31": -53.4, "2011-12-31": "-4.70000", "2011-09-30": -9.6, "2011-06-30": -23.9, "2011-03-31": -21, "2010-12-31": "-33.50000", "2010-09-30": -21.1, "2010-06-30": -21.1, "2010-03-31": -21.7, "2009-12-31": "-21.70000", "2009-09-30": -31.3, "2009-06-30": -18.7, "2009-03-31": -18.5, "2008-12-31": "-20.70000", "2008-09-30": -27.3, "2008-06-30": -10.7, "2008-03-31": -19.8, "2007-12-31": "-19.70000", "2007-09-30": -27.8, "2007-06-30": -18, "2007-03-31": -16.9, "2006-12-31": "-17.20000", "2006-09-30": -18.6, "2006-06-30": -18.5, "2006-03-31": -17.6, "2005-12-31": "-18.00000", "2005-09-30": -16.9, "2005-06-30": -16.8, "2005-03-31": -32.9}, "Cash Flow From Financial Activities": {"2020-12-31": "120.00000", "2020-09-30": -133.7, "2020-06-30": -153.5, "2020-03-31": -314.8, "2019-12-31": "-33.00000", "2019-09-30": 1283.6, "2019-06-30": -81, "2019-03-31": -294.6, "2018-12-31": "134.00000", "2018-09-30": -35.7, "2018-06-30": -162.1, "2018-03-31": -421.3, "2017-12-31": "181.10000", "2017-09-30": 70.5, "2017-06-30": -121.2, "2017-03-31": -194.5, "2016-12-31": "98.60000", "2016-09-30": -323.7, "2016-06-30": 308.2, "2016-03-31": -328, "2015-12-31": "68.40000", "2015-09-30": -9.8, "2015-06-30": 130.6, "2015-03-31": -487.7, "2014-12-31": "149.80000", "2014-09-30": -0.3, "2014-06-30": -330, "2014-03-31": -246.5, "2013-12-31": "101.10000", "2013-09-30": 99.9, "2013-06-30": -141, "2013-03-31": -232.5, "2012-12-31": "87.50000", "2012-09-30": -156.3, "2012-06-30": -105.4, "2012-03-31": 1283.5, "2011-12-31": "256.70000", "2011-09-30": -13.5, "2011-06-30": -69.5, "2011-03-31": -91.3, "2010-12-31": "22.20000", "2010-09-30": 38.2, "2010-06-30": -145.3, "2010-03-31": -119.6, "2009-12-31": "13.10000", "2009-09-30": -1, "2009-06-30": -111.7, "2009-03-31": -375.6, "2008-12-31": "373.70000", "2008-09-30": 23.1, "2008-06-30": -102.1, "2008-03-31": -197.1, "2007-12-31": "96.00000", "2007-09-30": 31.1, "2007-06-30": -69.9, "2007-03-31": -142.2, "2006-12-31": "2.50000", "2006-09-30": 353.8, "2006-06-30": -47.6, "2006-03-31": -280.5, "2005-12-31": "274.00000", "2005-09-30": 41.1, "2005-06-30": -41.8, "2005-03-31": -71.9}, "Net Cash Flow": {"2020-12-31": "89.00000", "2020-09-30": -175, "2020-06-30": 130.1, "2020-03-31": -27.1, "2019-12-31": "-82.00000", "2019-09-30": -64.8, "2019-06-30": 57.6, "2019-03-31": 23.4, "2018-12-31": "32.80000", "2018-09-30": -52.7, "2018-06-30": 29, "2018-03-31": 19.2, "2017-12-31": "-102.50000", "2017-09-30": -51.2, "2017-06-30": -33.5, "2017-03-31": 122.6, "2016-12-31": "12.40000", "2016-09-30": -406.4, "2016-06-30": 443, "2016-03-31": 63.2, "2015-12-31": "33.30000", "2015-09-30": -16.2, "2015-06-30": -59.6, "2015-03-31": 35.4, "2014-12-31": "-9.40000", "2014-09-30": -18.9, "2014-06-30": -55.2, "2014-03-31": 75.5, "2013-12-31": "28.80000", "2013-09-30": -12.5, "2013-06-30": -44.5, "2013-03-31": 98.2, "2012-12-31": "28.20000", "2012-09-30": -116.6, "2012-06-30": 34.1, "2012-03-31": 173.4, "2011-12-31": "-9.50000", "2011-09-30": -79.3, "2011-06-30": 19.7, "2011-03-31": 158.7, "2010-12-31": "-121.30000", "2010-09-30": 18.9, "2010-06-30": -28.9, "2010-03-31": 55.1, "2009-12-31": "-64.50000", "2009-09-30": 40, "2009-06-30": 47.5, "2009-03-31": 17.1, "2008-12-31": "-69.70000", "2008-09-30": -27, "2008-06-30": 31.9, "2008-03-31": 28, "2007-12-31": "-39.50000", "2007-09-30": 80.9, "2007-06-30": -27.4, "2007-03-31": 73.9, "2006-12-31": "-61.80000", "2006-09-30": -90.1, "2006-06-30": 37.6, "2006-03-31": -29.2, "2005-12-31": "-42.20000", "2005-09-30": 102.7, "2005-06-30": 45.8, "2005-03-31": 12}, "Stock-Based Compensation": {"2020-12-31": "", "2020-09-30": 15, "2020-06-30": 0, "2020-03-31": 0, "2019-12-31": "", "2019-09-30": 18, "2019-06-30": 0, "2019-03-31": 0, "2018-12-31": "", "2018-09-30": 23, "2018-06-30": 0, "2018-03-31": 0, "2017-12-31": "", "2017-09-30": 19.3, "2017-06-30": 0, "2017-03-31": 0, "2016-12-31": "", "2016-09-30": 23.8, "2016-06-30": 0, "2016-03-31": 0, "2015-12-31": "", "2015-09-30": 29.2, "2015-06-30": 0, "2015-03-31": 0, "2014-12-31": "", "2014-09-30": 25.8, "2014-06-30": 0, "2014-03-31": 0, "2013-12-31": "", "2013-09-30": 17.6, "2013-06-30": 0, "2013-03-31": 0, "2012-12-31": "", "2012-09-30": 14.5, "2012-06-30": 0, "2012-03-31": 0, "2011-12-31": "", "2011-09-30": 15.6, "2011-06-30": 0, "2011-03-31": 0, "2010-12-31": "", "2010-09-30": 13.2, "2010-06-30": 0, "2010-03-31": 0, "2009-12-31": "", "2009-09-30": 11.4, "2009-06-30": 0, "2009-03-31": 0, "2008-12-31": "", "2008-09-30": 11.8, "2008-06-30": 0, "2008-03-31": 0, "2007-12-31": "", "2007-09-30": 9.1, "2007-06-30": 0, "2007-03-31": 0, "2006-12-31": "", "2006-09-30": 6.9, "2006-06-30": 0, "2006-03-31": 0, "2005-12-31": "", "2005-09-30": 0, "2005-06-30": 0, "2005-03-31": 0}, "Common Stock Dividends Paid": {"2020-12-31": "-69.00000", "2020-09-30": -68.6, "2020-06-30": -68.8, "2020-03-31": -67.6, "2019-12-31": "-68.00000", "2019-09-30": -57.2, "2019-06-30": -52.3, "2019-03-31": -45.2, "2018-12-31": "-45.30000", "2018-09-30": -45.2, "2018-06-30": -45.2, "2018-03-31": -43.3, "2017-12-31": "-43.30000", "2017-09-30": -43.3, "2017-06-30": -43.3, "2017-03-31": -41.1, "2016-12-31": "-41.20000", "2016-09-30": -41.1, "2016-06-30": -41.1, "2016-03-31": -39.3, "2015-12-31": "-39.20000", "2015-09-30": -39.2, "2015-06-30": -39.3, "2015-03-31": -37.5, "2014-12-31": "-37.50000", "2014-09-30": -37.5, "2014-06-30": -33.8, "2014-03-31": -32.4, "2013-12-31": "-32.40000", "2013-09-30": -32.4, "2013-06-30": -32.2, "2013-03-31": -30.6, "2012-12-31": "-30.60000", "2012-09-30": -30.4, "2012-06-30": -30.4, "2012-03-31": -29.1, "2011-12-31": "-29.20000", "2011-09-30": -29.1, "2011-06-30": -29, "2011-03-31": -27.9, "2010-12-31": "-27.80000", "2010-09-30": -27.5, "2010-06-30": -27.5, "2010-03-31": -21.7, "2009-12-31": "-21.90000", "2009-09-30": -21.8, "2009-06-30": -21.7, "2009-03-31": -20.8, "2008-12-31": "-20.80000", "2008-09-30": -20.7, "2008-06-30": -20.7, "2008-03-31": -19.8, "2007-12-31": "-19.70000", "2007-09-30": -19.7, "2007-06-30": -19.7, "2007-03-31": -18.7, "2006-12-31": "-18.70000", "2006-09-30": -18.4, "2006-06-30": -18.6, "2006-03-31": -17.8, "2005-12-31": "-17.70000", "2005-09-30": -17.5, "2005-06-30": -17.7, "2005-03-31": -32.2}}, "financial ratios": {"Current Ratio": {"2020-09-30": "0.87920", "2019-09-30": "0.77220", "2018-09-30": "1.09010", "2017-09-30": "1.00440", "2016-09-30": "0.98740", "2015-09-30": "0.86950", "2014-09-30": "1.16220", "2013-09-30": "1.14200", "2012-09-30": "0.99200", "2011-09-30": "1.21170", "2010-09-30": "0.72850", "2009-09-30": "1.08000", "2008-09-30": "1.13040", "2007-09-30": "1.10980", "2006-09-30": "1.01360", "2005-09-30": "1.00790"}, "Long-term Debt / Capital": {"2020-09-30": "0.59110", "2019-09-30": "0.60160", "2018-09-30": "0.50280", "2017-09-30": "0.51640", "2016-09-30": "0.51160", "2015-09-30": "0.48830", "2014-09-30": "0.48380", "2013-09-30": "0.49960", "2012-09-30": "0.50240", "2011-09-30": "0.49060", "2010-09-30": "0.40990", "2009-09-30": "0.52880", "2008-09-30": "0.58360", "2007-09-30": "0.60670", "2006-09-30": "0.64120", "2005-09-30": "0.58260"}, "Debt/Equity Ratio": {"2020-09-30": "1.54240", "2019-09-30": "1.72460", "2018-09-30": "1.11960", "2017-09-30": "1.21330", "2016-09-30": "1.13690", "2015-09-30": "1.07980", "2014-09-30": "1.01590", "2013-09-30": "1.08160", "2012-09-30": "1.10980", "2011-09-30": "1.04810", "2010-09-30": "1.07010", "2009-09-30": "1.26390", "2008-09-30": "1.55570", "2007-09-30": "1.70390", "2006-09-30": "2.02100", "2005-09-30": "1.74610"}, "Gross Margin": {"2020-09-30": "51.98960", "2019-09-30": "40.94260", "2018-09-30": "46.73900", "2017-09-30": "53.64420", "2016-09-30": "57.12930", "2015-09-30": "44.15720", "2014-09-30": "37.47120", "2013-09-30": "39.89470", "2012-09-30": "37.14290", "2011-09-30": "34.61230", "2010-09-30": "35.90160", "2009-09-30": "36.02770", "2008-09-30": "28.63330", "2007-09-30": "31.88120", "2006-09-30": "29.93870", "2005-09-30": "32.37470"}, "Operating Margin": {"2020-09-30": "14.97180", "2019-09-30": "8.42900", "2018-09-30": "13.91980", "2017-09-30": "16.50140", "2016-09-30": "17.37690", "2015-09-30": "12.47780", "2014-09-30": "12.14890", "2013-09-30": "11.55160", "2012-09-30": "8.25910", "2011-09-30": "10.54690", "2010-09-30": "11.78950", "2009-09-30": "11.94360", "2008-09-30": "8.80240", "2007-09-30": "10.61370", "2006-09-30": "8.95810", "2005-09-30": "10.28900"}, "EBIT Margin": {"2020-09-30": "14.97180", "2019-09-30": "8.42900", "2018-09-30": "13.91980", "2017-09-30": "16.50140", "2016-09-30": "17.37690", "2015-09-30": "12.47780", "2014-09-30": "12.14890", "2013-09-30": "11.55160", "2012-09-30": "8.25910", "2011-09-30": "10.54690", "2010-09-30": "11.78950", "2009-09-30": "11.94360", "2008-09-30": "8.80240", "2007-09-30": "10.61370", "2006-09-30": "8.95810", "2005-09-30": "10.28900"}, "EBITDA Margin": {"2020-09-30": "22.35100", "2019-09-30": "14.54920", "2018-09-30": "19.86670", "2017-09-30": "23.30290", "2016-09-30": "24.42800", "2015-09-30": "18.06880", "2014-09-30": "16.53320", "2013-09-30": "16.59830", "2012-09-30": "13.08940", "2011-09-30": "14.28520", "2010-09-30": "15.54890", "2009-09-30": "15.44490", "2008-09-30": "11.57610", "2007-09-30": "13.70300", "2006-09-30": "11.80620", "2005-09-30": "13.28370"}, "Pre-Tax Profit Margin": {"2020-09-30": "10.16920", "2019-09-30": "5.47810", "2018-09-30": "11.17500", "2017-09-30": "11.45950", "2016-09-30": "12.48750", "2015-09-30": "8.84460", "2014-09-30": "9.27600", "2013-09-30": "8.20600", "2012-09-30": "4.67080", "2011-09-30": "7.64090", "2010-09-30": "9.35900", "2009-09-30": "9.43040", "2008-09-30": "6.61530", "2007-09-30": "7.99540", "2006-09-30": "6.19420", "2005-09-30": "6.88530"}, "Net Profit Margin": {"2020-09-30": "8.11100", "2019-09-30": "3.49730", "2018-09-30": "9.39750", "2017-09-30": "7.13320", "2016-09-30": "6.41430", "2015-09-30": "4.19960", "2014-09-30": "4.07380", "2013-09-30": "3.86530", "2012-09-30": "3.22330", "2011-09-30": "4.02900", "2010-09-30": "4.66790", "2009-09-30": "4.50520", "2008-09-30": "3.24150", "2007-09-30": "3.73020", "2006-09-30": "3.37480", "2005-09-30": "3.83540"}, "Asset Turnover": {"2020-09-30": "0.46900", "2019-09-30": "0.54840", "2018-09-30": "0.63860", "2017-09-30": "0.52850", "2016-09-30": "0.52420", "2015-09-30": "0.63640", "2014-09-30": "0.82010", "2013-09-30": "0.71880", "2012-09-30": "0.67390", "2011-09-30": "0.91410", "2010-09-30": "0.87720", "2009-09-30": "0.94960", "2008-09-30": "1.16940", "2007-09-30": "0.99530", "2006-09-30": "1.02770", "2005-09-30": "1.06940"}, "Inventory Turnover Ratio": {"2020-09-30": "13.06640", "2019-09-30": "18.79570", "2018-09-30": "12.80640", "2017-09-30": "10.18410", "2016-09-30": "11.59060", "2015-09-30": "15.57520", "2014-09-30": "12.23570", "2013-09-30": "11.83150", "2012-09-30": "11.57610", "2011-09-30": "10.97160", "2010-09-30": "11.41400", "2009-09-30": "10.10630", "2008-09-30": "11.83780", "2007-09-30": "10.37780", "2006-09-30": "10.74590", "2005-09-30": "13.78070"}, "Receiveable Turnover": {"2020-09-30": "8.96040", "2019-09-30": "11.41970", "2018-09-30": "10.17560", "2017-09-30": "9.76500", "2016-09-30": "10.30770", "2015-09-30": "10.79730", "2014-09-30": "12.08890", "2013-09-30": "9.64950", "2012-09-30": "10.39250", "2011-09-30": "10.76320", "2010-09-30": "11.46010", "2009-09-30": "14.13600", "2008-09-30": "13.62340", "2007-09-30": "11.71280", "2006-09-30": "13.11150", "2005-09-30": "11.59010"}, "Days Sales In Receivables": {"2020-09-30": "40.73490", "2019-09-30": "31.96240", "2018-09-30": "35.87030", "2017-09-30": "37.37840", "2016-09-30": "35.41060", "2015-09-30": "33.80470", "2014-09-30": "30.19290", "2013-09-30": "37.82560", "2012-09-30": "35.12150", "2011-09-30": "33.91180", "2010-09-30": "31.84950", "2009-09-30": "25.82060", "2008-09-30": "26.79220", "2007-09-30": "31.16250", "2006-09-30": "27.83820", "2005-09-30": "31.49240"}, "ROE - Return On Equity": {"2020-09-30": "12.85960", "2019-09-30": "8.04810", "2018-09-30": "20.04880", "2017-09-30": "14.00200", "2016-09-30": "13.59670", "2015-09-30": "11.58890", "2014-09-30": "14.53920", "2013-09-30": "12.05220", "2012-09-30": "5.96310", "2011-09-30": "14.60450", "2010-09-30": "17.25360", "2009-09-30": "14.22830", "2008-09-30": "15.20070", "2007-09-30": "15.45500", "2006-09-30": "16.02400", "2005-09-30": "18.79510"}, "Return On Tangible Equity": {"2020-09-30": "-917.24140", "2019-09-30": "-91.12430", "2018-09-30": "192.95750", "2017-09-30": "2380.85600", "2016-09-30": "1901.94900", "2015-09-30": "4651.48100", "2014-09-30": "210.18120", "2013-09-30": "644.94920", "2012-09-30": "-122.71910", "2011-09-30": "66.51430", "2010-09-30": "101.97830", "2009-09-30": "374.63630", "2008-09-30": "-94.93400", "2007-09-30": "-58.37150", "2006-09-30": "-36.56360", "2005-09-30": "-46.15960"}, "ROA - Return On Assets": {"2020-09-30": "3.80410", "2019-09-30": "2.30760", "2018-09-30": "6.86090", "2017-09-30": "4.52250", "2016-09-30": "4.50620", "2015-09-30": "3.93750", "2014-09-30": "5.27690", "2013-09-30": "4.27220", "2012-09-30": "2.04300", "2011-09-30": "4.80240", "2010-09-30": "5.58020", "2009-09-30": "4.27800", "2008-09-30": "3.79070", "2007-09-30": "3.71270", "2006-09-30": "3.46820", "2005-09-30": "4.10150"}, "ROI - Return On Investment": {"2020-09-30": "5.25800", "2019-09-30": "3.20600", "2018-09-30": "9.96790", "2017-09-30": "6.77140", "2016-09-30": "6.64040", "2015-09-30": "5.92960", "2014-09-30": "7.50480", "2013-09-30": "6.03090", "2012-09-30": "2.96710", "2011-09-30": "7.43940", "2010-09-30": "10.18090", "2009-09-30": "6.70490", "2008-09-30": "6.32890", "2007-09-30": "6.07910", "2006-09-30": "5.74950", "2005-09-30": "7.84490"}, "Book Value Per Share": {"2020-09-30": "19.85560", "2019-09-30": "18.31060", "2018-09-30": "23.59730", "2017-09-30": "21.60570", "2016-09-30": "20.78520", "2015-09-30": "20.72300", "2014-09-30": "21.26380", "2013-09-30": "20.67020", "2012-09-30": "19.62590", "2011-09-30": "13.06140", "2010-09-30": "12.45220", "2009-09-30": "11.13780", "2008-09-30": "8.76250", "2007-09-30": "8.26340", "2006-09-30": "6.95150", "2005-09-30": "5.77550"}, "Operating Cash Flow Per Share": {"2020-09-30": -0.7013, "2019-09-30": -0.181, "2018-09-30": 0.6895, "2017-09-30": -0.0794, "2016-09-30": -1.1019, "2015-09-30": 0.8874, "2014-09-30": 1.1122, "2013-09-30": 0.4661, "2012-09-30": 0.8851, "2011-09-30": -0.3381, "2010-09-30": -0.4424, "2009-09-30": 1.2018, "2008-09-30": 0.0353, "2007-09-30": 1.0723, "2006-09-30": -1.0147, "2005-09-30": 2.76}, "Free Cash Flow Per Share": {"2020-09-30": 0.0704, "2019-09-30": -0.8291, "2018-09-30": 1.0513, "2017-09-30": -0.4746, "2016-09-30": -1.5204, "2015-09-30": 0.7016, "2014-09-30": 1.31, "2013-09-30": -0.3439, "2012-09-30": 1.0195, "2011-09-30": -0.3721, "2010-09-30": -0.6979, "2009-09-30": 0.788, "2008-09-30": -0.0323, "2007-09-30": 0.8566, "2006-09-30": -1.2637, "2005-09-30": 1.8665}}, "financial ratios, quarterly": {"Current Ratio": {"2020-12-31": "1.03960", "2020-09-30": "0.87920", "2020-06-30": "0.95290", "2020-03-31": "0.88790", "2019-12-31": "0.81430", "2019-09-30": "0.77220", "2019-06-30": "1.07710", "2019-03-31": "1.22660", "2018-12-31": "1.02710", "2018-09-30": "1.09010", "2018-06-30": "1.15440", "2018-03-31": "1.22260", "2017-12-31": "0.98400", "2017-09-30": "1.00440", "2017-06-30": "1.22480", "2017-03-31": "1.41860", "2016-12-31": "1.21270", "2016-09-30": "0.98740", "2016-06-30": "1.18450", "2016-03-31": "1.16380", "2015-12-31": "0.87570", "2015-09-30": "0.86950", "2015-06-30": "1.16330", "2015-03-31": "1.05910", "2014-12-31": "1.03600", "2014-09-30": "1.16220", "2014-06-30": "1.34980", "2014-03-31": "1.37810", "2013-12-31": "1.18520", "2013-09-30": "1.14200", "2013-06-30": "1.16260", "2013-03-31": "1.23790", "2012-12-31": "1.06200", "2012-09-30": "0.99200", "2012-06-30": "1.17060", "2012-03-31": "1.30590", "2011-12-31": "1.06600", "2011-09-30": "1.21170", "2011-06-30": "1.24670", "2011-03-31": "1.28600", "2010-12-31": "0.80780", "2010-09-30": "0.72850", "2010-06-30": "0.83360", "2010-03-31": "0.89620", "2009-12-31": "1.15120", "2009-09-30": "1.08000", "2009-06-30": "1.22710", "2009-03-31": "1.16840", "2008-12-31": "0.99820", "2008-09-30": "1.13040", "2008-06-30": "1.28810", "2008-03-31": "1.23600", "2007-12-31": "1.14850", "2007-09-30": "1.10980", "2007-06-30": "1.29360", "2007-03-31": "1.25900", "2006-12-31": "1.05320", "2006-09-30": "1.01360", "2006-06-30": "1.42320", "2006-03-31": "1.38640", "2005-12-31": "1.05270", "2005-09-30": "1.00790", "2005-06-30": "1.01410", "2005-03-31": "1.06660"}, "Long-term Debt / Capital": {"2020-12-31": "0.57490", "2020-09-30": "0.59110", "2020-06-30": "0.59040", "2020-03-31": "0.58650", "2019-12-31": "0.59270", "2019-09-30": "0.60160", "2019-06-30": "0.50700", "2019-03-31": "0.49810", "2018-12-31": "0.50630", "2018-09-30": "0.50280", "2018-06-30": "0.49160", "2018-03-31": "0.48680", "2017-12-31": "0.49840", "2017-09-30": "0.51640", "2017-06-30": "0.51100", "2017-03-31": "0.50550", "2016-12-31": "0.51690", "2016-09-30": "0.51160", "2016-06-30": "0.49340", "2016-03-31": "0.47850", "2015-12-31": "0.48560", "2015-09-30": "0.48830", "2015-06-30": "0.49270", "2015-03-31": "0.43240", "2014-12-31": "0.48450", "2014-09-30": "0.48380", "2014-06-30": "0.47260", "2014-03-31": "0.47000", "2013-12-31": "0.48830", "2013-09-30": "0.49960", "2013-06-30": "0.47620", "2013-03-31": "0.47320", "2012-12-31": "0.49410", "2012-09-30": "0.50240", "2012-06-30": "0.50280", "2012-03-31": "0.49140", "2011-12-31": "0.49030", "2011-09-30": "0.49060", "2011-06-30": "0.46140", "2011-03-31": "0.45360", "2010-12-31": "0.39590", "2010-09-30": "0.40990", "2010-06-30": "0.42220", "2010-03-31": "0.41360", "2009-12-31": "0.50920", "2009-09-30": "0.52880", "2009-06-30": "0.53130", "2009-03-31": "0.53420", "2008-12-31": "0.57500", "2008-09-30": "0.58360", "2008-06-30": "0.56540", "2008-03-31": "0.56900", "2007-12-31": "0.59390", "2007-09-30": "0.60670", "2007-06-30": "0.60750", "2007-03-31": "0.60430", "2006-12-31": "0.63170", "2006-09-30": "0.64120", "2006-06-30": "0.59000", "2006-03-31": "0.59570", "2005-12-31": "0.58950", "2005-09-30": "0.58260", "2005-06-30": "0.59830", "2005-03-31": "0.59840"}, "Debt/Equity Ratio": {"2020-12-31": "1.48470", "2020-09-30": "1.54240", "2020-06-30": "1.55010", "2020-03-31": "1.58470", "2019-12-31": "1.67940", "2019-09-30": "1.72460", "2019-06-30": "1.12350", "2019-03-31": "1.07570", "2018-12-31": "1.19770", "2018-09-30": "1.11960", "2018-06-30": "1.05830", "2018-03-31": "1.03630", "2017-12-31": "1.19220", "2017-09-30": "1.21330", "2017-06-30": "1.11880", "2017-03-31": "1.07840", "2016-12-31": "1.14570", "2016-09-30": "1.13690", "2016-06-30": "1.11050", "2016-03-31": "0.97750", "2015-12-31": "1.12330", "2015-09-30": "1.07980", "2015-06-30": "1.01180", "2015-03-31": "0.90600", "2014-12-31": "1.11030", "2014-09-30": "1.01590", "2014-06-30": "0.94120", "2014-03-31": "0.96790", "2013-12-31": "1.08580", "2013-09-30": "1.08160", "2013-06-30": "1.00040", "2013-03-31": "0.98970", "2012-12-31": "1.12130", "2012-09-30": "1.10980", "2012-06-30": "1.09070", "2012-03-31": "1.03700", "2011-12-31": "1.17490", "2011-09-30": "1.04810", "2011-06-30": "0.95930", "2011-03-31": "0.93660", "2010-12-31": "1.02740", "2010-09-30": "1.07010", "2010-06-30": "1.03560", "2010-03-31": "1.06620", "2009-12-31": "1.19820", "2009-09-30": "1.26390", "2009-06-30": "1.20790", "2009-03-31": "1.26160", "2008-12-31": "1.68860", "2008-09-30": "1.55570", "2008-06-30": "1.39490", "2008-03-31": "1.47790", "2007-12-31": "1.71070", "2007-09-30": "1.70390", "2007-06-30": "1.64850", "2007-03-31": "1.67270", "2006-12-31": "1.96690", "2006-09-30": "2.02100", "2006-06-30": "1.61910", "2006-03-31": "1.64590", "2005-12-31": "2.01390", "2005-09-30": "1.74610", "2005-06-30": "1.78530", "2005-03-31": "1.73470"}, "Gross Margin": {"2020-12-31": "56.88410", "2020-09-30": "57.62590", "2020-06-30": "65.26310", "2020-03-31": "43.99930", "2019-12-31": "49.77580", "2019-09-30": "40.02610", "2019-06-30": "42.70000", "2019-03-31": "45.24770", "2018-12-31": "35.23320", "2018-09-30": "49.33620", "2018-06-30": "49.16370", "2018-03-31": "44.51640", "2017-12-31": "46.48030", "2017-09-30": "55.09470", "2017-06-30": "46.38060", "2017-03-31": "50.72220", "2016-12-31": "61.45280", "2016-09-30": "49.43660", "2016-06-30": "61.70850", "2016-03-31": "60.60540", "2015-12-31": "54.31350", "2015-09-30": "50.12010", "2015-06-30": "48.92430", "2015-03-31": "50.91220", "2014-12-31": "29.93120", "2014-09-30": "37.62390", "2014-06-30": "37.68080", "2014-03-31": "36.73380", "2013-12-31": "38.25730", "2013-09-30": "37.61720", "2013-06-30": "39.11080", "2013-03-31": "41.53070", "2012-12-31": "39.78800", "2012-09-30": "41.43460", "2012-06-30": "36.56440", "2012-03-31": "37.11230", "2011-12-31": "34.75840", "2011-09-30": "35.97070", "2011-06-30": "33.87010", "2011-03-31": "34.71340", "2010-12-31": "34.15270", "2010-09-30": "35.44470", "2010-06-30": "36.01210", "2010-03-31": "35.53270", "2009-12-31": "36.57030", "2009-09-30": "38.57790", "2009-06-30": "38.51590", "2009-03-31": "35.44300", "2008-12-31": "34.15240", "2008-09-30": "27.39660", "2008-06-30": "28.82650", "2008-03-31": "28.40990", "2007-12-31": "29.61980", "2007-09-30": "31.87850", "2007-06-30": "32.50370", "2007-03-31": "31.43200", "2006-12-31": "32.03940", "2006-09-30": "31.86110", "2006-06-30": "33.45670", "2006-03-31": "29.72090", "2005-12-31": "27.07400", "2005-09-30": "32.82470", "2005-06-30": "32.56840", "2005-03-31": "32.28730"}, "Operating Margin": {"2020-12-31": "25.98340", "2020-09-30": "6.15770", "2020-06-30": "14.50010", "2020-03-31": "16.23670", "2019-12-31": "18.78430", "2019-09-30": "-8.61740", "2019-06-30": "0.70400", "2019-03-31": "20.67460", "2018-12-31": "7.62200", "2018-09-30": "3.88870", "2018-06-30": "2.04730", "2018-03-31": "21.01710", "2017-12-31": "18.58650", "2017-09-30": "2.99850", "2017-06-30": "-0.24270", "2017-03-31": "23.60840", "2016-12-31": "27.75830", "2016-09-30": "-9.07590", "2016-06-30": "13.76900", "2016-03-31": "31.20530", "2015-12-31": "19.01530", "2015-09-30": "-0.60960", "2015-06-30": "4.88630", "2015-03-31": "28.59180", "2014-12-31": "4.15540", "2014-09-30": "-0.71680", "2014-06-30": "4.21740", "2014-03-31": "18.60720", "2013-12-31": "15.70450", "2013-09-30": "-0.97690", "2013-06-30": "3.01970", "2013-03-31": "19.96700", "2012-12-31": "14.57370", "2012-09-30": "-1.00200", "2012-06-30": "-1.50330", "2012-03-31": "15.68690", "2011-12-31": "11.14990", "2011-09-30": "3.56150", "2011-06-30": "1.55600", "2011-03-31": "16.36860", "2010-12-31": "13.09470", "2010-09-30": "2.11140", "2010-06-30": "3.24360", "2010-03-31": "17.26170", "2009-12-31": "15.02350", "2009-09-30": "-1.51290", "2009-06-30": "3.54400", "2009-03-31": "17.53210", "2008-12-31": "16.27220", "2008-09-30": "3.80940", "2008-06-30": "3.72900", "2008-03-31": "12.85620", "2007-12-31": "10.57400", "2007-09-30": "9.16770", "2007-06-30": "3.94690", "2007-03-31": "14.57470", "2006-12-31": "11.02380", "2006-09-30": "4.47350", "2006-06-30": "3.43810", "2006-03-31": "13.25390", "2005-12-31": "9.64570", "2005-09-30": "5.40880", "2005-06-30": "3.26010", "2005-03-31": "15.68500"}, "EBIT Margin": {"2020-12-31": "25.98340", "2020-09-30": "6.15770", "2020-06-30": "14.50010", "2020-03-31": "16.23670", "2019-12-31": "18.78430", "2019-09-30": "-8.61740", "2019-06-30": "0.70400", "2019-03-31": "20.67460", "2018-12-31": "7.62200", "2018-09-30": "3.88870", "2018-06-30": "2.04730", "2018-03-31": "21.01710", "2017-12-31": "18.58650", "2017-09-30": "2.99850", "2017-06-30": "-0.24270", "2017-03-31": "23.60840", "2016-12-31": "27.75830", "2016-09-30": "-9.07600", "2016-06-30": "13.76900", "2016-03-31": "31.20530", "2015-12-31": "19.01530", "2015-09-30": "-0.60960", "2015-06-30": "4.88630", "2015-03-31": "28.59180", "2014-12-31": "4.15540", "2014-09-30": "-0.71680", "2014-06-30": "4.21740", "2014-03-31": "18.60720", "2013-12-31": "15.70450", "2013-09-30": "-0.97700", "2013-06-30": "3.01970", "2013-03-31": "19.96700", "2012-12-31": "14.57370", "2012-09-30": "-1.00200", "2012-06-30": "-1.50330", "2012-03-31": "15.68690", "2011-12-31": "11.14990", "2011-09-30": "3.56140", "2011-06-30": "1.55600", "2011-03-31": "16.36860", "2010-12-31": "13.09470", "2010-09-30": "2.11140", "2010-06-30": "3.24360", "2010-03-31": "17.26170", "2009-12-31": "15.02350", "2009-09-30": "-1.51290", "2009-06-30": "3.54400", "2009-03-31": "17.53210", "2008-12-31": "16.27220", "2008-09-30": "3.80940", "2008-06-30": "3.72900", "2008-03-31": "12.85620", "2007-12-31": "10.57400", "2007-09-30": "9.16770", "2007-06-30": "3.94690", "2007-03-31": "14.57470", "2006-12-31": "11.02380", "2006-09-30": "4.47360", "2006-06-30": "3.43810", "2006-03-31": "13.25390", "2005-12-31": "9.64570", "2005-09-30": "5.40880", "2005-06-30": "3.26010", "2005-03-31": "15.68500"}, "EBITDA Margin": {"2020-12-31": "", "2020-09-30": "", "2020-06-30": "", "2020-03-31": "", "2019-12-31": "", "2019-09-30": "", "2019-06-30": "", "2019-03-31": "", "2018-12-31": "", "2018-09-30": "", "2018-06-30": "", "2018-03-31": "", "2017-12-31": "", "2017-09-30": "", "2017-06-30": "", "2017-03-31": "", "2016-12-31": "", "2016-09-30": "", "2016-06-30": "", "2016-03-31": "", "2015-12-31": "", "2015-09-30": "", "2015-06-30": "", "2015-03-31": "", "2014-12-31": "", "2014-09-30": "", "2014-06-30": "", "2014-03-31": "", "2013-12-31": "", "2013-09-30": "", "2013-06-30": "", "2013-03-31": "", "2012-12-31": "", "2012-09-30": "", "2012-06-30": "", "2012-03-31": "", "2011-12-31": "", "2011-09-30": "", "2011-06-30": "", "2011-03-31": "", "2010-12-31": "", "2010-09-30": "", "2010-06-30": "", "2010-03-31": "", "2009-12-31": "", "2009-09-30": "", "2009-06-30": "", "2009-03-31": "", "2008-12-31": "", "2008-09-30": "", "2008-06-30": "", "2008-03-31": "", "2007-12-31": "", "2007-09-30": "", "2007-06-30": "", "2007-03-31": "", "2006-12-31": "", "2006-09-30": "", "2006-06-30": "", "2006-03-31": "", "2005-12-31": "", "2005-09-30": "", "2005-06-30": "", "2005-03-31": ""}, "Pre-Tax Profit Margin": {"2020-12-31": "21.32510", "2020-09-30": "-1.50380", "2020-06-30": "8.06300", "2020-03-31": "13.42370", "2019-12-31": "14.34980", "2019-09-30": "-13.00000", "2019-06-30": "-3.57120", "2019-03-31": "18.69840", "2018-12-31": "5.08590", "2018-09-30": "0.40850", "2018-06-30": "-0.07630", "2018-03-31": "18.53130", "2017-12-31": "15.51850", "2017-09-30": "-3.08820", "2017-06-30": "-6.87470", "2017-03-31": "20.07540", "2016-12-31": "22.54840", "2016-09-30": "-16.16470", "2016-06-30": "5.50050", "2016-03-31": "28.29980", "2015-12-31": "15.40520", "2015-09-30": "-5.90140", "2015-06-30": "-0.99290", "2015-03-31": "26.21760", "2014-12-31": "1.16230", "2014-09-30": "-5.20050", "2014-06-30": "0.16820", "2014-03-31": "16.72620", "2013-12-31": "13.14390", "2013-09-30": "-5.74260", "2013-06-30": "-1.28790", "2013-03-31": "17.60730", "2012-12-31": "11.52720", "2012-09-30": "-6.13580", "2012-06-30": "-6.30290", "2012-03-31": "12.44490", "2011-12-31": "9.01230", "2011-09-30": "-3.74430", "2011-06-30": "-1.62840", "2011-03-31": "13.91560", "2010-12-31": "12.39240", "2010-09-30": "-1.49370", "2010-06-30": "-0.44700", "2010-03-31": "15.65350", "2009-12-31": "12.91080", "2009-09-30": "-5.16700", "2009-06-30": "-0.60280", "2009-03-31": "15.86680", "2008-12-31": "14.17490", "2008-09-30": "-1.87520", "2008-06-30": "1.65820", "2008-03-31": "11.88230", "2007-12-31": "9.03270", "2007-09-30": "2.74930", "2007-06-30": "1.56020", "2007-03-31": "13.19120", "2006-12-31": "8.97350", "2006-09-30": "-2.97100", "2006-06-30": "1.02270", "2006-03-31": "11.54700", "2005-12-31": "8.04870", "2005-09-30": "-3.62240", "2005-06-30": "-3.08850", "2005-03-31": "14.19700"}, "Net Profit Margin": {"2020-12-31": "15.68320", "2020-09-30": "0.81870", "2020-06-30": "7.11250", "2020-03-31": "10.11710", "2019-12-31": "10.56300", "2019-09-30": "-4.49570", "2019-06-30": "-0.13930", "2019-03-31": "9.41640", "2018-12-31": "2.91790", "2018-09-30": "1.94040", "2018-06-30": "3.63660", "2018-03-31": "9.81510", "2017-12-31": "17.21720", "2017-09-30": "0.44890", "2017-06-30": "-1.64720", "2017-03-31": "10.11590", "2016-12-31": "13.73620", "2016-09-30": "-4.48680", "2016-06-30": "5.36790", "2016-03-31": "11.82500", "2015-12-31": "7.13310", "2015-09-30": "-0.84960", "2015-06-30": "0.83620", "2015-03-31": "10.03830", "2014-12-31": "1.70110", "2014-09-30": "-1.50980", "2014-06-30": "1.38560", "2014-03-31": "6.77770", "2013-12-31": "5.26790", "2013-09-30": "-1.12790", "2013-06-30": "0.66220", "2013-03-31": "7.10660", "2012-12-31": "5.07750", "2012-09-30": "-0.34580", "2012-06-30": "-0.49330", "2012-03-31": "5.49540", "2011-12-31": "5.15160", "2011-09-30": "-0.95290", "2011-06-30": "-0.65130", "2011-03-31": "6.85010", "2010-12-31": "6.40580", "2010-09-30": "0.23580", "2010-06-30": "0.35350", "2010-03-31": "7.40930", "2009-12-31": "6.07860", "2009-09-30": "-1.28010", "2009-06-30": "-0.37410", "2009-03-31": "7.40010", "2008-12-31": "6.46050", "2008-09-30": "-0.52980", "2008-06-30": "1.17800", "2008-03-31": "5.33980", "2007-12-31": "4.53330", "2007-09-30": "1.14460", "2007-06-30": "1.06800", "2007-03-31": "6.00370", "2006-12-31": "4.23050", "2006-09-30": "-0.45530", "2006-06-30": "2.03460", "2006-03-31": "5.63530", "2005-12-31": "3.64410", "2005-09-30": "-1.07930", "2005-06-30": "0.07510", "2005-03-31": "6.56150"}, "Asset Turnover": {"2020-12-31": "0.13120", "2020-09-30": "0.08040", "2020-06-30": "0.08660", "2020-03-31": "0.15770", "2019-12-31": "0.14050", "2019-09-30": "0.08620", "2019-06-30": "0.11350", "2019-03-31": "0.21100", "2018-12-31": "0.17790", "2018-09-30": "0.10620", "2018-06-30": "0.12130", "2018-03-31": "0.22590", "2017-12-31": "0.17220", "2017-09-30": "0.09620", "2017-06-30": "0.10260", "2017-03-31": "0.19090", "2016-12-31": "0.14860", "2016-09-30": "0.09000", "2016-06-30": "0.10180", "2016-03-31": "0.18050", "2015-12-31": "0.14950", "2015-09-30": "0.10300", "2015-06-30": "0.10910", "2015-03-31": "0.24120", "2014-12-31": "0.19220", "2014-09-30": "0.12990", "2014-06-30": "0.14750", "2014-03-31": "0.29510", "2013-12-31": "0.21720", "2013-09-30": "0.12580", "2013-06-30": "0.14010", "2013-03-31": "0.24890", "2012-12-31": "0.19910", "2012-09-30": "0.11650", "2012-06-30": "0.13230", "2012-03-31": "0.23960", "2011-12-31": "0.23610", "2011-09-30": "0.15590", "2011-06-30": "0.16560", "2011-03-31": "0.31630", "2010-12-31": "0.25930", "2010-09-30": "0.13970", "2010-06-30": "0.16490", "2010-03-31": "0.33560", "2009-12-31": "0.25090", "2009-09-30": "0.14220", "2009-06-30": "0.16300", "2009-03-31": "0.34840", "2008-12-31": "0.27590", "2008-09-30": "0.20920", "2008-06-30": "0.22340", "2008-03-31": "0.38540", "2007-12-31": "0.29080", "2007-09-30": "0.16990", "2007-06-30": "0.20620", "2007-03-31": "0.36800", "2006-12-31": "0.27210", "2006-09-30": "0.17290", "2006-06-30": "0.19900", "2006-03-31": "0.39070", "2005-12-31": "0.31200", "2005-09-30": "0.17630", "2005-06-30": "0.21540", "2005-03-31": "0.38250"}, "Inventory Turnover Ratio": {"2020-12-31": "2.98570", "2020-09-30": "1.97590", "2020-06-30": "2.07470", "2020-03-31": "6.94600", "2019-12-31": "4.06450", "2019-09-30": "2.99870", "2019-06-30": "3.63270", "2019-03-31": "6.42750", "2018-12-31": "4.85190", "2018-09-30": "2.02670", "2018-06-30": "2.89300", "2018-03-31": "6.83400", "2017-12-31": "3.70130", "2017-09-30": "1.79540", "2017-06-30": "2.86210", "2017-03-31": "5.27680", "2016-12-31": "2.83700", "2016-09-30": "2.34710", "2016-06-30": "2.35070", "2016-03-31": "4.40170", "2015-12-31": "2.97410", "2015-09-30": "2.25140", "2015-06-30": "2.80980", "2015-03-31": "5.98210", "2014-12-31": "3.59230", "2014-09-30": "1.93380", "2014-06-30": "2.79070", "2014-03-31": "6.16920", "2013-12-31": "3.46730", "2013-09-30": "2.14880", "2013-06-30": "2.75260", "2013-03-31": "5.08450", "2012-12-31": "3.21140", "2012-09-30": "1.86530", "2012-06-30": "2.55340", "2012-03-31": "4.38930", "2011-12-31": "2.82010", "2011-09-30": "1.83250", "2011-06-30": "2.69150", "2011-03-31": "6.41110", "2010-12-31": "3.00180", "2010-09-30": "1.83060", "2010-06-30": "2.46990", "2010-03-31": "6.10500", "2009-12-31": "2.65050", "2009-09-30": "1.45320", "2009-06-30": "2.19840", "2009-03-31": "7.95450", "2008-12-31": "3.39250", "2008-09-30": "2.15420", "2008-06-30": "2.98300", "2008-03-31": "7.38580", "2007-12-31": "3.15550", "2007-09-30": "1.77130", "2007-06-30": "2.91190", "2007-03-31": "6.77590", "2006-12-31": "2.91780", "2006-09-30": "1.75850", "2006-06-30": "2.81580", "2006-03-31": "7.69280", "2005-12-31": "4.39200", "2005-09-30": "2.25720", "2005-06-30": "3.72510", "2005-03-31": "8.94020"}, "Receiveable Turnover": {"2020-12-31": "1.73270", "2020-09-30": "1.53520", "2020-06-30": "1.77780", "2020-03-31": "2.19320", "2019-12-31": "1.98520", "2019-09-30": "1.79410", "2019-06-30": "1.74880", "2019-03-31": "2.11640", "2018-12-31": "1.92270", "2018-09-30": "1.69290", "2018-06-30": "1.77170", "2018-03-31": "2.20950", "2017-12-31": "1.92880", "2017-09-30": "1.77710", "2017-06-30": "1.83620", "2017-03-31": "2.36180", "2016-12-31": "1.83090", "2016-09-30": "1.76980", "2016-06-30": "1.86290", "2016-03-31": "2.29740", "2015-12-31": "2.00050", "2015-09-30": "1.74730", "2015-06-30": "1.57660", "2015-03-31": "2.34760", "2014-12-31": "2.08680", "2014-09-30": "1.91530", "2014-06-30": "1.89290", "2014-03-31": "2.39050", "2013-12-31": "1.92350", "2013-09-30": "1.68860", "2013-06-30": "1.82610", "2013-03-31": "2.26060", "2012-12-31": "2.04050", "2012-09-30": "1.79730", "2012-06-30": "2.04380", "2012-03-31": "2.42560", "2011-12-31": "2.00360", "2011-09-30": "1.83580", "2011-06-30": "1.85560", "2011-03-31": "2.40010", "2010-12-31": "1.94690", "2010-09-30": "1.82500", "2010-06-30": "1.91080", "2010-03-31": "2.47730", "2009-12-31": "2.11660", "2009-09-30": "2.11700", "2009-06-30": "2.11710", "2009-03-31": "2.78500", "2008-12-31": "2.34070", "2008-09-30": "2.43690", "2008-06-30": "1.92430", "2008-03-31": "2.33790", "2007-12-31": "1.95400", "2007-09-30": "1.99910", "2007-06-30": "2.11180", "2007-03-31": "2.55830", "2006-12-31": "2.26850", "2006-09-30": "2.20620", "2006-06-30": "2.18000", "2006-03-31": "2.69610", "2005-12-31": "2.33520", "2005-09-30": "1.91110", "2005-06-30": "2.19770", "2005-03-31": "2.39190"}, "Days Sales In Receivables": {"2020-12-31": "51.94100", "2020-09-30": "58.62250", "2020-06-30": "50.62450", "2020-03-31": "41.03680", "2019-12-31": "45.33630", "2019-09-30": "50.16520", "2019-06-30": "51.46440", "2019-03-31": "42.52560", "2018-12-31": "46.80800", "2018-09-30": "53.16290", "2018-06-30": "50.79950", "2018-03-31": "40.73360", "2017-12-31": "46.66010", "2017-09-30": "50.64370", "2017-06-30": "49.01430", "2017-03-31": "38.10650", "2016-12-31": "49.15570", "2016-09-30": "50.85430", "2016-06-30": "48.31090", "2016-03-31": "39.17450", "2015-12-31": "44.98880", "2015-09-30": "51.50810", "2015-06-30": "57.08390", "2015-03-31": "38.33690", "2014-12-31": "43.12780", "2014-09-30": "46.99030", "2014-06-30": "47.54560", "2014-03-31": "37.64960", "2013-12-31": "46.78960", "2013-09-30": "53.29940", "2013-06-30": "49.28620", "2013-03-31": "39.81280", "2012-12-31": "44.10610", "2012-09-30": "50.07540", "2012-06-30": "44.03460", "2012-03-31": "37.10480", "2011-12-31": "44.92010", "2011-09-30": "49.02400", "2011-06-30": "48.50100", "2011-03-31": "37.49790", "2010-12-31": "46.22850", "2010-09-30": "49.31600", "2010-06-30": "47.10050", "2010-03-31": "36.33020", "2009-12-31": "42.52040", "2009-09-30": "42.51250", "2009-06-30": "42.51200", "2009-03-31": "32.31550", "2008-12-31": "38.44930", "2008-09-30": "36.93240", "2008-06-30": "46.76920", "2008-03-31": "38.49630", "2007-12-31": "46.05830", "2007-09-30": "45.01930", "2007-06-30": "42.61790", "2007-03-31": "35.18010", "2006-12-31": "39.67330", "2006-09-30": "40.79450", "2006-06-30": "41.28390", "2006-03-31": "33.38120", "2005-12-31": "38.54050", "2005-09-30": "47.09340", "2005-06-30": "40.95120", "2005-03-31": "37.62710"}, "ROE - Return On Equity": {"2020-12-31": "6.81510", "2020-09-30": "0.23450", "2020-06-30": "2.04820", "2020-03-31": "5.51640", "2019-12-31": "5.29340", "2019-09-30": "-3.41520", "2019-06-30": "-1.11410", "2019-03-31": "9.19140", "2018-12-31": "2.18700", "2018-09-30": "-0.20000", "2018-06-30": "-0.27670", "2018-03-31": "9.22190", "2017-12-31": "10.63670", "2017-09-30": "-0.44640", "2017-06-30": "-1.61930", "2017-03-31": "7.91890", "2016-12-31": "7.79250", "2016-09-30": "-3.21840", "2016-06-30": "0.74540", "2016-03-31": "10.39490", "2015-12-31": "4.67360", "2015-09-30": "-1.46960", "2015-06-30": "-0.42560", "2015-03-31": "12.41600", "2014-12-31": "0.00560", "2014-09-30": "-1.63790", "2014-06-30": "-0.32730", "2014-03-31": "9.68990", "2013-12-31": "5.84880", "2013-09-30": "-1.66580", "2013-06-30": "-0.62840", "2013-03-31": "9.18840", "2012-12-31": "4.87960", "2012-09-30": "-1.89720", "2012-06-30": "-2.22590", "2012-03-31": "6.19190", "2011-12-31": "5.00520", "2011-09-30": "-1.69320", "2011-06-30": "-0.56700", "2011-03-31": "8.82490", "2010-12-31": "7.01420", "2010-09-30": "-0.89250", "2010-06-30": "-0.21060", "2010-03-31": "11.13180", "2009-12-31": "7.45240", "2009-09-30": "-8.53150", "2009-06-30": "-0.66230", "2009-03-31": "13.47750", "2008-12-31": "11.90060", "2008-09-30": "-0.44440", "2008-06-30": "0.99190", "2008-03-31": "8.12970", "2007-12-31": "5.70080", "2007-09-30": "0.80940", "2007-06-30": "0.88430", "2007-03-31": "9.24260", "2006-12-31": "5.34540", "2006-09-30": "-0.36380", "2006-06-30": "1.63790", "2006-03-31": "9.36090", "2005-12-31": "5.67730", "2005-09-30": "-0.87210", "2005-06-30": "0.07150", "2005-03-31": "11.49770"}, "Return On Tangible Equity": {"2020-12-31": "140.93020", "2020-09-30": "-16.72410", "2020-06-30": "-504.17250", "2020-03-31": "-354.15910", "2019-12-31": "-117.12710", "2019-09-30": "38.66860", "2019-06-30": "-8.69810", "2019-03-31": "58.34680", "2018-12-31": "22.89190", "2018-09-30": "-1.92490", "2018-06-30": "-2.21170", "2018-03-31": "70.80590", "2017-12-31": "170.47460", "2017-09-30": "-75.90720", "2017-06-30": "-26.17840", "2017-03-31": "71.18720", "2016-12-31": "122.02190", "2016-09-30": "-450.19540", "2016-06-30": "10.69160", "2016-03-31": "124.31450", "2015-12-31": "671.60000", "2015-09-30": "-589.86160", "2015-06-30": "-8.86290", "2015-03-31": "78.40650", "2014-12-31": "0.10860", "2014-09-30": "-23.67790", "2014-06-30": "-3.13270", "2014-03-31": "76.35360", "2013-12-31": "92.39590", "2013-09-30": "-89.14050", "2013-06-30": "-12.29110", "2013-03-31": "124.20930", "2012-12-31": "-390.23030", "2012-09-30": "39.04420", "2012-06-30": "207.31900", "2012-03-31": "164.85030", "2011-12-31": "26.51100", "2011-09-30": "-7.71150", "2011-06-30": "-2.21530", "2011-03-31": "31.04390", "2010-12-31": "31.31310", "2010-09-30": "-5.27520", "2010-06-30": "-1.10530", "2010-03-31": "56.46380", "2009-12-31": "64.29510", "2009-09-30": "-224.63700", "2009-06-30": "-9.03700", "2009-03-31": "192.21050", "2008-12-31": "-136.72890", "2008-09-30": "2.77530", "2008-06-30": "-9.80640", "2008-03-31": "-63.49450", "2007-12-31": "-28.36880", "2007-09-30": "-3.05710", "2007-06-30": "-3.78290", "2007-03-31": "-41.20670", "2006-12-31": "-13.76470", "2006-09-30": "0.83010", "2006-06-30": "-6.99590", "2006-03-31": "-39.54370", "2005-12-31": "-15.30480", "2005-09-30": "2.14180", "2005-06-30": "-0.16240", "2005-03-31": "-25.85410"}, "ROA - Return On Assets": {"2020-12-31": "2.05770", "2020-09-30": "0.06940", "2020-06-30": "0.61180", "2020-03-31": "1.59600", "2019-12-31": "1.48400", "2019-09-30": "-0.97920", "2019-06-30": "-0.38690", "2019-03-31": "3.21190", "2018-12-31": "0.71550", "2018-09-30": "-0.06840", "2018-06-30": "-0.09850", "2018-03-31": "3.27590", "2017-12-31": "3.51750", "2017-09-30": "-0.14420", "2017-06-30": "-0.55310", "2017-03-31": "2.73860", "2016-12-31": "2.57420", "2016-09-30": "-1.06660", "2016-06-30": "0.25760", "2016-03-31": "3.73430", "2015-12-31": "1.56190", "2015-09-30": "-0.49930", "2015-06-30": "-0.15110", "2015-03-31": "4.73550", "2014-12-31": "0.00190", "2014-09-30": "-0.59450", "2014-06-30": "-0.12600", "2014-03-31": "3.61740", "2013-12-31": "2.03970", "2013-09-30": "-0.59050", "2013-06-30": "-0.23250", "2013-03-31": "3.34500", "2012-12-31": "1.65510", "2012-09-30": "-0.65000", "2012-06-30": "-0.79260", "2012-03-31": "2.24100", "2011-12-31": "1.53900", "2011-09-30": "-0.55680", "2011-06-30": "-0.20230", "2011-03-31": "3.12720", "2010-12-31": "2.27680", "2010-09-30": "-0.28870", "2010-06-30": "-0.07200", "2010-03-31": "3.68420", "2009-12-31": "2.25490", "2009-09-30": "-2.56510", "2009-06-30": "-0.20670", "2009-03-31": "3.94020", "2008-12-31": "2.85280", "2008-09-30": "-0.11080", "2008-06-30": "0.26310", "2008-03-31": "2.05790", "2007-12-31": "1.31840", "2007-09-30": "0.19450", "2007-06-30": "0.22020", "2007-03-31": "2.20960", "2006-12-31": "1.15120", "2006-09-30": "-0.07870", "2006-06-30": "0.40500", "2006-03-31": "2.20190", "2005-12-31": "1.13680", "2005-09-30": "-0.19030", "2005-06-30": "0.01620", "2005-03-31": "2.50970"}, "ROI - Return On Investment": {"2020-12-31": "2.89730", "2020-09-30": "0.09590", "2020-06-30": "0.83890", "2020-03-31": "2.28110", "2019-12-31": "2.15600", "2019-09-30": "-1.36050", "2019-06-30": "-0.54930", "2019-03-31": "4.61290", "2018-12-31": "1.07960", "2018-09-30": "-0.09940", "2018-06-30": "-0.14070", "2018-03-31": "4.73310", "2017-12-31": "5.33510", "2017-09-30": "-0.21590", "2017-06-30": "-0.79180", "2017-03-31": "3.91570", "2016-12-31": "3.76460", "2016-09-30": "-1.57180", "2016-06-30": "0.37760", "2016-03-31": "5.42130", "2015-12-31": "2.40400", "2015-09-30": "-0.75190", "2015-06-30": "-0.21590", "2015-03-31": "7.04780", "2014-12-31": "0.00290", "2014-09-30": "-0.84550", "2014-06-30": "-0.17260", "2014-03-31": "5.13590", "2013-12-31": "2.99270", "2013-09-30": "-0.83360", "2013-06-30": "-0.32920", "2013-03-31": "4.84040", "2012-12-31": "2.46870", "2012-09-30": "-0.94400", "2012-06-30": "-1.10680", "2012-03-31": "3.14890", "2011-12-31": "2.55130", "2011-09-30": "-0.86250", "2011-06-30": "-0.30540", "2011-03-31": "4.82210", "2010-12-31": "4.23710", "2010-09-30": "-0.52660", "2010-06-30": "-0.12170", "2010-03-31": "6.52740", "2009-12-31": "3.65800", "2009-09-30": "-4.02030", "2009-06-30": "-0.31040", "2009-03-31": "6.27730", "2008-12-31": "5.05800", "2008-09-30": "-0.18500", "2008-06-30": "0.43110", "2008-03-31": "3.50390", "2007-12-31": "2.31490", "2007-09-30": "0.31840", "2007-06-30": "0.34710", "2007-03-31": "3.65770", "2006-12-31": "1.96860", "2006-09-30": "-0.13050", "2006-06-30": "0.67160", "2006-03-31": "3.78480", "2005-12-31": "2.33050", "2005-09-30": "-0.36400", "2005-06-30": "0.02870", "2005-03-31": "4.61720"}, "Book Value Per Share": {"2020-12-31": "21.21730", "2020-09-30": "19.74570", "2020-06-30": "19.73890", "2020-03-31": "19.52650", "2019-12-31": "19.13430", "2019-09-30": "18.31060", "2019-06-30": "23.89370", "2019-03-31": "24.71980", "2018-12-31": "23.22120", "2018-09-30": "23.59730", "2018-06-30": "24.28210", "2018-03-31": "25.40570", "2017-12-31": "23.46080", "2017-09-30": "21.60570", "2017-06-30": "22.08020", "2017-03-31": "22.63520", "2016-12-31": "21.46660", "2016-09-30": "20.78520", "2016-06-30": "22.06570", "2016-03-31": "22.57780", "2015-12-31": "20.66720", "2015-09-30": "20.72300", "2015-06-30": "21.49280", "2015-03-31": "22.34720", "2014-12-31": "20.45610", "2014-09-30": "21.26380", "2014-06-30": "22.33610", "2014-03-31": "23.03630", "2013-12-31": "21.41170", "2013-09-30": "20.67020", "2013-06-30": "20.89440", "2013-03-31": "21.43080", "2012-12-31": "19.82390", "2012-09-30": "19.62590", "2012-06-30": "19.81610", "2012-03-31": "21.13950", "2011-12-31": "12.69590", "2011-09-30": "13.06140", "2011-06-30": "13.74170", "2011-03-31": "14.10150", "2010-12-31": "12.76220", "2010-09-30": "12.45220", "2010-06-30": "11.52180", "2010-03-31": "12.09520", "2009-12-31": "11.29260", "2009-09-30": "11.13780", "2009-06-30": "10.65470", "2009-03-31": "10.37700", "2008-12-31": "8.93910", "2008-09-30": "8.76250", "2008-06-30": "9.15610", "2008-03-31": "8.97990", "2007-12-31": "8.12430", "2007-09-30": "8.26340", "2007-06-30": "7.52910", "2007-03-31": "7.52910", "2006-12-31": "6.70410", "2006-09-30": "6.95150", "2006-06-30": "6.60980", "2006-03-31": "6.43200", "2005-12-31": "5.86350", "2005-09-30": "5.77550", "2005-06-30": "5.66960", "2005-03-31": "5.90630"}, "Operating Cash Flow Per Share": {"2020-12-31": "0.72030", "2020-09-30": 0.6437, "2020-06-30": 1.9267, "2020-03-31": 2.1219, "2019-12-31": "0.55860", "2019-09-30": 0.6615, "2019-06-30": 1.8077, "2019-03-31": 2.939, "2018-12-31": "0.54400", "2018-09-30": 0.8913, "2018-06-30": 1.9564, "2018-03-31": 3.108, "2017-12-31": "0.17750", "2017-09-30": 0.5744, "2017-06-30": 1.5668, "2017-03-31": 2.5872, "2016-12-31": "0.71530", "2016-09-30": 0.619, "2016-06-30": 1.3678, "2016-03-31": 2.8086, "2015-12-31": "0.72770", "2015-09-30": 1.1113, "2015-06-30": 1.7683, "2015-03-31": 3.6373, "2014-12-31": "0.10810", "2014-09-30": 0.8501, "2014-06-30": 2.1294, "2014-03-31": 2.3408, "2013-12-31": "0.41730", "2013-09-30": 0.6872, "2013-06-30": 1.1558, "2013-03-31": 2.6013, "2012-12-31": "0.18110", "2012-09-30": 0.8108, "2012-06-30": 1.378, "2012-03-31": 2.1025, "2011-12-31": "-0.13200", "2011-09-30": 0.4937, "2011-06-30": 1.0596, "2011-03-31": 1.9344, "2010-12-31": "-0.21350", "2010-09-30": 0.5006, "2010-06-30": 1.2689, "2010-03-31": 1.739, "2009-12-31": "0.10380", "2009-09-30": 0.4123, "2009-06-30": 0.9409, "2009-03-31": 3.0709, "2008-12-31": "-0.36940", "2008-09-30": 0.6919, "2008-06-30": 1.1535, "2008-03-31": 1.5159, "2007-12-31": "-0.50840", "2007-09-30": 0.6146, "2007-06-30": 0.8265, "2007-03-31": 1.3771, "2006-12-31": "-0.00060", "2006-09-30": 0.5461, "2006-06-30": 0.7575, "2006-03-31": 0.5517, "2005-12-31": "-0.11000", "2005-09-30": 0.7686, "2005-06-30": 0.7956, "2005-03-31": 1.1958}, "Free Cash Flow Per Share": {"2020-12-31": "-0.17170", "2020-09-30": -0.223, "2020-06-30": 1.3024, "2020-03-31": 1.3534, "2019-12-31": "-0.30290", "2019-09-30": -0.3118, "2019-06-30": 0.8091, "2019-03-31": 2.0505, "2018-12-31": "-0.48830", "2018-09-30": -0.1237, "2018-06-30": 1.2357, "2018-03-31": 2.4327, "2017-12-31": "-0.65610", "2017-09-30": -0.3159, "2017-06-30": 0.7802, "2017-03-31": 1.7713, "2016-12-31": "-0.39830", "2016-09-30": -0.4862, "2016-06-30": 0.718, "2016-03-31": 2.1058, "2015-12-31": "-0.02570", "2015-09-30": 0.2003, "2015-06-30": 1.2161, "2015-03-31": 3.0593, "2014-12-31": "-0.64340", "2014-09-30": 0.0972, "2014-06-30": 1.5568, "2014-03-31": 1.8213, "2013-12-31": "-0.34460", "2013-09-30": -0.4444, "2013-06-30": 0.5521, "2013-03-31": 2.0635, "2012-12-31": "-0.35050", "2012-09-30": 0.2118, "2012-06-30": 0.879, "2012-03-31": 1.7207, "2011-12-31": "-0.64690", "2011-09-30": -0.1755, "2011-06-30": 0.5859, "2011-03-31": 1.4558, "2010-12-31": "-0.72110", "2010-09-30": -0.2166, "2010-06-30": 0.7739, "2010-03-31": 1.3112, "2009-12-31": "-0.35130", "2009-09-30": -0.1172, "2009-06-30": 0.478, "2009-03-31": 2.6665, "2008-12-31": "-0.81220", "2008-09-30": 0.2042, "2008-06-30": 0.822, "2008-03-31": 1.2041, "2007-12-31": "-0.80320", "2007-09-30": 0.1949, "2007-06-30": 0.511, "2007-03-31": 1.0764, "2006-12-31": "-0.32290", "2006-09-30": 0.186, "2006-06-30": 0.5064, "2006-03-31": 0.2693, "2005-12-31": "-0.35890", "2005-09-30": 0.4907, "2005-06-30": 0.5974, "2005-03-31": 0.7784}}, "revenue": {"UGI Annual Revenue (Millions of US $)": {"2020": "$6,559", "2019": "$7,320", "2018": "$7,651", "2017": "$6,121", "2016": "$5,686", "2015": "$6,691", "2014": "$8,277", "2013": "$7,195", "2012": "$6,521", "2011": "$6,091", "2010": "$5,591", "2009": "$5,738", "2008": "$6,648", "2007": "$5,477", "2006": "$5,221", "2005": "$4,889"}, "UGI Quarterly Revenue (Millions of US $)": {"2020-12-31": "$1,932", "2020-09-30": "$1,124", "2020-06-30": "$1,199", "2020-03-31": "$2,229", "2019-12-31": "$2,007", "2019-09-30": "$1,150", "2019-06-30": "$1,364", "2019-03-31": "$2,606", "2018-12-31": "$2,200", "2018-09-30": "$1,273", "2018-06-30": "$1,441", "2018-03-31": "$2,812", "2017-12-31": "$2,125", "2017-09-30": "$1,114", "2017-06-30": "$1,154", "2017-03-31": "$2,174", "2016-12-31": "$1,680", "2016-09-30": "$976", "2016-06-30": "$1,131", "2016-03-31": "$1,972", "2015-12-31": "$1,607", "2015-09-30": "$1,083", "2015-06-30": "$1,148", "2015-03-31": "$2,456", "2014-12-31": "$2,005", "2014-09-30": "$1,311", "2014-06-30": "$1,487", "2014-03-31": "$3,163", "2013-12-31": "$2,316", "2013-09-30": "$1,259", "2013-06-30": "$1,374", "2013-03-31": "$2,543", "2012-12-31": "$2,019", "2012-09-30": "$1,128", "2012-06-30": "$1,277", "2012-03-31": "$2,428", "2011-12-31": "$1,689", "2011-09-30": "$1,039", "2011-06-30": "$1,105", "2011-03-31": "$2,181", "2010-12-31": "$1,766", "2010-09-30": "$890", "2010-06-30": "$962", "2010-03-31": "$2,120", "2009-12-31": "$1,619", "2009-09-30": "$859", "2009-06-30": "$962", "2009-03-31": "$2,138", "2008-12-31": "$1,779", "2008-09-30": "$1,189", "2008-06-30": "$1,333", "2008-03-31": "$2,362", "2007-12-31": "$1,765", "2007-09-30": "$935", "2007-06-30": "$1,077", "2007-03-31": "$2,002", "2006-12-31": "$1,463", "2006-09-30": "$879", "2006-06-30": "$919", "2006-03-31": "$1,846", "2005-12-31": "$1,578", "2005-09-30": "$806", "2005-06-30": "$933", "2005-03-31": "$1,788"}}, "gross-profit": {"UGI Annual Gross Profit (Millions of US $)": {"2020": "$3,410", "2019": "$2,997", "2018": "$3,576", "2017": "$3,283", "2016": "$3,248", "2015": "$2,955", "2014": "$3,102", "2013": "$2,870", "2012": "$2,422", "2011": "$2,108", "2010": "$2,007", "2009": "$2,067", "2008": "$1,904", "2007": "$1,746", "2006": "$1,563", "2005": "$1,583"}, "UGI Quarterly Gross Profit (Millions of US $)": {"2020-12-31": "$1,099", "2020-09-30": "$648", "2020-06-30": "$783", "2020-03-31": "$981", "2019-12-31": "$999", "2019-09-30": "$460", "2019-06-30": "$582", "2019-03-31": "$1,179", "2018-12-31": "$775", "2018-09-30": "$628", "2018-06-30": "$708", "2018-03-31": "$1,252", "2017-12-31": "$988", "2017-09-30": "$614", "2017-06-30": "$535", "2017-03-31": "$1,103", "2016-12-31": "$1,032", "2016-09-30": "$483", "2016-06-30": "$698", "2016-03-31": "$1,195", "2015-12-31": "$873", "2015-09-30": "$543", "2015-06-30": "$562", "2015-03-31": "$1,250", "2014-12-31": "$600", "2014-09-30": "$493", "2014-06-30": "$560", "2014-03-31": "$1,162", "2013-12-31": "$886", "2013-09-30": "$474", "2013-06-30": "$538", "2013-03-31": "$1,056", "2012-12-31": "$803", "2012-09-30": "$467", "2012-06-30": "$467", "2012-03-31": "$901", "2011-12-31": "$587", "2011-09-30": "$374", "2011-06-30": "$374", "2011-03-31": "$757", "2010-12-31": "$603", "2010-09-30": "$316", "2010-06-30": "$346", "2010-03-31": "$753", "2009-12-31": "$592", "2009-09-30": "$332", "2009-06-30": "$371", "2009-03-31": "$758", "2008-12-31": "$607", "2008-09-30": "$326", "2008-06-30": "$384", "2008-03-31": "$671", "2007-12-31": "$523", "2007-09-30": "$298", "2007-06-30": "$350", "2007-03-31": "$629", "2006-12-31": "$469", "2006-09-30": "$280", "2006-06-30": "$308", "2006-03-31": "$549", "2005-12-31": "$427", "2005-09-30": "$265", "2005-06-30": "$304", "2005-03-31": "$577"}}, "operating-income": {"UGI Annual Operating Income (Millions of US $)": {"2020": "$982", "2019": "$617", "2018": "$1,065", "2017": "$1,010", "2016": "$988", "2015": "$835", "2014": "$1,006", "2013": "$831", "2012": "$539", "2011": "$642", "2010": "$659", "2009": "$685", "2008": "$585", "2007": "$581", "2006": "$468", "2005": "$503"}, "UGI Quarterly Operating Income (Millions of US $)": {"2020-12-31": "$502", "2020-09-30": "$69", "2020-06-30": "$174", "2020-03-31": "$362", "2019-12-31": "$377", "2019-09-30": "$-99", "2019-06-30": "$10", "2019-03-31": "$539", "2018-12-31": "$168", "2018-09-30": "$50", "2018-06-30": "$30", "2018-03-31": "$591", "2017-12-31": "$395", "2017-09-30": "$33", "2017-06-30": "$-3", "2017-03-31": "$513", "2016-12-31": "$466", "2016-09-30": "$-89", "2016-06-30": "$156", "2016-03-31": "$615", "2015-12-31": "$306", "2015-09-30": "$-7", "2015-06-30": "$56", "2015-03-31": "$702", "2014-12-31": "$83", "2014-09-30": "$-9", "2014-06-30": "$63", "2014-03-31": "$589", "2013-12-31": "$364", "2013-09-30": "$-12", "2013-06-30": "$42", "2013-03-31": "$508", "2012-12-31": "$294", "2012-09-30": "$-11", "2012-06-30": "$-19", "2012-03-31": "$381", "2011-12-31": "$188", "2011-09-30": "$37", "2011-06-30": "$17", "2011-03-31": "$357", "2010-12-31": "$231", "2010-09-30": "$19", "2010-06-30": "$31", "2010-03-31": "$366", "2009-12-31": "$243", "2009-09-30": "$-13", "2009-06-30": "$34", "2009-03-31": "$375", "2008-12-31": "$289", "2008-09-30": "$45", "2008-06-30": "$50", "2008-03-31": "$304", "2007-12-31": "$187", "2007-09-30": "$86", "2007-06-30": "$43", "2007-03-31": "$292", "2006-12-31": "$161", "2006-09-30": "$39", "2006-06-30": "$32", "2006-03-31": "$245", "2005-12-31": "$152", "2005-09-30": "$44", "2005-06-30": "$30", "2005-03-31": "$280"}}, "ebitda": {"UGI Annual EBITDA (Millions of US $)": {"2020": "$1,466", "2019": "$1,065", "2018": "$1,520", "2017": "$1,426", "2016": "$1,389", "2015": "$1,209", "2014": "$1,369", "2013": "$1,194", "2012": "$854", "2011": "$870", "2010": "$869", "2009": "$886", "2008": "$770", "2007": "$751", "2006": "$616", "2005": "$649"}, "UGI Quarterly EBITDA (Millions of US $)": {"2020-12-31": "$626", "2020-09-30": "$191", "2020-06-30": "$296", "2020-03-31": "$483", "2019-12-31": "$496", "2019-09-30": "$19", "2019-06-30": "$120", "2019-03-31": "$648", "2018-12-31": "$279", "2018-09-30": "$163", "2018-06-30": "$148", "2018-03-31": "$703", "2017-12-31": "$505", "2017-09-30": "$148", "2017-06-30": "$101", "2017-03-31": "$613", "2016-12-31": "$564", "2016-09-30": "$13", "2016-06-30": "$254", "2016-03-31": "$716", "2015-12-31": "$406", "2015-09-30": "$96", "2015-06-30": "$149", "2015-03-31": "$790", "2014-12-31": "$174", "2014-09-30": "$82", "2014-06-30": "$153", "2014-03-31": "$676", "2013-12-31": "$458", "2013-09-30": "$82", "2013-06-30": "$133", "2013-03-31": "$597", "2012-12-31": "$382", "2012-09-30": "$76", "2012-06-30": "$65", "2012-03-31": "$464", "2011-12-31": "$249", "2011-09-30": "$96", "2011-06-30": "$75", "2011-03-31": "$413", "2010-12-31": "$287", "2010-09-30": "$72", "2010-06-30": "$83", "2010-03-31": "$419", "2009-12-31": "$296", "2009-09-30": "$39", "2009-06-30": "$85", "2009-03-31": "$425", "2008-12-31": "$337", "2008-09-30": "$92", "2008-06-30": "$97", "2008-03-31": "$349", "2007-12-31": "$232", "2007-09-30": "$129", "2007-06-30": "$85", "2007-03-31": "$334", "2006-12-31": "$203", "2006-09-30": "$79", "2006-06-30": "$68", "2006-03-31": "$281", "2005-12-31": "$189", "2005-09-30": "$78", "2005-06-30": "$67", "2005-03-31": "$318"}}, "net-income": {"UGI Annual Net Income (Millions of US $)": {"2020": "$532", "2019": "$256", "2018": "$719", "2017": "$437", "2016": "$365", "2015": "$281", "2014": "$337", "2013": "$278", "2012": "$210", "2011": "$245", "2010": "$261", "2009": "$259", "2008": "$216", "2007": "$204", "2006": "$176", "2005": "$188"}, "UGI Quarterly Net Income (Millions of US $)": {"2020-12-31": "$303", "2020-09-30": "$9", "2020-06-30": "$85", "2020-03-31": "$226", "2019-12-31": "$212", "2019-09-30": "$-52", "2019-06-30": "$-2", "2019-03-31": "$245", "2018-12-31": "$64", "2018-09-30": "$25", "2018-06-30": "$52", "2018-03-31": "$276", "2017-12-31": "$366", "2017-09-30": "$5", "2017-06-30": "$-19", "2017-03-31": "$220", "2016-12-31": "$231", "2016-09-30": "$-44", "2016-06-30": "$61", "2016-03-31": "$233", "2015-12-31": "$115", "2015-09-30": "$-9", "2015-06-30": "$10", "2015-03-31": "$247", "2014-12-31": "$34", "2014-09-30": "$-20", "2014-06-30": "$21", "2014-03-31": "$214", "2013-12-31": "$122", "2013-09-30": "$-14", "2013-06-30": "$9", "2013-03-31": "$181", "2012-12-31": "$103", "2012-09-30": "$-4", "2012-06-30": "$-6", "2012-03-31": "$133", "2011-12-31": "$87", "2011-09-30": "$-10", "2011-06-30": "$-7", "2011-03-31": "$149", "2010-12-31": "$113", "2010-09-30": "$2", "2010-06-30": "$3", "2010-03-31": "$157", "2009-12-31": "$98", "2009-09-30": "$-11", "2009-06-30": "$-4", "2009-03-31": "$158", "2008-12-31": "$115", "2008-09-30": "$-6", "2008-06-30": "$16", "2008-03-31": "$126", "2007-12-31": "$80", "2007-09-30": "$11", "2007-06-30": "$12", "2007-03-31": "$120", "2006-12-31": "$62", "2006-09-30": "$-4", "2006-06-30": "$19", "2006-03-31": "$104", "2005-12-31": "$58", "2005-09-30": "$-9", "2005-06-30": "$1", "2005-03-31": "$117"}}, "eps-earnings-per-share-diluted": {"UGI Annual EPS": {"2020": "$2.54", "2019": "$1.41", "2018": "$4.06", "2017": "$2.46", "2016": "$2.08", "2015": "$1.60", "2014": "$1.92", "2013": "$1.60", "2012": "$1.24", "2011": "$1.45", "2010": "$1.57", "2009": "$1.57", "2008": "$1.33", "2007": "$1.26", "2006": "$1.10", "2005": "$1.18"}, "UGI Quarterly EPS": {"2020-12-31": "$1.44", "2020-09-30": "$0.06", "2020-06-30": "$0.41", "2020-03-31": "$1.07", "2019-12-31": "$1.00", "2019-09-30": "$-0.32", "2019-06-30": "$-0.01", "2019-03-31": "$1.38", "2018-12-31": "$0.36", "2018-09-30": "$0.12", "2018-06-30": "$0.30", "2018-03-31": "$1.57", "2017-12-31": "$2.07", "2017-09-30": "$0.03", "2017-06-30": "$-0.11", "2017-03-31": "$1.24", "2016-12-31": "$1.30", "2016-09-30": "$-0.24", "2016-06-30": "$0.34", "2016-03-31": "$1.33", "2015-12-31": "$0.65", "2015-09-30": "$-0.04", "2015-06-30": "$0.05", "2015-03-31": "$1.40", "2014-12-31": "$0.19", "2014-09-30": "$-0.12", "2014-06-30": "$0.12", "2014-03-31": "$1.22", "2013-12-31": "$0.70", "2013-09-30": "$-0.10", "2013-06-30": "$0.05", "2013-03-31": "$1.05", "2012-12-31": "$0.60", "2012-09-30": "$-0.02", "2012-06-30": "$-0.04", "2012-03-31": "$0.79", "2011-12-31": "$0.51", "2011-09-30": "$-0.07", "2011-06-30": "$-0.04", "2011-03-31": "$0.88", "2010-12-31": "$0.67", "2010-09-30": "$0.00", "2010-06-30": "$0.02", "2010-03-31": "$0.95", "2009-12-31": "$0.60", "2009-09-30": "$-0.07", "2009-06-30": "$-0.02", "2009-03-31": "$0.97", "2008-12-31": "$0.70", "2008-09-30": "$-0.04", "2008-06-30": "$0.09", "2008-03-31": "$0.78", "2007-12-31": "$0.49", "2007-09-30": "$0.05", "2007-06-30": "$0.07", "2007-03-31": "$0.75", "2006-12-31": "$0.39", "2006-09-30": "$-0.03", "2006-06-30": "$0.12", "2006-03-31": "$0.65", "2005-12-31": "$0.36", "2005-09-30": "$-0.07", "2005-06-30": "$0.01", "2005-03-31": "$0.75"}}, "shares-outstanding": {"UGI Annual Shares Outstanding (Millions of Shares)": {"2020": "210", "2019": "181", "2018": "177", "2017": "177", "2016": "176", "2015": "176", "2014": "175", "2013": "173", "2012": "170", "2011": "169", "2010": "166", "2009": "164", "2008": "163", "2007": "162", "2006": "160", "2005": "159"}, "UGI Quarterly Shares Outstanding (Millions of Shares)": {"2020-12-31": "210", "2020-09-30": "210", "2020-06-30": "209", "2020-03-31": "210", "2019-12-31": "211", "2019-09-30": "181", "2019-06-30": "175", "2019-03-31": "177", "2018-12-31": "178", "2018-09-30": "177", "2018-06-30": "177", "2018-03-31": "176", "2017-12-31": "177", "2017-09-30": "177", "2017-06-30": "174", "2017-03-31": "177", "2016-12-31": "177", "2016-09-30": "176", "2016-06-30": "176", "2016-03-31": "175", "2015-12-31": "175", "2015-09-30": "176", "2015-06-30": "176", "2015-03-31": "176", "2014-12-31": "176", "2014-09-30": "175", "2014-06-30": "176", "2014-03-31": "175", "2013-12-31": "175", "2013-09-30": "173", "2013-06-30": "174", "2013-03-31": "173", "2012-12-31": "172", "2012-09-30": "170", "2012-06-30": "169", "2012-03-31": "170", "2011-12-31": "170", "2011-09-30": "169", "2011-06-30": "168", "2011-03-31": "170", "2010-12-31": "169", "2010-09-30": "166", "2010-06-30": "166", "2010-03-31": "165", "2009-12-31": "165", "2009-09-30": "164", "2009-06-30": "163", "2009-03-31": "164", "2008-12-31": "164", "2008-09-30": "163", "2008-06-30": "163", "2008-03-31": "162", "2007-12-31": "162", "2007-09-30": "162", "2007-06-30": "162", "2007-03-31": "162", "2006-12-31": "161", "2006-09-30": "160", "2006-06-30": "160", "2006-03-31": "160", "2005-12-31": "160", "2005-09-30": "159", "2005-06-30": "159", "2005-03-31": "158"}}, "total-assets": {"UGI Annual Total Assets (Millions of US $)": {"2020": "$13,985", "2019": "$13,347", "2018": "$11,981", "2017": "$11,582", "2016": "$10,847", "2015": "$10,514", "2014": "$10,093", "2013": "$10,009", "2012": "$9,677", "2011": "$6,663", "2010": "$6,374", "2009": "$6,043", "2008": "$5,685", "2007": "$5,503", "2006": "$5,081", "2005": "$4,572"}, "UGI Quarterly Total Assets (Millions of US $)": {"2020-12-31": "$14,725", "2020-09-30": "$13,985", "2020-06-30": "$13,843", "2020-03-31": "$14,136", "2019-12-31": "$14,286", "2019-09-30": "$13,347", "2019-06-30": "$12,019", "2019-03-31": "$12,351", "2018-12-31": "$12,368", "2018-09-30": "$11,981", "2018-06-30": "$11,877", "2018-03-31": "$12,445", "2017-12-31": "$12,344", "2017-09-30": "$11,582", "2017-06-30": "$11,246", "2017-03-31": "$11,386", "2016-12-31": "$11,301", "2016-09-30": "$10,847", "2016-06-30": "$11,104", "2016-03-31": "$10,926", "2015-12-31": "$10,750", "2015-09-30": "$10,514", "2015-06-30": "$10,520", "2015-03-31": "$10,183", "2014-12-31": "$10,430", "2014-09-30": "$10,093", "2014-06-30": "$10,078", "2014-03-31": "$10,721", "2013-12-31": "$10,664", "2013-09-30": "$10,009", "2013-06-30": "$9,807", "2013-03-31": "$10,215", "2012-12-31": "$10,138", "2012-09-30": "$9,677", "2012-06-30": "$9,652", "2012-03-31": "$10,129", "2011-12-31": "$7,154", "2011-09-30": "$6,663", "2011-06-30": "$6,674", "2011-03-31": "$6,894", "2010-12-31": "$6,808", "2010-09-30": "$6,374", "2010-06-30": "$5,832", "2010-03-31": "$6,319", "2009-12-31": "$6,453", "2009-09-30": "$6,043", "2009-06-30": "$5,901", "2009-03-31": "$6,137", "2008-12-31": "$6,446", "2008-09-30": "$5,685", "2008-06-30": "$5,967", "2008-03-31": "$6,128", "2007-12-31": "$6,068", "2007-09-30": "$5,503", "2007-06-30": "$5,223", "2007-03-31": "$5,440", "2006-12-31": "$5,377", "2006-09-30": "$5,081", "2006-06-30": "$4,618", "2006-03-31": "$4,723", "2005-12-31": "$5,058", "2005-09-30": "$4,572", "2005-06-30": "$4,329", "2005-03-31": "$4,674"}}, "cash-on-hand": {"UGI Annual Cash on Hand (Millions of US $)": {"2020": "$357", "2019": "$511", "2018": "$462", "2017": "$569", "2016": "$518", "2015": "$439", "2014": "$436", "2013": "$398", "2012": "$323", "2011": "$256", "2010": "$296", "2009": "$287", "2008": "$316", "2007": "$265", "2006": "$200", "2005": "$385"}, "UGI Quarterly Cash on Hand (Millions of US $)": {"2020-12-31": "$446", "2020-09-30": "$357", "2020-06-30": "$532", "2020-03-31": "$402", "2019-12-31": "$429", "2019-09-30": "$511", "2019-06-30": "$576", "2019-03-31": "$518", "2018-12-31": "$495", "2018-09-30": "$462", "2018-06-30": "$514", "2018-03-31": "$485", "2017-12-31": "$466", "2017-09-30": "$569", "2017-06-30": "$611", "2017-03-31": "$638", "2016-12-31": "$523", "2016-09-30": "$518", "2016-06-30": "$919", "2016-03-31": "$506", "2015-12-31": "$459", "2015-09-30": "$439", "2015-06-30": "$431", "2015-03-31": "$502", "2014-12-31": "$465", "2014-09-30": "$436", "2014-06-30": "$444", "2014-03-31": "$498", "2013-12-31": "$423", "2013-09-30": "$398", "2013-06-30": "$408", "2013-03-31": "$449", "2012-12-31": "$355", "2012-09-30": "$323", "2012-06-30": "$444", "2012-03-31": "$419", "2011-12-31": "$251", "2011-09-30": "$256", "2011-06-30": "$328", "2011-03-31": "$308", "2010-12-31": "$159", "2010-09-30": "$296", "2010-06-30": "$265", "2010-03-31": "$310", "2009-12-31": "$225", "2009-09-30": "$287", "2009-06-30": "$305", "2009-03-31": "$339", "2008-12-31": "$292", "2008-09-30": "$316", "2008-06-30": "$277", "2008-03-31": "$242", "2007-12-31": "$232", "2007-09-30": "$265", "2007-06-30": "$198", "2007-03-31": "$210", "2006-12-31": "$154", "2006-09-30": "$200", "2006-06-30": "$408", "2006-03-31": "$369", "2005-12-31": "$597", "2005-09-30": "$385", "2005-06-30": "$272", "2005-03-31": "$227"}}, "long-term-debt": {"UGI Annual Long Term Debt (Millions of US $)": {"2020": "$5,981", "2019": "$5,780", "2018": "$4,147", "2017": "$3,995", "2016": "$3,766", "2015": "$3,410", "2014": "$3,434", "2013": "$3,542", "2012": "$3,348", "2011": "$2,110", "2010": "$1,432", "2009": "$2,039", "2008": "$1,987", "2007": "$2,039", "2006": "$1,965", "2005": "$1,393"}, "UGI Quarterly Long Term Debt (Millions of US $)": {"2020-12-31": "$6,012", "2020-09-30": "$5,981", "2020-06-30": "$5,961", "2020-03-31": "$5,800", "2019-12-31": "$5,828", "2019-09-30": "$5,780", "2019-06-30": "$4,292", "2019-03-31": "$4,284", "2018-12-31": "$4,151", "2018-09-30": "$4,147", "2018-06-30": "$4,089", "2018-03-31": "$4,193", "2017-12-31": "$4,056", "2017-09-30": "$3,995", "2017-06-30": "$4,015", "2017-03-31": "$4,026", "2016-12-31": "$3,994", "2016-09-30": "$3,766", "2016-06-30": "$3,737", "2016-03-31": "$3,601", "2015-12-31": "$3,392", "2015-09-30": "$3,410", "2015-06-30": "$3,628", "2015-03-31": "$2,958", "2014-12-31": "$3,341", "2014-09-30": "$3,434", "2014-06-30": "$3,478", "2014-03-31": "$3,549", "2013-12-31": "$3,549", "2013-09-30": "$3,542", "2013-06-30": "$3,298", "2013-03-31": "$3,341", "2012-12-31": "$3,358", "2012-09-30": "$3,348", "2012-06-30": "$3,475", "2012-03-31": "$3,543", "2011-12-31": "$2,116", "2011-09-30": "$2,110", "2011-06-30": "$2,040", "2011-03-31": "$2,028", "2010-12-31": "$1,448", "2010-09-30": "$1,432", "2010-06-30": "$1,457", "2010-03-31": "$1,475", "2009-12-31": "$2,025", "2009-09-30": "$2,039", "2009-06-30": "$2,088", "2009-03-31": "$2,058", "2008-12-31": "$2,091", "2008-09-30": "$1,987", "2008-06-30": "$2,059", "2008-03-31": "$2,048", "2007-12-31": "$2,053", "2007-09-30": "$2,039", "2007-06-30": "$2,013", "2007-03-31": "$1,986", "2006-12-31": "$1,986", "2006-09-30": "$1,965", "2006-06-30": "$1,643", "2006-03-31": "$1,637", "2005-12-31": "$1,455", "2005-09-30": "$1,393", "2005-06-30": "$1,459", "2005-03-31": "$1,520"}}, "total-liabilities": {"UGI Annual Total Liabilities (Millions of US $)": {"2020": "$9,848", "2019": "$9,520", "2018": "$7,881", "2017": "$7,841", "2016": "$7,252", "2015": "$6,942", "2014": "$6,430", "2013": "$6,461", "2012": "$6,362", "2011": "$4,472", "2010": "$4,313", "2009": "$4,226", "2008": "$4,267", "2007": "$4,181", "2006": "$3,981", "2005": "$3,574"}, "UGI Quarterly Total Liabilities (Millions of US $)": {"2020-12-31": "$10,279", "2020-09-30": "$9,848", "2020-06-30": "$9,708", "2020-03-31": "$10,046", "2019-12-31": "$10,281", "2019-09-30": "$9,520", "2019-06-30": "$7,845", "2019-03-31": "$8,035", "2018-12-31": "$8,322", "2018-09-30": "$7,881", "2018-06-30": "$7,649", "2018-03-31": "$8,024", "2017-12-31": "$8,262", "2017-09-30": "$7,841", "2017-06-30": "$7,405", "2017-03-31": "$7,448", "2016-12-31": "$7,567", "2016-09-30": "$7,252", "2016-06-30": "$7,267", "2016-03-31": "$7,001", "2015-12-31": "$7,157", "2015-09-30": "$6,942", "2015-06-30": "$6,784", "2015-03-31": "$6,299", "2014-12-31": "$6,875", "2014-09-30": "$6,430", "2014-06-30": "$6,197", "2014-03-31": "$6,718", "2013-12-31": "$6,945", "2013-09-30": "$6,461", "2013-06-30": "$6,179", "2013-03-31": "$6,497", "2012-12-31": "$6,700", "2012-09-30": "$6,362", "2012-06-30": "$6,215", "2012-03-31": "$6,463", "2011-12-31": "$4,954", "2011-09-30": "$4,472", "2011-06-30": "$4,293", "2011-03-31": "$4,451", "2010-12-31": "$4,598", "2010-09-30": "$4,313", "2010-06-30": "$3,838", "2010-03-31": "$4,228", "2009-12-31": "$4,500", "2009-09-30": "$4,226", "2009-06-30": "$4,059", "2009-03-31": "$4,343", "2008-12-31": "$4,901", "2008-09-30": "$4,267", "2008-06-30": "$4,385", "2008-03-31": "$4,576", "2007-12-31": "$4,665", "2007-09-30": "$4,181", "2007-06-30": "$3,923", "2007-03-31": "$4,139", "2006-12-31": "$4,219", "2006-09-30": "$3,981", "2006-06-30": "$3,476", "2006-03-31": "$3,612", "2005-12-31": "$4,045", "2005-09-30": "$3,574", "2005-06-30": "$3,349", "2005-03-31": "$3,654"}}, "total-share-holder-equity": {"UGI Annual Share Holder Equity (Millions of US $)": {"2020": "$4,137", "2019": "$3,827", "2018": "$4,100", "2017": "$3,741", "2016": "$3,595", "2015": "$3,572", "2014": "$3,663", "2013": "$3,548", "2012": "$3,315", "2011": "$2,191", "2010": "$2,062", "2009": "$1,817", "2008": "$1,418", "2007": "$1,322", "2006": "$1,100", "2005": "$998"}, "UGI Quarterly Share Holder Equity (Millions of US $)": {"2020-12-31": "$4,446", "2020-09-30": "$4,137", "2020-06-30": "$4,135", "2020-03-31": "$4,090", "2019-12-31": "$4,005", "2019-09-30": "$3,827", "2019-06-30": "$4,174", "2019-03-31": "$4,316", "2018-12-31": "$4,047", "2018-09-30": "$4,100", "2018-06-30": "$4,228", "2018-03-31": "$4,421", "2017-12-31": "$4,082", "2017-09-30": "$3,741", "2017-06-30": "$3,841", "2017-03-31": "$3,937", "2016-12-31": "$3,733", "2016-09-30": "$3,595", "2016-06-30": "$3,837", "2016-03-31": "$3,925", "2015-12-31": "$3,593", "2015-09-30": "$3,572", "2015-06-30": "$3,736", "2015-03-31": "$3,884", "2014-12-31": "$3,555", "2014-09-30": "$3,663", "2014-06-30": "$3,881", "2014-03-31": "$4,002", "2013-12-31": "$3,719", "2013-09-30": "$3,548", "2013-06-30": "$3,628", "2013-03-31": "$3,719", "2012-12-31": "$3,439", "2012-09-30": "$3,315", "2012-06-30": "$3,437", "2012-03-31": "$3,666", "2011-12-31": "$2,200", "2011-09-30": "$2,191", "2011-06-30": "$2,381", "2011-03-31": "$2,443", "2010-12-31": "$2,210", "2010-09-30": "$2,062", "2010-06-30": "$1,994", "2010-03-31": "$2,091", "2009-12-31": "$1,952", "2009-09-30": "$1,817", "2009-06-30": "$1,842", "2009-03-31": "$1,794", "2008-12-31": "$1,545", "2008-09-30": "$1,418", "2008-06-30": "$1,583", "2008-03-31": "$1,551", "2007-12-31": "$1,403", "2007-09-30": "$1,322", "2007-06-30": "$1,301", "2007-03-31": "$1,301", "2006-12-31": "$1,158", "2006-09-30": "$1,100", "2006-06-30": "$1,142", "2006-03-31": "$1,111", "2005-12-31": "$1,013", "2005-09-30": "$998", "2005-06-30": "$979", "2005-03-31": "$1,020"}}, "profit-margins": {"current": "9.6%"}, "gross margin": {"2020-12-31": "54.15%", "2020-09-30": "52.00%", "2020-06-30": "48.94%", "2020-03-31": "44.77%", "2019-12-31": "45.18%", "2019-09-30": "40.93%", "2019-06-30": "42.51%", "2019-03-31": "43.75%", "2018-12-31": "43.53%", "2018-09-30": "46.74%", "2018-06-30": "47.54%", "2018-03-31": "47.04%", "2017-12-31": "49.34%", "2017-09-30": "53.64%", "2017-06-30": "52.69%", "2017-03-31": "55.63%", "2016-12-31": "59.18%", "2016-09-30": "57.14%", "2016-06-30": "57.12%", "2016-03-31": "54.61%", "2015-12-31": "51.29%", "2015-09-30": "44.16%", "2015-06-30": "41.98%", "2015-03-31": "39.99%", "2014-12-31": "35.34%", "2014-09-30": "37.47%", "2014-06-30": "37.47%", "2014-03-31": "37.72%", "2013-12-31": "39.43%", "2013-09-30": "39.90%", "2013-06-30": "40.54%", "2013-03-31": "40.09%", "2012-12-31": "38.50%", "2012-09-30": "37.14%", "2012-06-30": "36.20%", "2012-03-31": "35.71%", "2011-12-31": "34.79%", "2011-09-30": "34.61%", "2011-06-30": "34.50%", "2011-03-31": "34.87%", "2010-12-31": "35.17%", "2010-09-30": "35.90%", "2010-06-30": "36.37%", "2010-03-31": "36.82%", "2009-12-31": "36.79%", "2009-09-30": "36.02%", "2009-06-30": "33.98%", "2009-03-31": "32.23%", "2008-12-31": "29.84%", "2008-09-30": "28.64%", "2008-06-30": "29.34%", "2008-03-31": "30.00%", "2007-12-31": "31.15%", "2007-09-30": "31.88%", "2007-06-30": "31.88%", "2007-03-31": "32.04%", "2006-12-31": "31.45%", "2006-09-30": "29.96%", "2006-06-30": "30.08%", "2006-03-31": "29.92%", "2005-12-31": "30.81%"}, "operating margin": {"2020-12-31": "17.07%", "2020-09-30": "14.97%", "2020-06-30": "12.36%", "2020-03-31": "9.63%", "2019-12-31": "11.60%", "2019-09-30": "8.44%", "2019-06-30": "10.29%", "2019-03-31": "10.45%", "2018-12-31": "10.85%", "2018-09-30": "13.92%", "2018-06-30": "14.00%", "2018-03-31": "14.10%", "2017-12-31": "14.28%", "2017-09-30": "16.48%", "2017-06-30": "14.82%", "2017-03-31": "17.55%", "2016-12-31": "19.93%", "2016-09-30": "17.38%", "2016-06-30": "18.47%", "2016-03-31": "16.70%", "2015-12-31": "16.79%", "2015-09-30": "12.46%", "2015-06-30": "12.02%", "2015-03-31": "11.56%", "2014-12-31": "9.11%", "2014-09-30": "12.17%", "2014-06-30": "12.21%", "2014-03-31": "12.12%", "2013-12-31": "12.04%", "2013-09-30": "11.56%", "2013-06-30": "11.79%", "2013-03-31": "11.08%", "2012-12-31": "9.41%", "2012-09-30": "8.26%", "2012-06-30": "9.12%", "2012-03-31": "9.95%", "2011-12-31": "9.96%", "2011-09-30": "10.54%", "2011-06-30": "10.50%", "2011-03-31": "11.00%", "2010-12-31": "11.28%", "2010-09-30": "11.79%", "2010-06-30": "11.28%", "2010-03-31": "11.33%", "2009-12-31": "11.46%", "2009-09-30": "11.94%", "2009-06-30": "12.24%", "2009-03-31": "11.79%", "2008-12-31": "10.33%", "2008-09-30": "8.81%", "2008-06-30": "9.80%", "2008-03-31": "10.10%", "2007-12-31": "10.52%", "2007-09-30": "10.63%", "2007-06-30": "9.87%", "2007-03-31": "9.96%", "2006-12-31": "9.34%", "2006-09-30": "8.96%", "2006-06-30": "9.19%", "2006-03-31": "9.12%", "2005-12-31": "9.91%"}, "ebitda margin": {"2020-12-31": "24.61%", "2020-09-30": "22.35%", "2020-06-30": "19.65%", "2020-03-31": "16.55%", "2019-12-31": "17.99%", "2019-09-30": "14.55%", "2019-06-30": "16.24%", "2019-03-31": "16.46%", "2018-12-31": "16.74%", "2018-09-30": "19.85%", "2018-06-30": "20.07%", "2018-03-31": "20.22%", "2017-12-31": "20.82%", "2017-09-30": "23.29%", "2017-06-30": "21.57%", "2017-03-31": "24.22%", "2016-12-31": "26.86%", "2016-09-30": "24.43%", "2016-06-30": "25.41%", "2016-03-31": "23.53%", "2015-12-31": "22.89%", "2015-09-30": "18.07%", "2015-06-30": "17.27%", "2015-03-31": "16.52%", "2014-12-31": "13.62%", "2014-09-30": "16.54%", "2014-06-30": "16.64%", "2014-03-31": "16.63%", "2013-12-31": "16.95%", "2013-09-30": "16.59%", "2013-06-30": "16.82%", "2013-03-31": "16.08%", "2012-12-31": "14.40%", "2012-09-30": "13.09%", "2012-06-30": "13.59%", "2012-03-31": "14.12%", "2011-12-31": "13.85%", "2011-09-30": "14.28%", "2011-06-30": "14.24%", "2011-03-31": "14.73%", "2010-12-31": "14.99%", "2010-09-30": "15.56%", "2010-06-30": "15.05%", "2010-03-31": "15.09%", "2009-12-31": "15.15%", "2009-09-30": "15.44%", "2009-06-30": "15.47%", "2009-03-31": "14.77%", "2008-12-31": "13.13%", "2008-09-30": "11.57%", "2008-06-30": "12.60%", "2008-03-31": "12.93%", "2007-12-31": "13.48%", "2007-09-30": "13.71%", "2007-06-30": "12.93%", "2007-03-31": "13.00%", "2006-12-31": "12.36%", "2006-09-30": "11.82%", "2006-06-30": "11.96%", "2006-03-31": "11.91%", "2005-12-31": "12.77%"}, "pre tax profit margin": {"2020-12-31": "12.20%", "2020-09-30": "10.17%", "2020-06-30": "8.11%", "2020-03-31": "5.75%", "2019-12-31": "8.08%", "2019-09-30": "5.46%", "2019-06-30": "7.46%", "2019-03-31": "8.02%", "2018-12-31": "8.24%", "2018-09-30": "11.18%", "2018-06-30": "10.89%", "2018-03-31": "10.24%", "2017-12-31": "9.94%", "2017-09-30": "11.47%", "2017-06-30": "9.66%", "2017-03-31": "12.06%", "2016-12-31": "14.60%", "2016-09-30": "12.49%", "2016-06-30": "13.88%", "2016-03-31": "12.58%", "2015-12-31": "12.98%", "2015-09-30": "8.85%", "2015-06-30": "8.50%", "2015-03-31": "8.29%", "2014-12-31": "6.11%", "2014-09-30": "9.28%", "2014-06-30": "9.29%", "2014-03-31": "9.16%", "2013-12-31": "8.84%", "2013-09-30": "8.21%", "2013-06-30": "8.41%", "2013-03-31": "7.62%", "2012-12-31": "5.62%", "2012-09-30": "4.66%", "2012-06-30": "5.19%", "2012-03-31": "6.34%", "2011-12-31": "6.63%", "2011-09-30": "7.65%", "2011-06-30": "8.28%", "2011-03-31": "8.73%", "2010-12-31": "9.31%", "2010-09-30": "9.37%", "2010-06-30": "8.87%", "2010-03-31": "8.83%", "2009-12-31": "8.93%", "2009-09-30": "9.43%", "2009-06-30": "9.28%", "2009-03-31": "9.18%", "2008-12-31": "8.00%", "2008-09-30": "6.62%", "2008-06-30": "7.63%", "2008-03-31": "7.87%", "2007-12-31": "8.06%", "2007-09-30": "8.00%", "2007-06-30": "7.12%", "2007-03-31": "7.18%", "2006-12-31": "6.40%", "2006-09-30": "6.19%", "2006-06-30": "6.21%", "2006-03-31": "5.46%", "2005-12-31": "6.33%"}, "net profit margin": {"2020-12-31": "9.61%", "2020-09-30": "8.11%", "2020-06-30": "7.15%", "2020-03-31": "5.69%", "2019-12-31": "5.65%", "2019-09-30": "3.48%", "2019-06-30": "4.46%", "2019-03-31": "5.13%", "2018-12-31": "5.40%", "2018-09-30": "9.40%", "2018-06-30": "9.33%", "2018-03-31": "8.72%", "2017-12-31": "8.71%", "2017-09-30": "7.14%", "2017-06-30": "6.48%", "2017-03-31": "7.85%", "2016-12-31": "8.35%", "2016-09-30": "6.42%", "2016-06-30": "6.90%", "2016-03-31": "6.01%", "2015-12-31": "5.77%", "2015-09-30": "4.21%", "2015-06-30": "3.92%", "2015-03-31": "3.88%", "2014-12-31": "3.13%", "2014-09-30": "4.07%", "2014-06-30": "4.17%", "2014-03-31": "4.08%", "2013-12-31": "3.98%", "2013-09-30": "3.88%", "2013-06-30": "4.09%", "2013-03-31": "3.93%", "2012-12-31": "3.30%", "2012-09-30": "3.22%", "2012-06-30": "3.17%", "2012-03-31": "3.24%", "2011-12-31": "3.64%", "2011-09-30": "4.02%", "2011-06-30": "4.33%", "2011-03-31": "4.60%", "2010-12-31": "4.79%", "2010-09-30": "4.65%", "2010-06-30": "4.44%", "2010-03-31": "4.32%", "2009-12-31": "4.32%", "2009-09-30": "4.50%", "2009-06-30": "4.33%", "2009-03-31": "4.40%", "2008-12-31": "3.77%", "2008-09-30": "3.25%", "2008-06-30": "3.64%", "2008-03-31": "3.73%", "2007-12-31": "3.86%", "2007-09-30": "3.74%", "2007-06-30": "3.51%", "2007-03-31": "3.74%", "2006-12-31": "3.54%", "2006-09-30": "3.39%", "2006-06-30": "3.34%", "2006-03-31": "2.98%", "2005-12-31": "3.27%"}, "pe ratio": {"current": "13.92", "2021-02-05": "24.54", "2020-12-31": "23.00", "2020-09-30": "12.97", "2020-06-30": "14.11", "2020-03-31": "14.46", "2019-12-31": "20.66", "2019-09-30": "32.84", "2019-06-30": "27.06", "2019-03-31": "23.95", "2018-12-31": "21.10", "2018-09-30": "12.69", "2018-06-30": "12.18", "2018-03-31": "11.53", "2017-12-31": "13.36", "2017-09-30": "17.41", "2017-06-30": "20.19", "2017-03-31": "17.00", "2016-12-31": "15.25", "2016-09-30": "19.57", "2016-06-30": "17.76", "2016-03-31": "18.03", "2015-12-31": "14.51", "2015-09-30": "19.16", "2015-06-30": "19.56", "2015-03-31": "17.58", "2014-12-31": "22.83", "2014-09-30": "15.01", "2014-06-30": "14.51", "2014-03-31": "13.25", "2013-12-31": "13.61", "2013-09-30": "13.55", "2013-06-30": "13.50", "2013-03-31": "14.29", "2012-12-31": "14.07", "2012-09-30": "14.55", "2012-06-30": "13.92", "2012-03-31": "12.77", "2011-12-31": "12.61", "2011-09-30": "9.87", "2011-06-30": "10.73", "2011-03-31": "10.56", "2010-12-31": "9.61", "2010-09-30": "9.04", "2010-06-30": "8.39", "2010-03-31": "8.91", "2009-12-31": "7.98", "2009-09-30": "7.68", "2009-06-30": "7.63", "2009-03-31": "6.55", "2008-12-31": "7.53", "2008-09-30": "9.12", "2008-06-30": "9.33", "2008-03-31": "8.16", "2007-12-31": "9.07", "2007-09-30": "9.31", "2007-06-30": "10.47", "2007-03-31": "9.80", "2006-12-31": "10.76"}, "price sales": {"2021-02-05": "1.21", "2020-12-31": "1.13", "2020-09-30": "1.05", "2020-06-30": "0.97", "2020-03-31": "0.76", "2019-12-31": "1.13", "2019-09-30": "1.16", "2019-06-30": "1.20", "2019-03-31": "1.23", "2018-12-31": "1.15", "2018-09-30": "1.20", "2018-06-30": "1.14", "2018-03-31": "1.00", "2017-12-31": "1.16", "2017-09-30": "1.23", "2017-06-30": "1.30", "2017-03-31": "1.32", "2016-12-31": "1.27", "2016-09-30": "1.25", "2016-06-30": "1.22", "2016-03-31": "1.08", "2015-12-31": "0.83", "2015-09-30": "0.80", "2015-06-30": "0.76", "2015-03-31": "0.68", "2014-12-31": "0.72", "2014-09-30": "0.61", "2014-06-30": "0.61", "2014-03-31": "0.55", "2013-12-31": "0.54", "2013-09-30": "0.52", "2013-06-30": "0.52", "2013-03-31": "0.52", "2012-12-31": "0.44", "2012-09-30": "0.44", "2012-06-30": "0.41", "2012-03-31": "0.39", "2011-12-31": "0.43", "2011-09-30": "0.38", "2011-06-30": "0.46", "2011-03-31": "0.49", "2010-12-31": "0.46", "2010-09-30": "0.42", "2010-06-30": "0.38", "2010-03-31": "0.39", "2009-12-31": "0.35", "2009-09-30": "0.35", "2009-06-30": "0.33", "2009-03-31": "0.29", "2008-12-31": "0.28", "2008-09-30": "0.30", "2008-06-30": "0.34", "2008-03-31": "0.30", "2007-12-31": "0.35", "2007-09-30": "0.35", "2007-06-30": "0.37", "2007-03-31": "0.37", "2006-12-31": "0.38"}, "price book": {"current": "1.88", "2021-02-05": "1.76", "2020-12-31": "1.65", "2020-09-30": "1.65", "2020-06-30": "1.58", "2020-03-31": "1.33", "2019-12-31": "2.27", "2019-09-30": "2.62", "2019-06-30": "2.12", "2019-03-31": "2.11", "2018-12-31": "2.15", "2018-09-30": "2.19", "2018-06-30": "1.99", "2018-03-31": "1.62", "2017-12-31": "1.84", "2017-09-30": "1.98", "2017-06-30": "1.99", "2017-03-31": "1.97", "2016-12-31": "1.93", "2016-09-30": "1.95", "2016-06-30": "1.83", "2016-03-31": "1.58", "2015-12-31": "1.44", "2015-09-30": "1.47", "2015-06-30": "1.39", "2015-03-31": "1.26", "2014-12-31": "1.59", "2014-09-30": "1.37", "2014-06-30": "1.28", "2014-03-31": "1.11", "2013-12-31": "1.08", "2013-09-30": "1.05", "2013-06-30": "1.03", "2013-03-31": "0.98", "2012-12-31": "0.89", "2012-09-30": "0.87", "2012-06-30": "0.79", "2012-03-31": "0.68", "2011-12-31": "1.21", "2011-09-30": "1.04", "2011-06-30": "1.19", "2011-03-31": "1.19", "2010-12-31": "1.25", "2010-09-30": "1.15", "2010-06-30": "1.10", "2010-03-31": "1.08", "2009-12-31": "1.05", "2009-09-30": "1.09", "2009-06-30": "1.15", "2009-03-31": "1.09", "2008-12-31": "1.29", "2008-09-30": "1.38", "2008-06-30": "1.46", "2008-03-31": "1.28", "2007-12-31": "1.54", "2007-09-30": "1.43", "2007-06-30": "1.64", "2007-03-31": "1.60", "2006-12-31": "1.82", "2006-09-30": "1.56", "2006-06-30": "1.64", "2006-03-31": "1.43"}, "price fcf": {"2021-02-05": "", "2020-12-31": "$2.26", "2020-09-30": "$2.13", "2020-06-30": "$2.04", "2020-03-31": "$1.55", "2019-12-31": "$2.24", "2019-09-30": "$2.06", "2019-06-30": "$2.25", "2019-03-31": "$2.67", "2018-12-31": "$3.06", "2018-09-30": "$2.89", "2018-06-30": "$2.70", "2018-03-31": "$2.24", "2017-12-31": "$1.58", "2017-09-30": "$1.84", "2017-06-30": "$1.67", "2017-03-31": "$1.60", "2016-12-31": "$1.94", "2016-09-30": "$2.31", "2016-06-30": "$3.00", "2016-03-31": "$3.50", "2015-12-31": "$4.45", "2015-09-30": "$3.83", "2015-06-30": "$3.73", "2015-03-31": "$4.07", "2014-12-31": "$2.83", "2014-09-30": "$3.13", "2014-06-30": "$2.59", "2014-03-31": "$1.58", "2013-12-31": "$1.83", "2013-09-30": "$1.82", "2013-06-30": "$2.48", "2013-03-31": "$2.80", "2012-12-31": "$2.46", "2012-09-30": "$2.16", "2012-06-30": "$1.78", "2012-03-31": "$1.48", "2011-12-31": "$1.22", "2011-09-30": "$1.15", "2011-06-30": "$1.10", "2011-03-31": "$1.29", "2010-12-31": "$1.15", "2010-09-30": "$1.52", "2010-06-30": "$1.62", "2010-03-31": "$1.32", "2009-12-31": "$2.68", "2009-09-30": "$2.22", "2009-06-30": "$2.54", "2009-03-31": "$2.88", "2008-12-31": "$1.42", "2008-09-30": "$1.43", "2008-06-30": "$1.42", "2008-03-31": "$1.11", "2007-12-31": "$0.98", "2007-09-30": "$1.46", "2007-06-30": "$1.45", "2007-03-31": "$1.45", "2006-12-31": "$0.28"}, "net worth": {"value": "$7.77B"}, "current ratio": {"current": "1.04", "2020-12-31": "1.04", "2020-09-30": "0.88", "2020-06-30": "0.95", "2020-03-31": "0.89", "2019-12-31": "0.81", "2019-09-30": "0.77", "2019-06-30": "1.08", "2019-03-31": "1.23", "2018-12-31": "1.03", "2018-09-30": "1.09", "2018-06-30": "1.15", "2018-03-31": "1.22", "2017-12-31": "0.98", "2017-09-30": "1.00", "2017-06-30": "1.23", "2017-03-31": "1.42", "2016-12-31": "1.21", "2016-09-30": "0.99", "2016-06-30": "1.19", "2016-03-31": "1.16", "2015-12-31": "0.88", "2015-09-30": "0.87", "2015-06-30": "1.16", "2015-03-31": "1.06", "2014-12-31": "1.04", "2014-09-30": "1.16", "2014-06-30": "1.35", "2014-03-31": "1.38", "2013-12-31": "1.19", "2013-09-30": "1.14", "2013-06-30": "1.16", "2013-03-31": "1.24", "2012-12-31": "1.06", "2012-09-30": "0.99", "2012-06-30": "1.17", "2012-03-31": "1.31", "2011-12-31": "1.07", "2011-09-30": "1.21", "2011-06-30": "1.25", "2011-03-31": "1.29", "2010-12-31": "0.81", "2010-09-30": "0.73", "2010-06-30": "0.83", "2010-03-31": "0.90", "2009-12-31": "1.15", "2009-09-30": "1.08", "2009-06-30": "1.23", "2009-03-31": "1.17", "2008-12-31": "1.00", "2008-09-30": "1.13", "2008-06-30": "1.29", "2008-03-31": "1.24", "2007-12-31": "1.15", "2007-09-30": "1.11", "2007-06-30": "1.29", "2007-03-31": "1.26", "2006-12-31": "1.05", "2006-09-30": "1.01", "2006-06-30": "1.42", "2006-03-31": "1.39", "2005-12-31": "1.05", "2005-09-30": "1.01", "2005-06-30": "1.01", "2005-03-31": "1.07"}, "quick ratio": {"2020-12-31": "0.91", "2020-09-30": "0.74", "2020-06-30": "0.83", "2020-03-31": "0.80", "2019-12-31": "0.71", "2019-09-30": "0.66", "2019-06-30": "0.94", "2019-03-31": "1.10", "2018-12-31": "0.89", "2018-09-30": "0.91", "2018-06-30": "0.99", "2018-03-31": "1.10", "2017-12-31": "0.85", "2017-09-30": "0.84", "2017-06-30": "1.06", "2017-03-31": "1.27", "2016-12-31": "1.07", "2016-09-30": "0.84", "2016-06-30": "1.07", "2016-03-31": "1.04", "2015-12-31": "0.75", "2015-09-30": "0.73", "2015-06-30": "1.01", "2015-03-31": "0.95", "2014-12-31": "0.84", "2014-09-30": "0.87", "2014-06-30": "1.08", "2014-03-31": "1.18", "2013-12-31": "0.97", "2013-09-30": "0.89", "2013-06-30": "0.93", "2013-03-31": "1.06", "2012-12-31": "0.85", "2012-09-30": "0.75", "2012-06-30": "0.93", "2012-03-31": "1.07", "2011-12-31": "0.82", "2011-09-30": "0.88", "2011-06-30": "0.98", "2011-03-31": "1.11", "2010-12-31": "0.62", "2010-09-30": "0.54", "2010-06-30": "0.65", "2010-03-31": "0.76", "2009-12-31": "0.87", "2009-09-30": "0.75", "2009-06-30": "0.94", "2009-03-31": "1.03", "2008-12-31": "0.81", "2008-09-30": "0.79", "2008-06-30": "1.00", "2008-03-31": "1.06", "2007-12-31": "0.88", "2007-09-30": "0.77", "2007-06-30": "0.98", "2007-03-31": "1.07", "2006-12-31": "0.77", "2006-09-30": "0.68", "2006-06-30": "1.15", "2006-03-31": "1.21", "2005-12-31": "0.89", "2005-09-30": "0.80", "2005-06-30": "0.83", "2005-03-31": "0.95"}, "debt equity ratio": {"current": "1.45", "2020-12-31": "2.31", "2020-09-30": "2.38", "2020-06-30": "2.35", "2020-03-31": "2.46", "2019-12-31": "2.57", "2019-09-30": "2.49", "2019-06-30": "1.88", "2019-03-31": "1.86", "2018-12-31": "2.06", "2018-09-30": "1.92", "2018-06-30": "1.81", "2018-03-31": "1.82", "2017-12-31": "2.02", "2017-09-30": "2.10", "2017-06-30": "1.93", "2017-03-31": "1.89", "2016-12-31": "2.03", "2016-09-30": "2.02", "2016-06-30": "1.89", "2016-03-31": "1.78", "2015-12-31": "1.99", "2015-09-30": "1.94", "2015-06-30": "1.82", "2015-03-31": "1.62", "2014-12-31": "1.93", "2014-09-30": "1.76", "2014-06-30": "1.60", "2014-03-31": "1.68", "2013-12-31": "1.87", "2013-09-30": "1.82", "2013-06-30": "1.70", "2013-03-31": "1.75", "2012-12-31": "1.95", "2012-09-30": "1.92", "2012-06-30": "1.81", "2012-03-31": "1.76", "2011-12-31": "2.25", "2011-09-30": "2.04", "2011-06-30": "1.80", "2011-03-31": "1.82", "2010-12-31": "2.08", "2010-09-30": "2.09", "2010-06-30": "1.93", "2010-03-31": "2.02", "2009-12-31": "2.31", "2009-09-30": "2.33", "2009-06-30": "2.20", "2009-03-31": "2.42", "2008-12-31": "3.17", "2008-09-30": "3.01", "2008-06-30": "2.77", "2008-03-31": "2.95", "2007-12-31": "3.32", "2007-09-30": "3.16", "2007-06-30": "3.02", "2007-03-31": "3.18", "2006-12-31": "3.64", "2006-09-30": "3.62", "2006-06-30": "3.05", "2006-03-31": "3.25", "2005-12-31": "3.99", "2005-09-30": "3.58", "2005-06-30": "3.42", "2005-03-31": "3.58"}, "return on equity": {"2020-12-31": "14.83%", "2020-09-30": "13.00%", "2020-06-30": "11.73%", "2020-03-31": "9.54%", "2019-12-31": "9.88%", "2019-09-30": "6.23%", "2019-06-30": "7.98%", "2019-03-31": "9.25%", "2018-12-31": "9.93%", "2018-09-30": "17.09%", "2018-06-30": "16.97%", "2018-03-31": "15.62%", "2017-12-31": "14.67%", "2017-09-30": "11.46%", "2017-06-30": "10.27%", "2017-03-31": "12.40%", "2016-12-31": "12.75%", "2016-09-30": "9.77%", "2016-06-30": "10.72%", "2016-03-31": "9.42%", "2015-12-31": "9.82%", "2015-09-30": "7.65%", "2015-06-30": "7.31%", "2015-03-31": "7.53%", "2014-12-31": "6.60%", "2014-09-30": "8.83%", "2014-06-30": "9.06%", "2014-03-31": "8.89%", "2013-12-31": "8.16%", "2013-09-30": "7.79%", "2013-06-30": "8.20%", "2013-03-31": "7.88%", "2012-12-31": "6.52%", "2012-09-30": "6.66%", "2012-06-30": "7.10%", "2012-03-31": "7.78%", "2011-12-31": "9.51%", "2011-09-30": "10.62%", "2011-06-30": "11.30%", "2011-03-31": "12.26%", "2010-12-31": "13.16%", "2010-09-30": "12.84%", "2010-06-30": "12.58%", "2010-03-31": "12.46%", "2009-12-31": "13.02%", "2009-09-30": "14.75%", "2009-06-30": "15.94%", "2009-03-31": "17.85%", "2008-12-31": "16.47%", "2008-09-30": "14.51%", "2008-06-30": "15.91%", "2008-03-31": "16.42%", "2007-12-31": "16.74%", "2007-09-30": "16.14%", "2007-06-30": "15.64%", "2007-03-31": "16.76%", "2006-12-31": "16.05%", "2006-09-30": "16.22%", "2006-06-30": "16.14%", "2006-03-31": "15.02%", "2005-12-31": "16.66%"}, "return on assets": {"2020-12-31": "4.40%", "2020-09-30": "3.78%", "2020-06-30": "3.39%", "2020-03-31": "2.86%", "2019-12-31": "3.10%", "2019-09-30": "2.04%", "2019-06-30": "2.73%", "2019-03-31": "3.18%", "2018-12-31": "3.43%", "2018-09-30": "5.91%", "2018-06-30": "5.80%", "2018-03-31": "5.28%", "2017-12-31": "4.91%", "2017-09-30": "3.84%", "2017-06-30": "3.47%", "2017-03-31": "4.19%", "2016-12-31": "4.36%", "2016-09-30": "3.35%", "2016-06-30": "3.70%", "2016-03-31": "3.27%", "2015-12-31": "3.46%", "2015-09-30": "2.71%", "2015-06-30": "2.63%", "2015-03-31": "2.77%", "2014-12-31": "2.41%", "2014-09-30": "3.24%", "2014-06-30": "3.31%", "2014-03-31": "3.21%", "2013-12-31": "2.93%", "2013-09-30": "2.78%", "2013-06-30": "2.90%", "2013-03-31": "2.76%", "2012-12-31": "2.28%", "2012-09-30": "2.29%", "2012-06-30": "2.43%", "2012-03-31": "2.65%", "2011-12-31": "3.20%", "2011-09-30": "3.62%", "2011-06-30": "3.84%", "2011-03-31": "4.12%", "2010-12-31": "4.34%", "2010-09-30": "4.16%", "2010-06-30": "4.01%", "2010-03-31": "3.88%", "2009-12-31": "3.93%", "2009-09-30": "4.21%", "2009-06-30": "4.35%", "2009-03-31": "4.67%", "2008-12-31": "4.14%", "2008-09-30": "3.62%", "2008-06-30": "3.94%", "2008-03-31": "4.00%", "2007-12-31": "4.01%", "2007-09-30": "3.81%", "2007-06-30": "3.60%", "2007-03-31": "3.84%", "2006-12-31": "3.66%", "2006-09-30": "3.63%", "2006-06-30": "3.63%", "2006-03-31": "3.30%", "2005-12-31": "3.59%"}, "return on investments": {"2020-12-31": "10.92%", "2020-09-30": "9.84%", "2020-06-30": "8.26%", "2020-03-31": "6.88%", "2019-12-31": "9.06%", "2019-09-30": "7.09%", "2019-06-30": "9.14%", "2019-03-31": "9.42%", "2018-12-31": "10.04%", "2018-09-30": "12.79%", "2018-06-30": "12.79%", "2018-03-31": "12.56%", "2017-12-31": "11.84%", "2017-09-30": "12.90%", "2017-06-30": "11.48%", "2017-03-31": "13.66%", "2016-12-31": "15.21%", "2016-09-30": "13.42%", "2016-06-30": "14.73%", "2016-03-31": "13.45%", "2015-12-31": "15.01%", "2015-09-30": "11.88%", "2015-06-30": "11.80%", "2015-03-31": "11.90%", "2014-12-31": "10.05%", "2014-09-30": "13.76%", "2014-06-30": "13.72%", "2014-03-31": "13.64%", "2013-12-31": "12.73%", "2013-09-30": "11.94%", "2013-06-30": "12.14%", "2013-03-31": "11.26%", "2012-12-31": "9.35%", "2012-09-30": "8.59%", "2012-06-30": "10.33%", "2012-03-31": "12.31%", "2011-12-31": "13.69%", "2011-09-30": "15.24%", "2011-06-30": "15.56%", "2011-03-31": "16.93%", "2010-12-31": "18.26%", "2010-09-30": "18.19%", "2010-06-30": "16.89%", "2010-03-31": "16.44%", "2009-12-31": "16.37%", "2009-09-30": "17.94%", "2009-06-30": "20.05%", "2009-03-31": "20.89%", "2008-12-31": "19.27%", "2008-09-30": "16.62%", "2008-06-30": "17.84%", "2008-03-31": "18.06%", "2007-12-31": "18.13%", "2007-09-30": "17.77%", "2007-06-30": "16.71%", "2007-03-31": "17.07%", "2006-12-31": "16.25%", "2006-09-30": "16.92%", "2006-06-30": "18.21%", "2006-03-31": "18.76%", "2005-12-31": "20.58%"}, "return on tangible equity": {"2020-12-31": "3278.95%", "2020-09-30": "-665.00%", "2020-06-30": "-314.00%", "2020-03-31": "-3200.00%", "2019-12-31": "231.61%", "2019-09-30": "80.70%", "2019-06-30": "65.48%", "2019-03-31": "76.36%", "2018-12-31": "86.97%", "2018-09-30": "161.03%", "2018-06-30": "202.32%", "2018-03-31": "230.25%", "2017-12-31": "240.08%", "2017-09-30": "186.75%", "2017-06-30": "165.11%", "2017-03-31": "192.99%", "2016-12-31": "223.72%", "2016-09-30": "225.66%", "2016-06-30": "253.97%", "2016-03-31": "258.04%", "2015-12-31": "175.36%", "2015-09-30": "114.29%", "2015-06-30": "88.06%", "2015-03-31": "77.42%", "2014-12-31": "73.78%", "2014-09-30": "96.22%", "2014-06-30": "113.01%", "2014-03-31": "133.20%", "2013-12-31": "156.64%", "2013-09-30": "231.06%", "2013-06-30": "451.56%", "2013-03-31": "3223.53%", "2012-12-31": "-877.67%", "2012-09-30": "236.62%", "2012-06-30": "81.85%", "2012-03-31": "49.42%", "2011-12-31": "39.82%", "2011-09-30": "42.98%", "2011-06-30": "47.86%", "2011-03-31": "55.65%", "2010-12-31": "67.24%", "2010-09-30": "76.08%", "2010-06-30": "90.89%", "2010-03-31": "114.01%", "2009-12-31": "173.38%", "2009-09-30": "526.53%", "2009-06-30": "-1052.00%", "2009-03-31": "-286.58%", "2008-12-31": "-139.44%", "2008-09-30": "-99.54%", "2008-06-30": "-94.05%", "2008-03-31": "-80.70%", "2007-12-31": "-72.64%", "2007-09-30": "-58.74%", "2007-06-30": "-49.74%", "2007-03-31": "-52.85%", "2006-12-31": "-49.52%", "2006-09-30": "-51.01%", "2006-06-30": "-52.44%", "2006-03-31": "-41.73%", "2005-12-31": "-40.07%"}, "dividend yield history": {"last payout": "$1.32", "last yield": "3.54%"}}