{"ticker": "UHS", "price": {"title": "Universal Health Services Historical Annual Stock Price Data", "value": 130.04, "historical": {"2021": {"Average Stock Price": "132.0271", "Year Open": "135.2800", "Year High": "142.4600", "Year Low": "124.6800", "Year Close": "130.0400", "Annual % Change": "-5.43%"}, "2020": {"Average Stock Price": "114.4619", "Year Open": "142.3100", "Year High": "147.7800", "Year Low": "67.6900", "Year Close": "137.5000", "Annual % Change": "-4.15%"}, "2019": {"Average Stock Price": "136.0175", "Year Open": "117.4400", "Year High": "155.3700", "Year Low": "115.9800", "Year Close": "143.4600", "Annual % Change": "23.08%"}, "2018": {"Average Stock Price": "121.0900", "Year Open": "115.6000", "Year High": "137.9900", "Year Low": "110.1500", "Year Close": "116.5600", "Annual % Change": "2.83%"}, "2017": {"Average Stock Price": "114.1510", "Year Open": "106.7100", "Year High": "126.6500", "Year Low": "95.7700", "Year Close": "113.3500", "Annual % Change": "6.55%"}, "2016": {"Average Stock Price": "122.4881", "Year Open": "117.9200", "Year High": "138.7400", "Year Low": "101.5500", "Year Close": "106.3800", "Annual % Change": "-10.97%"}, "2015": {"Average Stock Price": "124.4819", "Year Open": "110.9700", "Year High": "146.2400", "Year Low": "102.5300", "Year Close": "119.4900", "Annual % Change": "7.40%"}, "2014": {"Average Stock Price": "94.7385", "Year Open": "80.6200", "Year High": "114.8400", "Year Low": "74.3500", "Year Close": "111.2600", "Annual % Change": "36.92%"}, "2013": {"Average Stock Price": "68.4120", "Year Open": "49.6900", "Year High": "83.1200", "Year Low": "49.6900", "Year Close": "81.2600", "Annual % Change": "68.07%"}, "2012": {"Average Stock Price": "42.0604", "Year Open": "37.7100", "Year High": "49.4600", "Year Low": "36.8200", "Year Close": "48.3500", "Annual % Change": "24.42%"}, "2011": {"Average Stock Price": "44.4975", "Year Open": "43.4300", "Year High": "56.4100", "Year Low": "31.9100", "Year Close": "38.8600", "Annual % Change": "-10.50%"}, "2010": {"Average Stock Price": "36.9094", "Year Open": "31.1500", "Year High": "43.7400", "Year Low": "28.7500", "Year Close": "43.4200", "Annual % Change": "42.36%"}, "2009": {"Average Stock Price": "25.4957", "Year Open": "19.0600", "Year High": "33.1750", "Year Low": "15.3900", "Year Close": "30.5000", "Annual % Change": "62.36%"}, "2008": {"Average Stock Price": "26.5454", "Year Open": "25.2500", "Year High": "32.5400", "Year Low": "16.2200", "Year Close": "18.7850", "Annual % Change": "-26.62%"}, "2007": {"Average Stock Price": "27.8480", "Year Open": "27.9050", "Year High": "31.5000", "Year Low": "24.2250", "Year Close": "25.6000", "Annual % Change": "-7.63%"}, "2006": {"Average Stock Price": "26.2407", "Year Open": "23.4500", "Year High": "30.0350", "Year Low": "22.6350", "Year Close": "27.7150", "Annual % Change": "18.59%"}, "2005": {"Average Stock Price": "25.6429", "Year Open": "22.0000", "Year High": "31.6000", "Year Low": "21.2100", "Year Close": "23.3700", "Annual % Change": "5.03%"}, "2004": {"Average Stock Price": "22.9558", "Year Open": "26.8050", "Year High": "28.2550", "Year Low": "19.9350", "Year Close": "22.2500", "Annual % Change": "-17.16%"}, "2003": {"Average Stock Price": "22.6883", "Year Open": "23.2750", "Year High": "27.1500", "Year Low": "17.3850", "Year Close": "26.8600", "Annual % Change": "19.11%"}, "2002": {"Average Stock Price": "22.7765", "Year Open": "21.2500", "Year High": "28.1000", "Year Low": "18.9000", "Year Close": "22.5500", "Annual % Change": "5.42%"}, "2001": {"Average Stock Price": "22.0705", "Year Open": "25.1750", "Year High": "26.3000", "Year Low": "18.9075", "Year Close": "21.3900", "Annual % Change": "-23.47%"}, "2000": {"Average Stock Price": "16.3665", "Year Open": "9.3125", "Year High": "27.9500", "Year Low": "9.1250", "Year Close": "27.9500", "Annual % Change": "210.56%"}, "1999": {"Average Stock Price": "10.0183", "Year Open": "13.1875", "Year High": "13.7200", "Year Low": "5.9225", "Year Close": "9.0000", "Annual % Change": "-30.61%"}, "1998": {"Average Stock Price": "12.8395", "Year Open": "12.3900", "Year High": "14.9075", "Year Low": "9.6875", "Year Close": "12.9700", "Annual % Change": "2.98%"}, "1997": {"Average Stock Price": "9.7827", "Year Open": "6.9700", "Year High": "12.5950", "Year Low": "6.9700", "Year Close": "12.5950", "Annual % Change": "76.03%"}, "1996": {"Average Stock Price": "6.5006", "Year Open": "5.5775", "Year High": "7.5313", "Year Low": "5.4225", "Year Close": "7.1550", "Annual % Change": "28.98%"}, "1995": {"Average Stock Price": "3.8695", "Year Open": "3.0000", "Year High": "5.5475", "Year Low": "2.8438", "Year Close": "5.5475", "Annual % Change": "81.14%"}, "1994": {"Average Stock Price": "3.1701", "Year Open": "2.4525", "Year High": "3.6875", "Year Low": "2.4063", "Year Close": "3.0625", "Annual % Change": "20.99%"}, "1993": {"Average Stock Price": "1.9950", "Year Open": "1.8125", "Year High": "2.5775", "Year Low": "1.5775", "Year Close": "2.5313", "Annual % Change": "43.42%"}, "1992": {"Average Stock Price": "1.6365", "Year Open": "1.6400", "Year High": "1.9375", "Year Low": "1.3900", "Year Close": "1.7650", "Annual % Change": "2.69%"}, "1991": {"Average Stock Price": "1.7266", "Year Open": "1.1100", "Year High": "2.2025", "Year Low": "1.0150", "Year Close": "1.7188", "Annual % Change": "50.77%"}}}, "market cap": {"value": "$11.09B"}, "income statement": {"Revenue": {"2019-12-31": "11378.26000", "2018-12-31": "10772.28000", "2017-12-31": "10409.87000", "2016-12-31": "9766.21000", "2015-12-31": "9043.45100", "2014-12-31": "8205.08800", "2013-12-31": "7367.87300", "2012-12-31": "6961.40000", "2011-12-31": "6760.22200", "2010-12-31": "4900.14700", "2009-12-31": "5202.37900", "2008-12-31": "5022.41700", "2007-12-31": "4683.15000", "2006-12-31": "4124.69200", "2005-12-31": "3935.48000"}, "Cost Of Goods Sold": {"2019-12-31": "1251.34600", "2018-12-31": "1168.65400", "2017-12-31": "1105.09600", "2016-12-31": "1031.33700", "2015-12-31": "974.08800", "2014-12-31": "895.69300", "2013-12-31": "821.08900", "2012-12-31": "799.62100", "2011-12-31": "805.48900", "2010-12-31": "716.92500", "2009-12-31": "699.24900", "2008-12-31": "694.47700", "2007-12-31": "666.32000", "2006-12-31": "547.91500", "2005-12-31": "489.99890"}, "Gross Profit": {"2019-12-31": "10126.91000", "2018-12-31": "9603.62400", "2017-12-31": "9304.77000", "2016-12-31": "8734.87300", "2015-12-31": "8069.36300", "2014-12-31": "7309.39500", "2013-12-31": "6546.78400", "2012-12-31": "6161.77900", "2011-12-31": "5954.73300", "2010-12-31": "4183.22200", "2009-12-31": "4503.13000", "2008-12-31": "4327.94000", "2007-12-31": "4016.83000", "2006-12-31": "3576.77700", "2005-12-31": "3445.48100"}, "Research And Development Expenses": {"2019-12-31": "", "2018-12-31": "", "2017-12-31": "", "2016-12-31": "", "2015-12-31": "", "2014-12-31": "", "2013-12-31": "", "2012-12-31": "", "2011-12-31": "", "2010-12-31": "", "2009-12-31": "", "2008-12-31": "", "2007-12-31": "", "2006-12-31": "", "2005-12-31": ""}, "SG&A Expenses": {"2019-12-31": "5588.89300", "2018-12-31": "5254.53600", "2017-12-31": "4980.63700", "2016-12-31": "4585.53000", "2015-12-31": "4212.38700", "2014-12-31": "3845.46100", "2013-12-31": "3604.62000", "2012-12-31": "3440.91700", "2011-12-31": "3326.37800", "2010-12-31": "2363.38300", "2009-12-31": "2204.42200", "2008-12-31": "2133.18100", "2007-12-31": "2004.99500", "2006-12-31": "1765.16200", "2005-12-31": "1625.99600"}, "Other Operating Income Or Expenses": {"2019-12-31": "-2723.91100", "2018-12-31": "-2614.68700", "2017-12-31": "-2493.06200", "2016-12-31": "-2354.00000", "2015-12-31": "-2103.99000", "2014-12-31": "-1931.01200", "2013-12-31": "-1491.77100", "2012-12-31": "-1380.97000", "2011-12-31": "-1353.69300", "2010-12-31": "-1021.83200", "2009-12-31": "-1503.52600", "2008-12-31": "-1521.02300", "2007-12-31": "-1393.15700", "2006-12-31": "-1265.21900", "2005-12-31": "-1372.49500"}, "Operating Expenses": {"2019-12-31": "10162.35000", "2018-12-31": "9597.01700", "2017-12-31": "9129.68800", "2016-12-31": "8484.79900", "2015-12-31": "7784.05700", "2014-12-31": "7141.78300", "2013-12-31": "6352.41000", "2012-12-31": "6018.81800", "2011-12-31": "5863.09400", "2010-12-31": "4394.43300", "2009-12-31": "4681.84700", "2008-12-31": "4612.19800", "2007-12-31": "4312.89600", "2006-12-31": "3802.96700", "2005-12-31": "3704.75800"}, "Operating Income": {"2019-12-31": "1215.90800", "2018-12-31": "1175.26200", "2017-12-31": "1280.17800", "2016-12-31": "1281.41100", "2015-12-31": "1259.39500", "2014-12-31": "1063.30500", "2013-12-31": "1015.46300", "2012-12-31": "942.58150", "2011-12-31": "897.12790", "2010-12-31": "505.71390", "2009-12-31": "520.53170", "2008-12-31": "410.21880", "2007-12-31": "370.25390", "2006-12-31": "321.72510", "2005-12-31": "230.72220"}, "Total Non-Operating Income/Expense": {"2019-12-31": "-149.57100", "2018-12-31": "-140.73700", "2017-12-31": "-145.16900", "2016-12-31": "-125.05300", "2015-12-31": "-113.49400", "2014-12-31": "-133.63800", "2013-12-31": "-146.13100", "2012-12-31": "-178.91800", "2011-12-31": "-200.79200", "2010-12-31": "-77.61700", "2009-12-31": "-45.81000", "2008-12-31": "-53.20700", "2007-12-31": "-51.62600", "2006-12-31": "-69.30700", "2005-12-31": "-58.57800"}, "Pre-Tax Income": {"2019-12-31": "1066.33700", "2018-12-31": "1034.52500", "2017-12-31": "1135.00900", "2016-12-31": "1156.35800", "2015-12-31": "1145.90100", "2014-12-31": "929.66700", "2013-12-31": "869.33200", "2012-12-31": "763.66300", "2011-12-31": "696.33600", "2010-12-31": "428.09700", "2009-12-31": "474.72200", "2008-12-31": "357.01200", "2007-12-31": "318.62800", "2006-12-31": "252.41800", "2005-12-31": "172.14400"}, "Income Taxes": {"2019-12-31": "238.79400", "2018-12-31": "236.64200", "2017-12-31": "363.69700", "2016-12-31": "409.18700", "2015-12-31": "395.20300", "2014-12-31": "324.67100", "2013-12-31": "315.30900", "2012-12-31": "274.61600", "2011-12-31": "247.46600", "2010-12-31": "152.30200", "2009-12-31": "170.47500", "2008-12-31": "123.37800", "2007-12-31": "104.62500", "2006-12-31": "93.21800", "2005-12-31": "62.30100"}, "Income After Taxes": {"2019-12-31": "827.54300", "2018-12-31": "797.88310", "2017-12-31": "771.31200", "2016-12-31": "747.17100", "2015-12-31": "750.69800", "2014-12-31": "604.99600", "2013-12-31": "554.02290", "2012-12-31": "489.04700", "2011-12-31": "448.87000", "2010-12-31": "275.79500", "2009-12-31": "304.24700", "2008-12-31": "233.63400", "2007-12-31": "214.00300", "2006-12-31": "159.20000", "2005-12-31": "109.84300"}, "Other Income": {"2019-12-31": "", "2018-12-31": "", "2017-12-31": "", "2016-12-31": "", "2015-12-31": "", "2014-12-31": "", "2013-12-31": "", "2012-12-31": "", "2011-12-31": "", "2010-12-31": "", "2009-12-31": "", "2008-12-31": "", "2007-12-31": "", "2006-12-31": "", "2005-12-31": ""}, "Income From Continuous Operations": {"2019-12-31": "827.54300", "2018-12-31": "797.88310", "2017-12-31": "771.31200", "2016-12-31": "747.17100", "2015-12-31": "750.69800", "2014-12-31": "604.99600", "2013-12-31": "554.02290", "2012-12-31": "489.04700", "2011-12-31": "448.87000", "2010-12-31": "275.79500", "2009-12-31": "304.24700", "2008-12-31": "233.63400", "2007-12-31": "214.00300", "2006-12-31": "159.20000", "2005-12-31": "109.84300"}, "Income From Discontinued Operations": {"2019-12-31": "", "2018-12-31": "", "2017-12-31": "", "2016-12-31": "", "2015-12-31": "", "2014-12-31": "", "2013-12-31": "", "2012-12-31": "", "2011-12-31": "", "2010-12-31": "", "2009-12-31": "", "2008-12-31": "6.43600", "2007-12-31": "-0.25500", "2006-12-31": "100.25800", "2005-12-31": "131.00200"}, "Net Income": {"2019-12-31": "812.82600", "2018-12-31": "778.61400", "2017-12-31": "751.94100", "2016-12-31": "702.40900", "2015-12-31": "680.24700", "2014-12-31": "545.34300", "2013-12-31": "510.73300", "2012-12-31": "443.44600", "2011-12-31": "398.16700", "2010-12-31": "230.18300", "2009-12-31": "259.22700", "2008-12-31": "199.37700", "2007-12-31": "170.38700", "2006-12-31": "259.45800", "2005-12-31": "240.84500"}, "EBITDA": {"2019-12-31": "1706.30000", "2018-12-31": "1628.33800", "2017-12-31": "1728.06100", "2016-12-31": "1698.01900", "2015-12-31": "1658.01300", "2014-12-31": "1438.92900", "2013-12-31": "1352.81900", "2012-12-31": "1251.27100", "2011-12-31": "1192.98900", "2010-12-31": "729.71090", "2009-12-31": "725.23470", "2008-12-31": "605.98470", "2007-12-31": "553.53490", "2006-12-31": "491.78310", "2005-12-31": "407.08020"}, "EBIT": {"2019-12-31": "1215.90800", "2018-12-31": "1175.26200", "2017-12-31": "1280.17800", "2016-12-31": "1281.41100", "2015-12-31": "1259.39500", "2014-12-31": "1063.30500", "2013-12-31": "1015.46300", "2012-12-31": "942.58150", "2011-12-31": "897.12790", "2010-12-31": "505.71390", "2009-12-31": "520.53170", "2008-12-31": "410.21880", "2007-12-31": "370.25390", "2006-12-31": "321.72510", "2005-12-31": "230.72220"}, "Basic Shares Outstanding": {"2019-12-31": "88.76200", "2018-12-31": "93.27600", "2017-12-31": "95.65200", "2016-12-31": "97.20800", "2015-12-31": "98.79700", "2014-12-31": "98.82600", "2013-12-31": "98.03300", "2012-12-31": "96.82100", "2011-12-31": "97.19900", "2010-12-31": "96.78600", "2009-12-31": "97.79400", "2008-12-31": "101.22200", "2007-12-31": "106.76200", "2006-12-31": "109.11400", "2005-12-31": "111.31600"}, "Shares Outstanding": {"2019-12-31": "89.04000", "2018-12-31": "93.75000", "2017-12-31": "96.32500", "2016-12-31": "98.38000", "2015-12-31": "100.69400", "2014-12-31": "100.54400", "2013-12-31": "99.36100", "2012-12-31": "97.71100", "2011-12-31": "98.53700", "2010-12-31": "97.97300", "2009-12-31": "98.27500", "2008-12-31": "101.41800", "2007-12-31": "106.87800", "2006-12-31": "115.81600", "2005-12-31": "125.29400"}, "Basic EPS": {"2019-12-31": "9.16000", "2018-12-31": "8.35000", "2017-12-31": "7.86000", "2016-12-31": "7.22000", "2015-12-31": "6.89000", "2014-12-31": "5.52000", "2013-12-31": "5.21000", "2012-12-31": "4.57000", "2011-12-31": "4.09000", "2010-12-31": "2.37000", "2009-12-31": "2.65000", "2008-12-31": "1.96000", "2007-12-31": "1.59000", "2006-12-31": "2.38000", "2005-12-31": "2.16500"}, "EPS - Earnings Per Share": {"2019-12-31": "9.13000", "2018-12-31": "8.31000", "2017-12-31": "7.81000", "2016-12-31": "7.14000", "2015-12-31": "6.76000", "2014-12-31": "5.42000", "2013-12-31": "5.14000", "2012-12-31": "4.53000", "2011-12-31": "4.04000", "2010-12-31": "2.34000", "2009-12-31": "2.64000", "2008-12-31": "1.96000", "2007-12-31": "1.59000", "2006-12-31": "2.28000", "2005-12-31": "2.00000"}}, "income statement, quarterly": {"Revenue": {"2020-09-30": "2912.54100", "2020-06-30": "2729.75400", "2020-03-31": "2829.66700", "2019-12-31": "2896.24700", "2019-09-30": "2822.45300", "2019-06-30": "2855.16800", "2019-03-31": "2804.39100", "2018-12-31": "2754.49600", "2018-09-30": "2648.91300", "2018-06-30": "2681.35300", "2018-03-31": "2687.51600", "2017-12-31": "2642.78700", "2017-09-30": "2541.86400", "2017-06-30": "2612.35600", "2017-03-31": "2612.85800", "2016-12-31": "2475.68500", "2016-09-30": "2409.87200", "2016-06-30": "2430.85500", "2016-03-31": "2449.79800", "2015-12-31": "2315.23900", "2015-09-30": "2227.65500", "2015-06-30": "2275.20400", "2015-03-31": "2225.35300", "2014-12-31": "2176.29100", "2014-09-30": "2038.71700", "2014-06-30": "2051.76600", "2014-03-31": "1938.31400", "2013-12-31": "1884.89700", "2013-09-30": "1816.36900", "2013-06-30": "1834.97500", "2013-03-31": "1831.63200", "2012-12-31": "1764.92800", "2012-09-30": "1680.35300", "2012-06-30": "1723.08300", "2012-03-31": "1793.03600", "2011-12-31": "1625.67100", "2011-09-30": "1662.67500", "2011-06-30": "1714.46400", "2011-03-31": "1757.41200", "2010-12-31": "891.41490", "2010-09-30": "1323.26400", "2010-06-30": "1338.31500", "2010-03-31": "1347.15300", "2009-12-31": "1291.21100", "2009-09-30": "1295.10900", "2009-06-30": "1303.64000", "2009-03-31": "1312.41900", "2008-12-31": "1237.40200", "2008-09-30": "1244.46200", "2008-06-30": "1262.57700", "2008-03-31": "1277.97600", "2007-12-31": "1142.96800", "2007-09-30": "1163.60500", "2007-06-30": "1178.97600", "2007-03-31": "1197.60100", "2006-12-31": "999.27290", "2006-09-30": "1043.45700", "2006-06-30": "1047.67300", "2006-03-31": "1034.28900", "2005-12-31": "967.17500", "2005-09-30": "970.77200", "2005-06-30": "990.88800", "2005-03-31": "1006.64500"}, "Cost Of Goods Sold": {"2020-09-30": "335.40900", "2020-06-30": "283.57200", "2020-03-31": "317.82700", "2019-12-31": "324.08990", "2019-09-30": "313.93600", "2019-06-30": "305.85700", "2019-03-31": "307.46300", "2018-12-31": "300.79110", "2018-09-30": "285.20100", "2018-06-30": "289.73300", "2018-03-31": "292.92900", "2017-12-31": "284.85390", "2017-09-30": "268.08900", "2017-06-30": "274.53900", "2017-03-31": "277.61400", "2016-12-31": "263.87210", "2016-09-30": "257.79300", "2016-06-30": "254.42200", "2016-03-31": "255.25000", "2015-12-31": "252.10900", "2015-09-30": "242.25900", "2015-06-30": "240.97900", "2015-03-31": "238.74100", "2014-12-31": "233.41300", "2014-09-30": "222.70800", "2014-06-30": "223.77400", "2014-03-31": "215.79800", "2013-12-31": "207.10800", "2013-09-30": "206.99500", "2013-06-30": "202.34400", "2013-03-31": "204.64200", "2012-12-31": "204.69800", "2012-09-30": "191.74700", "2012-06-30": "197.81600", "2012-03-31": "205.36000", "2011-12-31": "197.52200", "2011-09-30": "198.79400", "2011-06-30": "202.00300", "2011-03-31": "207.17000", "2010-12-31": "173.15900", "2010-09-30": "180.02400", "2010-06-30": "179.92600", "2010-03-31": "183.81600", "2009-12-31": "177.21900", "2009-09-30": "171.65200", "2009-06-30": "176.41100", "2009-03-31": "173.96700", "2008-12-31": "170.23100", "2008-09-30": "170.74300", "2008-06-30": "174.26400", "2008-03-31": "179.23900", "2007-12-31": "161.52600", "2007-09-30": "160.19000", "2007-06-30": "169.24600", "2007-03-31": "175.35800", "2006-12-31": "147.64400", "2006-09-30": "146.94400", "2006-06-30": "124.81400", "2006-03-31": "128.51300", "2005-12-31": "120.21190", "2005-09-30": "117.12700", "2005-06-30": "126.12400", "2005-03-31": "126.53600"}, "Gross Profit": {"2020-09-30": "2577.13200", "2020-06-30": "2446.18200", "2020-03-31": "2511.84000", "2019-12-31": "2572.15700", "2019-09-30": "2508.51700", "2019-06-30": "2549.31100", "2019-03-31": "2496.92800", "2018-12-31": "2453.70500", "2018-09-30": "2363.71200", "2018-06-30": "2391.62000", "2018-03-31": "2394.58700", "2017-12-31": "2357.93300", "2017-09-30": "2273.77500", "2017-06-30": "2337.81700", "2017-03-31": "2335.24400", "2016-12-31": "2211.81300", "2016-09-30": "2152.07900", "2016-06-30": "2176.43300", "2016-03-31": "2194.54800", "2015-12-31": "2063.13000", "2015-09-30": "1985.39600", "2015-06-30": "2034.22500", "2015-03-31": "1986.61200", "2014-12-31": "1942.87800", "2014-09-30": "1816.00900", "2014-06-30": "1827.99200", "2014-03-31": "1722.51600", "2013-12-31": "1677.78900", "2013-09-30": "1609.37400", "2013-06-30": "1632.63100", "2013-03-31": "1626.99000", "2012-12-31": "1560.23000", "2012-09-30": "1488.60600", "2012-06-30": "1525.26700", "2012-03-31": "1587.67600", "2011-12-31": "1428.14900", "2011-09-30": "1463.88100", "2011-06-30": "1512.46100", "2011-03-31": "1550.24200", "2010-12-31": "718.25590", "2010-09-30": "1143.24000", "2010-06-30": "1158.38900", "2010-03-31": "1163.33700", "2009-12-31": "1113.99200", "2009-09-30": "1123.45700", "2009-06-30": "1127.22900", "2009-03-31": "1138.45200", "2008-12-31": "1067.17100", "2008-09-30": "1073.71900", "2008-06-30": "1088.31300", "2008-03-31": "1098.73700", "2007-12-31": "981.44190", "2007-09-30": "1003.41500", "2007-06-30": "1009.73000", "2007-03-31": "1022.24300", "2006-12-31": "851.62890", "2006-09-30": "896.51310", "2006-06-30": "922.85900", "2006-03-31": "905.77590", "2005-12-31": "846.96310", "2005-09-30": "853.64500", "2005-06-30": "864.76400", "2005-03-31": "880.10900"}, "Research And Development Expenses": {"2020-09-30": "", "2020-06-30": "", "2020-03-31": "", "2019-12-31": "", "2019-09-30": "", "2019-06-30": "", "2019-03-31": "", "2018-12-31": "", "2018-09-30": "", "2018-06-30": "", "2018-03-31": "", "2017-12-31": "", "2017-09-30": "", "2017-06-30": "", "2017-03-31": "", "2016-12-31": "", "2016-09-30": "", "2016-06-30": "", "2016-03-31": "", "2015-12-31": "", "2015-09-30": "", "2015-06-30": "", "2015-03-31": "", "2014-12-31": "", "2014-09-30": "", "2014-06-30": "", "2014-03-31": "", "2013-12-31": "", "2013-09-30": "", "2013-06-30": "", "2013-03-31": "", "2012-12-31": "", "2012-09-30": "", "2012-06-30": "", "2012-03-31": "", "2011-12-31": "", "2011-09-30": "", "2011-06-30": "", "2011-03-31": "", "2010-12-31": "", "2010-09-30": "", "2010-06-30": "", "2010-03-31": "", "2009-12-31": "", "2009-09-30": "", "2009-06-30": "", "2009-03-31": "", "2008-12-31": "", "2008-09-30": "", "2008-06-30": "", "2008-03-31": "", "2007-12-31": "", "2007-09-30": "", "2007-06-30": "", "2007-03-31": "", "2006-12-31": "", "2006-09-30": "", "2006-06-30": "", "2006-03-31": "", "2005-12-31": "", "2005-09-30": "", "2005-06-30": "", "2005-03-31": ""}, "SG&A Expenses": {"2020-09-30": "1406.34800", "2020-06-30": "1308.01000", "2020-03-31": "1432.66900", "2019-12-31": "1431.64000", "2019-09-30": "1408.22600", "2019-06-30": "1383.48100", "2019-03-31": "1365.54600", "2018-12-31": "1331.70400", "2018-09-30": "1316.71000", "2018-06-30": "1305.97400", "2018-03-31": "1300.14800", "2017-12-31": "1254.85100", "2017-09-30": "1251.52800", "2017-06-30": "1236.29400", "2017-03-31": "1237.96400", "2016-12-31": "1156.72900", "2016-09-30": "1149.72900", "2016-06-30": "1130.93300", "2016-03-31": "1148.13900", "2015-12-31": "1079.39400", "2015-09-30": "1057.22600", "2015-06-30": "1044.06400", "2015-03-31": "1031.70300", "2014-12-31": "994.59300", "2014-09-30": "953.58300", "2014-06-30": "961.92000", "2014-03-31": "935.36500", "2013-12-31": "901.77820", "2013-09-30": "903.21200", "2013-06-30": "897.33400", "2013-03-31": "902.29600", "2012-12-31": "875.86500", "2012-09-30": "838.07500", "2012-06-30": "854.86300", "2012-03-31": "872.11400", "2011-12-31": "815.34890", "2011-09-30": "828.60600", "2011-06-30": "836.55900", "2011-03-31": "845.86400", "2010-12-31": "648.16310", "2010-09-30": "572.74200", "2010-06-30": "563.55200", "2010-03-31": "578.92600", "2009-12-31": "562.93100", "2009-09-30": "558.24400", "2009-06-30": "541.95000", "2009-03-31": "541.29700", "2008-12-31": "532.66690", "2008-09-30": "530.85800", "2008-06-30": "528.08100", "2008-03-31": "541.57500", "2007-12-31": "493.06200", "2007-09-30": "502.36100", "2007-06-30": "498.57900", "2007-03-31": "510.99300", "2006-12-31": "429.07500", "2006-09-30": "459.09900", "2006-06-30": "434.75600", "2006-03-31": "442.23200", "2005-12-31": "415.82100", "2005-09-30": "395.93800", "2005-06-30": "407.89700", "2005-03-31": "406.34000"}, "Other Operating Income Or Expenses": {"2020-09-30": "-666.66500", "2020-06-30": "-625.74700", "2020-03-31": "-689.79000", "2019-12-31": "-644.39280", "2019-09-30": "-762.17400", "2019-06-30": "-672.56400", "2019-03-31": "-644.78000", "2018-12-31": "-717.94200", "2018-09-30": "-651.44200", "2018-06-30": "-624.48400", "2018-03-31": "-620.81900", "2017-12-31": "-624.98610", "2017-09-30": "-628.52300", "2017-06-30": "-632.19300", "2017-03-31": "-607.36000", "2016-12-31": "-609.15100", "2016-09-30": "-597.27000", "2016-06-30": "-585.99500", "2016-03-31": "-561.58400", "2015-12-31": "-534.68100", "2015-09-30": "-529.02700", "2015-06-30": "-534.31600", "2015-03-31": "-505.96600", "2014-12-31": "-504.54400", "2014-09-30": "-568.49900", "2014-06-30": "-458.49100", "2014-03-31": "-399.47800", "2013-12-31": "-419.59600", "2013-09-30": "-370.40100", "2013-06-30": "-325.47900", "2013-03-31": "-376.29500", "2012-12-31": "-305.25800", "2012-09-30": "-381.30600", "2012-06-30": "-343.10600", "2012-03-31": "-351.30000", "2011-12-31": "-310.92000", "2011-09-30": "-343.87300", "2011-06-30": "-349.45400", "2011-03-31": "-349.44600", "2010-12-31": "135.31900", "2010-09-30": "-391.85500", "2010-06-30": "-392.87800", "2010-03-31": "-372.41800", "2009-12-31": "-362.88500", "2009-09-30": "-394.87800", "2009-06-30": "-353.56400", "2009-03-31": "-392.19900", "2008-12-31": "-378.31990", "2008-09-30": "-394.30200", "2008-06-30": "-379.95900", "2008-03-31": "-368.44200", "2007-12-31": "-336.59690", "2007-09-30": "-370.35800", "2007-06-30": "-342.19000", "2007-03-31": "-344.01200", "2006-12-31": "-296.19700", "2006-09-30": "-309.77600", "2006-06-30": "-336.13800", "2006-03-31": "-323.10800", "2005-12-31": "-349.69800", "2005-09-30": "-379.03900", "2005-06-30": "-330.18500", "2005-03-31": "-313.57300"}, "Operating Expenses": {"2020-09-30": "2562.87100", "2020-06-30": "2371.72300", "2020-03-31": "2592.97300", "2019-12-31": "2555.26800", "2019-09-30": "2633.52400", "2019-06-30": "2509.60500", "2019-03-31": "2463.95400", "2018-12-31": "2494.67500", "2018-09-30": "2391.74900", "2018-06-30": "2356.89100", "2018-03-31": "2353.70200", "2017-12-31": "2304.04400", "2017-09-30": "2284.55400", "2017-06-30": "2282.16500", "2017-03-31": "2258.92500", "2016-12-31": "2161.45500", "2016-09-30": "2132.30300", "2016-06-30": "2097.56700", "2016-03-31": "2093.47400", "2015-12-31": "1993.44800", "2015-09-30": "1952.49800", "2015-06-30": "1939.81200", "2015-03-31": "1898.29900", "2014-12-31": "1854.00500", "2014-09-30": "1862.10600", "2014-06-30": "1758.33400", "2014-03-31": "1667.33800", "2013-12-31": "1642.29600", "2013-09-30": "1591.48300", "2013-06-30": "1530.92100", "2013-03-31": "1587.71000", "2012-12-31": "1490.41800", "2012-09-30": "1511.64100", "2012-06-30": "1492.75100", "2012-03-31": "1524.00800", "2011-12-31": "1416.72100", "2011-09-30": "1467.14700", "2011-06-30": "1482.22700", "2011-03-31": "1496.99900", "2010-12-31": "760.68200", "2010-09-30": "1218.58000", "2010-06-30": "1208.56600", "2010-03-31": "1206.60500", "2009-12-31": "1172.34900", "2009-09-30": "1193.23200", "2009-06-30": "1140.59700", "2009-03-31": "1175.66900", "2008-12-31": "1149.17000", "2008-09-30": "1161.96800", "2008-06-30": "1147.50600", "2008-03-31": "1153.55400", "2007-12-31": "1054.22300", "2007-09-30": "1096.64500", "2007-06-30": "1072.02600", "2007-03-31": "1090.00200", "2006-12-31": "928.98000", "2006-09-30": "972.96400", "2006-06-30": "951.90800", "2006-03-31": "949.11500", "2005-12-31": "940.31980", "2005-09-30": "945.34400", "2005-06-30": "917.48210", "2005-03-31": "901.61190"}, "Operating Income": {"2020-09-30": "349.66990", "2020-06-30": "358.03080", "2020-03-31": "236.69410", "2019-12-31": "340.97900", "2019-09-30": "188.92900", "2019-06-30": "345.56300", "2019-03-31": "340.43700", "2018-12-31": "259.82150", "2018-09-30": "257.16410", "2018-06-30": "324.46190", "2018-03-31": "333.81420", "2017-12-31": "338.74320", "2017-09-30": "257.31010", "2017-06-30": "330.19090", "2017-03-31": "353.93310", "2016-12-31": "314.22970", "2016-09-30": "277.56910", "2016-06-30": "333.28810", "2016-03-31": "356.32400", "2015-12-31": "321.79130", "2015-09-30": "275.15710", "2015-06-30": "335.39210", "2015-03-31": "327.05400", "2014-12-31": "322.28580", "2014-09-30": "176.61100", "2014-06-30": "293.43210", "2014-03-31": "270.97600", "2013-12-31": "242.60110", "2013-09-30": "224.88600", "2013-06-30": "304.05400", "2013-03-31": "243.92190", "2012-12-31": "274.50960", "2012-09-30": "168.71200", "2012-06-30": "230.33200", "2012-03-31": "269.02800", "2011-12-31": "208.94980", "2011-09-30": "195.52810", "2011-06-30": "232.23690", "2011-03-31": "260.41300", "2010-12-31": "130.73290", "2010-09-30": "104.68400", "2010-06-30": "129.74900", "2010-03-31": "140.54790", "2009-12-31": "118.86190", "2009-09-30": "101.87710", "2009-06-30": "163.04300", "2009-03-31": "136.74990", "2008-12-31": "88.23180", "2008-09-30": "82.49400", "2008-06-30": "115.07090", "2008-03-31": "124.42200", "2007-12-31": "88.74490", "2007-09-30": "66.96000", "2007-06-30": "106.95000", "2007-03-31": "107.59890", "2006-12-31": "70.29300", "2006-09-30": "70.49300", "2006-06-30": "95.76500", "2006-03-31": "85.17400", "2005-12-31": "26.85520", "2005-09-30": "25.42800", "2005-06-30": "73.40590", "2005-03-31": "105.03310"}, "Total Non-Operating Income/Expense": {"2020-09-30": "-26.40600", "2020-06-30": "-22.37300", "2020-03-31": "-45.91100", "2019-12-31": "-19.82100", "2019-09-30": "-50.85400", "2019-06-30": "-34.75500", "2019-03-31": "-44.14100", "2018-12-31": "-52.37200", "2018-09-30": "-28.09700", "2018-06-30": "-22.69200", "2018-03-31": "-37.57600", "2017-12-31": "-36.78600", "2017-09-30": "-36.95600", "2017-06-30": "-35.92000", "2017-03-31": "-35.50700", "2016-12-31": "-32.88200", "2016-09-30": "-32.12900", "2016-06-30": "-30.44200", "2016-03-31": "-29.60000", "2015-12-31": "-28.64300", "2015-09-30": "-27.13000", "2015-06-30": "-27.68400", "2015-03-31": "-30.03700", "2014-12-31": "-31.22500", "2014-09-30": "-32.13300", "2014-06-30": "-35.08700", "2014-03-31": "-35.19300", "2013-12-31": "-35.64300", "2013-09-30": "-32.31400", "2013-06-30": "-38.23600", "2013-03-31": "-39.93800", "2012-12-31": "-41.11300", "2012-09-30": "-45.20700", "2012-06-30": "-45.88800", "2012-03-31": "-46.71000", "2011-12-31": "-46.11500", "2011-09-30": "-48.45200", "2011-06-30": "-49.80800", "2011-03-31": "-56.41700", "2010-12-31": "-41.48500", "2010-09-30": "-11.47800", "2010-06-30": "-12.27700", "2010-03-31": "-12.37700", "2009-12-31": "-10.51300", "2009-09-30": "-10.78000", "2009-06-30": "-11.87900", "2009-03-31": "-12.63800", "2008-12-31": "-13.06000", "2008-09-30": "-13.41900", "2008-06-30": "-13.24900", "2008-03-31": "-13.47900", "2007-12-31": "19.66800", "2007-09-30": "-22.66500", "2007-06-30": "-21.71500", "2007-03-31": "-26.91400", "2006-12-31": "-175.68700", "2006-09-30": "109.24000", "2006-06-30": "1.45500", "2006-03-31": "-4.31500", "2005-12-31": "-14.18900", "2005-09-30": "-10.41800", "2005-06-30": "-15.37600", "2005-03-31": "-18.59500"}, "Pre-Tax Income": {"2020-09-30": "323.26400", "2020-06-30": "335.65800", "2020-03-31": "190.78300", "2019-12-31": "321.15800", "2019-09-30": "138.07500", "2019-06-30": "310.80800", "2019-03-31": "296.29600", "2018-12-31": "207.45000", "2018-09-30": "229.06700", "2018-06-30": "301.77000", "2018-03-31": "296.23800", "2017-12-31": "301.95800", "2017-09-30": "220.35400", "2017-06-30": "294.27100", "2017-03-31": "318.42600", "2016-12-31": "281.34800", "2016-09-30": "245.44000", "2016-06-30": "302.84600", "2016-03-31": "326.72400", "2015-12-31": "293.14900", "2015-09-30": "248.02700", "2015-06-30": "307.70800", "2015-03-31": "297.01700", "2014-12-31": "291.06100", "2014-09-30": "144.47800", "2014-06-30": "258.34500", "2014-03-31": "235.78300", "2013-12-31": "206.95800", "2013-09-30": "192.57200", "2013-06-30": "265.81800", "2013-03-31": "203.98400", "2012-12-31": "233.39600", "2012-09-30": "123.50500", "2012-06-30": "184.44400", "2012-03-31": "222.31800", "2011-12-31": "162.83500", "2011-09-30": "147.07600", "2011-06-30": "182.42900", "2011-03-31": "203.99600", "2010-12-31": "89.24800", "2010-09-30": "93.20600", "2010-06-30": "117.47200", "2010-03-31": "128.17100", "2009-12-31": "108.34900", "2009-09-30": "91.09700", "2009-06-30": "151.16400", "2009-03-31": "124.11200", "2008-12-31": "75.17200", "2008-09-30": "69.07500", "2008-06-30": "101.82200", "2008-03-31": "110.94300", "2007-12-31": "108.41300", "2007-09-30": "44.29500", "2007-06-30": "85.23500", "2007-03-31": "80.68500", "2006-12-31": "-105.39400", "2006-09-30": "179.73300", "2006-06-30": "97.22000", "2006-03-31": "80.85900", "2005-12-31": "12.66600", "2005-09-30": "15.01000", "2005-06-30": "58.03000", "2005-03-31": "86.43800"}, "Income Taxes": {"2020-09-30": "79.17200", "2020-06-30": "79.15400", "2020-03-31": "46.32300", "2019-12-31": "73.14800", "2019-09-30": "37.20500", "2019-06-30": "69.54300", "2019-03-31": "58.89800", "2018-12-31": "43.82800", "2018-09-30": "54.18600", "2018-06-30": "71.05900", "2018-03-31": "67.56900", "2017-12-31": "76.92300", "2017-09-30": "74.99200", "2017-06-30": "103.88300", "2017-03-31": "107.89900", "2016-12-31": "102.61000", "2016-09-30": "88.17500", "2016-06-30": "107.39700", "2016-03-31": "111.00500", "2015-12-31": "101.83200", "2015-09-30": "84.37300", "2015-06-30": "106.30400", "2015-03-31": "102.69400", "2014-12-31": "100.56900", "2014-09-30": "48.44000", "2014-06-30": "91.73100", "2014-03-31": "83.93100", "2013-12-31": "73.77200", "2013-09-30": "69.47300", "2013-06-30": "98.01500", "2013-03-31": "74.04900", "2012-12-31": "85.73600", "2012-09-30": "42.13200", "2012-06-30": "67.00000", "2012-03-31": "79.74800", "2011-12-31": "54.82800", "2011-09-30": "52.23400", "2011-06-30": "66.39500", "2011-03-31": "74.00900", "2010-12-31": "38.43200", "2010-09-30": "27.40400", "2010-06-30": "41.05700", "2010-03-31": "45.40900", "2009-12-31": "39.16700", "2009-09-30": "32.04300", "2009-06-30": "57.18700", "2009-03-31": "42.07800", "2008-12-31": "28.02600", "2008-09-30": "22.53600", "2008-06-30": "35.20500", "2008-03-31": "37.61100", "2007-12-31": "25.35800", "2007-09-30": "14.96100", "2007-06-30": "33.19300", "2007-03-31": "31.11300", "2006-12-31": "-39.20200", "2006-09-30": "65.70400", "2006-06-30": "36.34900", "2006-03-31": "30.36700", "2005-12-31": "3.62400", "2005-09-30": "5.53100", "2005-06-30": "21.39800", "2005-03-31": "31.74800"}, "Income After Taxes": {"2020-09-30": "244.09200", "2020-06-30": "256.50400", "2020-03-31": "144.46000", "2019-12-31": "248.01000", "2019-09-30": "100.87000", "2019-06-30": "241.26500", "2019-03-31": "237.39800", "2018-12-31": "163.62210", "2018-09-30": "174.88100", "2018-06-30": "230.71100", "2018-03-31": "228.66900", "2017-12-31": "225.03500", "2017-09-30": "145.36200", "2017-06-30": "190.38800", "2017-03-31": "210.52700", "2016-12-31": "178.73800", "2016-09-30": "157.26500", "2016-06-30": "195.44900", "2016-03-31": "215.71900", "2015-12-31": "191.31700", "2015-09-30": "163.65400", "2015-06-30": "201.40400", "2015-03-31": "194.32300", "2014-12-31": "190.49200", "2014-09-30": "96.03800", "2014-06-30": "166.61400", "2014-03-31": "151.85200", "2013-12-31": "133.18600", "2013-09-30": "123.09900", "2013-06-30": "167.80300", "2013-03-31": "129.93500", "2012-12-31": "147.66000", "2012-09-30": "81.37300", "2012-06-30": "117.44400", "2012-03-31": "142.57000", "2011-12-31": "108.00700", "2011-09-30": "94.84200", "2011-06-30": "116.03400", "2011-03-31": "129.98700", "2010-12-31": "50.81600", "2010-09-30": "65.80200", "2010-06-30": "76.41500", "2010-03-31": "82.76200", "2009-12-31": "69.18200", "2009-09-30": "59.05400", "2009-06-30": "93.97700", "2009-03-31": "82.03400", "2008-12-31": "47.14600", "2008-09-30": "46.53900", "2008-06-30": "66.61700", "2008-03-31": "73.33200", "2007-12-31": "83.05500", "2007-09-30": "29.33400", "2007-06-30": "52.04200", "2007-03-31": "49.57200", "2006-12-31": "-66.19200", "2006-09-30": "114.02900", "2006-06-30": "60.87100", "2006-03-31": "50.49200", "2005-12-31": "9.04200", "2005-09-30": "9.47900", "2005-06-30": "36.63200", "2005-03-31": "54.69000"}, "Other Income": {"2020-09-30": "", "2020-06-30": "", "2020-03-31": "", "2019-12-31": "", "2019-09-30": "", "2019-06-30": "", "2019-03-31": "", "2018-12-31": "", "2018-09-30": "", "2018-06-30": "", "2018-03-31": "", "2017-12-31": "", "2017-09-30": "", "2017-06-30": "", "2017-03-31": "", "2016-12-31": "", "2016-09-30": "", "2016-06-30": "", "2016-03-31": "", "2015-12-31": "", "2015-09-30": "", "2015-06-30": "", "2015-03-31": "", "2014-12-31": "", "2014-09-30": "", "2014-06-30": "", "2014-03-31": "", "2013-12-31": "", "2013-09-30": "", "2013-06-30": "", "2013-03-31": "", "2012-12-31": "", "2012-09-30": "", "2012-06-30": "", "2012-03-31": "", "2011-12-31": "", "2011-09-30": "", "2011-06-30": "", "2011-03-31": "", "2010-12-31": "", "2010-09-30": "", "2010-06-30": "", "2010-03-31": "", "2009-12-31": "", "2009-09-30": "", "2009-06-30": "", "2009-03-31": "", "2008-12-31": "", "2008-09-30": "", "2008-06-30": "", "2008-03-31": "", "2007-12-31": "", "2007-09-30": "", "2007-06-30": "", "2007-03-31": "", "2006-12-31": "", "2006-09-30": "", "2006-06-30": "", "2006-03-31": "", "2005-12-31": "", "2005-09-30": "", "2005-06-30": "", "2005-03-31": ""}, "Income From Continuous Operations": {"2020-09-30": "244.09200", "2020-06-30": "256.50400", "2020-03-31": "144.46000", "2019-12-31": "248.01000", "2019-09-30": "100.87000", "2019-06-30": "241.26500", "2019-03-31": "237.39800", "2018-12-31": "163.62210", "2018-09-30": "174.88100", "2018-06-30": "230.71100", "2018-03-31": "228.66900", "2017-12-31": "225.03500", "2017-09-30": "145.36200", "2017-06-30": "190.38800", "2017-03-31": "210.52700", "2016-12-31": "178.73800", "2016-09-30": "157.26500", "2016-06-30": "195.44900", "2016-03-31": "215.71900", "2015-12-31": "191.31700", "2015-09-30": "163.65400", "2015-06-30": "201.40400", "2015-03-31": "194.32300", "2014-12-31": "190.49200", "2014-09-30": "96.03800", "2014-06-30": "166.61400", "2014-03-31": "151.85200", "2013-12-31": "133.18600", "2013-09-30": "123.09900", "2013-06-30": "167.80300", "2013-03-31": "129.93500", "2012-12-31": "147.66000", "2012-09-30": "81.37300", "2012-06-30": "117.44400", "2012-03-31": "142.57000", "2011-12-31": "108.00700", "2011-09-30": "94.84200", "2011-06-30": "116.03400", "2011-03-31": "129.98700", "2010-12-31": "50.81600", "2010-09-30": "65.80200", "2010-06-30": "76.41500", "2010-03-31": "82.76200", "2009-12-31": "69.18200", "2009-09-30": "59.05400", "2009-06-30": "93.97700", "2009-03-31": "82.03400", "2008-12-31": "81.16800", "2008-09-30": "37.22300", "2008-06-30": "55.19000", "2008-03-31": "60.05300", "2007-12-31": "83.05500", "2007-09-30": "29.33400", "2007-06-30": "52.04200", "2007-03-31": "49.57200", "2006-12-31": "-66.19200", "2006-09-30": "114.02900", "2006-06-30": "60.87100", "2006-03-31": "50.49200", "2005-12-31": "9.04200", "2005-09-30": "9.47900", "2005-06-30": "36.63200", "2005-03-31": "54.69000"}, "Income From Discontinued Operations": {"2020-09-30": "", "2020-06-30": "", "2020-03-31": "", "2019-12-31": "", "2019-09-30": "", "2019-06-30": "", "2019-03-31": "", "2018-12-31": "", "2018-09-30": "", "2018-06-30": "", "2018-03-31": "", "2017-12-31": "", "2017-09-30": "", "2017-06-30": "", "2017-03-31": "", "2016-12-31": "", "2016-09-30": "", "2016-06-30": "", "2016-03-31": "", "2015-12-31": "", "2015-09-30": "", "2015-06-30": "", "2015-03-31": "", "2014-12-31": "", "2014-09-30": "", "2014-06-30": "", "2014-03-31": "", "2013-12-31": "", "2013-09-30": "", "2013-06-30": "", "2013-03-31": "", "2012-12-31": "", "2012-09-30": "", "2012-06-30": "", "2012-03-31": "", "2011-12-31": "", "2011-09-30": "", "2011-06-30": "", "2011-03-31": "", "2010-12-31": "", "2010-09-30": "", "2010-06-30": "", "2010-03-31": "", "2009-12-31": "", "2009-09-30": "", "2009-06-30": "", "2009-03-31": "", "2008-12-31": "6.00200", "2008-09-30": "-0.22600", "2008-06-30": "-0.95000", "2008-03-31": "1.61000", "2007-12-31": "0.26000", "2007-09-30": "-0.48000", "2007-06-30": "0.02900", "2007-03-31": "-0.06400", "2006-12-31": "100.36200", "2006-09-30": "-0.08400", "2006-06-30": "-0.61200", "2006-03-31": "0.59200", "2005-12-31": "3.23200", "2005-09-30": "-1.16000", "2005-06-30": "122.21100", "2005-03-31": "6.71900"}, "Net Income": {"2020-09-30": "240.48900", "2020-06-30": "251.10500", "2020-03-31": "141.66400", "2019-12-31": "244.56200", "2019-09-30": "96.94700", "2019-06-30": "237.66400", "2019-03-31": "233.65300", "2018-12-31": "157.69300", "2018-09-30": "171.42900", "2018-06-30": "225.66000", "2018-03-31": "223.83200", "2017-12-31": "219.24700", "2017-09-30": "141.24500", "2017-06-30": "185.39400", "2017-03-31": "206.05500", "2016-12-31": "174.29200", "2016-09-30": "151.86500", "2016-06-30": "185.49300", "2016-03-31": "190.75900", "2015-12-31": "173.46800", "2015-09-30": "150.28700", "2015-06-30": "182.19300", "2015-03-31": "174.29900", "2014-12-31": "172.79700", "2014-09-30": "82.79700", "2014-06-30": "151.67100", "2014-03-31": "138.07800", "2013-12-31": "124.52100", "2013-09-30": "114.58700", "2013-06-30": "151.84100", "2013-03-31": "119.78400", "2012-12-31": "135.46100", "2012-09-30": "71.81700", "2012-06-30": "107.56100", "2012-03-31": "128.60700", "2011-12-31": "95.71100", "2011-09-30": "84.88900", "2011-06-30": "103.52300", "2011-03-31": "114.04400", "2010-12-31": "37.18200", "2010-09-30": "55.61000", "2010-06-30": "65.57200", "2010-03-31": "71.81900", "2009-12-31": "59.71900", "2009-09-30": "51.07400", "2009-06-30": "80.89300", "2009-03-31": "67.54100", "2008-12-31": "12.45500", "2008-09-30": "46.31300", "2008-06-30": "65.66700", "2008-03-31": "74.94200", "2007-12-31": "39.95400", "2007-09-30": "28.85400", "2007-06-30": "52.07100", "2007-03-31": "49.50800", "2006-12-31": "34.17000", "2006-09-30": "113.94500", "2006-06-30": "60.25900", "2006-03-31": "51.08400", "2005-12-31": "12.27400", "2005-09-30": "8.31900", "2005-06-30": "158.84300", "2005-03-31": "61.40900"}, "EBITDA": {"2020-09-30": "475.63090", "2020-06-30": "484.23880", "2020-03-31": "361.08810", "2019-12-31": "468.63500", "2019-09-30": "310.45700", "2019-06-30": "466.73100", "2019-03-31": "460.47700", "2018-12-31": "377.89550", "2018-09-30": "369.45010", "2018-06-30": "434.04390", "2018-03-31": "446.94820", "2017-12-31": "452.49910", "2017-09-30": "367.52710", "2017-06-30": "443.30290", "2017-03-31": "464.73110", "2016-12-31": "421.66570", "2016-09-30": "381.28110", "2016-06-30": "434.69910", "2016-03-31": "460.37300", "2015-12-31": "424.71230", "2015-09-30": "374.59910", "2015-06-30": "432.64910", "2015-03-31": "426.05190", "2014-12-31": "420.40370", "2014-09-30": "270.06700", "2014-06-30": "384.12310", "2014-03-31": "364.33500", "2013-12-31": "331.30910", "2013-09-30": "311.85700", "2013-06-30": "385.80800", "2013-03-31": "323.84490", "2012-12-31": "355.55870", "2012-09-30": "247.65000", "2012-06-30": "305.21500", "2012-03-31": "342.84800", "2011-12-31": "284.60280", "2011-09-30": "270.78700", "2011-06-30": "305.65990", "2011-03-31": "331.93900", "2010-12-31": "191.66390", "2010-09-30": "160.21400", "2010-06-30": "183.77400", "2010-03-31": "194.05890", "2009-12-31": "170.14090", "2009-09-30": "153.08210", "2009-06-30": "214.12800", "2009-03-31": "187.88390", "2008-12-31": "139.28680", "2008-09-30": "131.82600", "2008-06-30": "163.07990", "2008-03-31": "171.79200", "2007-12-31": "136.60890", "2007-09-30": "113.48900", "2007-06-30": "152.35600", "2007-03-31": "151.08090", "2006-12-31": "113.62700", "2006-09-30": "111.45400", "2006-06-30": "138.92500", "2006-03-31": "127.77690", "2005-12-31": "69.00620", "2005-09-30": "67.63300", "2005-06-30": "116.47400", "2005-03-31": "153.96710"}, "EBIT": {"2020-09-30": "349.66990", "2020-06-30": "358.03080", "2020-03-31": "236.69410", "2019-12-31": "340.97920", "2019-09-30": "188.92900", "2019-06-30": "345.56300", "2019-03-31": "340.43700", "2018-12-31": "259.82150", "2018-09-30": "257.16410", "2018-06-30": "324.46190", "2018-03-31": "333.81420", "2017-12-31": "338.74370", "2017-09-30": "257.31010", "2017-06-30": "330.19090", "2017-03-31": "353.93310", "2016-12-31": "314.23000", "2016-09-30": "277.56910", "2016-06-30": "333.28810", "2016-03-31": "356.32400", "2015-12-31": "321.79140", "2015-09-30": "275.15710", "2015-06-30": "335.39210", "2015-03-31": "327.05400", "2014-12-31": "322.28560", "2014-09-30": "176.61100", "2014-06-30": "293.43210", "2014-03-31": "270.97600", "2013-12-31": "242.60160", "2013-09-30": "224.88600", "2013-06-30": "304.05400", "2013-03-31": "243.92190", "2012-12-31": "274.50950", "2012-09-30": "168.71200", "2012-06-30": "230.33200", "2012-03-31": "269.02800", "2011-12-31": "208.95000", "2011-09-30": "195.52810", "2011-06-30": "232.23690", "2011-03-31": "260.41300", "2010-12-31": "130.73300", "2010-09-30": "104.68400", "2010-06-30": "129.74900", "2010-03-31": "140.54790", "2009-12-31": "118.86180", "2009-09-30": "101.87710", "2009-06-30": "163.04300", "2009-03-31": "136.74990", "2008-12-31": "88.23180", "2008-09-30": "82.49400", "2008-06-30": "115.07090", "2008-03-31": "124.42200", "2007-12-31": "88.74510", "2007-09-30": "66.96000", "2007-06-30": "106.95000", "2007-03-31": "107.59890", "2006-12-31": "70.29320", "2006-09-30": "70.49300", "2006-06-30": "95.76500", "2006-03-31": "85.17400", "2005-12-31": "26.85520", "2005-09-30": "25.42800", "2005-06-30": "73.40590", "2005-03-31": "105.03310"}, "Basic Shares Outstanding": {"2020-09-30": "84.67200", "2020-06-30": "84.63200", "2020-03-31": "86.21200", "2019-12-31": "88.76200", "2019-09-30": "87.95200", "2019-06-30": "89.13600", "2019-03-31": "90.77600", "2018-12-31": "93.27600", "2018-09-30": "92.84900", "2018-06-30": "93.84200", "2018-03-31": "94.22600", "2017-12-31": "95.65200", "2017-09-30": "95.24600", "2017-06-30": "96.24700", "2017-03-31": "96.58500", "2016-12-31": "97.20800", "2016-09-30": "97.11800", "2016-06-30": "97.10900", "2016-03-31": "97.60700", "2015-12-31": "98.79700", "2015-09-30": "98.85800", "2015-06-30": "99.00400", "2015-03-31": "98.91000", "2014-12-31": "98.82600", "2014-09-30": "99.05200", "2014-06-30": "98.87200", "2014-03-31": "98.57200", "2013-12-31": "98.03300", "2013-09-30": "98.15100", "2013-06-30": "98.03300", "2013-03-31": "97.71100", "2012-12-31": "96.82100", "2012-09-30": "96.81700", "2012-06-30": "96.69100", "2012-03-31": "96.59300", "2011-12-31": "97.19900", "2011-09-30": "97.39700", "2011-06-30": "97.56300", "2011-03-31": "97.38100", "2010-12-31": "96.78600", "2010-09-30": "96.77700", "2010-06-30": "96.70300", "2010-03-31": "96.53900", "2009-12-31": "97.79400", "2009-09-30": "97.77400", "2009-06-30": "97.70000", "2009-03-31": "98.41200", "2008-12-31": "101.22200", "2008-09-30": "101.08800", "2008-06-30": "101.25800", "2008-03-31": "102.52600", "2007-12-31": "106.76200", "2007-09-30": "106.96200", "2007-06-30": "106.99800", "2007-03-31": "106.98600", "2006-12-31": "109.11400", "2006-09-30": "113.58800", "2006-06-30": "107.46000", "2006-03-31": "107.53600", "2005-12-31": "111.31600", "2005-09-30": "109.36400", "2005-06-30": "112.85000", "2005-03-31": "115.04600"}, "Shares Outstanding": {"2020-09-30": "85.24700", "2020-06-30": "85.05900", "2020-03-31": "86.45500", "2019-12-31": "89.04000", "2019-09-30": "88.35500", "2019-06-30": "89.23500", "2019-03-31": "90.96700", "2018-12-31": "93.75000", "2018-09-30": "93.33000", "2018-06-30": "94.28100", "2018-03-31": "94.68300", "2017-12-31": "96.32500", "2017-09-30": "95.97700", "2017-06-30": "97.04200", "2017-03-31": "97.37200", "2016-12-31": "98.38000", "2016-09-30": "98.32100", "2016-06-30": "98.38900", "2016-03-31": "98.89500", "2015-12-31": "100.69400", "2015-09-30": "101.15900", "2015-06-30": "100.92700", "2015-03-31": "100.64700", "2014-12-31": "100.54400", "2014-09-30": "101.03300", "2014-06-30": "100.23500", "2014-03-31": "100.15700", "2013-12-31": "99.36100", "2013-09-30": "99.58700", "2013-06-30": "99.21100", "2013-03-31": "98.57100", "2012-12-31": "97.71100", "2012-09-30": "97.61100", "2012-06-30": "97.72900", "2012-03-31": "97.79100", "2011-12-31": "98.53700", "2011-09-30": "98.59800", "2011-06-30": "99.25800", "2011-03-31": "98.86800", "2010-12-31": "97.97300", "2010-09-30": "97.93500", "2010-06-30": "98.05400", "2010-03-31": "97.45000", "2009-12-31": "98.27500", "2009-09-30": "98.50400", "2009-06-30": "98.10400", "2009-03-31": "98.41200", "2008-12-31": "101.41800", "2008-09-30": "101.35600", "2008-06-30": "101.48400", "2008-03-31": "102.56000", "2007-12-31": "106.87800", "2007-09-30": "107.25800", "2007-06-30": "107.45600", "2007-03-31": "107.37200", "2006-12-31": "115.81600", "2006-09-30": "114.00200", "2006-06-30": "119.97400", "2006-03-31": "121.01200", "2005-12-31": "125.29400", "2005-09-30": "110.29600", "2005-06-30": "127.29600", "2005-03-31": "128.83200"}, "Basic EPS": {"2020-09-30": "2.84000", "2020-06-30": "2.97000", "2020-03-31": "1.64000", "2019-12-31": "2.82000", "2019-09-30": "1.10000", "2019-06-30": "2.67000", "2019-03-31": "2.57000", "2018-12-31": "1.73000", "2018-09-30": "1.85000", "2018-06-30": "2.40000", "2018-03-31": "2.37000", "2017-12-31": "2.32000", "2017-09-30": "1.48000", "2017-06-30": "1.93000", "2017-03-31": "2.13000", "2016-12-31": "1.80000", "2016-09-30": "1.56000", "2016-06-30": "1.91000", "2016-03-31": "1.95000", "2015-12-31": "1.77000", "2015-09-30": "1.52000", "2015-06-30": "1.84000", "2015-03-31": "1.76000", "2014-12-31": "1.75000", "2014-09-30": "0.84000", "2014-06-30": "1.53000", "2014-03-31": "1.40000", "2013-12-31": "1.26000", "2013-09-30": "1.17000", "2013-06-30": "1.55000", "2013-03-31": "1.23000", "2012-12-31": "1.39000", "2012-09-30": "0.74000", "2012-06-30": "1.11000", "2012-03-31": "1.33000", "2011-12-31": "0.99000", "2011-09-30": "0.87000", "2011-06-30": "1.06000", "2011-03-31": "1.17000", "2010-12-31": "0.38000", "2010-09-30": "0.57000", "2010-06-30": "0.68000", "2010-03-31": "0.74000", "2009-12-31": "0.63000", "2009-09-30": "0.52000", "2009-06-30": "0.82000", "2009-03-31": "0.68000", "2008-12-31": "0.46000", "2008-09-30": "0.36500", "2008-06-30": "0.53500", "2008-03-31": "0.60000", "2007-12-31": "0.37000", "2007-09-30": "0.27000", "2007-06-30": "0.48500", "2007-03-31": "0.46500", "2006-12-31": "0.34000", "2006-09-30": "1.00500", "2006-06-30": "0.56000", "2006-03-31": "0.47500", "2005-12-31": "0.15000", "2005-09-30": "0.07500", "2005-06-30": "1.40500", "2005-03-31": "0.53500"}, "EPS - Earnings Per Share": {"2020-09-30": "2.82000", "2020-06-30": "2.95000", "2020-03-31": "1.64000", "2019-12-31": "2.80000", "2019-09-30": "1.10000", "2019-06-30": "2.66000", "2019-03-31": "2.57000", "2018-12-31": "1.72000", "2018-09-30": "1.84000", "2018-06-30": "2.39000", "2018-03-31": "2.36000", "2017-12-31": "2.31000", "2017-09-30": "1.47000", "2017-06-30": "1.91000", "2017-03-31": "2.12000", "2016-12-31": "1.78000", "2016-09-30": "1.54000", "2016-06-30": "1.89000", "2016-03-31": "1.93000", "2015-12-31": "1.75000", "2015-09-30": "1.48000", "2015-06-30": "1.80000", "2015-03-31": "1.73000", "2014-12-31": "1.71000", "2014-09-30": "0.82000", "2014-06-30": "1.51000", "2014-03-31": "1.38000", "2013-12-31": "1.25000", "2013-09-30": "1.15000", "2013-06-30": "1.53000", "2013-03-31": "1.21000", "2012-12-31": "1.39000", "2012-09-30": "0.73000", "2012-06-30": "1.10000", "2012-03-31": "1.31000", "2011-12-31": "0.99000", "2011-09-30": "0.86000", "2011-06-30": "1.04000", "2011-03-31": "1.15000", "2010-12-31": "0.37000", "2010-09-30": "0.57000", "2010-06-30": "0.67000", "2010-03-31": "0.73000", "2009-12-31": "0.62000", "2009-09-30": "0.52000", "2009-06-30": "0.82000", "2009-03-31": "0.68000", "2008-12-31": "0.46500", "2008-09-30": "0.36500", "2008-06-30": "0.53000", "2008-03-31": "0.60000", "2007-12-31": "0.37500", "2007-09-30": "0.27000", "2007-06-30": "0.48500", "2007-03-31": "0.46000", "2006-12-31": "0.32000", "2006-09-30": "1.00000", "2006-06-30": "0.52000", "2006-03-31": "0.44000", "2005-12-31": "0.16500", "2005-09-30": "0.07500", "2005-06-30": "1.26500", "2005-03-31": "0.49500"}}, "balance sheet": {"Cash On Hand": {"2019-12-31": "61.26800", "2018-12-31": "105.22000", "2017-12-31": "74.42300", "2016-12-31": "33.74700", "2015-12-31": "61.22800", "2014-12-31": "32.06900", "2013-12-31": "17.23800", "2012-12-31": "23.47100", "2011-12-31": "41.22900", "2010-12-31": "29.47400", "2009-12-31": "9.18000", "2008-12-31": "5.46000", "2007-12-31": "16.35400", "2006-12-31": "14.93900", "2005-12-31": "7.96300"}, "Receivables": {"2019-12-31": "1560.84700", "2018-12-31": "1509.90900", "2017-12-31": "1500.89800", "2016-12-31": "1439.55300", "2015-12-31": "1302.42900", "2014-12-31": "1282.73500", "2013-12-31": "1116.96100", "2012-12-31": "1067.19700", "2011-12-31": "969.80200", "2010-12-31": "837.82000", "2009-12-31": "602.55900", "2008-12-31": "625.43700", "2007-12-31": "627.18600", "2006-12-31": "595.00900", "2005-12-31": "499.72600"}, "Inventory": {"2019-12-31": "159.88900", "2018-12-31": "148.20600", "2017-12-31": "136.17700", "2016-12-31": "125.36500", "2015-12-31": "116.03700", "2014-12-31": "108.11500", "2013-12-31": "101.78100", "2012-12-31": "99.00000", "2011-12-31": "96.77500", "2010-12-31": "94.33000", "2009-12-31": "84.27200", "2008-12-31": "76.04300", "2007-12-31": "72.39900", "2006-12-31": "64.53200", "2005-12-31": "52.83500"}, "Pre-Paid Expenses": {"2019-12-31": "", "2018-12-31": "", "2017-12-31": "", "2016-12-31": "", "2015-12-31": "", "2014-12-31": "", "2013-12-31": "", "2012-12-31": "", "2011-12-31": "", "2010-12-31": "", "2009-12-31": "", "2008-12-31": "", "2007-12-31": "", "2006-12-31": "", "2005-12-31": ""}, "Other Current Assets": {"2019-12-31": "133.93000", "2018-12-31": "174.46700", "2017-12-31": "86.50400", "2016-12-31": "82.70600", "2015-12-31": "103.49000", "2014-12-31": "77.65400", "2013-12-31": "76.44600", "2012-12-31": "113.36700", "2011-12-31": "148.77500", "2010-12-31": "248.65800", "2009-12-31": "48.85000", "2008-12-31": "47.95500", "2007-12-31": "35.75500", "2006-12-31": "19.11300", "2005-12-31": "27.26700"}, "Total Current Assets": {"2019-12-31": "1915.93400", "2018-12-31": "1937.80200", "2017-12-31": "1798.00200", "2016-12-31": "1681.37100", "2015-12-31": "1718.30400", "2014-12-31": "1615.13800", "2013-12-31": "1432.32900", "2012-12-31": "1407.49600", "2011-12-31": "1364.90500", "2010-12-31": "1331.11600", "2009-12-31": "796.19700", "2008-12-31": "789.41700", "2007-12-31": "774.84700", "2006-12-31": "728.50600", "2005-12-31": "608.29800"}, "Property, Plant, And Equipment": {"2019-12-31": "5016.69800", "2018-12-31": "4847.94000", "2017-12-31": "4571.83700", "2016-12-31": "4330.95600", "2015-12-31": "3835.97800", "2014-12-31": "3679.68900", "2013-12-31": "3442.16900", "2012-12-31": "3382.23500", "2011-12-31": "3287.98000", "2010-12-31": "3252.96700", "2009-12-31": "2315.23800", "2008-12-31": "2100.29200", "2007-12-31": "1933.91600", "2006-12-31": "1685.08500", "2005-12-31": "1429.65300"}, "Long-Term Investments": {"2019-12-31": "", "2018-12-31": "", "2017-12-31": "", "2016-12-31": "", "2015-12-31": "", "2014-12-31": "", "2013-12-31": "", "2012-12-31": "", "2011-12-31": "", "2010-12-31": "", "2009-12-31": "", "2008-12-31": "", "2007-12-31": "", "2006-12-31": "", "2005-12-31": ""}, "Goodwill And Intangible Assets": {"2019-12-31": "3869.76000", "2018-12-31": "3844.62800", "2017-12-31": "3825.15700", "2016-12-31": "3784.10600", "2015-12-31": "3596.11400", "2014-12-31": "3291.21300", "2013-12-31": "3049.01600", "2012-12-31": "3036.76500", "2011-12-31": "2627.60200", "2010-12-31": "2589.91400", "2009-12-31": "732.68500", "2008-12-31": "732.93700", "2007-12-31": "750.39500", "2006-12-31": "719.99100", "2005-12-31": "686.21100"}, "Other Long-Term Assets": {"2019-12-31": "516.77800", "2018-12-31": "621.05800", "2017-12-31": "554.03800", "2016-12-31": "506.61500", "2015-12-31": "448.36000", "2014-12-31": "348.08400", "2013-12-31": "330.32800", "2012-12-31": "298.45900", "2011-12-31": "272.97800", "2010-12-31": "245.27900", "2009-12-31": "111.70000", "2008-12-31": "109.38800", "2007-12-31": "141.24200", "2006-12-31": "136.19800", "2005-12-31": "124.39500"}, "Total Long-Term Assets": {"2019-12-31": "9752.31600", "2018-12-31": "9327.67900", "2017-12-31": "8963.82600", "2016-12-31": "8636.43100", "2015-12-31": "7897.14000", "2014-12-31": "7359.30500", "2013-12-31": "6879.39400", "2012-12-31": "6793.34700", "2011-12-31": "6300.34000", "2010-12-31": "6196.82000", "2009-12-31": "3168.26600", "2008-12-31": "2953.04500", "2007-12-31": "2833.81000", "2006-12-31": "2548.53600", "2005-12-31": "2250.41100"}, "Total Assets": {"2019-12-31": "11668.25000", "2018-12-31": "11265.48000", "2017-12-31": "10761.83000", "2016-12-31": "10317.80000", "2015-12-31": "9615.44400", "2014-12-31": "8974.44300", "2013-12-31": "8311.72300", "2012-12-31": "8200.84300", "2011-12-31": "7665.24500", "2010-12-31": "7527.93600", "2009-12-31": "3964.46300", "2008-12-31": "3742.46200", "2007-12-31": "3608.65700", "2006-12-31": "3277.04200", "2005-12-31": "2858.70900"}, "Total Current Liabilities": {"2019-12-31": "1563.39000", "2018-12-31": "1448.73800", "2017-12-31": "1848.03400", "2016-12-31": "1317.37300", "2015-12-31": "1100.40600", "2014-12-31": "1182.82700", "2013-12-31": "1059.88800", "2012-12-31": "894.05800", "2011-12-31": "836.93300", "2010-12-31": "826.29900", "2009-12-31": "582.81700", "2008-12-31": "561.12500", "2007-12-31": "487.71100", "2006-12-31": "502.45100", "2005-12-31": "524.17000"}, "Long Term Debt": {"2019-12-31": "3896.57700", "2018-12-31": "3935.18700", "2017-12-31": "3494.39000", "2016-12-31": "4030.23000", "2015-12-31": "3368.63400", "2014-12-31": "3210.21500", "2013-12-31": "3209.76200", "2012-12-31": "3727.43100", "2011-12-31": "3651.42800", "2010-12-31": "3912.10200", "2009-12-31": "956.42900", "2008-12-31": "990.66100", "2007-12-31": "1008.78600", "2006-12-31": "821.36300", "2005-12-31": "637.65400"}, "Other Non-Current Liabilities": {"2019-12-31": "329.93200", "2018-12-31": "361.80900", "2017-12-31": "306.30400", "2016-12-31": "275.16700", "2015-12-31": "278.83400", "2014-12-31": "268.55500", "2013-12-31": "284.58900", "2012-12-31": "395.35500", "2011-12-31": "401.90800", "2010-12-31": "380.64900", "2009-12-31": "375.58000", "2008-12-31": "407.65200", "2007-12-31": "344.75500", "2006-12-31": "340.81500", "2005-12-31": "289.19500"}, "Total Long Term Liabilities": {"2019-12-31": "4525.98900", "2018-12-31": "4350.94900", "2017-12-31": "3862.35800", "2016-12-31": "4402.83500", "2015-12-31": "4205.87700", "2014-12-31": "4000.53600", "2013-12-31": "3951.60600", "2012-12-31": "4540.83600", "2011-12-31": "4481.19400", "2010-12-31": "4677.86600", "2009-12-31": "1589.25200", "2008-12-31": "1410.75200", "2007-12-31": "1603.74700", "2006-12-31": "1372.12700", "2005-12-31": "1129.44100"}, "Total Liabilities": {"2019-12-31": "6089.37900", "2018-12-31": "5799.68700", "2017-12-31": "5710.39200", "2016-12-31": "5720.20800", "2015-12-31": "5306.28300", "2014-12-31": "5183.36300", "2013-12-31": "5011.49400", "2012-12-31": "5434.89400", "2011-12-31": "5318.12700", "2010-12-31": "5504.16500", "2009-12-31": "2172.06900", "2008-12-31": "1971.87700", "2007-12-31": "2091.45800", "2006-12-31": "1874.57800", "2005-12-31": "1653.61100"}, "Common Stock Net": {"2019-12-31": "0.86700", "2018-12-31": "0.91400", "2017-12-31": "0.94200", "2016-12-31": "0.96600", "2015-12-31": "0.98300", "2014-12-31": "0.98700", "2013-12-31": "0.98300", "2012-12-31": "0.97600", "2011-12-31": "0.96600", "2010-12-31": "0.97100", "2009-12-31": "0.97000", "2008-12-31": "0.49400", "2007-12-31": "0.52500", "2006-12-31": "0.53800", "2005-12-31": "0.53900"}, "Retained Earnings (Accumulated Deficit)": {"2019-12-31": "5933.50400", "2018-12-31": "5793.26200", "2017-12-31": "5353.20900", "2016-12-31": "4891.27400", "2015-12-31": "4566.52100", "2014-12-31": "4015.38700", "2013-12-31": "3499.33700", "2012-12-31": "2962.43300", "2011-12-31": "2494.07600", "2010-12-31": "2125.98900", "2009-12-31": "1879.98100", "2008-12-31": "1666.97300", "2007-12-31": "1599.32600", "2006-12-31": "1483.98100", "2005-12-31": "1259.99800"}, "Comprehensive Income": {"2019-12-31": "31.89300", "2018-12-31": "4.24200", "2017-12-31": "7.17700", "2016-12-31": "-25.41700", "2015-12-31": "-23.12900", "2014-12-31": "-25.23200", "2013-12-31": "-24.81000", "2012-12-31": "-44.15400", "2011-12-31": "-51.17500", "2010-12-31": "-20.13900", "2009-12-31": "-21.25300", "2008-12-31": "-31.69600", "2007-12-31": "-6.88100", "2006-12-31": "-8.19400", "2005-12-31": "-10.72100"}, "Other Share Holders Equity": {"2019-12-31": "-462.15900", "2018-12-31": "-409.15600", "2017-12-31": "-371.81400", "2016-12-31": "-333.60300", "2015-12-31": "-294.72800", "2014-12-31": "-255.19600", "2013-12-31": "-225.53100", "2012-12-31": "-205.91000", "2011-12-31": "-147.51500", "2010-12-31": "-128.04900", "2009-12-31": "-108.62700", "2008-12-31": "-91.92100", "2007-12-31": "-75.77100", "2006-12-31": "-58.60200", "2005-12-31": "-41.15700"}, "Share Holder Equity": {"2019-12-31": "5578.87100", "2018-12-31": "5465.79300", "2017-12-31": "5051.43600", "2016-12-31": "4597.59400", "2015-12-31": "4309.16100", "2014-12-31": "3791.08000", "2013-12-31": "3300.22900", "2012-12-31": "2765.94900", "2011-12-31": "2347.11800", "2010-12-31": "2023.77100", "2009-12-31": "1792.39400", "2008-12-31": "1770.58500", "2007-12-31": "1517.19900", "2006-12-31": "1402.46400", "2005-12-31": "1205.09800"}, "Total Liabilities And Share Holders Equity": {"2019-12-31": "11668.25000", "2018-12-31": "11265.48000", "2017-12-31": "10761.83000", "2016-12-31": "10317.80000", "2015-12-31": "9615.44400", "2014-12-31": "8974.44300", "2013-12-31": "8311.72300", "2012-12-31": "8200.84300", "2011-12-31": "7665.24500", "2010-12-31": "7527.93600", "2009-12-31": "3964.46300", "2008-12-31": "3742.46200", "2007-12-31": "3608.65700", "2006-12-31": "3277.04200", "2005-12-31": "2858.70900"}}, "balance sheet, quarterly": {"Cash On Hand": {"2020-09-30": "1101.23000", "2020-06-30": "539.62200", "2020-03-31": "54.61900", "2019-12-31": "61.26800", "2019-09-30": "58.90500", "2019-06-30": "61.29700", "2019-03-31": "62.72600", "2018-12-31": "105.22000", "2018-09-30": "83.72100", "2018-06-30": "76.88600", "2018-03-31": "73.05300", "2017-12-31": "74.42300", "2017-09-30": "65.42400", "2017-06-30": "66.44600", "2017-03-31": "62.97400", "2016-12-31": "33.74700", "2016-09-30": "61.74400", "2016-06-30": "56.27300", "2016-03-31": "54.59000", "2015-12-31": "61.22800", "2015-09-30": "39.52300", "2015-06-30": "42.46400", "2015-03-31": "35.07800", "2014-12-31": "32.06900", "2014-09-30": "39.71100", "2014-06-30": "14.73200", "2014-03-31": "16.26100", "2013-12-31": "17.23800", "2013-09-30": "12.12200", "2013-06-30": "12.55800", "2013-03-31": "17.39500", "2012-12-31": "23.47100", "2012-09-30": "25.65200", "2012-06-30": "32.94100", "2012-03-31": "41.99900", "2011-12-31": "41.22900", "2011-09-30": "39.14700", "2011-06-30": "34.81600", "2011-03-31": "52.07600", "2010-12-31": "29.47400", "2010-09-30": "266.60100", "2010-06-30": "12.33700", "2010-03-31": "6.86500", "2009-12-31": "9.18000", "2009-09-30": "13.63000", "2009-06-30": "10.62300", "2009-03-31": "9.42300", "2008-12-31": "5.46000", "2008-09-30": "7.80500", "2008-06-30": "6.21100", "2008-03-31": "8.91600", "2007-12-31": "16.35400", "2007-09-30": "13.57400", "2007-06-30": "12.66300", "2007-03-31": "11.21500", "2006-12-31": "14.93900", "2006-09-30": "14.81700", "2006-06-30": "124.35000", "2006-03-31": "8.21100", "2005-12-31": "7.96300", "2005-09-30": "82.15600", "2005-06-30": "114.74700", "2005-03-31": "54.18800"}, "Receivables": {"2020-09-30": "1540.74700", "2020-06-30": "1438.69700", "2020-03-31": "1486.82900", "2019-12-31": "1560.84700", "2019-09-30": "1544.07700", "2019-06-30": "1601.35200", "2019-03-31": "1602.40500", "2018-12-31": "1509.90900", "2018-09-30": "1543.34800", "2018-06-30": "1557.29800", "2018-03-31": "1569.80300", "2017-12-31": "1500.89800", "2017-09-30": "1452.01800", "2017-06-30": "1456.99900", "2017-03-31": "1447.80200", "2016-12-31": "1439.55300", "2016-09-30": "1315.82700", "2016-06-30": "1344.91600", "2016-03-31": "1374.73700", "2015-12-31": "1302.42900", "2015-09-30": "1328.30000", "2015-06-30": "1360.97300", "2015-03-31": "1383.96400", "2014-12-31": "1282.73500", "2014-09-30": "1239.47800", "2014-06-30": "1186.01200", "2014-03-31": "1212.59400", "2013-12-31": "1116.96100", "2013-09-30": "1166.51400", "2013-06-30": "1149.47700", "2013-03-31": "1149.40200", "2012-12-31": "1067.19700", "2012-09-30": "1042.53500", "2012-06-30": "1019.92900", "2012-03-31": "1116.63400", "2011-12-31": "969.80200", "2011-09-30": "945.19300", "2011-06-30": "913.74200", "2011-03-31": "940.80300", "2010-12-31": "837.82000", "2010-09-30": "609.08300", "2010-06-30": "618.85500", "2010-03-31": "648.83100", "2009-12-31": "602.55900", "2009-09-30": "596.23200", "2009-06-30": "605.87000", "2009-03-31": "652.85400", "2008-12-31": "625.43700", "2008-09-30": "628.97300", "2008-06-30": "710.06500", "2008-03-31": "699.74000", "2007-12-31": "627.18600", "2007-09-30": "631.52700", "2007-06-30": "647.85200", "2007-03-31": "667.28200", "2006-12-31": "595.00900", "2006-09-30": "584.76400", "2006-06-30": "546.34400", "2006-03-31": "547.80000", "2005-12-31": "499.72600", "2005-09-30": "587.07500", "2005-06-30": "550.43700", "2005-03-31": "624.18100"}, "Inventory": {"2020-09-30": "176.10500", "2020-06-30": "167.62600", "2020-03-31": "162.59700", "2019-12-31": "159.88900", "2019-09-30": "156.28500", "2019-06-30": "153.57400", "2019-03-31": "149.92800", "2018-12-31": "148.20600", "2018-09-30": "144.47100", "2018-06-30": "140.79700", "2018-03-31": "137.24600", "2017-12-31": "136.17700", "2017-09-30": "135.84900", "2017-06-30": "130.69800", "2017-03-31": "126.48100", "2016-12-31": "125.36500", "2016-09-30": "121.61600", "2016-06-30": "117.71000", "2016-03-31": "116.72500", "2015-12-31": "116.03700", "2015-09-30": "112.71800", "2015-06-30": "109.11700", "2015-03-31": "108.26900", "2014-12-31": "108.11500", "2014-09-30": "104.39000", "2014-06-30": "104.28000", "2014-03-31": "102.27600", "2013-12-31": "101.78100", "2013-09-30": "101.24900", "2013-06-30": "100.32400", "2013-03-31": "98.97400", "2012-12-31": "99.00000", "2012-09-30": "97.01300", "2012-06-30": "96.88200", "2012-03-31": "96.97400", "2011-12-31": "96.77500", "2011-09-30": "95.77700", "2011-06-30": "95.55000", "2011-03-31": "95.12900", "2010-12-31": "94.33000", "2010-09-30": "84.70800", "2010-06-30": "84.68300", "2010-03-31": "83.82200", "2009-12-31": "84.27200", "2009-09-30": "80.72600", "2009-06-30": "78.88500", "2009-03-31": "77.02200", "2008-12-31": "76.04300", "2008-09-30": "72.63600", "2008-06-30": "72.94700", "2008-03-31": "73.38200", "2007-12-31": "72.39900", "2007-09-30": "70.87400", "2007-06-30": "68.56200", "2007-03-31": "67.63800", "2006-12-31": "64.53200", "2006-09-30": "64.35200", "2006-06-30": "54.04300", "2006-03-31": "53.55600", "2005-12-31": "52.83500", "2005-09-30": "50.89500", "2005-06-30": "54.47900", "2005-03-31": "61.50300"}, "Pre-Paid Expenses": {"2020-09-30": "", "2020-06-30": "", "2020-03-31": "", "2019-12-31": "", "2019-09-30": "", "2019-06-30": "", "2019-03-31": "", "2018-12-31": "", "2018-09-30": "", "2018-06-30": "", "2018-03-31": "", "2017-12-31": "", "2017-09-30": "", "2017-06-30": "", "2017-03-31": "", "2016-12-31": "", "2016-09-30": "", "2016-06-30": "", "2016-03-31": "", "2015-12-31": "", "2015-09-30": "", "2015-06-30": "", "2015-03-31": "", "2014-12-31": "", "2014-09-30": "", "2014-06-30": "", "2014-03-31": "", "2013-12-31": "", "2013-09-30": "", "2013-06-30": "", "2013-03-31": "", "2012-12-31": "", "2012-09-30": "", "2012-06-30": "", "2012-03-31": "", "2011-12-31": "", "2011-09-30": "", "2011-06-30": "", "2011-03-31": "", "2010-12-31": "", "2010-09-30": "", "2010-06-30": "", "2010-03-31": "", "2009-12-31": "", "2009-09-30": "", "2009-06-30": "", "2009-03-31": "", "2008-12-31": "", "2008-09-30": "", "2008-06-30": "", "2008-03-31": "", "2007-12-31": "", "2007-09-30": "", "2007-06-30": "", "2007-03-31": "", "2006-12-31": "", "2006-09-30": "", "2006-06-30": "", "2006-03-31": "", "2005-12-31": "", "2005-09-30": "", "2005-06-30": "", "2005-03-31": ""}, "Other Current Assets": {"2020-09-30": "143.07200", "2020-06-30": "150.84200", "2020-03-31": "130.30100", "2019-12-31": "133.93000", "2019-09-30": "171.36000", "2019-06-30": "148.80900", "2019-03-31": "145.38200", "2018-12-31": "174.46700", "2018-09-30": "169.71300", "2018-06-30": "105.54600", "2018-03-31": "104.62400", "2017-12-31": "86.50400", "2017-09-30": "101.89600", "2017-06-30": "109.01700", "2017-03-31": "94.81700", "2016-12-31": "82.70600", "2016-09-30": "88.71200", "2016-06-30": "85.00500", "2016-03-31": "89.38600", "2015-12-31": "103.49000", "2015-09-30": "81.45900", "2015-06-30": "71.54800", "2015-03-31": "80.52400", "2014-12-31": "77.65400", "2014-09-30": "143.31100", "2014-06-30": "117.49800", "2014-03-31": "97.68500", "2013-12-31": "76.44600", "2013-09-30": "90.77100", "2013-06-30": "86.73300", "2013-03-31": "114.88900", "2012-12-31": "113.36700", "2012-09-30": "200.09300", "2012-06-30": "183.89900", "2012-03-31": "91.62200", "2011-12-31": "148.77500", "2011-09-30": "188.80100", "2011-06-30": "202.55700", "2011-03-31": "194.50500", "2010-12-31": "248.65800", "2010-09-30": "52.09100", "2010-06-30": "55.23500", "2010-03-31": "58.44300", "2009-12-31": "48.85000", "2009-09-30": "56.94500", "2009-06-30": "52.76200", "2009-03-31": "53.97200", "2008-12-31": "47.95500", "2008-09-30": "36.17100", "2008-06-30": "27.09900", "2008-03-31": "31.71000", "2007-12-31": "35.75500", "2007-09-30": "30.17200", "2007-06-30": "28.17800", "2007-03-31": "25.83500", "2006-12-31": "19.11300", "2006-09-30": "20.77900", "2006-06-30": "28.04700", "2006-03-31": "25.60800", "2005-12-31": "27.26700", "2005-09-30": "33.07200", "2005-06-30": "33.78400", "2005-03-31": "37.09700"}, "Total Current Assets": {"2020-09-30": "2961.15400", "2020-06-30": "2296.78700", "2020-03-31": "1834.34600", "2019-12-31": "1915.93400", "2019-09-30": "1930.62700", "2019-06-30": "1965.03200", "2019-03-31": "1960.44100", "2018-12-31": "1937.80200", "2018-09-30": "1941.25300", "2018-06-30": "1880.52700", "2018-03-31": "1884.72600", "2017-12-31": "1798.00200", "2017-09-30": "1755.18700", "2017-06-30": "1763.16000", "2017-03-31": "1732.07400", "2016-12-31": "1681.37100", "2016-09-30": "1587.89900", "2016-06-30": "1606.75300", "2016-03-31": "1635.43800", "2015-12-31": "1718.30400", "2015-09-30": "1696.55400", "2015-06-30": "1708.95900", "2015-03-31": "1717.23700", "2014-12-31": "1615.13800", "2014-09-30": "1622.09400", "2014-06-30": "1529.88100", "2014-03-31": "1543.11300", "2013-12-31": "1432.32900", "2013-09-30": "1503.28000", "2013-06-30": "1483.98000", "2013-03-31": "1501.35100", "2012-12-31": "1407.49600", "2012-09-30": "1488.42400", "2012-06-30": "1456.44600", "2012-03-31": "1463.14500", "2011-12-31": "1364.90500", "2011-09-30": "1371.94900", "2011-06-30": "1368.10600", "2011-03-31": "1401.18400", "2010-12-31": "1331.11600", "2010-09-30": "1078.90300", "2010-06-30": "822.21900", "2010-03-31": "837.85600", "2009-12-31": "796.19700", "2009-09-30": "794.99000", "2009-06-30": "787.07300", "2009-03-31": "832.52000", "2008-12-31": "789.41700", "2008-09-30": "777.80000", "2008-06-30": "843.98800", "2008-03-31": "836.23200", "2007-12-31": "774.84700", "2007-09-30": "806.88000", "2007-06-30": "801.78300", "2007-03-31": "807.64300", "2006-12-31": "728.50600", "2006-09-30": "712.89200", "2006-06-30": "779.04000", "2006-03-31": "658.57900", "2005-12-31": "608.29800", "2005-09-30": "774.67600", "2005-06-30": "762.77500", "2005-03-31": "776.96900"}, "Property, Plant, And Equipment": {"2020-09-30": "5248.83700", "2020-06-30": "5104.54900", "2020-03-31": "5042.29100", "2019-12-31": "5016.69800", "2019-09-30": "4958.40900", "2019-06-30": "4944.69800", "2019-03-31": "4914.83800", "2018-12-31": "4847.94000", "2018-09-30": "4836.61900", "2018-06-30": "4753.09900", "2018-03-31": "4700.55200", "2017-12-31": "4571.83700", "2017-09-30": "4516.13900", "2017-06-30": "4441.87500", "2017-03-31": "4396.53600", "2016-12-31": "4330.95600", "2016-09-30": "4028.16700", "2016-06-30": "3902.47300", "2016-03-31": "3880.55200", "2015-12-31": "3835.97800", "2015-09-30": "3776.09200", "2015-06-30": "3686.03700", "2015-03-31": "3690.78000", "2014-12-31": "3679.68900", "2014-09-30": "3648.97400", "2014-06-30": "3514.67900", "2014-03-31": "3468.17200", "2013-12-31": "3442.16900", "2013-09-30": "3424.90100", "2013-06-30": "3403.40500", "2013-03-31": "3395.78600", "2012-12-31": "3382.23500", "2012-09-30": "3316.07600", "2012-06-30": "3296.91500", "2012-03-31": "3304.23600", "2011-12-31": "3287.98000", "2011-09-30": "3250.63100", "2011-06-30": "3218.34300", "2011-03-31": "3239.80200", "2010-12-31": "3252.96700", "2010-09-30": "2317.48000", "2010-06-30": "2307.61700", "2010-03-31": "2303.48800", "2009-12-31": "2315.23800", "2009-09-30": "2258.00100", "2009-06-30": "2203.51900", "2009-03-31": "2145.28200", "2008-12-31": "2100.29200", "2008-09-30": "2015.29000", "2008-06-30": "1989.90500", "2008-03-31": "1959.26500", "2007-12-31": "1933.91600", "2007-09-30": "1894.50700", "2007-06-30": "1840.84700", "2007-03-31": "1775.47100", "2006-12-31": "1685.08500", "2006-09-30": "1609.89000", "2006-06-30": "1549.17700", "2006-03-31": "1510.19300", "2005-12-31": "1429.65300", "2005-09-30": "1312.35100", "2005-06-30": "1351.06200", "2005-03-31": "1456.69900"}, "Long-Term Investments": {"2020-09-30": "", "2020-06-30": "", "2020-03-31": "", "2019-12-31": "", "2019-09-30": "", "2019-06-30": "", "2019-03-31": "", "2018-12-31": "", "2018-09-30": "", "2018-06-30": "", "2018-03-31": "", "2017-12-31": "", "2017-09-30": "", "2017-06-30": "", "2017-03-31": "", "2016-12-31": "", "2016-09-30": "", "2016-06-30": "", "2016-03-31": "", "2015-12-31": "", "2015-09-30": "", "2015-06-30": "", "2015-03-31": "", "2014-12-31": "", "2014-09-30": "", "2014-06-30": "", "2014-03-31": "", "2013-12-31": "", "2013-09-30": "", "2013-06-30": "", "2013-03-31": "", "2012-12-31": "", "2012-09-30": "", "2012-06-30": "", "2012-03-31": "", "2011-12-31": "", "2011-09-30": "", "2011-06-30": "", "2011-03-31": "", "2010-12-31": "", "2010-09-30": "", "2010-06-30": "", "2010-03-31": "", "2009-12-31": "", "2009-09-30": "", "2009-06-30": "", "2009-03-31": "", "2008-12-31": "", "2008-09-30": "", "2008-06-30": "", "2008-03-31": "", "2007-12-31": "", "2007-09-30": "", "2007-06-30": "", "2007-03-31": "", "2006-12-31": "", "2006-09-30": "", "2006-06-30": "", "2006-03-31": "", "2005-12-31": "", "2005-09-30": "", "2005-06-30": "", "2005-03-31": ""}, "Goodwill And Intangible Assets": {"2020-09-30": "3854.26500", "2020-06-30": "3836.02000", "2020-03-31": "3836.56600", "2019-12-31": "3869.76000", "2019-09-30": "3827.86700", "2019-06-30": "3843.42900", "2019-03-31": "3856.66400", "2018-12-31": "3844.62800", "2018-09-30": "3852.85100", "2018-06-30": "3815.20300", "2018-03-31": "3843.12600", "2017-12-31": "3825.15700", "2017-09-30": "3821.61000", "2017-06-30": "3803.38600", "2017-03-31": "3787.51500", "2016-12-31": "3784.10600", "2016-09-30": "3615.08500", "2016-06-30": "3585.89200", "2016-03-31": "3594.90100", "2015-12-31": "3596.11400", "2015-09-30": "3388.37800", "2015-06-30": "3316.94500", "2015-03-31": "3297.43600", "2014-12-31": "3291.21300", "2014-09-30": "3296.35800", "2014-06-30": "3089.17200", "2014-03-31": "3053.66600", "2013-12-31": "3049.01600", "2013-09-30": "3039.16900", "2013-06-30": "3041.34600", "2013-03-31": "3041.32600", "2012-12-31": "3036.76500", "2012-09-30": "2594.74000", "2012-06-30": "2610.63700", "2012-03-31": "2629.76500", "2011-12-31": "2627.60200", "2011-09-30": "2605.95100", "2011-06-30": "2607.28300", "2011-03-31": "2596.29200", "2010-12-31": "2589.91400", "2010-09-30": "732.34000", "2010-06-30": "732.75400", "2010-03-31": "733.62600", "2009-12-31": "732.68500", "2009-09-30": "732.68500", "2009-06-30": "733.88700", "2009-03-31": "733.88200", "2008-12-31": "732.93700", "2008-09-30": "749.83900", "2008-06-30": "748.30500", "2008-03-31": "749.83900", "2007-12-31": "750.39500", "2007-09-30": "753.84600", "2007-06-30": "745.76900", "2007-03-31": "737.86800", "2006-12-31": "719.99100", "2006-09-30": "695.24600", "2006-06-30": "686.56100", "2006-03-31": "686.72800", "2005-12-31": "686.21100", "2005-09-30": "535.84800", "2005-06-30": "531.95900", "2005-03-31": "619.40400"}, "Other Long-Term Assets": {"2020-09-30": "556.25800", "2020-06-30": "549.12400", "2020-03-31": "542.54100", "2019-12-31": "516.77800", "2019-09-30": "522.04500", "2019-06-30": "644.07600", "2019-03-31": "633.74500", "2018-12-31": "621.05800", "2018-09-30": "632.98500", "2018-06-30": "609.54000", "2018-03-31": "583.15900", "2017-12-31": "554.03800", "2017-09-30": "534.69900", "2017-06-30": "531.04500", "2017-03-31": "518.31700", "2016-12-31": "506.61500", "2016-09-30": "425.60200", "2016-06-30": "430.49300", "2016-03-31": "437.88300", "2015-12-31": "448.36000", "2015-09-30": "310.74100", "2015-06-30": "329.69100", "2015-03-31": "340.14100", "2014-12-31": "348.08400", "2014-09-30": "352.25600", "2014-06-30": "365.36400", "2014-03-31": "312.91300", "2013-12-31": "330.32800", "2013-09-30": "321.77400", "2013-06-30": "321.61200", "2013-03-31": "306.82700", "2012-12-31": "298.45900", "2012-09-30": "294.73400", "2012-06-30": "288.55500", "2012-03-31": "280.26500", "2011-12-31": "272.97800", "2011-09-30": "261.17100", "2011-06-30": "251.64300", "2011-03-31": "250.15200", "2010-12-31": "245.27900", "2010-09-30": "125.15000", "2010-06-30": "118.30300", "2010-03-31": "115.02500", "2009-12-31": "111.70000", "2009-09-30": "106.16700", "2009-06-30": "102.07900", "2009-03-31": "112.19300", "2008-12-31": "109.38800", "2008-09-30": "145.82900", "2008-06-30": "124.90000", "2008-03-31": "133.19100", "2007-12-31": "141.24200", "2007-09-30": "136.87100", "2007-06-30": "136.19300", "2007-03-31": "139.22900", "2006-12-31": "136.19800", "2006-09-30": "124.82600", "2006-06-30": "124.86200", "2006-03-31": "119.74800", "2005-12-31": "124.39500", "2005-09-30": "109.84500", "2005-06-30": "107.12400", "2005-03-31": "117.34500"}, "Total Long-Term Assets": {"2020-09-30": "10014.60000", "2020-06-30": "9851.71100", "2020-03-31": "9786.08000", "2019-12-31": "9752.31600", "2019-09-30": "9663.77400", "2019-06-30": "9787.61800", "2019-03-31": "9760.83600", "2018-12-31": "9327.67900", "2018-09-30": "9332.33300", "2018-06-30": "9188.89000", "2018-03-31": "9138.79100", "2017-12-31": "8963.82600", "2017-09-30": "8884.17300", "2017-06-30": "8789.32600", "2017-03-31": "8716.18500", "2016-12-31": "8636.43100", "2016-09-30": "8085.74000", "2016-06-30": "7934.17700", "2016-03-31": "7929.57100", "2015-12-31": "7897.14000", "2015-09-30": "7510.32400", "2015-06-30": "7369.60000", "2015-03-31": "7367.11800", "2014-12-31": "7359.30500", "2014-09-30": "7339.49800", "2014-06-30": "7018.19100", "2014-03-31": "6888.27200", "2013-12-31": "6879.39400", "2013-09-30": "6848.46300", "2013-06-30": "6833.27300", "2013-03-31": "6815.15700", "2012-12-31": "6793.34700", "2012-09-30": "6292.64200", "2012-06-30": "6302.20200", "2012-03-31": "6320.13600", "2011-12-31": "6300.34000", "2011-09-30": "6233.98200", "2011-06-30": "6197.64700", "2011-03-31": "6211.89000", "2010-12-31": "6196.82000", "2010-09-30": "3188.81100", "2010-06-30": "3167.53800", "2010-03-31": "3161.45500", "2009-12-31": "3168.26600", "2009-09-30": "3106.51900", "2009-06-30": "3049.80300", "2009-03-31": "3002.79700", "2008-12-31": "2953.04500", "2008-09-30": "2920.53600", "2008-06-30": "2874.60500", "2008-03-31": "2850.05000", "2007-12-31": "2833.81000", "2007-09-30": "2792.04800", "2007-06-30": "2729.89700", "2007-03-31": "2659.54500", "2006-12-31": "2548.53600", "2006-09-30": "2436.13500", "2006-06-30": "2366.58100", "2006-03-31": "2326.46800", "2005-12-31": "2250.41100", "2005-09-30": "1968.34900", "2005-06-30": "2000.65000", "2005-03-31": "2206.79800"}, "Total Assets": {"2020-09-30": "12975.76000", "2020-06-30": "12148.50000", "2020-03-31": "11620.43000", "2019-12-31": "11668.25000", "2019-09-30": "11594.40000", "2019-06-30": "11752.65000", "2019-03-31": "11721.28000", "2018-12-31": "11265.48000", "2018-09-30": "11273.58000", "2018-06-30": "11069.42000", "2018-03-31": "11023.52000", "2017-12-31": "10761.83000", "2017-09-30": "10639.36000", "2017-06-30": "10552.49000", "2017-03-31": "10448.26000", "2016-12-31": "10317.80000", "2016-09-30": "9673.63900", "2016-06-30": "9540.93000", "2016-03-31": "9565.00900", "2015-12-31": "9615.44400", "2015-09-30": "9206.87800", "2015-06-30": "9078.55900", "2015-03-31": "9084.35500", "2014-12-31": "8974.44300", "2014-09-30": "8961.59200", "2014-06-30": "8548.07200", "2014-03-31": "8431.38500", "2013-12-31": "8311.72300", "2013-09-30": "8351.74300", "2013-06-30": "8317.25300", "2013-03-31": "8316.50800", "2012-12-31": "8200.84300", "2012-09-30": "7781.06600", "2012-06-30": "7758.64800", "2012-03-31": "7783.28100", "2011-12-31": "7665.24500", "2011-09-30": "7605.93100", "2011-06-30": "7565.75300", "2011-03-31": "7613.07400", "2010-12-31": "7527.93600", "2010-09-30": "4267.71400", "2010-06-30": "3989.75700", "2010-03-31": "3999.31100", "2009-12-31": "3964.46300", "2009-09-30": "3901.50900", "2009-06-30": "3836.87600", "2009-03-31": "3835.31700", "2008-12-31": "3742.46200", "2008-09-30": "3698.33600", "2008-06-30": "3718.59300", "2008-03-31": "3686.28200", "2007-12-31": "3608.65700", "2007-09-30": "3598.92800", "2007-06-30": "3531.68000", "2007-03-31": "3467.18800", "2006-12-31": "3277.04200", "2006-09-30": "3149.02700", "2006-06-30": "3145.62100", "2006-03-31": "2985.04700", "2005-12-31": "2858.70900", "2005-09-30": "2743.02500", "2005-06-30": "2763.42500", "2005-03-31": "2983.76700"}, "Total Current Liabilities": {"2020-09-30": "2634.22200", "2020-06-30": "2259.16900", "2020-03-31": "1689.95100", "2019-12-31": "1563.39000", "2019-09-30": "1621.76900", "2019-06-30": "1544.26900", "2019-03-31": "1656.76600", "2018-12-31": "1448.73800", "2018-09-30": "1778.26900", "2018-06-30": "1447.54400", "2018-03-31": "1579.57700", "2017-12-31": "1848.03400", "2017-09-30": "1397.49700", "2017-06-30": "1322.22900", "2017-03-31": "1517.42700", "2016-12-31": "1317.37300", "2016-09-30": "1279.47900", "2016-06-30": "1268.03400", "2016-03-31": "1685.44000", "2015-12-31": "1100.40600", "2015-09-30": "1196.19600", "2015-06-30": "1194.31100", "2015-03-31": "1255.27200", "2014-12-31": "1182.82700", "2014-09-30": "1165.46400", "2014-06-30": "1115.87300", "2014-03-31": "1110.44800", "2013-12-31": "1059.88800", "2013-09-30": "1024.31700", "2013-06-30": "1049.15000", "2013-03-31": "964.06900", "2012-12-31": "894.05800", "2012-09-30": "838.34800", "2012-06-30": "883.61200", "2012-03-31": "891.99000", "2011-12-31": "836.93300", "2011-09-30": "832.89400", "2011-06-30": "784.53500", "2011-03-31": "837.18200", "2010-12-31": "826.29900", "2010-09-30": "1013.42600", "2010-06-30": "558.12400", "2010-03-31": "610.27000", "2009-12-31": "582.81700", "2009-09-30": "631.95100", "2009-06-30": "586.29900", "2009-03-31": "644.36300", "2008-12-31": "561.12500", "2008-09-30": "566.24300", "2008-06-30": "507.25800", "2008-03-31": "547.32900", "2007-12-31": "487.71100", "2007-09-30": "557.91100", "2007-06-30": "494.13900", "2007-03-31": "522.10400", "2006-12-31": "502.45100", "2006-09-30": "628.51900", "2006-06-30": "599.37500", "2006-03-31": "614.74900", "2005-12-31": "524.17000", "2005-09-30": "526.30800", "2005-06-30": "483.58100", "2005-03-31": "531.32500"}, "Long Term Debt": {"2020-09-30": "3514.67300", "2020-06-30": "3449.94000", "2020-03-31": "3735.79900", "2019-12-31": "3896.57700", "2019-09-30": "3870.29400", "2019-06-30": "4057.12100", "2019-03-31": "3821.93800", "2018-12-31": "3935.18700", "2018-09-30": "3683.91900", "2018-06-30": "3864.16200", "2018-03-31": "3795.08700", "2017-12-31": "3494.39000", "2017-09-30": "3927.39600", "2017-06-30": "3988.91200", "2017-03-31": "3772.51500", "2016-12-31": "4030.23000", "2016-09-30": "3542.92300", "2016-06-30": "3499.37500", "2016-03-31": "2792.14400", "2015-12-31": "3368.63400", "2015-09-30": "3009.95400", "2015-06-30": "2961.51500", "2015-03-31": "3051.57100", "2014-12-31": "3210.21500", "2014-09-30": "3373.34100", "2014-06-30": "3070.31100", "2014-03-31": "3109.15800", "2013-12-31": "3209.76200", "2013-09-30": "3411.63500", "2013-06-30": "3473.10600", "2013-03-31": "3668.76200", "2012-12-31": "3727.43100", "2012-09-30": "3440.96200", "2012-06-30": "3458.50900", "2012-03-31": "3581.84400", "2011-12-31": "3651.42800", "2011-09-30": "3685.23000", "2011-06-30": "3750.92800", "2011-03-31": "3850.85900", "2010-12-31": "3912.10200", "2010-09-30": "614.92300", "2010-06-30": "881.34400", "2010-03-31": "891.61500", "2009-12-31": "956.42900", "2009-09-30": "852.27000", "2009-06-30": "913.14800", "2009-03-31": "938.84400", "2008-12-31": "990.66100", "2008-09-30": "935.46100", "2008-06-30": "1050.49100", "2008-03-31": "1041.30800", "2007-12-31": "1008.78600", "2007-09-30": "900.62800", "2007-06-30": "951.06000", "2007-03-31": "910.42400", "2006-12-31": "821.36300", "2006-09-30": "464.80600", "2006-06-30": "465.28400", "2006-03-31": "603.53300", "2005-12-31": "637.65400", "2005-09-30": "528.30200", "2005-06-30": "525.84900", "2005-03-31": "684.39700"}, "Other Non-Current Liabilities": {"2020-09-30": "488.45700", "2020-06-30": "374.61600", "2020-03-31": "387.66900", "2019-12-31": "329.93200", "2019-09-30": "338.87100", "2019-06-30": "369.22900", "2019-03-31": "364.33400", "2018-12-31": "361.80900", "2018-09-30": "319.11300", "2018-06-30": "311.51800", "2018-03-31": "311.90000", "2017-12-31": "306.30400", "2017-09-30": "298.25200", "2017-06-30": "282.73200", "2017-03-31": "272.68000", "2016-12-31": "275.16700", "2016-09-30": "296.15500", "2016-06-30": "306.56100", "2016-03-31": "295.68400", "2015-12-31": "278.83400", "2015-09-30": "292.44100", "2015-06-30": "279.28100", "2015-03-31": "277.61700", "2014-12-31": "268.55500", "2014-09-30": "280.79700", "2014-06-30": "276.46200", "2014-03-31": "282.17300", "2013-12-31": "284.58900", "2013-09-30": "320.21400", "2013-06-30": "310.94800", "2013-03-31": "379.72300", "2012-12-31": "395.35500", "2012-09-30": "408.53500", "2012-06-30": "393.92800", "2012-03-31": "403.07100", "2011-12-31": "401.90800", "2011-09-30": "428.43600", "2011-06-30": "402.73700", "2011-03-31": "376.84400", "2010-12-31": "380.64900", "2010-09-30": "353.38600", "2010-06-30": "346.31000", "2010-03-31": "367.74700", "2009-12-31": "375.58000", "2009-09-30": "396.67800", "2009-06-30": "389.57200", "2009-03-31": "403.32500", "2008-12-31": "407.65200", "2008-09-30": "362.42100", "2008-06-30": "353.06900", "2008-03-31": "349.36900", "2007-12-31": "344.75500", "2007-09-30": "353.32800", "2007-06-30": "342.87200", "2007-03-31": "353.15700", "2006-12-31": "340.81500", "2006-09-30": "347.81300", "2006-06-30": "335.30200", "2006-03-31": "300.71600", "2005-12-31": "289.19500", "2005-09-30": "259.03300", "2005-06-30": "254.19900", "2005-03-31": "251.35200"}, "Total Long Term Liabilities": {"2020-09-30": "4306.43800", "2020-06-30": "4127.75800", "2020-03-31": "4445.43200", "2019-12-31": "4525.98900", "2019-09-30": "4508.68700", "2019-06-30": "4743.93000", "2019-03-31": "4512.20000", "2018-12-31": "4350.94900", "2018-09-30": "4056.18600", "2018-06-30": "4231.66300", "2018-03-31": "4157.91800", "2017-12-31": "3862.35800", "2017-09-30": "4311.65300", "2017-06-30": "4352.43100", "2017-03-31": "4129.51100", "2016-12-31": "4402.83500", "2016-09-30": "3931.04400", "2016-06-30": "3904.96900", "2016-03-31": "3528.26700", "2015-12-31": "4205.87700", "2015-09-30": "3816.96600", "2015-06-30": "3762.43800", "2015-03-31": "3864.69300", "2014-12-31": "4000.53600", "2014-09-30": "4138.80200", "2014-06-30": "3832.89100", "2014-03-31": "3876.78200", "2013-12-31": "3951.60600", "2013-09-30": "4164.95500", "2013-06-30": "4224.28900", "2013-03-31": "4465.78400", "2012-12-31": "4540.83600", "2012-09-30": "4279.24500", "2012-06-30": "4285.37700", "2012-03-31": "4412.48800", "2011-12-31": "4481.19400", "2011-09-30": "4504.01700", "2011-06-30": "4548.05200", "2011-03-31": "4636.78900", "2010-12-31": "4677.86600", "2010-09-30": "1266.15100", "2010-06-30": "1501.50300", "2010-03-31": "1322.48700", "2009-12-31": "1589.25200", "2009-09-30": "1301.15600", "2009-06-30": "1322.52600", "2009-03-31": "1353.43600", "2008-12-31": "1410.75200", "2008-09-30": "1565.77900", "2008-06-30": "1666.86100", "2008-03-31": "1651.74100", "2007-12-31": "1603.74700", "2007-09-30": "1506.17800", "2007-06-30": "1522.76700", "2007-03-31": "1483.88900", "2006-12-31": "1372.12700", "2006-09-30": "1024.06300", "2006-06-30": "1015.27800", "2006-03-31": "1115.75200", "2005-12-31": "1129.44100", "2005-09-30": "992.72000", "2005-06-30": "998.05800", "2005-03-31": "1177.54700"}, "Total Liabilities": {"2020-09-30": "6940.66000", "2020-06-30": "6386.92700", "2020-03-31": "6135.38300", "2019-12-31": "6089.37900", "2019-09-30": "6130.45600", "2019-06-30": "6288.19900", "2019-03-31": "6168.96600", "2018-12-31": "5799.68700", "2018-09-30": "5834.45500", "2018-06-30": "5679.20700", "2018-03-31": "5737.49500", "2017-12-31": "5710.39200", "2017-09-30": "5709.15000", "2017-06-30": "5674.66000", "2017-03-31": "5646.93800", "2016-12-31": "5720.20800", "2016-09-30": "5210.52300", "2016-06-30": "5173.00300", "2016-03-31": "5213.70700", "2015-12-31": "5306.28300", "2015-09-30": "5013.16200", "2015-06-30": "4956.74900", "2015-03-31": "5119.96500", "2014-12-31": "5183.36300", "2014-09-30": "5304.26600", "2014-06-30": "4948.76400", "2014-03-31": "4987.23000", "2013-12-31": "5011.49400", "2013-09-30": "5189.27200", "2013-06-30": "5273.43900", "2013-03-31": "5429.85300", "2012-12-31": "5434.89400", "2012-09-30": "5117.59300", "2012-06-30": "5168.98900", "2012-03-31": "5304.47800", "2011-12-31": "5318.12700", "2011-09-30": "5336.91100", "2011-06-30": "5332.58700", "2011-03-31": "5473.97100", "2010-12-31": "5504.16500", "2010-09-30": "2279.57700", "2010-06-30": "2059.62700", "2010-03-31": "1932.75700", "2009-12-31": "2172.06900", "2009-09-30": "1933.10700", "2009-06-30": "1908.82500", "2009-03-31": "1997.79900", "2008-12-31": "1971.87700", "2008-09-30": "2132.02200", "2008-06-30": "2174.11900", "2008-03-31": "2199.07000", "2007-12-31": "2091.45800", "2007-09-30": "2064.08900", "2007-06-30": "2016.90600", "2007-03-31": "2005.99300", "2006-12-31": "1874.57800", "2006-09-30": "1652.58200", "2006-06-30": "1614.65300", "2006-03-31": "1730.50100", "2005-12-31": "1653.61100", "2005-09-30": "1519.02800", "2005-06-30": "1481.63900", "2005-03-31": "1708.87200"}, "Common Stock Net": {"2020-09-30": "0.85000", "2020-06-30": "0.85000", "2020-03-31": "0.84900", "2019-12-31": "0.86700", "2019-09-30": "0.88000", "2019-06-30": "0.88300", "2019-03-31": "0.91000", "2018-12-31": "0.91400", "2018-09-30": "", "2018-06-30": "", "2018-03-31": "", "2017-12-31": "0.94200", "2017-09-30": "", "2017-06-30": "", "2017-03-31": "", "2016-12-31": "0.96600", "2016-09-30": "", "2016-06-30": "", "2016-03-31": "", "2015-12-31": "0.98300", "2015-09-30": "", "2015-06-30": "", "2015-03-31": "", "2014-12-31": "0.98700", "2014-09-30": "", "2014-06-30": "", "2014-03-31": "", "2013-12-31": "0.98300", "2013-09-30": "", "2013-06-30": "", "2013-03-31": "", "2012-12-31": "0.97600", "2012-09-30": "", "2012-06-30": "", "2012-03-31": "", "2011-12-31": "0.96600", "2011-09-30": "", "2011-06-30": "", "2011-03-31": "", "2010-12-31": "0.97100", "2010-09-30": "0.97300", "2010-06-30": "0.97300", "2010-03-31": "0.97100", "2009-12-31": "0.97000", "2009-09-30": "", "2009-06-30": "", "2009-03-31": "", "2008-12-31": "0.49400", "2008-09-30": "", "2008-06-30": "", "2008-03-31": "", "2007-12-31": "0.52500", "2007-09-30": "", "2007-06-30": "", "2007-03-31": "", "2006-12-31": "0.53800", "2006-09-30": "0.55900", "2006-06-30": "0.58700", "2006-03-31": "0.54100", "2005-12-31": "0.53900", "2005-09-30": "0.54500", "2005-06-30": "0.55600", "2005-03-31": "0.58000"}, "Retained Earnings (Accumulated Deficit)": {"2020-09-30": "6426.92000", "2020-06-30": "6166.72200", "2020-03-31": "5897.06300", "2019-12-31": "5933.50400", "2019-09-30": "5851.24600", "2019-06-30": "5827.25100", "2019-03-31": "5910.21300", "2018-12-31": "5793.26200", "2018-09-30": "", "2018-06-30": "", "2018-03-31": "", "2017-12-31": "5353.20900", "2017-09-30": "", "2017-06-30": "", "2017-03-31": "", "2016-12-31": "4891.27400", "2016-09-30": "", "2016-06-30": "", "2016-03-31": "", "2015-12-31": "4566.52100", "2015-09-30": "", "2015-06-30": "", "2015-03-31": "", "2014-12-31": "4015.38700", "2014-09-30": "", "2014-06-30": "", "2014-03-31": "", "2013-12-31": "3499.33700", "2013-09-30": "", "2013-06-30": "", "2013-03-31": "", "2012-12-31": "2962.43300", "2012-09-30": "", "2012-06-30": "", "2012-03-31": "", "2011-12-31": "2494.07600", "2011-09-30": "", "2011-06-30": "", "2011-03-31": "", "2010-12-31": "2125.98900", "2010-09-30": "2086.32600", "2010-06-30": "2025.60500", "2010-03-31": "1955.47400", "2009-12-31": "1879.98100", "2009-09-30": "", "2009-06-30": "", "2009-03-31": "", "2008-12-31": "1666.97300", "2008-09-30": "", "2008-06-30": "", "2008-03-31": "", "2007-12-31": "1599.32600", "2007-09-30": "", "2007-06-30": "", "2007-03-31": "", "2006-12-31": "1483.98100", "2006-09-30": "1485.28500", "2006-06-30": "1371.34100", "2006-03-31": "1310.16900", "2005-12-31": "1259.99800", "2005-09-30": "1279.67500", "2005-06-30": "1335.65400", "2005-03-31": "1281.59500"}, "Comprehensive Income": {"2020-09-30": "14.52100", "2020-06-30": "0.57800", "2020-03-31": "-5.20000", "2019-12-31": "31.89300", "2019-09-30": "-18.19900", "2019-06-30": "-7.93600", "2019-03-31": "-10.47100", "2018-12-31": "4.24200", "2018-09-30": "", "2018-06-30": "", "2018-03-31": "", "2017-12-31": "7.17700", "2017-09-30": "", "2017-06-30": "", "2017-03-31": "", "2016-12-31": "-25.41700", "2016-09-30": "", "2016-06-30": "", "2016-03-31": "", "2015-12-31": "-23.12900", "2015-09-30": "", "2015-06-30": "", "2015-03-31": "", "2014-12-31": "-25.23200", "2014-09-30": "", "2014-06-30": "", "2014-03-31": "", "2013-12-31": "-24.81000", "2013-09-30": "", "2013-06-30": "", "2013-03-31": "", "2012-12-31": "-44.15400", "2012-09-30": "", "2012-06-30": "", "2012-03-31": "", "2011-12-31": "-51.17500", "2011-09-30": "", "2011-06-30": "", "2011-03-31": "", "2010-12-31": "-20.13900", "2010-09-30": "-20.54500", "2010-06-30": "-20.89300", "2010-03-31": "-21.22900", "2009-12-31": "-21.25300", "2009-09-30": "", "2009-06-30": "", "2009-03-31": "", "2008-12-31": "-31.69600", "2008-09-30": "", "2008-06-30": "", "2008-03-31": "", "2007-12-31": "-6.88100", "2007-09-30": "", "2007-06-30": "", "2007-03-31": "", "2006-12-31": "-8.19400", "2006-09-30": "-8.67200", "2006-06-30": "-8.58700", "2006-03-31": "-10.72100", "2005-12-31": "-10.72100", "2005-09-30": "-9.27300", "2005-06-30": "-9.72300", "2005-03-31": "-1.27500"}, "Other Share Holders Equity": {"2020-09-30": "-479.50300", "2020-06-30": "-479.50300", "2020-03-31": "-479.50300", "2019-12-31": "-462.15900", "2019-09-30": "-444.71200", "2019-06-30": "-427.10900", "2019-03-31": "-418.23700", "2018-12-31": "-409.15600", "2018-09-30": "5363.74500", "2018-06-30": "5317.58300", "2018-03-31": "5215.64600", "2017-12-31": "-371.81400", "2017-09-30": "4865.21200", "2017-06-30": "4812.85400", "2017-03-31": "4735.96200", "2016-12-31": "-333.60300", "2016-09-30": "4394.70300", "2016-06-30": "4302.97800", "2016-03-31": "4289.21800", "2015-12-31": "-294.72800", "2015-09-30": "4133.09900", "2015-06-30": "4061.75600", "2015-03-31": "3906.96300", "2014-12-31": "-255.19600", "2014-09-30": "3603.20400", "2014-06-30": "3546.13400", "2014-03-31": "3392.11900", "2013-12-31": "-225.53100", "2013-09-30": "3110.77800", "2013-06-30": "2991.45700", "2013-03-31": "2834.90700", "2012-12-31": "-205.91000", "2012-09-30": "2608.78200", "2012-06-30": "2536.88400", "2012-03-31": "2427.31200", "2011-12-31": "-147.51500", "2011-09-30": "2221.38200", "2011-06-30": "2186.10700", "2011-03-31": "2094.39300", "2010-12-31": "-128.04900", "2010-09-30": "-123.18200", "2010-06-30": "-118.32000", "2010-03-31": "-113.46100", "2009-12-31": "-108.62700", "2009-09-30": "1728.19400", "2009-06-30": "1677.99600", "2009-03-31": "1596.54400", "2008-12-31": "-91.92100", "2008-09-30": "", "2008-06-30": "", "2008-03-31": "", "2007-12-31": "-75.77100", "2007-09-30": "", "2007-06-30": "", "2007-03-31": "", "2006-12-31": "-58.60200", "2006-09-30": "-54.24700", "2006-06-30": "-49.77700", "2006-03-31": "-45.44300", "2005-12-31": "-41.15700", "2005-09-30": "-36.85400", "2005-06-30": "-32.38700", "2005-03-31": "-27.91700"}, "Share Holder Equity": {"2020-09-30": "6035.09800", "2020-06-30": "5761.57200", "2020-03-31": "5485.04300", "2019-12-31": "5578.87100", "2019-09-30": "5463.94500", "2019-06-30": "5464.45100", "2019-03-31": "5552.31100", "2018-12-31": "5465.79300", "2018-09-30": "5439.13000", "2018-06-30": "5390.21000", "2018-03-31": "5286.02200", "2017-12-31": "5051.43600", "2017-09-30": "4930.21000", "2017-06-30": "4877.82700", "2017-03-31": "4801.32100", "2016-12-31": "4597.59400", "2016-09-30": "4463.11600", "2016-06-30": "4367.92700", "2016-03-31": "4351.30200", "2015-12-31": "4309.16100", "2015-09-30": "4193.71600", "2015-06-30": "4121.81000", "2015-03-31": "3964.39000", "2014-12-31": "3791.08000", "2014-09-30": "3657.32600", "2014-06-30": "3599.30800", "2014-03-31": "3444.15500", "2013-12-31": "3300.22900", "2013-09-30": "3162.47100", "2013-06-30": "3043.81400", "2013-03-31": "2886.65500", "2012-12-31": "2765.94900", "2012-09-30": "2663.47300", "2012-06-30": "2589.65900", "2012-03-31": "2478.80300", "2011-12-31": "2347.11800", "2011-09-30": "2269.02000", "2011-06-30": "2233.16600", "2011-03-31": "2139.10300", "2010-12-31": "2023.77100", "2010-09-30": "1988.13700", "2010-06-30": "1930.13000", "2010-03-31": "2066.55400", "2009-12-31": "1792.39400", "2009-09-30": "1968.40200", "2009-06-30": "1928.05100", "2009-03-31": "1837.51800", "2008-12-31": "1770.58500", "2008-09-30": "1566.31400", "2008-06-30": "1544.47400", "2008-03-31": "1487.21200", "2007-12-31": "1517.19900", "2007-09-30": "1534.83900", "2007-06-30": "1514.77400", "2007-03-31": "1461.19500", "2006-12-31": "1402.46400", "2006-09-30": "1496.44500", "2006-06-30": "1530.96800", "2006-03-31": "1254.54600", "2005-12-31": "1205.09800", "2005-09-30": "1223.99700", "2005-06-30": "1281.78600", "2005-03-31": "1274.89500"}, "Total Liabilities And Share Holders Equity": {"2020-09-30": "12975.76000", "2020-06-30": "12148.50000", "2020-03-31": "11620.43000", "2019-12-31": "11668.25000", "2019-09-30": "11594.40000", "2019-06-30": "11752.65000", "2019-03-31": "11721.28000", "2018-12-31": "11265.48000", "2018-09-30": "11273.58000", "2018-06-30": "11069.42000", "2018-03-31": "11023.52000", "2017-12-31": "10761.83000", "2017-09-30": "10639.36000", "2017-06-30": "10552.49000", "2017-03-31": "10448.26000", "2016-12-31": "10317.80000", "2016-09-30": "9673.63900", "2016-06-30": "9540.93000", "2016-03-31": "9565.00900", "2015-12-31": "9615.44400", "2015-09-30": "9206.87800", "2015-06-30": "9078.55900", "2015-03-31": "9084.35500", "2014-12-31": "8974.44300", "2014-09-30": "8961.59200", "2014-06-30": "8548.07200", "2014-03-31": "8431.38500", "2013-12-31": "8311.72300", "2013-09-30": "8351.74300", "2013-06-30": "8317.25300", "2013-03-31": "8316.50800", "2012-12-31": "8200.84300", "2012-09-30": "7781.06600", "2012-06-30": "7758.64800", "2012-03-31": "7783.28100", "2011-12-31": "7665.24500", "2011-09-30": "7605.93100", "2011-06-30": "7565.75300", "2011-03-31": "7613.07400", "2010-12-31": "7527.93600", "2010-09-30": "4267.71400", "2010-06-30": "3989.75700", "2010-03-31": "3999.31100", "2009-12-31": "3964.46300", "2009-09-30": "3901.50900", "2009-06-30": "3836.87600", "2009-03-31": "3835.31700", "2008-12-31": "3742.46200", "2008-09-30": "3698.33600", "2008-06-30": "3718.59300", "2008-03-31": "3686.28200", "2007-12-31": "3608.65700", "2007-09-30": "3598.92800", "2007-06-30": "3531.68000", "2007-03-31": "3467.18800", "2006-12-31": "3277.04200", "2006-09-30": "3149.02700", "2006-06-30": "3145.62100", "2006-03-31": "2985.04700", "2005-12-31": "2858.70900", "2005-09-30": "2743.02500", "2005-06-30": "2763.42500", "2005-03-31": "2983.76700"}}, "cash flow statement": {"Net Income/Loss": {"2019-12-31": "827.54300", "2018-12-31": "797.88300", "2017-12-31": "771.31200", "2016-12-31": "747.17100", "2015-12-31": "750.69800", "2014-12-31": "604.99600", "2013-12-31": "554.02300", "2012-12-31": "489.04700", "2011-12-31": "448.87000", "2010-12-31": "275.79500", "2009-12-31": "304.24700", "2008-12-31": "240.07000", "2007-12-31": "213.74800", "2006-12-31": "259.45800", "2005-12-31": "240.84500"}, "Total Depreciation And Amortization - Cash Flow": {"2019-12-31": "490.39200", "2018-12-31": "453.07600", "2017-12-31": "447.88300", "2016-12-31": "416.60800", "2015-12-31": "398.61800", "2014-12-31": "375.62400", "2013-12-31": "337.35600", "2012-12-31": "308.69000", "2011-12-31": "295.86100", "2010-12-31": "223.99700", "2009-12-31": "204.70300", "2008-12-31": "195.76600", "2007-12-31": "183.28100", "2006-12-31": "170.05800", "2005-12-31": "176.35800"}, "Other Non-Cash Items": {"2019-12-31": "36.54700", "2018-12-31": "-14.09400", "2017-12-31": "-28.85900", "2016-12-31": "33.43400", "2015-12-31": "-29.81200", "2014-12-31": "7.26000", "2013-12-31": "-11.11500", "2012-12-31": "-56.14700", "2011-12-31": "13.36400", "2010-12-31": "-35.23500", "2009-12-31": "-29.10200", "2008-12-31": "-44.38300", "2007-12-31": "-30.78300", "2006-12-31": "-264.82800", "2005-12-31": "-73.79100"}, "Total Non-Cash Items": {"2019-12-31": "526.93900", "2018-12-31": "438.98200", "2017-12-31": "419.02400", "2016-12-31": "450.04200", "2015-12-31": "368.80600", "2014-12-31": "382.88400", "2013-12-31": "326.24100", "2012-12-31": "252.54300", "2011-12-31": "309.22500", "2010-12-31": "188.76200", "2009-12-31": "175.60100", "2008-12-31": "151.38300", "2007-12-31": "152.49800", "2006-12-31": "-94.77000", "2005-12-31": "102.56700"}, "Change In Accounts Receivable": {"2019-12-31": "-42.05600", "2018-12-31": "-42.23900", "2017-12-31": "-24.71900", "2016-12-31": "-87.88100", "2015-12-31": "-45.81400", "2014-12-31": "-105.70800", "2013-12-31": "-49.70800", "2012-12-31": "-71.06800", "2011-12-31": "-134.83800", "2010-12-31": "22.72600", "2009-12-31": "-1.40200", "2008-12-31": "22.44500", "2007-12-31": "-13.05000", "2006-12-31": "-87.32800", "2005-12-31": "12.97600"}, "Change In Inventories": {"2019-12-31": "", "2018-12-31": "", "2017-12-31": "", "2016-12-31": "", "2015-12-31": "", "2014-12-31": "", "2013-12-31": "", "2012-12-31": "", "2011-12-31": "", "2010-12-31": "", "2009-12-31": "", "2008-12-31": "", "2007-12-31": "", "2006-12-31": "", "2005-12-31": ""}, "Change In Accounts Payable": {"2019-12-31": "", "2018-12-31": "", "2017-12-31": "", "2016-12-31": "", "2015-12-31": "", "2014-12-31": "", "2013-12-31": "", "2012-12-31": "", "2011-12-31": "", "2010-12-31": "", "2009-12-31": "", "2008-12-31": "", "2007-12-31": "", "2006-12-31": "", "2005-12-31": ""}, "Change In Assets/Liabilities": {"2019-12-31": "12.45900", "2018-12-31": "-6.73300", "2017-12-31": "-43.10100", "2016-12-31": "48.96700", "2015-12-31": "-118.92500", "2014-12-31": "87.57900", "2013-12-31": "35.21800", "2012-12-31": "59.53000", "2011-12-31": "8.77800", "2010-12-31": "-14.89800", "2009-12-31": "17.39000", "2008-12-31": "4.18800", "2007-12-31": "-29.73700", "2006-12-31": "-0.49900", "2005-12-31": "-15.87700"}, "Total Change In Assets/Liabilities": {"2019-12-31": "76.28400", "2018-12-31": "39.41300", "2017-12-31": "35.48000", "2016-12-31": "55.49000", "2015-12-31": "-74.53700", "2014-12-31": "45.54700", "2013-12-31": "-19.50800", "2012-12-31": "51.27400", "2011-12-31": "-46.02500", "2010-12-31": "35.97500", "2009-12-31": "60.65900", "2008-12-31": "99.92300", "2007-12-31": "23.48700", "2006-12-31": "-10.57500", "2005-12-31": "81.37700"}, "Cash Flow From Operating Activities": {"2019-12-31": "1438.46900", "2018-12-31": "1274.74200", "2017-12-31": "1247.58500", "2016-12-31": "1333.84200", "2015-12-31": "1068.26200", "2014-12-31": "1035.87600", "2013-12-31": "884.24100", "2012-12-31": "799.23100", "2011-12-31": "710.68300", "2010-12-31": "501.34400", "2009-12-31": "541.26200", "2008-12-31": "494.18700", "2007-12-31": "381.44600", "2006-12-31": "169.23900", "2005-12-31": "425.42600"}, "Net Change In Property, Plant, And Equipment": {"2019-12-31": "-634.09500", "2018-12-31": "-664.96200", "2017-12-31": "-557.50600", "2016-12-31": "-541.41400", "2015-12-31": "-379.32100", "2014-12-31": "-391.15000", "2013-12-31": "-358.49300", "2012-12-31": "-363.19200", "2011-12-31": "-285.68200", "2010-12-31": "-239.27400", "2009-12-31": "-379.74800", "2008-12-31": "-354.53700", "2007-12-31": "-339.81300", "2006-12-31": "-341.14000", "2005-12-31": "-241.41200"}, "Net Change In Intangible Assets": {"2019-12-31": "", "2018-12-31": "", "2017-12-31": "", "2016-12-31": "", "2015-12-31": "", "2014-12-31": "", "2013-12-31": "", "2012-12-31": "", "2011-12-31": "", "2010-12-31": "", "2009-12-31": "", "2008-12-31": "", "2007-12-31": "", "2006-12-31": "", "2005-12-31": ""}, "Net Acquisitions/Divestitures": {"2019-12-31": "1.44500", "2018-12-31": "-96.96200", "2017-12-31": "-22.77000", "2016-12-31": "-613.80300", "2015-12-31": "-530.26400", "2014-12-31": "-416.20800", "2013-12-31": "24.84600", "2012-12-31": "-378.53600", "2011-12-31": "38.12600", "2010-12-31": "-1936.83800", "2009-12-31": "-2.72900", "2008-12-31": "58.58100", "2007-12-31": "-94.97400", "2006-12-31": "-81.80000", "2005-12-31": "120.37900"}, "Net Change In Short-term Investments": {"2019-12-31": "", "2018-12-31": "", "2017-12-31": "", "2016-12-31": "", "2015-12-31": "", "2014-12-31": "", "2013-12-31": "", "2012-12-31": "", "2011-12-31": "", "2010-12-31": "", "2009-12-31": "", "2008-12-31": "", "2007-12-31": "", "2006-12-31": "", "2005-12-31": ""}, "Net Change In Long-Term Investments": {"2019-12-31": "-14.57900", "2018-12-31": "-15.23100", "2017-12-31": "-11.07600", "2016-12-31": "", "2015-12-31": "-3.30000", "2014-12-31": "-12.00000", "2013-12-31": "", "2012-12-31": "", "2011-12-31": "", "2010-12-31": "", "2009-12-31": "", "2008-12-31": "-1.24900", "2007-12-31": "", "2006-12-31": "", "2005-12-31": ""}, "Net Change In Investments - Total": {"2019-12-31": "-14.57900", "2018-12-31": "-15.23100", "2017-12-31": "-11.07600", "2016-12-31": "", "2015-12-31": "-3.30000", "2014-12-31": "-12.00000", "2013-12-31": "", "2012-12-31": "", "2011-12-31": "", "2010-12-31": "", "2009-12-31": "", "2008-12-31": "-1.24900", "2007-12-31": "", "2006-12-31": "", "2005-12-31": ""}, "Investing Activities - Other": {"2019-12-31": "-41.18100", "2018-12-31": "29.90800", "2017-12-31": "-93.38000", "2016-12-31": "", "2015-12-31": "", "2014-12-31": "-13.48800", "2013-12-31": "-49.81100", "2012-12-31": "-47.86200", "2011-12-31": "-38.24900", "2010-12-31": "-17.97100", "2009-12-31": "-7.95700", "2008-12-31": "1.53900", "2007-12-31": "", "2006-12-31": "144.57100", "2005-12-31": "75.00000"}, "Cash Flow From Investing Activities": {"2019-12-31": "-688.41000", "2018-12-31": "-747.24700", "2017-12-31": "-684.73200", "2016-12-31": "-1155.21700", "2015-12-31": "-912.88500", "2014-12-31": "-832.84600", "2013-12-31": "-383.45800", "2012-12-31": "-789.59000", "2011-12-31": "-285.80500", "2010-12-31": "-2194.08300", "2009-12-31": "-390.43400", "2008-12-31": "-295.66600", "2007-12-31": "-434.78700", "2006-12-31": "-278.36900", "2005-12-31": "-46.03300"}, "Net Long-Term Debt": {"2019-12-31": "-17.92200", "2018-12-31": "-39.24900", "2017-12-31": "-102.00600", "2016-12-31": "711.61710", "2015-12-31": "166.23400", "2014-12-31": "-49.12900", "2013-12-31": "-424.46300", "2012-12-31": "63.85300", "2011-12-31": "-283.41700", "2010-12-31": "1874.06000", "2009-12-31": "-40.43000", "2008-12-31": "-15.42800", "2007-12-31": "174.49000", "2006-12-31": "459.45500", "2005-12-31": "-149.88700"}, "Net Current Debt": {"2019-12-31": "", "2018-12-31": "", "2017-12-31": "", "2016-12-31": "", "2015-12-31": "", "2014-12-31": "", "2013-12-31": "", "2012-12-31": "", "2011-12-31": "", "2010-12-31": "", "2009-12-31": "", "2008-12-31": "", "2007-12-31": "", "2006-12-31": "", "2005-12-31": ""}, "Debt Issuance/Retirement Net - Total": {"2019-12-31": "-17.92200", "2018-12-31": "-39.24900", "2017-12-31": "-102.00600", "2016-12-31": "711.61710", "2015-12-31": "166.23400", "2014-12-31": "-49.12900", "2013-12-31": "-424.46300", "2012-12-31": "63.85300", "2011-12-31": "-283.41700", "2010-12-31": "1874.06000", "2009-12-31": "-40.43000", "2008-12-31": "-15.42800", "2007-12-31": "174.49000", "2006-12-31": "459.45500", "2005-12-31": "-149.88700"}, "Net Common Equity Issued/Repurchased": {"2019-12-31": "-759.69800", "2018-12-31": "-387.22900", "2017-12-31": "-354.14700", "2016-12-31": "-343.87700", "2015-12-31": "-201.34100", "2014-12-31": "-93.88600", "2013-12-31": "-21.49300", "2012-12-31": "-13.71900", "2011-12-31": "-55.70300", "2010-12-31": "-7.93400", "2009-12-31": "-59.99800", "2008-12-31": "-147.05000", "2007-12-31": "-71.82700", "2006-12-31": "-344.73500", "2005-12-31": "-235.56800"}, "Net Total Equity Issued/Repurchased": {"2019-12-31": "-759.69800", "2018-12-31": "-387.22900", "2017-12-31": "-354.14700", "2016-12-31": "-343.87700", "2015-12-31": "-201.34100", "2014-12-31": "-93.88600", "2013-12-31": "-21.49300", "2012-12-31": "-13.71900", "2011-12-31": "-55.70300", "2010-12-31": "-7.93400", "2009-12-31": "-59.99800", "2008-12-31": "-147.05000", "2007-12-31": "-71.82700", "2006-12-31": "-344.73500", "2005-12-31": "-235.56800"}, "Total Common And Preferred Stock Dividends Paid": {"2019-12-31": "-53.00300", "2018-12-31": "-37.34200", "2017-12-31": "-38.21100", "2016-12-31": "-38.87500", "2015-12-31": "-39.53200", "2014-12-31": "-29.66500", "2013-12-31": "-19.62100", "2012-12-31": "-58.39500", "2011-12-31": "-19.46600", "2010-12-31": "-19.42200", "2009-12-31": "-16.70600", "2008-12-31": "-16.15000", "2007-12-31": "-17.16900", "2006-12-31": "-17.44500", "2005-12-31": "-17.88500"}, "Financial Activities - Other": {"2019-12-31": "-14.41300", "2018-12-31": "-28.38200", "2017-12-31": "-24.78900", "2016-12-31": "-500.03200", "2015-12-31": "-49.97000", "2014-12-31": "-14.74400", "2013-12-31": "-41.43900", "2012-12-31": "-19.13800", "2011-12-31": "-54.53700", "2010-12-31": "-133.67100", "2009-12-31": "-29.97400", "2008-12-31": "-30.78700", "2007-12-31": "-30.73800", "2006-12-31": "18.83100", "2005-12-31": "-1.21500"}, "Cash Flow From Financial Activities": {"2019-12-31": "-845.03600", "2018-12-31": "-492.20200", "2017-12-31": "-519.15300", "2016-12-31": "-171.16700", "2015-12-31": "-124.60900", "2014-12-31": "-187.42400", "2013-12-31": "-507.01600", "2012-12-31": "-27.39900", "2011-12-31": "-413.12300", "2010-12-31": "1713.03300", "2009-12-31": "-147.10800", "2008-12-31": "-209.41500", "2007-12-31": "54.75600", "2006-12-31": "116.10600", "2005-12-31": "-404.55500"}, "Net Cash Flow": {"2019-12-31": "-94.01800", "2018-12-31": "32.38800", "2017-12-31": "45.34700", "2016-12-31": "4.66800", "2015-12-31": "29.15900", "2014-12-31": "14.83100", "2013-12-31": "-6.23300", "2012-12-31": "-17.75800", "2011-12-31": "11.75500", "2010-12-31": "20.29400", "2009-12-31": "3.72000", "2008-12-31": "-10.89400", "2007-12-31": "1.41500", "2006-12-31": "6.97600", "2005-12-31": "-25.16200"}, "Stock-Based Compensation": {"2019-12-31": "69.43100", "2018-12-31": "66.58100", "2017-12-31": "56.73800", "2016-12-31": "48.10900", "2015-12-31": "39.97100", "2014-12-31": "31.09200", "2013-12-31": "27.78300", "2012-12-31": "22.51800", "2011-12-31": "18.22500", "2010-12-31": "16.79900", "2009-12-31": "13.09600", "2008-12-31": "14.12500", "2007-12-31": "16.89900", "2006-12-31": "", "2005-12-31": ""}, "Common Stock Dividends Paid": {"2019-12-31": "-53.00300", "2018-12-31": "-37.34200", "2017-12-31": "-38.21100", "2016-12-31": "-38.87500", "2015-12-31": "-39.53200", "2014-12-31": "-29.66500", "2013-12-31": "-19.62100", "2012-12-31": "-58.39500", "2011-12-31": "-19.46600", "2010-12-31": "-19.42200", "2009-12-31": "-16.70600", "2008-12-31": "-16.15000", "2007-12-31": "-17.16900", "2006-12-31": "-17.44500", "2005-12-31": "-17.88500"}}, "cash flow statement, quarterly": {"Net Income/Loss": {"2020-09-30": 244.092, "2020-06-30": 256.504, "2020-03-31": "144.46000", "2019-12-31": 248.01, "2019-09-30": 100.87, "2019-06-30": 241.265, "2019-03-31": "237.39800", "2018-12-31": 163.622, "2018-09-30": 174.881, "2018-06-30": 230.711, "2018-03-31": "228.66900", "2017-12-31": 225.035, "2017-09-30": 145.362, "2017-06-30": 190.388, "2017-03-31": "210.52700", "2016-12-31": 178.738, "2016-09-30": 157.265, "2016-06-30": 195.449, "2016-03-31": "215.71900", "2015-12-31": 191.317, "2015-09-30": 163.654, "2015-06-30": 201.404, "2015-03-31": "194.32300", "2014-12-31": 190.492, "2014-09-30": 96.038, "2014-06-30": 166.614, "2014-03-31": "151.85200", "2013-12-31": 133.186, "2013-09-30": 123.099, "2013-06-30": 167.803, "2013-03-31": "129.93500", "2012-12-31": 147.66, "2012-09-30": 81.373, "2012-06-30": 117.444, "2012-03-31": "142.57000", "2011-12-31": 108.007, "2011-09-30": 94.842, "2011-06-30": 116.034, "2011-03-31": "129.98700", "2010-12-31": 50.816, "2010-09-30": 65.802, "2010-06-30": 76.415, "2010-03-31": "82.76200", "2009-12-31": 69.182, "2009-09-30": 59.054, "2009-06-30": 93.977, "2009-03-31": "82.03400", "2008-12-31": 87.17, "2008-09-30": 36.997, "2008-06-30": 54.24, "2008-03-31": "61.66300", "2007-12-31": 83.315, "2007-09-30": 28.854, "2007-06-30": 52.071, "2007-03-31": "49.50800", "2006-12-31": 34.17, "2006-09-30": 113.945, "2006-06-30": 60.259, "2006-03-31": "51.08400", "2005-12-31": 12.274, "2005-09-30": 8.319, "2005-06-30": 158.843, "2005-03-31": "61.40900"}, "Total Depreciation And Amortization - Cash Flow": {"2020-09-30": 125.961, "2020-06-30": 126.208, "2020-03-31": "124.39400", "2019-12-31": 127.656, "2019-09-30": 121.528, "2019-06-30": 121.168, "2019-03-31": "120.04000", "2018-12-31": 118.074, "2018-09-30": 112.286, "2018-06-30": 109.582, "2018-03-31": "113.13400", "2017-12-31": 113.756, "2017-09-30": 110.217, "2017-06-30": 113.112, "2017-03-31": "110.79800", "2016-12-31": 107.436, "2016-09-30": 103.712, "2016-06-30": 101.411, "2016-03-31": "104.04900", "2015-12-31": 102.921, "2015-09-30": 99.442, "2015-06-30": 97.257, "2015-03-31": "98.99800", "2014-12-31": 98.118, "2014-09-30": 93.456, "2014-06-30": 90.691, "2014-03-31": "93.35900", "2013-12-31": 88.708, "2013-09-30": 86.971, "2013-06-30": 81.754, "2013-03-31": "79.92300", "2012-12-31": 81.049, "2012-09-30": 78.938, "2012-06-30": 74.883, "2012-03-31": "73.82000", "2011-12-31": 75.653, "2011-09-30": 75.259, "2011-06-30": 73.423, "2011-03-31": "71.52600", "2010-12-31": 60.931, "2010-09-30": 55.53, "2010-06-30": 54.025, "2010-03-31": "53.51100", "2009-12-31": 51.279, "2009-09-30": 51.205, "2009-06-30": 51.085, "2009-03-31": "51.13400", "2008-12-31": 51.055, "2008-09-30": 49.332, "2008-06-30": 48.009, "2008-03-31": "47.37000", "2007-12-31": 47.864, "2007-09-30": 46.529, "2007-06-30": 45.406, "2007-03-31": "43.48200", "2006-12-31": 43.334, "2006-09-30": 40.961, "2006-06-30": 43.16, "2006-03-31": "42.60300", "2005-12-31": 42.151, "2005-09-30": 42.205, "2005-06-30": 43.068, "2005-03-31": "48.93400"}, "Other Non-Cash Items": {"2020-09-30": -121.856, "2020-06-30": 52.465, "2020-03-31": "36.32300", "2019-12-31": 14.491, "2019-09-30": 48.341, "2019-06-30": -73.847, "2019-03-31": "47.56200", "2018-12-31": 44.162, "2018-09-30": -9.313, "2018-06-30": -110.849, "2018-03-31": "61.90600", "2017-12-31": 5.704, "2017-09-30": -20.328, "2017-06-30": -106.503, "2017-03-31": "92.26800", "2016-12-31": 8.619, "2016-09-30": -20.11, "2016-06-30": -53.114, "2016-03-31": "98.03900", "2015-12-31": 9.059, "2015-09-30": -29.176, "2015-06-30": -73.012, "2015-03-31": "63.31700", "2014-12-31": 44.28, "2014-09-30": 7.526, "2014-06-30": -86.092, "2014-03-31": "41.54600", "2013-12-31": 21.686, "2013-09-30": -10.345, "2013-06-30": -70.014, "2013-03-31": "47.55800", "2012-12-31": -41.417, "2012-09-30": 18.133, "2012-06-30": -95.541, "2012-03-31": "62.67800", "2011-12-31": -57.419, "2011-09-30": 40.063, "2011-06-30": -27.315, "2011-03-31": "58.03500", "2010-12-31": -5.934, "2010-09-30": -11.883, "2010-06-30": -46.828, "2010-03-31": "29.41000", "2009-12-31": -6.411, "2009-09-30": -7.404, "2009-06-30": -31.143, "2009-03-31": "15.85600", "2008-12-31": -36.976, "2008-09-30": 1.646, "2008-06-30": -39.494, "2008-03-31": "30.44100", "2007-12-31": -0.425, "2007-09-30": -7.651, "2007-06-30": -46.682, "2007-03-31": "23.97500", "2006-12-31": -152.558, "2006-09-30": -109.843, "2006-06-30": -4.907, "2006-03-31": "2.48000", "2005-12-31": 45.437, "2005-09-30": 15.065, "2005-06-30": -154.132, "2005-03-31": "19.83900"}, "Total Non-Cash Items": {"2020-09-30": 4.105, "2020-06-30": 178.673, "2020-03-31": "160.71700", "2019-12-31": 142.147, "2019-09-30": 169.869, "2019-06-30": 47.321, "2019-03-31": "167.60200", "2018-12-31": 162.236, "2018-09-30": 102.973, "2018-06-30": -1.267, "2018-03-31": "175.04000", "2017-12-31": 119.46, "2017-09-30": 89.889, "2017-06-30": 6.609, "2017-03-31": "203.06600", "2016-12-31": 116.055, "2016-09-30": 83.602, "2016-06-30": 48.297, "2016-03-31": "202.08800", "2015-12-31": 111.98, "2015-09-30": 70.266, "2015-06-30": 24.245, "2015-03-31": "162.31500", "2014-12-31": 142.398, "2014-09-30": 100.982, "2014-06-30": 4.599, "2014-03-31": "134.90500", "2013-12-31": 110.394, "2013-09-30": 76.626, "2013-06-30": 11.74, "2013-03-31": "127.48100", "2012-12-31": 39.632, "2012-09-30": 97.071, "2012-06-30": -20.658, "2012-03-31": "136.49800", "2011-12-31": 18.234, "2011-09-30": 115.322, "2011-06-30": 46.108, "2011-03-31": "129.56100", "2010-12-31": 54.997, "2010-09-30": 43.647, "2010-06-30": 7.197, "2010-03-31": "82.92100", "2009-12-31": 44.868, "2009-09-30": 43.801, "2009-06-30": 19.942, "2009-03-31": "66.99000", "2008-12-31": 14.079, "2008-09-30": 50.978, "2008-06-30": 8.515, "2008-03-31": "77.81100", "2007-12-31": 47.439, "2007-09-30": 38.878, "2007-06-30": -1.276, "2007-03-31": "67.45700", "2006-12-31": -109.224, "2006-09-30": -68.882, "2006-06-30": 38.253, "2006-03-31": "45.08300", "2005-12-31": 87.588, "2005-09-30": 57.27, "2005-06-30": -111.064, "2005-03-31": "68.77300"}, "Change In Accounts Receivable": {"2020-09-30": -85.859, "2020-06-30": 61.531, "2020-03-31": "69.76300", "2019-12-31": -4.724, "2019-09-30": 63.997, "2019-06-30": 0.29, "2019-03-31": "-101.61900", "2018-12-31": 31.89, "2018-09-30": -10.074, "2018-06-30": 8.471, "2018-03-31": "-72.52600", "2017-12-31": -34.809, "2017-09-30": 9.149, "2017-06-30": 6.303, "2017-03-31": "-5.36200", "2016-12-31": -81.045, "2016-09-30": 38.893, "2016-06-30": 34.233, "2016-03-31": "-79.96200", "2015-12-31": 15.063, "2015-09-30": 34.136, "2015-06-30": 1.959, "2015-03-31": "-96.97200", "2014-12-31": -7.515, "2014-09-30": -36.328, "2014-06-30": 33.768, "2014-03-31": "-95.63300", "2013-12-31": 49.553, "2013-09-30": -17.037, "2013-06-30": -0.365, "2013-03-31": "-81.85900", "2012-12-31": 15.753, "2012-09-30": -22.884, "2012-06-30": 82.733, "2012-03-31": "-146.67000", "2011-12-31": -31.138, "2011-09-30": -26.039, "2011-06-30": 26.258, "2011-03-31": "-103.91900", "2010-12-31": 29.477, "2010-09-30": 9.772, "2010-06-30": 29.976, "2010-03-31": "-46.49900", "2009-12-31": -22.149, "2009-09-30": 16.355, "2009-06-30": 49.286, "2009-03-31": "-44.89400", "2008-12-31": 30.241, "2008-09-30": 67.067, "2008-06-30": -10.893, "2008-03-31": "-63.97000", "2007-12-31": 4.309, "2007-09-30": 18.932, "2007-06-30": 21.016, "2007-03-31": "-57.30700", "2006-12-31": -2.196, "2006-09-30": -38.514, "2006-06-30": 1.456, "2006-03-31": "-48.07400", "2005-12-31": 21.291, "2005-09-30": 38.043, "2005-06-30": 19.602, "2005-03-31": "-65.96000"}, "Change In Inventories": {"2020-09-30": 0, "2020-06-30": 0, "2020-03-31": "", "2019-12-31": 0, "2019-09-30": 0, "2019-06-30": 0, "2019-03-31": "", "2018-12-31": 0, "2018-09-30": 0, "2018-06-30": 0, "2018-03-31": "", "2017-12-31": 0, "2017-09-30": 0, "2017-06-30": 0, "2017-03-31": "", "2016-12-31": 0, "2016-09-30": 0, "2016-06-30": 0, "2016-03-31": "", "2015-12-31": 0, "2015-09-30": 0, "2015-06-30": 0, "2015-03-31": "", "2014-12-31": 0, "2014-09-30": 0, "2014-06-30": 0, "2014-03-31": "", "2013-12-31": 0, "2013-09-30": 0, "2013-06-30": 0, "2013-03-31": "", "2012-12-31": 0, "2012-09-30": 0, "2012-06-30": 0, "2012-03-31": "", "2011-12-31": 0, "2011-09-30": 0, "2011-06-30": 0, "2011-03-31": "", "2010-12-31": 0, "2010-09-30": 0, "2010-06-30": 0, "2010-03-31": "", "2009-12-31": 0, "2009-09-30": 0, "2009-06-30": 0, "2009-03-31": "", "2008-12-31": 0, "2008-09-30": 0, "2008-06-30": 0, "2008-03-31": "", "2007-12-31": 0, "2007-09-30": 0, "2007-06-30": 0, "2007-03-31": "", "2006-12-31": 0, "2006-09-30": 0, "2006-06-30": 0, "2006-03-31": "", "2005-12-31": 0, "2005-09-30": 0, "2005-06-30": 0, "2005-03-31": ""}, "Change In Accounts Payable": {"2020-09-30": 0, "2020-06-30": 0, "2020-03-31": "", "2019-12-31": 0, "2019-09-30": 0, "2019-06-30": 0, "2019-03-31": "", "2018-12-31": 0, "2018-09-30": 0, "2018-06-30": 0, "2018-03-31": "", "2017-12-31": 0, "2017-09-30": 0, "2017-06-30": 0, "2017-03-31": "", "2016-12-31": 0, "2016-09-30": 0, "2016-06-30": 0, "2016-03-31": "", "2015-12-31": 0, "2015-09-30": 0, "2015-06-30": 0, "2015-03-31": "", "2014-12-31": 0, "2014-09-30": 0, "2014-06-30": 0, "2014-03-31": "", "2013-12-31": 0, "2013-09-30": 0, "2013-06-30": 0, "2013-03-31": "", "2012-12-31": 0, "2012-09-30": 0, "2012-06-30": 0, "2012-03-31": "", "2011-12-31": 0, "2011-09-30": 0, "2011-06-30": 0, "2011-03-31": "", "2010-12-31": 0, "2010-09-30": 0, "2010-06-30": 0, "2010-03-31": "", "2009-12-31": 0, "2009-09-30": 0, "2009-06-30": 0, "2009-03-31": "", "2008-12-31": 0, "2008-09-30": 0, "2008-06-30": 0, "2008-03-31": "", "2007-12-31": 0, "2007-09-30": 0, "2007-06-30": 0, "2007-03-31": "", "2006-12-31": 0, "2006-09-30": 0, "2006-06-30": 0, "2006-03-31": "", "2005-12-31": 0, "2005-09-30": 0, "2005-06-30": 0, "2005-03-31": ""}, "Change In Assets/Liabilities": {"2020-09-30": 457.14, "2020-06-30": 423.542, "2020-03-31": "85.01300", "2019-12-31": -93.04, "2019-09-30": 76.75, "2019-06-30": -75.358, "2019-03-31": "104.10700", "2018-12-31": -58.757, "2018-09-30": 57.191, "2018-06-30": -58.761, "2018-03-31": "53.59400", "2017-12-31": -45.484, "2017-09-30": 115.821, "2017-06-30": -172.661, "2017-03-31": "59.22300", "2016-12-31": -64.569, "2016-09-30": -1.63, "2016-06-30": 21.997, "2016-03-31": "93.16900", "2015-12-31": -71.536, "2015-09-30": -40.564, "2015-06-30": 23.238, "2015-03-31": "-30.06300", "2014-12-31": 12.098, "2014-09-30": 47.327, "2014-06-30": 53.171, "2014-03-31": "-25.01700", "2013-12-31": 11.48, "2013-09-30": -17.752, "2013-06-30": 74.613, "2013-03-31": "-33.12300", "2012-12-31": 76.487, "2012-09-30": -17.738, "2012-06-30": 41.735, "2012-03-31": "-40.95400", "2011-12-31": 62.905, "2011-09-30": -17.235, "2011-06-30": -16.613, "2011-03-31": "-20.27900", "2010-12-31": -39.069, "2010-09-30": 38.44, "2010-06-30": -11.391, "2010-03-31": "-2.87800", "2009-12-31": -40.457, "2009-09-30": 34.499, "2009-06-30": 1.192, "2009-03-31": "22.15600", "2008-12-31": -46.396, "2008-09-30": 24.448, "2008-06-30": -3.375, "2008-03-31": "29.51100", "2007-12-31": -77.332, "2007-09-30": 51.503, "2007-06-30": -14.662, "2007-03-31": "10.75400", "2006-12-31": -15.599, "2006-09-30": 22.658, "2006-06-30": -39.232, "2006-03-31": "31.67400", "2005-12-31": -62.083, "2005-09-30": -4.833, "2005-06-30": 10.391, "2005-03-31": "40.64800"}, "Total Change In Assets/Liabilities": {"2020-09-30": 395.501, "2020-06-30": 518.751, "2020-03-31": "199.92300", "2019-12-31": -65.166, "2019-09-30": 161.263, "2019-06-30": -44.012, "2019-03-31": "24.19900", "2018-12-31": -2.06, "2018-09-30": 64.241, "2018-06-30": -20.752, "2018-03-31": "-2.01600", "2017-12-31": -52.06, "2017-09-30": 140.923, "2017-06-30": -123.128, "2017-03-31": "69.74500", "2016-12-31": -120.562, "2016-09-30": 53.226, "2016-06-30": 86.315, "2016-03-31": "36.51100", "2015-12-31": -41.689, "2015-09-30": 19.999, "2015-06-30": 50.323, "2015-03-31": "-103.17000", "2014-12-31": 3.983, "2014-09-30": 37.026, "2014-06-30": 92.823, "2014-03-31": "-88.28500", "2013-12-31": 47.045, "2013-09-30": -16.428, "2013-06-30": 30.398, "2013-03-31": "-80.52300", "2012-12-31": 76.399, "2012-09-30": -20.083, "2012-06-30": 144.721, "2012-03-31": "-149.76300", "2011-12-31": 27.473, "2011-09-30": -4.116, "2011-06-30": 18.197, "2011-03-31": "-87.57900", "2010-12-31": -22.652, "2010-09-30": 75.685, "2010-06-30": 5.002, "2010-03-31": "-22.06000", "2009-12-31": -59.968, "2009-09-30": 79.458, "2009-06-30": 33.402, "2009-03-31": "7.76700", "2008-12-31": -12.282, "2008-09-30": 121.378, "2008-06-30": -3.089, "2008-03-31": "-6.08400", "2007-12-31": -61.079, "2007-09-30": 92.11, "2007-06-30": 6.404, "2007-03-31": "-13.94800", "2006-12-31": -9.44, "2006-09-30": 12.356, "2006-06-30": -22.957, "2006-03-31": "9.46600", "2005-12-31": -24.323, "2005-09-30": 57.34, "2005-06-30": 47.663, "2005-03-31": "0.69700"}, "Cash Flow From Operating Activities": {"2020-09-30": 766.788, "2020-06-30": 949.307, "2020-03-31": "502.06200", "2019-12-31": 333.357, "2019-09-30": 432.548, "2019-06-30": 240.76, "2019-03-31": "431.80400", "2018-12-31": 325.342, "2018-09-30": 342.437, "2018-06-30": 197.059, "2018-03-31": "409.90400", "2017-12-31": 368.868, "2017-09-30": 344.921, "2017-06-30": 50.687, "2017-03-31": "483.10900", "2016-12-31": 197.33, "2016-09-30": 300.083, "2016-06-30": 361.2, "2016-03-31": "475.22900", "2015-12-31": 271.763, "2015-09-30": 264.896, "2015-06-30": 260.328, "2015-03-31": "271.27500", "2014-12-31": 346.322, "2014-09-30": 231.138, "2014-06-30": 263.777, "2014-03-31": "194.63900", "2013-12-31": 308.318, "2013-09-30": 185.006, "2013-06-30": 212.42, "2013-03-31": "178.49700", "2012-12-31": 264.225, "2012-09-30": 162.144, "2012-06-30": 245.639, "2012-03-31": "127.22300", "2011-12-31": 148.181, "2011-09-30": 206.726, "2011-06-30": 172.599, "2011-03-31": "183.17700", "2010-12-31": 88.529, "2010-09-30": 185.091, "2010-06-30": 88.265, "2010-03-31": "139.45900", "2009-12-31": 56.987, "2009-09-30": 183.436, "2009-06-30": 148.585, "2009-03-31": "152.25400", "2008-12-31": 79.424, "2008-09-30": 216.297, "2008-06-30": 66.79, "2008-03-31": "131.67600", "2007-12-31": 58.665, "2007-09-30": 163.805, "2007-06-30": 60, "2007-03-31": "98.97600", "2006-12-31": -80.781, "2006-09-30": 60.948, "2006-06-30": 78.732, "2006-03-31": "110.34000", "2005-12-31": 68.983, "2005-09-30": 126.005, "2005-06-30": 95.826, "2005-03-31": "134.61200"}, "Net Change In Property, Plant, And Equipment": {"2020-09-30": -192.046, "2020-06-30": -170.508, "2020-03-31": "-184.10200", "2019-12-31": -153.848, "2019-09-30": -156.327, "2019-06-30": -154.072, "2019-03-31": "-169.84800", "2018-12-31": -143.613, "2018-09-30": -127.01, "2018-06-30": -196.728, "2018-03-31": "-197.61100", "2017-12-31": -112.412, "2017-09-30": -182.642, "2017-06-30": -108.658, "2017-03-31": "-153.79400", "2016-12-31": -145.251, "2016-09-30": -148.448, "2016-06-30": -120.501, "2016-03-31": "-127.21400", "2015-12-31": -109.743, "2015-09-30": -98.998, "2015-06-30": -81.304, "2015-03-31": "-89.27600", "2014-12-31": -81.789, "2014-09-30": -122.575, "2014-06-30": -94.399, "2014-03-31": "-92.38700", "2013-12-31": -78.742, "2013-09-30": -103.807, "2013-06-30": -80.025, "2013-03-31": "-95.91900", "2012-12-31": -81.001, "2012-09-30": -99.84, "2012-06-30": -89.788, "2012-03-31": "-92.56300", "2011-12-31": -90.278, "2011-09-30": -79.164, "2011-06-30": -59.682, "2011-03-31": "-56.55800", "2010-12-31": -61.524, "2010-09-30": -56.11, "2010-06-30": -59.064, "2010-03-31": "-62.57600", "2009-12-31": -100.923, "2009-09-30": -95.577, "2009-06-30": -105.029, "2009-03-31": "-78.21900", "2008-12-31": -114.657, "2008-09-30": -83.818, "2008-06-30": -74.311, "2008-03-31": "-81.75100", "2007-12-31": -76.447, "2007-09-30": -78.779, "2007-06-30": -85.238, "2007-03-31": "-99.34900", "2006-12-31": -108.132, "2006-09-30": -80.335, "2006-06-30": -69.47, "2006-03-31": "-83.20300", "2005-12-31": -70.069, "2005-09-30": -62.496, "2005-06-30": -50.927, "2005-03-31": "-57.92000"}, "Net Change In Intangible Assets": {"2020-09-30": 0, "2020-06-30": 0, "2020-03-31": "", "2019-12-31": 0, "2019-09-30": 0, "2019-06-30": 0, "2019-03-31": "", "2018-12-31": 0, "2018-09-30": 0, "2018-06-30": 0, "2018-03-31": "", "2017-12-31": 0, "2017-09-30": 0, "2017-06-30": 0, "2017-03-31": "", "2016-12-31": 0, "2016-09-30": 0, "2016-06-30": 0, "2016-03-31": "", "2015-12-31": 0, "2015-09-30": 0, "2015-06-30": 0, "2015-03-31": "", "2014-12-31": 0, "2014-09-30": 0, "2014-06-30": 0, "2014-03-31": "", "2013-12-31": 0, "2013-09-30": 0, "2013-06-30": 0, "2013-03-31": "", "2012-12-31": 0, "2012-09-30": 0, "2012-06-30": 0, "2012-03-31": "", "2011-12-31": 0, "2011-09-30": 0, "2011-06-30": 0, "2011-03-31": "", "2010-12-31": 0, "2010-09-30": 0, "2010-06-30": 0, "2010-03-31": "", "2009-12-31": 0, "2009-09-30": 0, "2009-06-30": 0, "2009-03-31": "", "2008-12-31": 0, "2008-09-30": 0, "2008-06-30": 0, "2008-03-31": "", "2007-12-31": 0, "2007-09-30": 0, "2007-06-30": 0, "2007-03-31": "", "2006-12-31": 0, "2006-09-30": 0, "2006-06-30": 0, "2006-03-31": "", "2005-12-31": 0, "2005-09-30": 0, "2005-06-30": 0, "2005-03-31": ""}, "Net Acquisitions/Divestitures": {"2020-09-30": -49.63, "2020-06-30": 5.472, "2020-03-31": "", "2019-12-31": -6.052, "2019-09-30": 7.497, "2019-06-30": 0, "2019-03-31": "", "2018-12-31": -2.448, "2018-09-30": -87.085, "2018-06-30": 12.663, "2018-03-31": "-20.09200", "2017-12-31": -3.16, "2017-09-30": 0, "2017-06-30": -1.778, "2017-03-31": "-17.83200", "2016-12-31": -477.582, "2016-09-30": -108.696, "2016-06-30": -7.982, "2016-03-31": "-19.54300", "2015-12-31": -349.905, "2015-09-30": -145.859, "2015-06-30": 0, "2015-03-31": "-34.50000", "2014-12-31": -28.981, "2014-09-30": -327.677, "2014-06-30": -67.699, "2014-03-31": "8.14900", "2013-12-31": -10.952, "2013-09-30": 3.11, "2013-06-30": 26.031, "2013-03-31": "6.65700", "2012-12-31": -409.638, "2012-09-30": -10.883, "2012-06-30": -11.476, "2012-03-31": "53.46100", "2011-12-31": 23.043, "2011-09-30": 13.042, "2011-06-30": 1.05, "2011-03-31": "0.99100", "2010-12-31": -1958.298, "2010-09-30": 16.46, "2010-06-30": 2.106, "2010-03-31": "2.89400", "2009-12-31": 5.459, "2009-09-30": 0.818, "2009-06-30": -9.006, "2009-03-31": "", "2008-12-31": 41.78, "2008-09-30": 14.566, "2008-06-30": 0, "2008-03-31": "2.23500", "2007-12-31": 17.679, "2007-09-30": -21.964, "2007-06-30": -7.817, "2007-03-31": "-82.87200", "2006-12-31": -36.146, "2006-09-30": -31.404, "2006-06-30": -2.515, "2006-03-31": "-11.73500", "2005-12-31": -227.122, "2005-09-30": -24.41, "2005-06-30": 252.547, "2005-03-31": "119.36400"}, "Net Change In Short-term Investments": {"2020-09-30": 0, "2020-06-30": 0, "2020-03-31": "", "2019-12-31": 0, "2019-09-30": 0, "2019-06-30": 0, "2019-03-31": "", "2018-12-31": 0, "2018-09-30": 0, "2018-06-30": 0, "2018-03-31": "", "2017-12-31": 0, "2017-09-30": 0, "2017-06-30": 0, "2017-03-31": "", "2016-12-31": 0, "2016-09-30": 0, "2016-06-30": 0, "2016-03-31": "", "2015-12-31": 0, "2015-09-30": 0, "2015-06-30": 0, "2015-03-31": "", "2014-12-31": 0, "2014-09-30": 0, "2014-06-30": 0, "2014-03-31": "", "2013-12-31": 0, "2013-09-30": 0, "2013-06-30": 0, "2013-03-31": "", "2012-12-31": 0, "2012-09-30": 0, "2012-06-30": 0, "2012-03-31": "", "2011-12-31": 0, "2011-09-30": 0, "2011-06-30": 0, "2011-03-31": "", "2010-12-31": 0, "2010-09-30": 0, "2010-06-30": 0, "2010-03-31": "", "2009-12-31": 0, "2009-09-30": 0, "2009-06-30": 0, "2009-03-31": "", "2008-12-31": 0, "2008-09-30": 0, "2008-06-30": 0, "2008-03-31": "", "2007-12-31": 0, "2007-09-30": 0, "2007-06-30": 0, "2007-03-31": "", "2006-12-31": 0, "2006-09-30": 0, "2006-06-30": 0, "2006-03-31": "", "2005-12-31": 0, "2005-09-30": 0, "2005-06-30": 0, "2005-03-31": ""}, "Net Change In Long-Term Investments": {"2020-09-30": -0.712, "2020-06-30": 0.466, "2020-03-31": "-0.75100", "2019-12-31": -2.63, "2019-09-30": 0, "2019-06-30": -11.07, "2019-03-31": "-0.87900", "2018-12-31": -1.421, "2018-09-30": 0.149, "2018-06-30": -5.384, "2018-03-31": "-8.57500", "2017-12-31": -8.076, "2017-09-30": 0, "2017-06-30": 0, "2017-03-31": "-3.00000", "2016-12-31": 0, "2016-09-30": 0, "2016-06-30": 0, "2016-03-31": "", "2015-12-31": -3.3, "2015-09-30": 0, "2015-06-30": 0, "2015-03-31": "", "2014-12-31": -12, "2014-09-30": 0, "2014-06-30": 0, "2014-03-31": "", "2013-12-31": 0, "2013-09-30": 0, "2013-06-30": 0, "2013-03-31": "", "2012-12-31": 0, "2012-09-30": 0, "2012-06-30": 0, "2012-03-31": "", "2011-12-31": 0, "2011-09-30": 0, "2011-06-30": 0, "2011-03-31": "", "2010-12-31": 0, "2010-09-30": 0, "2010-06-30": 0, "2010-03-31": "", "2009-12-31": 0, "2009-09-30": 0, "2009-06-30": 0, "2009-03-31": "", "2008-12-31": 0.021, "2008-09-30": 0.825, "2008-06-30": -2.095, "2008-03-31": "", "2007-12-31": 0, "2007-09-30": 0, "2007-06-30": 0, "2007-03-31": "", "2006-12-31": 0, "2006-09-30": 0, "2006-06-30": 0, "2006-03-31": "", "2005-12-31": 0, "2005-09-30": 0, "2005-06-30": 0, "2005-03-31": ""}, "Net Change In Investments - Total": {"2020-09-30": -0.712, "2020-06-30": 0.466, "2020-03-31": "-0.75100", "2019-12-31": -2.63, "2019-09-30": 0, "2019-06-30": -11.07, "2019-03-31": "-0.87900", "2018-12-31": -1.421, "2018-09-30": 0.149, "2018-06-30": -5.384, "2018-03-31": "-8.57500", "2017-12-31": -8.076, "2017-09-30": 0, "2017-06-30": 0, "2017-03-31": "-3.00000", "2016-12-31": 0, "2016-09-30": 0, "2016-06-30": 0, "2016-03-31": "", "2015-12-31": -3.3, "2015-09-30": 0, "2015-06-30": 0, "2015-03-31": "", "2014-12-31": -12, "2014-09-30": 0, "2014-06-30": 0, "2014-03-31": "", "2013-12-31": 0, "2013-09-30": 0, "2013-06-30": 0, "2013-03-31": "", "2012-12-31": 0, "2012-09-30": 0, "2012-06-30": 0, "2012-03-31": "", "2011-12-31": 0, "2011-09-30": 0, "2011-06-30": 0, "2011-03-31": "", "2010-12-31": 0, "2010-09-30": 0, "2010-06-30": 0, "2010-03-31": "", "2009-12-31": 0, "2009-09-30": 0, "2009-06-30": 0, "2009-03-31": "", "2008-12-31": 0.021, "2008-09-30": 0.825, "2008-06-30": -2.095, "2008-03-31": "", "2007-12-31": 0, "2007-09-30": 0, "2007-06-30": 0, "2007-03-31": "", "2006-12-31": 0, "2006-09-30": 0, "2006-06-30": 0, "2006-03-31": "", "2005-12-31": 0, "2005-09-30": 0, "2005-06-30": 0, "2005-03-31": ""}, "Investing Activities - Other": {"2020-09-30": -35.5, "2020-06-30": 2.774, "2020-03-31": "49.83400", "2019-12-31": -57.425, "2019-09-30": 25.252, "2019-06-30": 28.678, "2019-03-31": "-37.68600", "2018-12-31": 29.307, "2018-09-30": -21.697, "2018-06-30": 68.151, "2018-03-31": "-45.85300", "2017-12-31": -93.38, "2017-09-30": 19.448, "2017-06-30": -19.448, "2017-03-31": "", "2016-12-31": 0, "2016-09-30": 0, "2016-06-30": 0, "2016-03-31": "", "2015-12-31": 0, "2015-09-30": 0, "2015-06-30": 0, "2015-03-31": "", "2014-12-31": -2.284, "2014-09-30": -2.805, "2014-06-30": -1.895, "2014-03-31": "-6.50400", "2013-12-31": -7.458, "2013-09-30": -8.957, "2013-06-30": -16.984, "2013-03-31": "-16.41200", "2012-12-31": -12.508, "2012-09-30": -13.846, "2012-06-30": -13.507, "2012-03-31": "-8.00100", "2011-12-31": -10.375, "2011-09-30": -16.458, "2011-06-30": -3.271, "2011-03-31": "-8.14500", "2010-12-31": 252.217, "2010-09-30": -261.834, "2010-06-30": -4.612, "2010-03-31": "-3.74200", "2009-12-31": -7.957, "2009-09-30": 0, "2009-06-30": 0, "2009-03-31": "", "2008-12-31": 0, "2008-09-30": 0, "2008-06-30": 1.539, "2008-03-31": "", "2007-12-31": 0, "2007-09-30": 0, "2007-06-30": 0, "2007-03-31": "", "2006-12-31": 0, "2006-09-30": 91.571, "2006-06-30": 25, "2006-03-31": "28.00000", "2005-12-31": 75, "2005-09-30": 0, "2005-06-30": 0, "2005-03-31": ""}, "Cash Flow From Investing Activities": {"2020-09-30": -277.888, "2020-06-30": -161.796, "2020-03-31": "-135.01900", "2019-12-31": -219.955, "2019-09-30": -123.578, "2019-06-30": -136.464, "2019-03-31": "-208.41300", "2018-12-31": -118.175, "2018-09-30": -235.643, "2018-06-30": -121.298, "2018-03-31": "-272.13100", "2017-12-31": -217.028, "2017-09-30": -163.194, "2017-06-30": -129.884, "2017-03-31": "-174.62600", "2016-12-31": -622.833, "2016-09-30": -257.144, "2016-06-30": -128.483, "2016-03-31": "-146.75700", "2015-12-31": -462.948, "2015-09-30": -244.857, "2015-06-30": -81.304, "2015-03-31": "-123.77600", "2014-12-31": -125.054, "2014-09-30": -453.057, "2014-06-30": -163.993, "2014-03-31": "-90.74200", "2013-12-31": -97.152, "2013-09-30": -109.654, "2013-06-30": -70.978, "2013-03-31": "-105.67400", "2012-12-31": -503.147, "2012-09-30": -124.569, "2012-06-30": -114.771, "2012-03-31": "-47.10300", "2011-12-31": -77.61, "2011-09-30": -82.58, "2011-06-30": -61.903, "2011-03-31": "-63.71200", "2010-12-31": -1767.605, "2010-09-30": -301.484, "2010-06-30": -61.57, "2010-03-31": "-63.42400", "2009-12-31": -103.421, "2009-09-30": -94.759, "2009-06-30": -114.035, "2009-03-31": "-78.21900", "2008-12-31": -72.856, "2008-09-30": -68.427, "2008-06-30": -74.867, "2008-03-31": "-79.51600", "2007-12-31": -58.768, "2007-09-30": -100.743, "2007-06-30": -93.055, "2007-03-31": "-182.22100", "2006-12-31": -144.278, "2006-09-30": -20.168, "2006-06-30": -46.985, "2006-03-31": "-66.93800", "2005-12-31": -222.191, "2005-09-30": -86.906, "2005-06-30": 201.62, "2005-03-31": "61.44400"}, "Net Long-Term Debt": {"2020-09-30": 83.4861, "2020-06-30": -274.234, "2020-03-31": "-179.64500", "2019-12-31": 35.153, "2019-09-30": -201.658, "2019-06-30": 254.423, "2019-03-31": "-105.84000", "2018-12-31": -21.68, "2018-09-30": 34.401, "2018-06-30": 68.206, "2018-03-31": "-120.17600", "2017-12-31": -1.604, "2017-09-30": -76.327, "2017-06-30": 214.958, "2017-03-31": "-239.03300", "2016-12-31": 500.5881, "2016-09-30": 32.141, "2016-06-30": 331.159, "2016-03-31": "-152.27100", "2015-12-31": 357.305, "2015-09-30": 59.387, "2015-06-30": -112.387, "2015-03-31": "-138.07100", "2014-12-31": -176.386, "2014-09-30": 306.383, "2014-06-30": -81.972, "2014-03-31": "-97.15400", "2013-12-31": -191.732, "2013-09-30": -47.635, "2013-06-30": -124.67, "2013-03-31": "-60.42600", "2012-12-31": 285.682, "2012-09-30": -26.143, "2012-06-30": -124.744, "2012-03-31": "-70.94200", "2011-12-31": -51.878, "2011-09-30": -66.973, "2011-06-30": -101.663, "2011-03-31": "-62.90300", "2010-12-31": 1818.66, "2010-09-30": 133.374, "2010-06-30": -9.611, "2010-03-31": "-68.36300", "2009-12-31": 103.244, "2009-09-30": -66.488, "2009-06-30": -25.386, "2009-03-31": "-51.80000", "2008-12-31": 53.728, "2008-09-30": -109.584, "2008-06-30": 7.248, "2008-03-31": "33.18000", "2007-12-31": 108.484, "2007-09-30": -50.265, "2007-06-30": 31.607, "2007-03-31": "84.66400", "2006-12-31": 352.614, "2006-09-30": -0.98, "2006-06-30": 146.707, "2006-03-31": "-38.88600", "2005-12-31": 106.748, "2005-09-30": -1.168, "2005-06-30": -86.782, "2005-03-31": "-168.68500"}, "Net Current Debt": {"2020-09-30": 0, "2020-06-30": 0, "2020-03-31": "", "2019-12-31": 0, "2019-09-30": 0, "2019-06-30": 0, "2019-03-31": "", "2018-12-31": 0, "2018-09-30": 0, "2018-06-30": 0, "2018-03-31": "", "2017-12-31": 0, "2017-09-30": 0, "2017-06-30": 0, "2017-03-31": "", "2016-12-31": 0, "2016-09-30": 0, "2016-06-30": 0, "2016-03-31": "", "2015-12-31": 0, "2015-09-30": 0, "2015-06-30": 0, "2015-03-31": "", "2014-12-31": 0, "2014-09-30": 0, "2014-06-30": 0, "2014-03-31": "", "2013-12-31": 0, "2013-09-30": 0, "2013-06-30": 0, "2013-03-31": "", "2012-12-31": 0, "2012-09-30": 0, "2012-06-30": 0, "2012-03-31": "", "2011-12-31": 0, "2011-09-30": 0, "2011-06-30": 0, "2011-03-31": "", "2010-12-31": 0, "2010-09-30": 0, "2010-06-30": 0, "2010-03-31": "", "2009-12-31": 0, "2009-09-30": 0, "2009-06-30": 0, "2009-03-31": "", "2008-12-31": 0, "2008-09-30": 0, "2008-06-30": 0, "2008-03-31": "", "2007-12-31": 0, "2007-09-30": 0, "2007-06-30": 0, "2007-03-31": "", "2006-12-31": 0, "2006-09-30": 0, "2006-06-30": 0, "2006-03-31": "", "2005-12-31": 0, "2005-09-30": 0, "2005-06-30": 0, "2005-03-31": ""}, "Debt Issuance/Retirement Net - Total": {"2020-09-30": 83.4861, "2020-06-30": -274.234, "2020-03-31": "-179.64500", "2019-12-31": 35.153, "2019-09-30": -201.658, "2019-06-30": 254.423, "2019-03-31": "-105.84000", "2018-12-31": -21.68, "2018-09-30": 34.401, "2018-06-30": 68.206, "2018-03-31": "-120.17600", "2017-12-31": -1.604, "2017-09-30": -76.327, "2017-06-30": 214.958, "2017-03-31": "-239.03300", "2016-12-31": 500.5881, "2016-09-30": 32.141, "2016-06-30": 331.159, "2016-03-31": "-152.27100", "2015-12-31": 357.305, "2015-09-30": 59.387, "2015-06-30": -112.387, "2015-03-31": "-138.07100", "2014-12-31": -176.386, "2014-09-30": 306.383, "2014-06-30": -81.972, "2014-03-31": "-97.15400", "2013-12-31": -191.732, "2013-09-30": -47.635, "2013-06-30": -124.67, "2013-03-31": "-60.42600", "2012-12-31": 285.682, "2012-09-30": -26.143, "2012-06-30": -124.744, "2012-03-31": "-70.94200", "2011-12-31": -51.878, "2011-09-30": -66.973, "2011-06-30": -101.663, "2011-03-31": "-62.90300", "2010-12-31": 1818.66, "2010-09-30": 133.374, "2010-06-30": -9.611, "2010-03-31": "-68.36300", "2009-12-31": 103.244, "2009-09-30": -66.488, "2009-06-30": -25.386, "2009-03-31": "-51.80000", "2008-12-31": 53.728, "2008-09-30": -109.584, "2008-06-30": 7.248, "2008-03-31": "33.18000", "2007-12-31": 108.484, "2007-09-30": -50.265, "2007-06-30": 31.607, "2007-03-31": "84.66400", "2006-12-31": 352.614, "2006-09-30": -0.98, "2006-06-30": 146.707, "2006-03-31": "-38.88600", "2005-12-31": 106.748, "2005-09-30": -1.168, "2005-06-30": -86.782, "2005-03-31": "-168.68500"}, "Net Common Equity Issued/Repurchased": {"2020-09-30": 3.392, "2020-06-30": -25.112, "2020-03-31": "-169.09000", "2019-12-31": -179.97, "2019-09-30": -90.35, "2019-06-30": -348.319, "2019-03-31": "-141.05900", "2018-12-31": -133.71, "2018-09-30": -123.694, "2018-06-30": -122.929, "2018-03-31": "-6.89600", "2017-12-31": -118.914, "2017-09-30": -92.697, "2017-06-30": -115.909, "2017-03-31": "-26.62700", "2016-12-31": -53.079, "2016-09-30": -56.021, "2016-06-30": -66.066, "2016-03-31": "-168.71100", "2015-12-31": -77.509, "2015-09-30": -59.714, "2015-06-30": -37.119, "2015-03-31": "-26.99900", "2014-12-31": -35.501, "2014-09-30": -25.899, "2014-06-30": -19.938, "2014-03-31": "-12.54800", "2013-12-31": -3.403, "2013-09-30": 0.548, "2013-06-30": -5.843, "2013-03-31": "-12.79500", "2012-12-31": -7.871, "2012-09-30": -5.496, "2012-06-30": 0.649, "2012-03-31": "-1.00100", "2011-12-31": -14.767, "2011-09-30": -37.181, "2011-06-30": -1.836, "2011-03-31": "-1.91900", "2010-12-31": -9.175, "2010-09-30": 1.111, "2010-06-30": 0.66, "2010-03-31": "-0.53000", "2009-12-31": -46.099, "2009-09-30": 0.188, "2009-06-30": -0.029, "2009-03-31": "-14.05800", "2008-12-31": -44.365, "2008-09-30": -14.02, "2008-06-30": 0.041, "2008-03-31": "-88.70600", "2007-12-31": -58.482, "2007-09-30": -11.448, "2007-06-30": 1.276, "2007-03-31": "-3.17300", "2006-12-31": -128.597, "2006-09-30": -147.768, "2006-06-30": -68.388, "2006-03-31": "0.01800", "2005-12-31": -23.43, "2005-09-30": -66.055, "2005-06-30": -145.599, "2005-03-31": "-0.48400"}, "Net Total Equity Issued/Repurchased": {"2020-09-30": 3.392, "2020-06-30": -25.112, "2020-03-31": "-169.09000", "2019-12-31": -179.97, "2019-09-30": -90.35, "2019-06-30": -348.319, "2019-03-31": "-141.05900", "2018-12-31": -133.71, "2018-09-30": -123.694, "2018-06-30": -122.929, "2018-03-31": "-6.89600", "2017-12-31": -118.914, "2017-09-30": -92.697, "2017-06-30": -115.909, "2017-03-31": "-26.62700", "2016-12-31": -53.079, "2016-09-30": -56.021, "2016-06-30": -66.066, "2016-03-31": "-168.71100", "2015-12-31": -77.509, "2015-09-30": -59.714, "2015-06-30": -37.119, "2015-03-31": "-26.99900", "2014-12-31": -35.501, "2014-09-30": -25.899, "2014-06-30": -19.938, "2014-03-31": "-12.54800", "2013-12-31": -3.403, "2013-09-30": 0.548, "2013-06-30": -5.843, "2013-03-31": "-12.79500", "2012-12-31": -7.871, "2012-09-30": -5.496, "2012-06-30": 0.649, "2012-03-31": "-1.00100", "2011-12-31": -14.767, "2011-09-30": -37.181, "2011-06-30": -1.836, "2011-03-31": "-1.91900", "2010-12-31": -9.175, "2010-09-30": 1.111, "2010-06-30": 0.66, "2010-03-31": "-0.53000", "2009-12-31": -46.099, "2009-09-30": 0.188, "2009-06-30": -0.029, "2009-03-31": "-14.05800", "2008-12-31": -44.365, "2008-09-30": -14.02, "2008-06-30": 0.041, "2008-03-31": "-88.70600", "2007-12-31": -58.482, "2007-09-30": -11.448, "2007-06-30": 1.276, "2007-03-31": "-3.17300", "2006-12-31": -128.597, "2006-09-30": -147.768, "2006-06-30": -68.388, "2006-03-31": "0.01800", "2005-12-31": -23.43, "2005-09-30": -66.055, "2005-06-30": -145.599, "2005-03-31": "-0.48400"}, "Total Common And Preferred Stock Dividends Paid": {"2020-09-30": 0, "2020-06-30": 0, "2020-03-31": "-17.34400", "2019-12-31": -17.447, "2019-09-30": -17.603, "2019-06-30": -8.872, "2019-03-31": "-9.08100", "2018-12-31": -9.256, "2018-09-30": -9.282, "2018-06-30": -9.382, "2018-03-31": "-9.42200", "2017-12-31": -9.435, "2017-09-30": -9.496, "2017-06-30": -9.618, "2017-03-31": "-9.66200", "2016-12-31": -9.678, "2016-09-30": -9.713, "2016-06-30": -9.727, "2016-03-31": "-9.75700", "2015-12-31": -9.836, "2015-09-30": -9.892, "2015-06-30": -9.905, "2015-03-31": "-9.89900", "2014-12-31": -9.871, "2014-09-30": -9.91, "2014-06-30": -4.951, "2014-03-31": "-4.93300", "2013-12-31": -4.915, "2013-09-30": -4.911, "2013-06-30": -4.925, "2013-03-31": "-4.87000", "2012-12-31": -43.876, "2012-09-30": -4.846, "2012-06-30": -4.841, "2012-03-31": "-4.83200", "2011-12-31": -4.828, "2011-09-30": -4.875, "2011-06-30": -4.887, "2011-03-31": "-4.87600", "2010-12-31": -4.867, "2010-09-30": -4.862, "2010-06-30": -4.859, "2010-03-31": "-4.83400", "2009-12-31": -4.885, "2009-09-30": -3.931, "2009-06-30": -3.928, "2009-03-31": "-3.96200", "2008-12-31": -4.003, "2008-09-30": -4.051, "2008-06-30": -4.024, "2008-03-31": "-4.07200", "2007-12-31": -4.252, "2007-09-30": -4.296, "2007-06-30": -4.311, "2007-03-31": "-4.31000", "2006-12-31": -4.355, "2006-09-30": -4.47, "2006-06-30": -4.334, "2006-03-31": "-4.28600", "2005-12-31": -4.303, "2005-09-30": -4.467, "2005-06-30": -4.47, "2005-03-31": "-4.64500"}, "Financial Activities - Other": {"2020-09-30": -15.094, "2020-06-30": -3.15, "2020-03-31": "-5.73500", "2019-12-31": -2.526, "2019-09-30": -0.237, "2019-06-30": -1.336, "2019-03-31": "-10.31400", "2018-12-31": -19.365, "2018-09-30": -0.349, "2018-06-30": -4.451, "2018-03-31": "-4.21700", "2017-12-31": -8.831, "2017-09-30": -4.528, "2017-06-30": -7.312, "2017-03-31": "-4.11800", "2016-12-31": -8.649, "2016-09-30": -3.034, "2016-06-30": -484.898, "2016-03-31": "-3.45100", "2015-12-31": -56.057, "2015-09-30": -11.872, "2015-06-30": -12.986, "2015-03-31": "30.94500", "2014-12-31": -6.499, "2014-09-30": -23.554, "2014-06-30": 5.548, "2014-03-31": "9.76100", "2013-12-31": -6, "2013-09-30": -23.79, "2013-06-30": -10.841, "2013-03-31": "-0.80800", "2012-12-31": 2.806, "2012-09-30": -8.379, "2012-06-30": -10.99, "2012-03-31": "-2.57500", "2011-12-31": 2.984, "2011-09-30": -10.786, "2011-06-30": -19.57, "2011-03-31": "-27.16500", "2010-12-31": -105.697, "2010-09-30": -15.938, "2010-06-30": -7.413, "2010-03-31": "-4.62300", "2009-12-31": -10.276, "2009-09-30": -15.439, "2009-06-30": -4.007, "2009-03-31": "-0.25200", "2008-12-31": -14.273, "2008-09-30": -18.621, "2008-06-30": 2.107, "2008-03-31": "", "2007-12-31": -42.867, "2007-09-30": 3.858, "2007-06-30": 5.931, "2007-03-31": "2.34000", "2006-12-31": 5.519, "2006-09-30": 2.905, "2006-06-30": 10.407, "2006-03-31": "", "2005-12-31": 0, "2005-09-30": 0, "2005-06-30": -0.036, "2005-03-31": "-1.17900"}, "Cash Flow From Financial Activities": {"2020-09-30": 71.784, "2020-06-30": -302.496, "2020-03-31": "-371.81400", "2019-12-31": -164.79, "2019-09-30": -309.848, "2019-06-30": -104.104, "2019-03-31": "-266.29400", "2018-12-31": -184.011, "2018-09-30": -98.924, "2018-06-30": -68.556, "2018-03-31": "-140.71100", "2017-12-31": -138.784, "2017-09-30": -183.048, "2017-06-30": 82.119, "2017-03-31": "-279.44000", "2016-12-31": 429.182, "2016-09-30": -36.627, "2016-06-30": -229.532, "2016-03-31": "-334.19000", "2015-12-31": 213.903, "2015-09-30": -22.091, "2015-06-30": -172.397, "2015-03-31": "-144.02400", "2014-12-31": -228.257, "2014-09-30": 247.02, "2014-06-30": -101.313, "2014-03-31": "-104.87400", "2013-12-31": -206.05, "2013-09-30": -75.788, "2013-06-30": -146.279, "2013-03-31": "-78.89900", "2012-12-31": 236.741, "2012-09-30": -44.864, "2012-06-30": -139.926, "2012-03-31": "-79.35000", "2011-12-31": -68.489, "2011-09-30": -119.815, "2011-06-30": -127.956, "2011-03-31": "-96.86300", "2010-12-31": 1698.921, "2010-09-30": 113.685, "2010-06-30": -21.223, "2010-03-31": "-78.35000", "2009-12-31": 41.984, "2009-09-30": -85.67, "2009-06-30": -33.35, "2009-03-31": "-70.07200", "2008-12-31": -8.913, "2008-09-30": -146.276, "2008-06-30": 5.372, "2008-03-31": "-59.59800", "2007-12-31": 2.883, "2007-09-30": -62.151, "2007-06-30": 34.503, "2007-03-31": "79.52100", "2006-12-31": 225.181, "2006-09-30": -150.313, "2006-06-30": 84.392, "2006-03-31": "-43.15400", "2005-12-31": 79.015, "2005-09-30": -71.69, "2005-06-30": -236.887, "2005-03-31": "-174.99300"}, "Net Cash Flow": {"2020-09-30": 561.617, "2020-06-30": 485.049, "2020-03-31": "-6.44400", "2019-12-31": -49.17, "2019-09-30": -1.864, "2019-06-30": -0.875, "2019-03-31": "-42.10900", "2018-12-31": 21.993, "2018-09-30": 7.266, "2018-06-30": 4.21, "2018-03-31": "-1.08100", "2017-12-31": 13.218, "2017-09-30": -0.774, "2017-06-30": 3.575, "2017-03-31": "29.32800", "2016-12-31": 4.152, "2016-09-30": 5.471, "2016-06-30": 1.683, "2016-03-31": "-6.63800", "2015-12-31": 21.705, "2015-09-30": -2.941, "2015-06-30": 7.386, "2015-03-31": "3.00900", "2014-12-31": -7.642, "2014-09-30": 24.979, "2014-06-30": -1.529, "2014-03-31": "-0.97700", "2013-12-31": 5.116, "2013-09-30": -0.436, "2013-06-30": -4.837, "2013-03-31": "-6.07600", "2012-12-31": -2.181, "2012-09-30": -7.289, "2012-06-30": -9.058, "2012-03-31": "0.77000", "2011-12-31": 2.082, "2011-09-30": 4.331, "2011-06-30": -17.26, "2011-03-31": "22.60200", "2010-12-31": 19.845, "2010-09-30": -2.708, "2010-06-30": 5.472, "2010-03-31": "-2.31500", "2009-12-31": -4.45, "2009-09-30": 3.007, "2009-06-30": 1.2, "2009-03-31": "3.96300", "2008-12-31": -2.345, "2008-09-30": 1.594, "2008-06-30": -2.705, "2008-03-31": "-7.43800", "2007-12-31": 2.78, "2007-09-30": 0.911, "2007-06-30": 1.448, "2007-03-31": "-3.72400", "2006-12-31": 0.122, "2006-09-30": -109.533, "2006-06-30": 116.139, "2006-03-31": "0.24800", "2005-12-31": -74.193, "2005-09-30": -32.591, "2005-06-30": 60.559, "2005-03-31": "21.06300"}, "Stock-Based Compensation": {"2020-09-30": 15.974, "2020-06-30": 15.907, "2020-03-31": "18.04700", "2019-12-31": 17.264, "2019-09-30": 17.491, "2019-06-30": 17.085, "2019-03-31": "17.59100", "2018-12-31": 15.936, "2018-09-30": 15.929, "2018-06-30": 15.016, "2018-03-31": "19.70000", "2017-12-31": 13.9, "2017-09-30": 13.785, "2017-06-30": 13.705, "2017-03-31": "15.34800", "2016-12-31": 11.751, "2016-09-30": 11.665, "2016-06-30": 11.489, "2016-03-31": "13.20400", "2015-12-31": 9.826, "2015-09-30": 9.671, "2015-06-30": 9.645, "2015-03-31": "10.82900", "2014-12-31": 8.379, "2014-09-30": 7.768, "2014-06-30": 7.793, "2014-03-31": "7.15200", "2013-12-31": 7.711, "2013-09-30": 6.493, "2013-06-30": 6.468, "2013-03-31": "7.11100", "2012-12-31": 6.329, "2012-09-30": 5.193, "2012-06-30": 5.51, "2012-03-31": "5.48600", "2011-12-31": 4.791, "2011-09-30": 4.769, "2011-06-30": 4.711, "2011-03-31": "3.95400", "2010-12-31": 4.121, "2010-09-30": 4.351, "2010-06-30": 4.262, "2010-03-31": "4.06500", "2009-12-31": 3.405, "2009-09-30": 3.089, "2009-06-30": 3.139, "2009-03-31": "3.46300", "2008-12-31": 14.125, "2008-09-30": 0, "2008-06-30": 0, "2008-03-31": "", "2007-12-31": 16.899, "2007-09-30": 0, "2007-06-30": 0, "2007-03-31": "", "2006-12-31": 0, "2006-09-30": 0, "2006-06-30": 0, "2006-03-31": "", "2005-12-31": 0, "2005-09-30": 0, "2005-06-30": 0, "2005-03-31": ""}, "Common Stock Dividends Paid": {"2020-09-30": 0, "2020-06-30": 0, "2020-03-31": "-17.34400", "2019-12-31": -17.447, "2019-09-30": -17.603, "2019-06-30": -8.872, "2019-03-31": "-9.08100", "2018-12-31": -9.256, "2018-09-30": -9.282, "2018-06-30": -9.382, "2018-03-31": "-9.42200", "2017-12-31": -9.435, "2017-09-30": -9.496, "2017-06-30": -9.618, "2017-03-31": "-9.66200", "2016-12-31": -9.678, "2016-09-30": -9.713, "2016-06-30": -9.727, "2016-03-31": "-9.75700", "2015-12-31": -9.836, "2015-09-30": -9.892, "2015-06-30": -9.905, "2015-03-31": "-9.89900", "2014-12-31": -9.871, "2014-09-30": -9.91, "2014-06-30": -4.951, "2014-03-31": "-4.93300", "2013-12-31": -4.915, "2013-09-30": -4.911, "2013-06-30": -4.925, "2013-03-31": "-4.87000", "2012-12-31": -43.876, "2012-09-30": -4.846, "2012-06-30": -4.841, "2012-03-31": "-4.83200", "2011-12-31": -4.828, "2011-09-30": -4.875, "2011-06-30": -4.887, "2011-03-31": "-4.87600", "2010-12-31": -4.867, "2010-09-30": -4.862, "2010-06-30": -4.859, "2010-03-31": "-4.83400", "2009-12-31": -4.885, "2009-09-30": -3.931, "2009-06-30": -3.928, "2009-03-31": "-3.96200", "2008-12-31": -4.003, "2008-09-30": -4.051, "2008-06-30": -4.024, "2008-03-31": "-4.07200", "2007-12-31": -4.252, "2007-09-30": -4.296, "2007-06-30": -4.311, "2007-03-31": "-4.31000", "2006-12-31": -4.355, "2006-09-30": -4.47, "2006-06-30": -4.334, "2006-03-31": "-4.28600", "2005-12-31": -4.303, "2005-09-30": -4.467, "2005-06-30": -4.47, "2005-03-31": "-4.64500"}}, "financial ratios": {"Current Ratio": {"2019-12-31": "1.22550", "2018-12-31": "1.33760", "2017-12-31": "0.97290", "2016-12-31": "1.27630", "2015-12-31": "1.56150", "2014-12-31": "1.36550", "2013-12-31": "1.35140", "2012-12-31": "1.57430", "2011-12-31": "1.63080", "2010-12-31": "1.61090", "2009-12-31": "1.36610", "2008-12-31": "1.40680", "2007-12-31": "1.58870", "2006-12-31": "1.44990", "2005-12-31": "1.16050"}, "Long-term Debt / Capital": {"2019-12-31": "0.41120", "2018-12-31": "0.41860", "2017-12-31": "0.40890", "2016-12-31": "0.46710", "2015-12-31": "0.43880", "2014-12-31": "0.45850", "2013-12-31": "0.49310", "2012-12-31": "0.57400", "2011-12-31": "0.60870", "2010-12-31": "0.65910", "2009-12-31": "0.34790", "2008-12-31": "0.35880", "2007-12-31": "0.39940", "2006-12-31": "0.36930", "2005-12-31": "0.34600"}, "Debt/Equity Ratio": {"2019-12-31": "0.71410", "2018-12-31": "0.73160", "2017-12-31": "0.79980", "2016-12-31": "0.89960", "2015-12-31": "0.79630", "2014-12-31": "0.86480", "2013-12-31": "1.00270", "2012-12-31": "1.34860", "2011-12-31": "1.55680", "2010-12-31": "1.93480", "2009-12-31": "0.53500", "2008-12-31": "0.56440", "2007-12-31": "0.66700", "2006-12-31": "0.58700", "2005-12-31": "0.53340"}, "Gross Margin": {"2019-12-31": "89.00230", "2018-12-31": "89.15130", "2017-12-31": "89.38420", "2016-12-31": "89.43970", "2015-12-31": "89.22880", "2014-12-31": "89.08370", "2013-12-31": "88.85580", "2012-12-31": "88.51350", "2011-12-31": "88.08490", "2010-12-31": "85.36930", "2009-12-31": "86.55910", "2008-12-31": "86.17250", "2007-12-31": "85.77200", "2006-12-31": "86.71620", "2005-12-31": "87.54920"}, "Operating Margin": {"2019-12-31": "10.68620", "2018-12-31": "10.91010", "2017-12-31": "12.29770", "2016-12-31": "13.12090", "2015-12-31": "13.92600", "2014-12-31": "12.95910", "2013-12-31": "13.78230", "2012-12-31": "13.54010", "2011-12-31": "13.27070", "2010-12-31": "10.32040", "2009-12-31": "10.00570", "2008-12-31": "8.16780", "2007-12-31": "7.90610", "2006-12-31": "7.80000", "2005-12-31": "5.86260"}, "EBIT Margin": {"2019-12-31": "10.68620", "2018-12-31": "10.91010", "2017-12-31": "12.29770", "2016-12-31": "13.12090", "2015-12-31": "13.92600", "2014-12-31": "12.95910", "2013-12-31": "13.78230", "2012-12-31": "13.54010", "2011-12-31": "13.27070", "2010-12-31": "10.32040", "2009-12-31": "10.00570", "2008-12-31": "8.16780", "2007-12-31": "7.90610", "2006-12-31": "7.80000", "2005-12-31": "5.86260"}, "EBITDA Margin": {"2019-12-31": "14.99610", "2018-12-31": "15.11600", "2017-12-31": "16.60020", "2016-12-31": "17.38670", "2015-12-31": "18.33390", "2014-12-31": "17.53700", "2013-12-31": "18.36110", "2012-12-31": "17.97440", "2011-12-31": "17.64720", "2010-12-31": "14.89160", "2009-12-31": "13.94040", "2008-12-31": "12.06560", "2007-12-31": "11.81970", "2006-12-31": "11.92290", "2005-12-31": "10.34390"}, "Pre-Tax Profit Margin": {"2019-12-31": "9.37170", "2018-12-31": "9.60360", "2017-12-31": "10.90320", "2016-12-31": "11.84040", "2015-12-31": "12.67110", "2014-12-31": "11.33040", "2013-12-31": "11.79900", "2012-12-31": "10.97000", "2011-12-31": "10.30050", "2010-12-31": "8.73640", "2009-12-31": "9.12510", "2008-12-31": "7.10840", "2007-12-31": "6.80370", "2006-12-31": "6.11970", "2005-12-31": "4.37420"}, "Net Profit Margin": {"2019-12-31": "7.14370", "2018-12-31": "7.22790", "2017-12-31": "7.22340", "2016-12-31": "7.19220", "2015-12-31": "7.52200", "2014-12-31": "6.64640", "2013-12-31": "6.93190", "2012-12-31": "6.37010", "2011-12-31": "5.88990", "2010-12-31": "4.69750", "2009-12-31": "4.98290", "2008-12-31": "3.96970", "2007-12-31": "3.63830", "2006-12-31": "6.29040", "2005-12-31": "6.11980"}, "Asset Turnover": {"2019-12-31": "0.97510", "2018-12-31": "0.95620", "2017-12-31": "0.96730", "2016-12-31": "0.94650", "2015-12-31": "0.94050", "2014-12-31": "0.91430", "2013-12-31": "0.88640", "2012-12-31": "0.84890", "2011-12-31": "0.88190", "2010-12-31": "0.65090", "2009-12-31": "1.31230", "2008-12-31": "1.34200", "2007-12-31": "1.29780", "2006-12-31": "1.25870", "2005-12-31": "1.37670"}, "Inventory Turnover Ratio": {"2019-12-31": "7.82630", "2018-12-31": "7.88530", "2017-12-31": "8.11510", "2016-12-31": "8.22670", "2015-12-31": "8.39460", "2014-12-31": "8.28460", "2013-12-31": "8.06720", "2012-12-31": "8.07700", "2011-12-31": "8.32330", "2010-12-31": "7.60020", "2009-12-31": "8.29750", "2008-12-31": "9.13270", "2007-12-31": "9.20340", "2006-12-31": "8.49060", "2005-12-31": "9.27410"}, "Receiveable Turnover": {"2019-12-31": "7.28980", "2018-12-31": "7.13440", "2017-12-31": "6.93580", "2016-12-31": "6.78420", "2015-12-31": "6.94350", "2014-12-31": "6.39660", "2013-12-31": "6.59640", "2012-12-31": "6.52310", "2011-12-31": "6.97070", "2010-12-31": "5.84870", "2009-12-31": "8.63380", "2008-12-31": "8.03030", "2007-12-31": "7.46690", "2006-12-31": "6.93220", "2005-12-31": "7.87530"}, "Days Sales In Receivables": {"2019-12-31": "50.07000", "2018-12-31": "51.16070", "2017-12-31": "52.62580", "2016-12-31": "53.80150", "2015-12-31": "52.56690", "2014-12-31": "57.06190", "2013-12-31": "55.33360", "2012-12-31": "55.95530", "2011-12-31": "52.36190", "2010-12-31": "62.40720", "2009-12-31": "42.27570", "2008-12-31": "45.45310", "2007-12-31": "48.88220", "2006-12-31": "52.65320", "2005-12-31": "46.34760"}, "ROE - Return On Equity": {"2019-12-31": "14.83350", "2018-12-31": "14.59780", "2017-12-31": "15.26920", "2016-12-31": "16.25140", "2015-12-31": "17.42100", "2014-12-31": "15.95840", "2013-12-31": "16.78740", "2012-12-31": "17.68100", "2011-12-31": "19.12430", "2010-12-31": "13.62780", "2009-12-31": "16.97430", "2008-12-31": "13.19530", "2007-12-31": "14.10510", "2006-12-31": "11.35150", "2005-12-31": "9.11490"}, "Return On Tangible Equity": {"2019-12-31": "48.41950", "2018-12-31": "49.21660", "2017-12-31": "62.89860", "2016-12-31": "91.84790", "2015-12-31": "105.28030", "2014-12-31": "121.03120", "2013-12-31": "220.53960", "2012-12-31": "-180.58270", "2011-12-31": "-160.03410", "2010-12-31": "-48.71470", "2009-12-31": "28.71040", "2008-12-31": "22.51570", "2007-12-31": "27.90840", "2006-12-31": "23.32690", "2005-12-31": "21.16900"}, "ROA - Return On Assets": {"2019-12-31": "7.09230", "2018-12-31": "7.08250", "2017-12-31": "7.16710", "2016-12-31": "7.24160", "2015-12-31": "7.80720", "2014-12-31": "6.74130", "2013-12-31": "6.66560", "2012-12-31": "5.96340", "2011-12-31": "5.85590", "2010-12-31": "3.66360", "2009-12-31": "7.67440", "2008-12-31": "6.24280", "2007-12-31": "5.93030", "2006-12-31": "4.85800", "2005-12-31": "3.84240"}, "ROI - Return On Investment": {"2019-12-31": "8.73360", "2018-12-31": "8.48720", "2017-12-31": "9.02560", "2016-12-31": "8.66000", "2015-12-31": "9.77750", "2014-12-31": "8.64120", "2013-12-31": "8.51030", "2012-12-31": "7.53150", "2011-12-31": "7.48300", "2010-12-31": "4.64620", "2009-12-31": "11.06830", "2008-12-31": "8.46120", "2007-12-31": "8.47210", "2006-12-31": "7.15880", "2005-12-31": "5.96080"}, "Book Value Per Share": {"2019-12-31": "64.34160", "2018-12-31": "59.83350", "2017-12-31": "53.60920", "2016-12-31": "47.57940", "2015-12-31": "43.83860", "2014-12-31": "38.40390", "2013-12-31": "33.56930", "2012-12-31": "28.34230", "2011-12-31": "24.29500", "2010-12-31": "20.76730", "2009-12-31": "18.49470", "2008-12-31": "35.81140", "2007-12-31": "14.43190", "2006-12-31": "13.01620", "2005-12-31": "11.16430"}, "Operating Cash Flow Per Share": {"2019-12-31": 2.558, "2018-12-31": 0.6455, "2017-12-31": -0.6063, "2016-12-31": 2.9491, "2015-12-31": 0.3063, "2014-12-31": 1.4034, "2013-12-31": 0.7198, "2012-12-31": 0.9672, "2011-12-31": 2.0951, "2010-12-31": -0.3904, "2009-12-31": 0.6348, "2008-12-31": 1.3038, "2007-12-31": 2.1077, "2006-12-31": -1.9341, "2005-12-31": 3.3954}, "Free Cash Flow Per Share": {"2019-12-31": 2.5296, "2018-12-31": -0.6598, "2017-12-31": -0.8907, "2016-12-31": 1.2129, "2015-12-31": 0.4295, "2014-12-31": 1.1211, "2013-12-31": 0.8288, "2012-12-31": 0.1494, "2011-12-31": 1.6382, "2010-12-31": 1.0314, "2009-12-31": 0.2665, "2008-12-31": 0.9875, "2007-12-31": 1.8738, "2006-12-31": -2.953, "2005-12-31": 1.4687}}, "financial ratios, quarterly": {"Current Ratio": {"2020-09-30": "1.12410", "2020-06-30": "1.01670", "2020-03-31": "1.08540", "2019-12-31": "1.22550", "2019-09-30": "1.19040", "2019-06-30": "1.27250", "2019-03-31": "1.18330", "2018-12-31": "1.33760", "2018-09-30": "1.09170", "2018-06-30": "1.29910", "2018-03-31": "1.19320", "2017-12-31": "0.97290", "2017-09-30": "1.25600", "2017-06-30": "1.33350", "2017-03-31": "1.14150", "2016-12-31": "1.27630", "2016-09-30": "1.24110", "2016-06-30": "1.26710", "2016-03-31": "0.97030", "2015-12-31": "1.56150", "2015-09-30": "1.41830", "2015-06-30": "1.43090", "2015-03-31": "1.36800", "2014-12-31": "1.36550", "2014-09-30": "1.39180", "2014-06-30": "1.37100", "2014-03-31": "1.38960", "2013-12-31": "1.35140", "2013-09-30": "1.46760", "2013-06-30": "1.41450", "2013-03-31": "1.55730", "2012-12-31": "1.57430", "2012-09-30": "1.77540", "2012-06-30": "1.64830", "2012-03-31": "1.64030", "2011-12-31": "1.63080", "2011-09-30": "1.64720", "2011-06-30": "1.74380", "2011-03-31": "1.67370", "2010-12-31": "1.61090", "2010-09-30": "1.06460", "2010-06-30": "1.47320", "2010-03-31": "1.37290", "2009-12-31": "1.36610", "2009-09-30": "1.25800", "2009-06-30": "1.34240", "2009-03-31": "1.29200", "2008-12-31": "1.40680", "2008-09-30": "1.37360", "2008-06-30": "1.66380", "2008-03-31": "1.52780", "2007-12-31": "1.58870", "2007-09-30": "1.44630", "2007-06-30": "1.62260", "2007-03-31": "1.54690", "2006-12-31": "1.44990", "2006-09-30": "1.13420", "2006-06-30": "1.29980", "2006-03-31": "1.07130", "2005-12-31": "1.16050", "2005-09-30": "1.47190", "2005-06-30": "1.57730", "2005-03-31": "1.46230"}, "Long-term Debt / Capital": {"2020-09-30": "0.36800", "2020-06-30": "0.37450", "2020-03-31": "0.40510", "2019-12-31": "0.41120", "2019-09-30": "0.41460", "2019-06-30": "0.42610", "2019-03-31": "0.40770", "2018-12-31": "0.41860", "2018-09-30": "0.40380", "2018-06-30": "0.41750", "2018-03-31": "0.41790", "2017-12-31": "0.40890", "2017-09-30": "0.44340", "2017-06-30": "0.44990", "2017-03-31": "0.44000", "2016-12-31": "0.46710", "2016-09-30": "0.44250", "2016-06-30": "0.44480", "2016-03-31": "0.39090", "2015-12-31": "0.43880", "2015-09-30": "0.41780", "2015-06-30": "0.41810", "2015-03-31": "0.43490", "2014-12-31": "0.45850", "2014-09-30": "0.47980", "2014-06-30": "0.46030", "2014-03-31": "0.47440", "2013-12-31": "0.49310", "2013-09-30": "0.51900", "2013-06-30": "0.53290", "2013-03-31": "0.55970", "2012-12-31": "0.57400", "2012-09-30": "0.56370", "2012-06-30": "0.57180", "2012-03-31": "0.59100", "2011-12-31": "0.60870", "2011-09-30": "0.61890", "2011-06-30": "0.62680", "2011-03-31": "0.64290", "2010-12-31": "0.65910", "2010-09-30": "0.23620", "2010-06-30": "0.31350", "2010-03-31": "0.30140", "2009-12-31": "0.34790", "2009-09-30": "0.30220", "2009-06-30": "0.32140", "2009-03-31": "0.33820", "2008-12-31": "0.35880", "2008-09-30": "0.37390", "2008-06-30": "0.40480", "2008-03-31": "0.41180", "2007-12-31": "0.39940", "2007-09-30": "0.36980", "2007-06-30": "0.38570", "2007-03-31": "0.38390", "2006-12-31": "0.36930", "2006-09-30": "0.23700", "2006-06-30": "0.23310", "2006-03-31": "0.32480", "2005-12-31": "0.34600", "2005-09-30": "0.30150", "2005-06-30": "0.29090", "2005-03-31": "0.34930"}, "Debt/Equity Ratio": {"2020-09-30": "0.59800", "2020-06-30": "0.61300", "2020-03-31": "0.69380", "2019-12-31": "0.71410", "2019-09-30": "0.72260", "2019-06-30": "0.75930", "2019-03-31": "0.70130", "2018-12-31": "0.73160", "2018-09-30": "0.74030", "2018-06-30": "0.74030", "2018-03-31": "0.74180", "2017-12-31": "0.79980", "2017-09-30": "0.81950", "2017-06-30": "0.84360", "2017-03-31": "0.81200", "2016-12-31": "0.89960", "2016-09-30": "0.81430", "2016-06-30": "0.82290", "2016-03-31": "0.75390", "2015-12-31": "0.79630", "2015-09-30": "0.73800", "2015-06-30": "0.73640", "2015-03-31": "0.79220", "2014-12-31": "0.86480", "2014-09-30": "0.94460", "2014-06-30": "0.87460", "2014-03-31": "0.93280", "2013-12-31": "1.00270", "2013-09-30": "1.10670", "2013-06-30": "1.16520", "2013-03-31": "1.27150", "2012-12-31": "1.34860", "2012-09-30": "1.29280", "2012-06-30": "1.33650", "2012-03-31": "1.44600", "2011-12-31": "1.55680", "2011-09-30": "1.62530", "2011-06-30": "1.68080", "2011-03-31": "1.80160", "2010-12-31": "1.93480", "2010-09-30": "0.51130", "2010-06-30": "0.45770", "2010-03-31": "0.43220", "2009-12-31": "0.53500", "2009-09-30": "0.43450", "2009-06-30": "0.47810", "2009-03-31": "0.51570", "2008-12-31": "0.56440", "2008-09-30": "0.60250", "2008-06-30": "0.68200", "2008-03-31": "0.70270", "2007-12-31": "0.66700", "2007-09-30": "0.58900", "2007-06-30": "0.62980", "2007-03-31": "0.62500", "2006-12-31": "0.58700", "2006-09-30": "0.31270", "2006-06-30": "0.30630", "2006-03-31": "0.48430", "2005-12-31": "0.53340", "2005-09-30": "0.43480", "2005-06-30": "0.41340", "2005-03-31": "0.54950"}, "Gross Margin": {"2020-09-30": "88.48400", "2020-06-30": "89.61180", "2020-03-31": "88.76800", "2019-12-31": "88.81000", "2019-09-30": "88.87720", "2019-06-30": "89.28760", "2019-03-31": "89.03640", "2018-12-31": "89.08000", "2018-09-30": "89.23330", "2018-06-30": "89.19450", "2018-03-31": "89.10040", "2017-12-31": "89.22150", "2017-09-30": "89.45310", "2017-06-30": "89.49080", "2017-03-31": "89.37510", "2016-12-31": "89.34150", "2016-09-30": "89.30260", "2016-06-30": "89.53370", "2016-03-31": "89.58080", "2015-12-31": "89.11090", "2015-09-30": "89.12490", "2015-06-30": "89.40850", "2015-03-31": "89.27180", "2014-12-31": "89.27470", "2014-09-30": "89.07610", "2014-06-30": "89.09360", "2014-03-31": "88.86670", "2013-12-31": "89.01230", "2013-09-30": "88.60390", "2013-06-30": "88.97290", "2013-03-31": "88.82730", "2012-12-31": "88.40190", "2012-09-30": "88.58890", "2012-06-30": "88.51970", "2012-03-31": "88.54680", "2011-12-31": "87.84990", "2011-09-30": "88.04370", "2011-06-30": "88.21770", "2011-03-31": "88.21160", "2010-12-31": "80.57490", "2010-09-30": "86.39550", "2010-06-30": "86.55580", "2010-03-31": "86.35520", "2009-12-31": "86.27500", "2009-09-30": "86.74610", "2009-06-30": "86.46780", "2009-03-31": "86.74450", "2008-12-31": "86.24290", "2008-09-30": "86.27980", "2008-06-30": "86.19780", "2008-03-31": "85.97480", "2007-12-31": "85.86780", "2007-09-30": "86.23330", "2007-06-30": "85.64470", "2007-03-31": "85.35760", "2006-12-31": "85.22480", "2006-09-30": "85.91760", "2006-06-30": "88.08660", "2006-03-31": "87.57480", "2005-12-31": "87.57080", "2005-09-30": "87.93470", "2005-06-30": "87.27160", "2005-03-31": "87.42990"}, "Operating Margin": {"2020-09-30": "12.00570", "2020-06-30": "13.11590", "2020-03-31": "8.36470", "2019-12-31": "11.77310", "2019-09-30": "6.69380", "2019-06-30": "12.10310", "2019-03-31": "12.13940", "2018-12-31": "9.43260", "2018-09-30": "9.70830", "2018-06-30": "12.10070", "2018-03-31": "12.42090", "2017-12-31": "12.81770", "2017-09-30": "10.12290", "2017-06-30": "12.63960", "2017-03-31": "13.54580", "2016-12-31": "12.69260", "2016-09-30": "11.51800", "2016-06-30": "13.71070", "2016-03-31": "14.54500", "2015-12-31": "13.89880", "2015-09-30": "12.35190", "2015-06-30": "14.74120", "2015-03-31": "14.69670", "2014-12-31": "14.80900", "2014-09-30": "8.66280", "2014-06-30": "14.30140", "2014-03-31": "13.98000", "2013-12-31": "12.87080", "2013-09-30": "12.38110", "2013-06-30": "16.56990", "2013-03-31": "13.31720", "2012-12-31": "15.55360", "2012-09-30": "10.04030", "2012-06-30": "13.36740", "2012-03-31": "15.00410", "2011-12-31": "12.85310", "2011-09-30": "11.75990", "2011-06-30": "13.54580", "2011-03-31": "14.81800", "2010-12-31": "14.66580", "2010-09-30": "7.91100", "2010-06-30": "9.69500", "2010-03-31": "10.43300", "2009-12-31": "9.20550", "2009-09-30": "7.86630", "2009-06-30": "12.50680", "2009-03-31": "10.41970", "2008-12-31": "7.13040", "2008-09-30": "6.62890", "2008-06-30": "9.11400", "2008-03-31": "9.73590", "2007-12-31": "7.76440", "2007-09-30": "5.75450", "2007-06-30": "9.07140", "2007-03-31": "8.98450", "2006-12-31": "7.03440", "2006-09-30": "6.75570", "2006-06-30": "9.14070", "2006-03-31": "8.23500", "2005-12-31": "2.77670", "2005-09-30": "2.61940", "2005-06-30": "7.40810", "2005-03-31": "10.43400"}, "EBIT Margin": {"2020-09-30": "12.00570", "2020-06-30": "13.11590", "2020-03-31": "8.36470", "2019-12-31": "11.77310", "2019-09-30": "6.69380", "2019-06-30": "12.10310", "2019-03-31": "12.13940", "2018-12-31": "9.43260", "2018-09-30": "9.70830", "2018-06-30": "12.10070", "2018-03-31": "12.42090", "2017-12-31": "12.81770", "2017-09-30": "10.12290", "2017-06-30": "12.63960", "2017-03-31": "13.54580", "2016-12-31": "12.69270", "2016-09-30": "11.51800", "2016-06-30": "13.71070", "2016-03-31": "14.54500", "2015-12-31": "13.89880", "2015-09-30": "12.35190", "2015-06-30": "14.74120", "2015-03-31": "14.69670", "2014-12-31": "14.80890", "2014-09-30": "8.66280", "2014-06-30": "14.30140", "2014-03-31": "13.98000", "2013-12-31": "12.87080", "2013-09-30": "12.38110", "2013-06-30": "16.56990", "2013-03-31": "13.31720", "2012-12-31": "15.55360", "2012-09-30": "10.04030", "2012-06-30": "13.36740", "2012-03-31": "15.00410", "2011-12-31": "12.85320", "2011-09-30": "11.75990", "2011-06-30": "13.54580", "2011-03-31": "14.81800", "2010-12-31": "14.66580", "2010-09-30": "7.91100", "2010-06-30": "9.69500", "2010-03-31": "10.43300", "2009-12-31": "9.20550", "2009-09-30": "7.86630", "2009-06-30": "12.50680", "2009-03-31": "10.41970", "2008-12-31": "7.13040", "2008-09-30": "6.62890", "2008-06-30": "9.11400", "2008-03-31": "9.73590", "2007-12-31": "7.76440", "2007-09-30": "5.75450", "2007-06-30": "9.07140", "2007-03-31": "8.98450", "2006-12-31": "7.03440", "2006-09-30": "6.75570", "2006-06-30": "9.14070", "2006-03-31": "8.23500", "2005-12-31": "2.77670", "2005-09-30": "2.61940", "2005-06-30": "7.40810", "2005-03-31": "10.43400"}, "EBITDA Margin": {"2020-09-30": "", "2020-06-30": "", "2020-03-31": "", "2019-12-31": "", "2019-09-30": "", "2019-06-30": "", "2019-03-31": "", "2018-12-31": "", "2018-09-30": "", "2018-06-30": "", "2018-03-31": "", "2017-12-31": "", "2017-09-30": "", "2017-06-30": "", "2017-03-31": "", "2016-12-31": "", "2016-09-30": "", "2016-06-30": "", "2016-03-31": "", "2015-12-31": "", "2015-09-30": "", "2015-06-30": "", "2015-03-31": "", "2014-12-31": "", "2014-09-30": "", "2014-06-30": "", "2014-03-31": "", "2013-12-31": "", "2013-09-30": "", "2013-06-30": "", "2013-03-31": "", "2012-12-31": "", "2012-09-30": "", "2012-06-30": "", "2012-03-31": "", "2011-12-31": "", "2011-09-30": "", "2011-06-30": "", "2011-03-31": "", "2010-12-31": "", "2010-09-30": "", "2010-06-30": "", "2010-03-31": "", "2009-12-31": "", "2009-09-30": "", "2009-06-30": "", "2009-03-31": "", "2008-12-31": "", "2008-09-30": "", "2008-06-30": "", "2008-03-31": "", "2007-12-31": "", "2007-09-30": "", "2007-06-30": "", "2007-03-31": "", "2006-12-31": "", "2006-09-30": "", "2006-06-30": "", "2006-03-31": "", "2005-12-31": "", "2005-09-30": "", "2005-06-30": "", "2005-03-31": ""}, "Pre-Tax Profit Margin": {"2020-09-30": "11.09900", "2020-06-30": "12.29630", "2020-03-31": "6.74220", "2019-12-31": "11.08880", "2019-09-30": "4.89200", "2019-06-30": "10.88580", "2019-03-31": "10.56540", "2018-12-31": "7.53130", "2018-09-30": "8.64760", "2018-06-30": "11.25440", "2018-03-31": "11.02270", "2017-12-31": "11.42570", "2017-09-30": "8.66900", "2017-06-30": "11.26460", "2017-03-31": "12.18690", "2016-12-31": "11.36450", "2016-09-30": "10.18480", "2016-06-30": "12.45840", "2016-03-31": "13.33680", "2015-12-31": "12.66170", "2015-09-30": "11.13400", "2015-06-30": "13.52440", "2015-03-31": "13.34700", "2014-12-31": "13.37420", "2014-09-30": "7.08670", "2014-06-30": "12.59140", "2014-03-31": "12.16430", "2013-12-31": "10.97980", "2013-09-30": "10.60200", "2013-06-30": "14.48620", "2013-03-31": "11.13670", "2012-12-31": "13.22410", "2012-09-30": "7.34990", "2012-06-30": "10.70430", "2012-03-31": "12.39900", "2011-12-31": "10.01650", "2011-09-30": "8.84570", "2011-06-30": "10.64060", "2011-03-31": "11.60780", "2010-12-31": "10.01200", "2010-09-30": "7.04360", "2010-06-30": "8.77760", "2010-03-31": "9.51420", "2009-12-31": "8.39130", "2009-09-30": "7.03390", "2009-06-30": "11.59550", "2009-03-31": "9.45670", "2008-12-31": "6.07500", "2008-09-30": "5.55060", "2008-06-30": "8.06460", "2008-03-31": "8.68110", "2007-12-31": "9.48520", "2007-09-30": "3.80670", "2007-06-30": "7.22960", "2007-03-31": "6.73720", "2006-12-31": "-10.54710", "2006-09-30": "17.22480", "2006-06-30": "9.27960", "2006-03-31": "7.81780", "2005-12-31": "1.30960", "2005-09-30": "1.54620", "2005-06-30": "5.85640", "2005-03-31": "8.58670"}, "Net Profit Margin": {"2020-09-30": "8.25700", "2020-06-30": "9.19880", "2020-03-31": "5.00640", "2019-12-31": "8.44410", "2019-09-30": "3.43480", "2019-06-30": "8.32400", "2019-03-31": "8.33170", "2018-12-31": "5.72490", "2018-09-30": "6.47170", "2018-06-30": "8.41590", "2018-03-31": "8.32860", "2017-12-31": "8.29610", "2017-09-30": "5.55670", "2017-06-30": "7.09680", "2017-03-31": "7.88620", "2016-12-31": "7.04020", "2016-09-30": "6.30180", "2016-06-30": "7.63080", "2016-03-31": "7.78670", "2015-12-31": "7.49240", "2015-09-30": "6.74640", "2015-06-30": "8.00780", "2015-03-31": "7.83240", "2014-12-31": "7.94000", "2014-09-30": "4.06120", "2014-06-30": "7.39220", "2014-03-31": "7.12360", "2013-12-31": "6.60630", "2013-09-30": "6.30860", "2013-06-30": "8.27480", "2013-03-31": "6.53970", "2012-12-31": "7.67520", "2012-09-30": "4.27390", "2012-06-30": "6.24240", "2012-03-31": "7.17260", "2011-12-31": "5.88750", "2011-09-30": "5.10560", "2011-06-30": "6.03820", "2011-03-31": "6.48930", "2010-12-31": "4.17110", "2010-09-30": "4.20250", "2010-06-30": "4.89960", "2010-03-31": "5.33120", "2009-12-31": "4.62500", "2009-09-30": "3.94360", "2009-06-30": "6.20520", "2009-03-31": "5.14630", "2008-12-31": "1.00650", "2008-09-30": "3.72150", "2008-06-30": "5.20100", "2008-03-31": "5.86410", "2007-12-31": "3.49560", "2007-09-30": "2.47970", "2007-06-30": "4.41660", "2007-03-31": "4.13390", "2006-12-31": "3.41950", "2006-09-30": "10.92000", "2006-06-30": "5.75170", "2006-03-31": "4.93900", "2005-12-31": "1.26910", "2005-09-30": "0.85690", "2005-06-30": "16.03040", "2005-03-31": "6.10040"}, "Asset Turnover": {"2020-09-30": "0.22450", "2020-06-30": "0.22470", "2020-03-31": "0.24350", "2019-12-31": "0.24820", "2019-09-30": "0.24340", "2019-06-30": "0.24290", "2019-03-31": "0.23930", "2018-12-31": "0.24450", "2018-09-30": "0.23500", "2018-06-30": "0.24220", "2018-03-31": "0.24380", "2017-12-31": "0.24560", "2017-09-30": "0.23890", "2017-06-30": "0.24760", "2017-03-31": "0.25010", "2016-12-31": "0.23990", "2016-09-30": "0.24910", "2016-06-30": "0.25480", "2016-03-31": "0.25610", "2015-12-31": "0.24080", "2015-09-30": "0.24200", "2015-06-30": "0.25060", "2015-03-31": "0.24500", "2014-12-31": "0.24250", "2014-09-30": "0.22750", "2014-06-30": "0.24000", "2014-03-31": "0.22990", "2013-12-31": "0.22680", "2013-09-30": "0.21750", "2013-06-30": "0.22060", "2013-03-31": "0.22020", "2012-12-31": "0.21520", "2012-09-30": "0.21600", "2012-06-30": "0.22210", "2012-03-31": "0.23040", "2011-12-31": "0.21210", "2011-09-30": "0.21860", "2011-06-30": "0.22660", "2011-03-31": "0.23080", "2010-12-31": "0.11840", "2010-09-30": "0.31010", "2010-06-30": "0.33540", "2010-03-31": "0.33680", "2009-12-31": "0.32570", "2009-09-30": "0.33200", "2009-06-30": "0.33980", "2009-03-31": "0.34220", "2008-12-31": "0.33060", "2008-09-30": "0.33650", "2008-06-30": "0.33950", "2008-03-31": "0.34670", "2007-12-31": "0.31670", "2007-09-30": "0.32330", "2007-06-30": "0.33380", "2007-03-31": "0.34540", "2006-12-31": "0.30490", "2006-09-30": "0.33140", "2006-06-30": "0.33310", "2006-03-31": "0.34650", "2005-12-31": "0.33830", "2005-09-30": "0.35390", "2005-06-30": "0.35860", "2005-03-31": "0.33740"}, "Inventory Turnover Ratio": {"2020-09-30": "1.90460", "2020-06-30": "1.69170", "2020-03-31": "1.95470", "2019-12-31": "2.02700", "2019-09-30": "2.00870", "2019-06-30": "1.99160", "2019-03-31": "2.05070", "2018-12-31": "2.02950", "2018-09-30": "1.97410", "2018-06-30": "2.05780", "2018-03-31": "2.13430", "2017-12-31": "2.09180", "2017-09-30": "1.97340", "2017-06-30": "2.10060", "2017-03-31": "2.19490", "2016-12-31": "2.10480", "2016-09-30": "2.11970", "2016-06-30": "2.16140", "2016-03-31": "2.18680", "2015-12-31": "2.17270", "2015-09-30": "2.14920", "2015-06-30": "2.20840", "2015-03-31": "2.20510", "2014-12-31": "2.15890", "2014-09-30": "2.13340", "2014-06-30": "2.14590", "2014-03-31": "2.11000", "2013-12-31": "2.03480", "2013-09-30": "2.04440", "2013-06-30": "2.01690", "2013-03-31": "2.06760", "2012-12-31": "2.06770", "2012-09-30": "1.97650", "2012-06-30": "2.04180", "2012-03-31": "2.11770", "2011-12-31": "2.04100", "2011-09-30": "2.07560", "2011-06-30": "2.11410", "2011-03-31": "2.17780", "2010-12-31": "1.83570", "2010-09-30": "2.12520", "2010-06-30": "2.12470", "2010-03-31": "2.19290", "2009-12-31": "2.10290", "2009-09-30": "2.12640", "2009-06-30": "2.23630", "2009-03-31": "2.25870", "2008-12-31": "2.23860", "2008-09-30": "2.35070", "2008-06-30": "2.38890", "2008-03-31": "2.44250", "2007-12-31": "2.23110", "2007-09-30": "2.26020", "2007-06-30": "2.46850", "2007-03-31": "2.59260", "2006-12-31": "2.28790", "2006-09-30": "2.28340", "2006-06-30": "2.30950", "2006-03-31": "2.39960", "2005-12-31": "2.27520", "2005-09-30": "2.30130", "2005-06-30": "2.31510", "2005-03-31": "2.05740"}, "Receiveable Turnover": {"2020-09-30": "1.89030", "2020-06-30": "1.89740", "2020-03-31": "1.90320", "2019-12-31": "1.85560", "2019-09-30": "1.82790", "2019-06-30": "1.78300", "2019-03-31": "1.75010", "2018-12-31": "1.82430", "2018-09-30": "1.71630", "2018-06-30": "1.72180", "2018-03-31": "1.71200", "2017-12-31": "1.76080", "2017-09-30": "1.75060", "2017-06-30": "1.79300", "2017-03-31": "1.80470", "2016-12-31": "1.71980", "2016-09-30": "1.83150", "2016-06-30": "1.80740", "2016-03-31": "1.78200", "2015-12-31": "1.77760", "2015-09-30": "1.67710", "2015-06-30": "1.67170", "2015-03-31": "1.60800", "2014-12-31": "1.69660", "2014-09-30": "1.64480", "2014-06-30": "1.73000", "2014-03-31": "1.59850", "2013-12-31": "1.68750", "2013-09-30": "1.55710", "2013-06-30": "1.59640", "2013-03-31": "1.59360", "2012-12-31": "1.65380", "2012-09-30": "1.61180", "2012-06-30": "1.68940", "2012-03-31": "1.60580", "2011-12-31": "1.67630", "2011-09-30": "1.75910", "2011-06-30": "1.87630", "2011-03-31": "1.86800", "2010-12-31": "1.06400", "2010-09-30": "2.17260", "2010-06-30": "2.16260", "2010-03-31": "2.07630", "2009-12-31": "2.14290", "2009-09-30": "2.17220", "2009-06-30": "2.15170", "2009-03-31": "2.01030", "2008-12-31": "1.97850", "2008-09-30": "1.97860", "2008-06-30": "1.77810", "2008-03-31": "1.82640", "2007-12-31": "1.82240", "2007-09-30": "1.84250", "2007-06-30": "1.81980", "2007-03-31": "1.79470", "2006-12-31": "1.67940", "2006-09-30": "1.78440", "2006-06-30": "1.91760", "2006-03-31": "1.88810", "2005-12-31": "1.93540", "2005-09-30": "1.65360", "2005-06-30": "1.80020", "2005-03-31": "1.61270"}, "Days Sales In Receivables": {"2020-09-30": "47.61040", "2020-06-30": "47.43390", "2020-03-31": "47.28990", "2019-12-31": "48.50290", "2019-09-30": "49.23620", "2019-06-30": "50.47750", "2019-03-31": "51.42520", "2018-12-31": "49.33460", "2018-09-30": "52.43710", "2018-06-30": "52.27090", "2018-03-31": "52.56980", "2017-12-31": "51.11300", "2017-09-30": "51.41170", "2017-06-30": "50.19600", "2017-03-31": "49.86960", "2016-12-31": "52.33290", "2016-09-30": "49.14140", "2016-06-30": "49.79420", "2016-03-31": "50.50470", "2015-12-31": "50.62920", "2015-09-30": "53.66500", "2015-06-30": "53.83590", "2015-03-31": "55.97170", "2014-12-31": "53.04720", "2014-09-30": "54.71730", "2014-06-30": "52.02400", "2014-03-31": "56.30330", "2013-12-31": "53.33260", "2013-09-30": "57.80010", "2013-06-30": "56.37840", "2013-03-31": "56.47760", "2012-12-31": "54.42020", "2012-09-30": "55.83840", "2012-06-30": "53.27290", "2012-03-31": "56.04860", "2011-12-31": "53.68990", "2011-09-30": "51.16300", "2011-06-30": "47.96650", "2011-03-31": "48.18010", "2010-12-31": "84.58890", "2010-09-30": "41.42600", "2010-06-30": "41.61720", "2010-03-31": "43.34680", "2009-12-31": "41.99960", "2009-09-30": "41.43350", "2009-06-30": "41.82770", "2009-03-31": "44.76990", "2008-12-31": "45.48990", "2008-09-30": "45.48760", "2008-06-30": "50.61540", "2008-03-31": "49.27840", "2007-12-31": "49.38610", "2007-09-30": "48.84600", "2007-06-30": "49.45540", "2007-03-31": "50.14640", "2006-12-31": "53.58980", "2006-09-30": "50.43690", "2006-06-30": "46.93350", "2006-03-31": "47.66750", "2005-12-31": "46.50180", "2005-09-30": "54.42760", "2005-06-30": "49.99490", "2005-03-31": "55.80550"}, "ROE - Return On Equity": {"2020-09-30": "4.04450", "2020-06-30": "4.45200", "2020-03-31": "2.63370", "2019-12-31": "4.44550", "2019-09-30": "1.84610", "2019-06-30": "4.41520", "2019-03-31": "4.27570", "2018-12-31": "2.99360", "2018-09-30": "3.21520", "2018-06-30": "4.28020", "2018-03-31": "4.32590", "2017-12-31": "4.45490", "2017-09-30": "2.94840", "2017-06-30": "3.90310", "2017-03-31": "4.38480", "2016-12-31": "3.88760", "2016-09-30": "3.52370", "2016-06-30": "4.47460", "2016-03-31": "4.95760", "2015-12-31": "4.43980", "2015-09-30": "3.90240", "2015-06-30": "4.88630", "2015-03-31": "4.90170", "2014-12-31": "5.02470", "2014-09-30": "2.62590", "2014-06-30": "4.62910", "2014-03-31": "4.40900", "2013-12-31": "4.03570", "2013-09-30": "3.89250", "2013-06-30": "5.51290", "2013-03-31": "4.50120", "2012-12-31": "5.33850", "2012-09-30": "3.05510", "2012-06-30": "4.53510", "2012-03-31": "5.75160", "2011-12-31": "4.60170", "2011-09-30": "4.17990", "2011-06-30": "5.19590", "2011-03-31": "6.07670", "2010-12-31": "2.51100", "2010-09-30": "3.30970", "2010-06-30": "3.95910", "2010-03-31": "4.00480", "2009-12-31": "3.85980", "2009-09-30": "3.00010", "2009-06-30": "4.87420", "2009-03-31": "4.46440", "2008-12-31": "4.58420", "2008-09-30": "", "2008-06-30": "", "2008-03-31": "", "2007-12-31": "5.47420", "2007-09-30": "", "2007-06-30": "", "2007-03-31": "", "2006-12-31": "-4.71970", "2006-09-30": "7.62000", "2006-06-30": "3.97600", "2006-03-31": "4.02470", "2005-12-31": "0.75030", "2005-09-30": "0.77440", "2005-06-30": "2.85790", "2005-03-31": "4.28980"}, "Return On Tangible Equity": {"2020-09-30": "11.19260", "2020-06-30": "13.32110", "2020-03-31": "8.76320", "2019-12-31": "14.51110", "2019-09-30": "6.16540", "2019-06-30": "14.88350", "2019-03-31": "14.00040", "2018-12-31": "10.09290", "2018-09-30": "11.02460", "2018-06-30": "14.64830", "2018-03-31": "15.84790", "2017-12-31": "18.35110", "2017-09-30": "13.11220", "2017-06-30": "17.71970", "2017-03-31": "20.76600", "2016-12-31": "21.97180", "2016-09-30": "18.54470", "2016-06-30": "24.99240", "2016-03-31": "28.51910", "2015-12-31": "26.83090", "2015-09-30": "20.32120", "2015-06-30": "25.02330", "2015-03-31": "29.13590", "2014-12-31": "38.10850", "2014-09-30": "26.60570", "2014-06-30": "32.66070", "2014-03-31": "38.88770", "2013-12-31": "53.01730", "2013-09-30": "99.83520", "2013-06-30": "6799.10100", "2013-03-31": "-84.00730", "2012-12-31": "-54.52410", "2012-09-30": "118.38970", "2012-06-30": "-559.84940", "2012-03-31": "-94.44090", "2011-12-31": "-38.50740", "2011-09-30": "-28.14880", "2011-06-30": "-31.01540", "2011-03-31": "-28.43180", "2010-12-31": "-8.97580", "2010-09-30": "5.23990", "2010-06-30": "6.38190", "2010-03-31": "6.20900", "2009-12-31": "6.52840", "2009-09-30": "4.77890", "2009-06-30": "7.86970", "2009-03-31": "7.43310", "2008-12-31": "7.82230", "2008-09-30": "4.55900", "2008-06-30": "6.93190", "2008-03-31": "8.14420", "2007-12-31": "10.83130", "2007-09-30": "3.75600", "2007-06-30": "6.76740", "2007-03-31": "6.85330", "2006-12-31": "-9.69880", "2006-09-30": "14.23230", "2006-06-30": "7.20870", "2006-03-31": "8.89230", "2005-12-31": "1.74260", "2005-09-30": "1.37750", "2005-06-30": "4.88540", "2005-03-31": "8.34340"}, "ROA - Return On Assets": {"2020-09-30": "1.88110", "2020-06-30": "2.11140", "2020-03-31": "1.24320", "2019-12-31": "2.12550", "2019-09-30": "0.87000", "2019-06-30": "2.05290", "2019-03-31": "2.02540", "2018-12-31": "1.45240", "2018-09-30": "1.55120", "2018-06-30": "2.08420", "2018-03-31": "2.07440", "2017-12-31": "2.09100", "2017-09-30": "1.36630", "2017-06-30": "1.80420", "2017-03-31": "2.01490", "2016-12-31": "1.73230", "2016-09-30": "1.62570", "2016-06-30": "2.04850", "2016-03-31": "2.25530", "2015-12-31": "1.98970", "2015-09-30": "1.77750", "2015-06-30": "2.21850", "2015-03-31": "2.13910", "2014-12-31": "2.12260", "2014-09-30": "1.07170", "2014-06-30": "1.94910", "2014-03-31": "1.80100", "2013-12-31": "1.60240", "2013-09-30": "1.47390", "2013-06-30": "2.01750", "2013-03-31": "1.56240", "2012-12-31": "1.80050", "2012-09-30": "1.04580", "2012-06-30": "1.51370", "2012-03-31": "1.83170", "2011-12-31": "1.40900", "2011-09-30": "1.24690", "2011-06-30": "1.53370", "2011-03-31": "1.70740", "2010-12-31": "0.67500", "2010-09-30": "1.54190", "2010-06-30": "1.91530", "2010-03-31": "2.06940", "2009-12-31": "1.74510", "2009-09-30": "1.51360", "2009-06-30": "2.44930", "2009-03-31": "2.13890", "2008-12-31": "2.16880", "2008-09-30": "1.00650", "2008-06-30": "1.48420", "2008-03-31": "1.62910", "2007-12-31": "2.30150", "2007-09-30": "0.81510", "2007-06-30": "1.47360", "2007-03-31": "1.42970", "2006-12-31": "-2.01990", "2006-09-30": "3.62110", "2006-06-30": "1.93510", "2006-03-31": "1.69150", "2005-12-31": "0.31630", "2005-09-30": "0.34560", "2005-06-30": "1.32560", "2005-03-31": "1.83290"}, "ROI - Return On Investment": {"2020-09-30": "2.55600", "2020-06-30": "2.78460", "2020-03-31": "1.56670", "2019-12-31": "2.61740", "2019-09-30": "1.08060", "2019-06-30": "2.53390", "2019-03-31": "2.53240", "2018-12-31": "1.74050", "2018-09-30": "1.91690", "2018-06-30": "2.49300", "2018-03-31": "2.51810", "2017-12-31": "2.63330", "2017-09-30": "1.64110", "2017-06-30": "2.14720", "2017-03-31": "2.45550", "2016-12-31": "2.07160", "2016-09-30": "1.96430", "2016-06-30": "2.48430", "2016-03-31": "3.01980", "2015-12-31": "2.49180", "2015-09-30": "2.27180", "2015-06-30": "2.84340", "2015-03-31": "2.76970", "2014-12-31": "2.72080", "2014-09-30": "1.36600", "2014-06-30": "2.49810", "2014-03-31": "2.31720", "2013-12-31": "2.04590", "2013-09-30": "1.87250", "2013-06-30": "2.57490", "2013-03-31": "1.98210", "2012-12-31": "2.27400", "2012-09-30": "1.33300", "2012-06-30": "1.94180", "2012-03-31": "2.35240", "2011-12-31": "1.80060", "2011-09-30": "1.59280", "2011-06-30": "1.93900", "2011-03-31": "2.17010", "2010-12-31": "0.85610", "2010-09-30": "2.52790", "2010-06-30": "2.71800", "2010-03-31": "2.79770", "2009-12-31": "2.51680", "2009-09-30": "2.09360", "2009-06-30": "3.30770", "2009-03-31": "2.95470", "2008-12-31": "2.93950", "2008-09-30": "1.48790", "2008-06-30": "2.12680", "2008-03-31": "2.37500", "2007-12-31": "3.28800", "2007-09-30": "1.20450", "2007-06-30": "2.11050", "2007-03-31": "2.09020", "2006-12-31": "-2.97650", "2006-09-30": "5.81410", "2006-06-30": "3.04930", "2006-03-31": "2.71740", "2005-12-31": "0.49070", "2005-09-30": "0.54090", "2005-06-30": "2.02650", "2005-03-31": "2.79130"}, "Book Value Per Share": {"2020-09-30": "71.01700", "2020-06-30": "67.81750", "2020-03-31": "64.58610", "2019-12-31": "64.34240", "2019-09-30": "62.38590", "2019-06-30": "61.75220", "2019-03-31": "61.59580", "2018-12-31": "59.83350", "2018-09-30": "59.21690", "2018-06-30": "57.74440", "2018-03-31": "55.99220", "2017-12-31": "53.60920", "2017-09-30": "51.94510", "2017-06-30": "50.99290", "2017-03-31": "49.65690", "2016-12-31": "47.57940", "2016-09-30": "46.03500", "2016-06-30": "44.85510", "2016-03-31": "44.83740", "2015-12-31": "43.83860", "2015-09-30": "42.58770", "2015-06-30": "41.62460", "2015-03-31": "40.01130", "2014-12-31": "38.40390", "2014-09-30": "36.95390", "2014-06-30": "36.29790", "2014-03-31": "34.86530", "2013-12-31": "33.56930", "2013-09-30": "32.18160", "2013-06-30": "30.99770", "2013-03-31": "29.45080", "2012-12-31": "28.34230", "2012-09-30": "27.40030", "2012-06-30": "26.72560", "2012-03-31": "25.60170", "2011-12-31": "24.29500", "2011-09-30": "23.50450", "2011-06-30": "22.84000", "2011-03-31": "21.90030", "2010-12-31": "20.76730", "2010-09-30": "20.44010", "2010-06-30": "19.85500", "2010-03-31": "21.27900", "2009-12-31": "18.49470", "2009-09-30": "20.00390", "2009-06-30": "19.63630", "2009-03-31": "18.71150", "2008-12-31": "35.81140", "2008-09-30": "15.45870", "2008-06-30": "15.17920", "2008-03-31": "14.62070", "2007-12-31": "14.43190", "2007-09-30": "14.29190", "2007-06-30": "14.05070", "2007-03-31": "13.56640", "2006-12-31": "13.01620", "2006-09-30": "13.35660", "2006-06-30": "13.02510", "2006-03-31": "11.58140", "2005-12-31": "11.16430", "2005-09-30": "11.21550", "2005-06-30": "11.50100", "2005-03-31": "10.97740"}, "Operating Cash Flow Per Share": {"2020-09-30": 8.9573, "2020-06-30": 11.2559, "2020-03-31": "5.80720", "2019-12-31": 3.6477, "2019-09-30": 4.9706, "2019-06-30": 2.7902, "2019-03-31": "4.74680", "2018-12-31": 3.4248, "2018-09-30": 3.7347, "2018-06-30": 2.1086, "2018-03-31": "4.32920", "2017-12-31": 3.7963, "2017-09-30": 3.6548, "2017-06-30": 0.5392, "2017-03-31": "4.96150", "2016-12-31": 1.9989, "2016-09-30": 3.058, "2016-06-30": 3.6958, "2016-03-31": "4.80540", "2015-12-31": 2.7353, "2015-09-30": 2.6065, "2015-06-30": 2.5719, "2015-03-31": "2.69530", "2014-12-31": 3.4777, "2014-09-30": 2.2516, "2014-06-30": 2.6301, "2014-03-31": "1.94330", "2013-12-31": 3.1162, "2013-09-30": 1.8428, "2013-06-30": 2.1295, "2013-03-31": "1.81080", "2012-12-31": 2.6985, "2012-09-30": 1.6657, "2012-06-30": 2.5143, "2012-03-31": "1.30100", "2011-12-31": 1.5073, "2011-09-30": 2.1206, "2011-06-30": 1.7317, "2011-03-31": "1.85270", "2010-12-31": 0.902, "2010-09-30": 1.8928, "2010-06-30": 0.8913, "2010-03-31": "1.43110", "2009-12-31": 0.5913, "2009-09-30": 1.8498, "2009-06-30": 1.5194, "2009-03-31": "1.54710", "2008-12-31": 0.7807, "2008-09-30": 2.1365, "2008-06-30": 0.6717, "2008-03-31": "1.28390", "2007-12-31": 0.5596, "2007-09-30": 1.5299, "2007-06-30": 0.5577, "2007-03-31": "0.92180", "2006-12-31": -0.7318, "2006-09-30": 0.6172, "2006-06-30": 0.6641, "2006-03-31": "0.91180", "2005-12-31": 0.1637, "2005-09-30": 1.4214, "2005-06-30": 0.7654, "2005-03-31": "1.04490"}, "Free Cash Flow Per Share": {"2020-09-30": 6.7136, "2020-06-30": 9.2163, "2020-03-31": "3.67780", "2019-12-31": 1.9617, "2019-09-30": 3.1652, "2019-06-30": 1.0273, "2019-03-31": "2.87970", "2018-12-31": 1.9179, "2018-09-30": 2.3312, "2018-06-30": 0.0131, "2018-03-31": "2.24210", "2017-12-31": 2.6461, "2017-09-30": 1.7218, "2017-06-30": -0.5858, "2017-03-31": "3.38200", "2016-12-31": 0.5249, "2016-09-30": 1.5464, "2016-06-30": 2.4645, "2016-03-31": "3.51900", "2015-12-31": 1.6331, "2015-09-30": 1.6317, "2015-06-30": 1.7688, "2015-03-31": "1.80830", "2014-12-31": 2.6493, "2014-09-30": 1.0532, "2014-06-30": 1.689, "2014-03-31": "1.02090", "2013-12-31": 2.3173, "2013-09-30": 0.8072, "2013-06-30": 1.329, "2013-03-31": "0.83780", "2012-12-31": 1.8725, "2012-09-30": 0.6406, "2012-06-30": 1.595, "2012-03-31": "0.35440", "2011-12-31": 0.5899, "2011-09-30": 1.3099, "2011-06-30": 1.1326, "2011-03-31": "1.28070", "2010-12-31": 0.2747, "2010-09-30": 1.3183, "2010-06-30": 0.293, "2010-03-31": "0.78890", "2009-12-31": -0.4422, "2009-09-30": 0.8871, "2009-06-30": 0.4463, "2009-03-31": "0.75230", "2008-12-31": -0.3484, "2008-09-30": 1.3076, "2008-06-30": -0.069, "2008-03-31": "0.48680", "2007-12-31": -0.1644, "2007-09-30": 0.7922, "2007-06-30": -0.2348, "2007-03-31": "-0.00350", "2006-12-31": -1.6335, "2006-09-30": -0.1542, "2006-06-30": 0.0791, "2006-03-31": "0.22430", "2005-12-31": -0.2095, "2005-09-30": 0.723, "2005-06-30": 0.3599, "2005-03-31": "0.59530"}}, "revenue": {"Universal Health Services Annual Revenue (Millions of US $)": {"2019": "$11,378", "2018": "$10,772", "2017": "$10,410", "2016": "$9,766", "2015": "$9,043", "2014": "$8,205", "2013": "$7,368", "2012": "$6,961", "2011": "$6,760", "2010": "$4,900", "2009": "$5,202", "2008": "$5,022", "2007": "$4,683", "2006": "$4,125", "2005": "$3,935"}, "Universal Health Services Quarterly Revenue (Millions of US $)": {"2020-09-30": "$2,913", "2020-06-30": "$2,730", "2020-03-31": "$2,830", "2019-12-31": "$2,896", "2019-09-30": "$2,822", "2019-06-30": "$2,855", "2019-03-31": "$2,804", "2018-12-31": "$2,754", "2018-09-30": "$2,649", "2018-06-30": "$2,681", "2018-03-31": "$2,688", "2017-12-31": "$2,643", "2017-09-30": "$2,542", "2017-06-30": "$2,612", "2017-03-31": "$2,613", "2016-12-31": "$2,476", "2016-09-30": "$2,410", "2016-06-30": "$2,431", "2016-03-31": "$2,450", "2015-12-31": "$2,315", "2015-09-30": "$2,228", "2015-06-30": "$2,275", "2015-03-31": "$2,225", "2014-12-31": "$2,176", "2014-09-30": "$2,039", "2014-06-30": "$2,052", "2014-03-31": "$1,938", "2013-12-31": "$1,885", "2013-09-30": "$1,816", "2013-06-30": "$1,835", "2013-03-31": "$1,832", "2012-12-31": "$1,765", "2012-09-30": "$1,680", "2012-06-30": "$1,723", "2012-03-31": "$1,793", "2011-12-31": "$1,626", "2011-09-30": "$1,663", "2011-06-30": "$1,714", "2011-03-31": "$1,757", "2010-12-31": "$891", "2010-09-30": "$1,323", "2010-06-30": "$1,338", "2010-03-31": "$1,347", "2009-12-31": "$1,291", "2009-09-30": "$1,295", "2009-06-30": "$1,304", "2009-03-31": "$1,312", "2008-12-31": "$1,237", "2008-09-30": "$1,244", "2008-06-30": "$1,263", "2008-03-31": "$1,278", "2007-12-31": "$1,143", "2007-09-30": "$1,164", "2007-06-30": "$1,179", "2007-03-31": "$1,198", "2006-12-31": "$999", "2006-09-30": "$1,043", "2006-06-30": "$1,048", "2006-03-31": "$1,034", "2005-12-31": "$967", "2005-09-30": "$971", "2005-06-30": "$991", "2005-03-31": "$1,007"}}, "gross-profit": {"Universal Health Services Annual Gross Profit (Millions of US $)": {"2019": "$10,127", "2018": "$9,604", "2017": "$9,305", "2016": "$8,735", "2015": "$8,069", "2014": "$7,309", "2013": "$6,547", "2012": "$6,162", "2011": "$5,955", "2010": "$4,183", "2009": "$4,503", "2008": "$4,328", "2007": "$4,017", "2006": "$3,577", "2005": "$3,445"}, "Universal Health Services Quarterly Gross Profit (Millions of US $)": {"2020-09-30": "$2,577", "2020-06-30": "$2,446", "2020-03-31": "$2,512", "2019-12-31": "$2,572", "2019-09-30": "$2,509", "2019-06-30": "$2,549", "2019-03-31": "$2,497", "2018-12-31": "$2,454", "2018-09-30": "$2,364", "2018-06-30": "$2,392", "2018-03-31": "$2,395", "2017-12-31": "$2,358", "2017-09-30": "$2,274", "2017-06-30": "$2,338", "2017-03-31": "$2,335", "2016-12-31": "$2,212", "2016-09-30": "$2,152", "2016-06-30": "$2,176", "2016-03-31": "$2,195", "2015-12-31": "$2,063", "2015-09-30": "$1,985", "2015-06-30": "$2,034", "2015-03-31": "$1,987", "2014-12-31": "$1,943", "2014-09-30": "$1,816", "2014-06-30": "$1,828", "2014-03-31": "$1,723", "2013-12-31": "$1,678", "2013-09-30": "$1,609", "2013-06-30": "$1,633", "2013-03-31": "$1,627", "2012-12-31": "$1,560", "2012-09-30": "$1,489", "2012-06-30": "$1,525", "2012-03-31": "$1,588", "2011-12-31": "$1,428", "2011-09-30": "$1,464", "2011-06-30": "$1,512", "2011-03-31": "$1,550", "2010-12-31": "$718", "2010-09-30": "$1,143", "2010-06-30": "$1,158", "2010-03-31": "$1,163", "2009-12-31": "$1,114", "2009-09-30": "$1,123", "2009-06-30": "$1,127", "2009-03-31": "$1,138", "2008-12-31": "$1,067", "2008-09-30": "$1,074", "2008-06-30": "$1,088", "2008-03-31": "$1,099", "2007-12-31": "$981", "2007-09-30": "$1,003", "2007-06-30": "$1,010", "2007-03-31": "$1,022", "2006-12-31": "$852", "2006-09-30": "$897", "2006-06-30": "$923", "2006-03-31": "$906", "2005-12-31": "$847", "2005-09-30": "$854", "2005-06-30": "$865", "2005-03-31": "$880"}}, "operating-income": {"Universal Health Services Annual Operating Income (Millions of US $)": {"2019": "$1,216", "2018": "$1,175", "2017": "$1,280", "2016": "$1,281", "2015": "$1,259", "2014": "$1,063", "2013": "$1,015", "2012": "$943", "2011": "$897", "2010": "$506", "2009": "$521", "2008": "$410", "2007": "$370", "2006": "$322", "2005": "$231"}, "Universal Health Services Quarterly Operating Income (Millions of US $)": {"2020-09-30": "$350", "2020-06-30": "$358", "2020-03-31": "$237", "2019-12-31": "$341", "2019-09-30": "$189", "2019-06-30": "$346", "2019-03-31": "$340", "2018-12-31": "$260", "2018-09-30": "$257", "2018-06-30": "$324", "2018-03-31": "$334", "2017-12-31": "$339", "2017-09-30": "$257", "2017-06-30": "$330", "2017-03-31": "$354", "2016-12-31": "$314", "2016-09-30": "$278", "2016-06-30": "$333", "2016-03-31": "$356", "2015-12-31": "$322", "2015-09-30": "$275", "2015-06-30": "$335", "2015-03-31": "$327", "2014-12-31": "$322", "2014-09-30": "$177", "2014-06-30": "$293", "2014-03-31": "$271", "2013-12-31": "$243", "2013-09-30": "$225", "2013-06-30": "$304", "2013-03-31": "$244", "2012-12-31": "$275", "2012-09-30": "$169", "2012-06-30": "$230", "2012-03-31": "$269", "2011-12-31": "$209", "2011-09-30": "$196", "2011-06-30": "$232", "2011-03-31": "$260", "2010-12-31": "$131", "2010-09-30": "$105", "2010-06-30": "$130", "2010-03-31": "$141", "2009-12-31": "$119", "2009-09-30": "$102", "2009-06-30": "$163", "2009-03-31": "$137", "2008-12-31": "$88", "2008-09-30": "$82", "2008-06-30": "$115", "2008-03-31": "$124", "2007-12-31": "$89", "2007-09-30": "$67", "2007-06-30": "$107", "2007-03-31": "$108", "2006-12-31": "$70", "2006-09-30": "$70", "2006-06-30": "$96", "2006-03-31": "$85", "2005-12-31": "$27", "2005-09-30": "$25", "2005-06-30": "$73", "2005-03-31": "$105"}}, "ebitda": {"Universal Health Services Annual EBITDA (Millions of US $)": {"2019": "$1,706", "2018": "$1,628", "2017": "$1,728", "2016": "$1,698", "2015": "$1,658", "2014": "$1,439", "2013": "$1,353", "2012": "$1,251", "2011": "$1,193", "2010": "$730", "2009": "$725", "2008": "$606", "2007": "$554", "2006": "$492", "2005": "$407"}, "Universal Health Services Quarterly EBITDA (Millions of US $)": {"2020-09-30": "$476", "2020-06-30": "$484", "2020-03-31": "$361", "2019-12-31": "$469", "2019-09-30": "$310", "2019-06-30": "$467", "2019-03-31": "$460", "2018-12-31": "$378", "2018-09-30": "$369", "2018-06-30": "$434", "2018-03-31": "$447", "2017-12-31": "$452", "2017-09-30": "$368", "2017-06-30": "$443", "2017-03-31": "$465", "2016-12-31": "$422", "2016-09-30": "$381", "2016-06-30": "$435", "2016-03-31": "$460", "2015-12-31": "$425", "2015-09-30": "$375", "2015-06-30": "$433", "2015-03-31": "$426", "2014-12-31": "$420", "2014-09-30": "$270", "2014-06-30": "$384", "2014-03-31": "$364", "2013-12-31": "$331", "2013-09-30": "$312", "2013-06-30": "$386", "2013-03-31": "$324", "2012-12-31": "$356", "2012-09-30": "$248", "2012-06-30": "$305", "2012-03-31": "$343", "2011-12-31": "$285", "2011-09-30": "$271", "2011-06-30": "$306", "2011-03-31": "$332", "2010-12-31": "$192", "2010-09-30": "$160", "2010-06-30": "$184", "2010-03-31": "$194", "2009-12-31": "$170", "2009-09-30": "$153", "2009-06-30": "$214", "2009-03-31": "$188", "2008-12-31": "$139", "2008-09-30": "$132", "2008-06-30": "$163", "2008-03-31": "$172", "2007-12-31": "$137", "2007-09-30": "$113", "2007-06-30": "$152", "2007-03-31": "$151", "2006-12-31": "$114", "2006-09-30": "$111", "2006-06-30": "$139", "2006-03-31": "$128", "2005-12-31": "$69", "2005-09-30": "$68", "2005-06-30": "$116", "2005-03-31": "$154"}}, "net-income": {"Universal Health Services Annual Net Income (Millions of US $)": {"2019": "$813", "2018": "$779", "2017": "$752", "2016": "$702", "2015": "$680", "2014": "$545", "2013": "$511", "2012": "$443", "2011": "$398", "2010": "$230", "2009": "$259", "2008": "$199", "2007": "$170", "2006": "$259", "2005": "$241"}, "Universal Health Services Quarterly Net Income (Millions of US $)": {"2020-09-30": "$240", "2020-06-30": "$251", "2020-03-31": "$142", "2019-12-31": "$245", "2019-09-30": "$97", "2019-06-30": "$238", "2019-03-31": "$234", "2018-12-31": "$158", "2018-09-30": "$171", "2018-06-30": "$226", "2018-03-31": "$224", "2017-12-31": "$219", "2017-09-30": "$141", "2017-06-30": "$185", "2017-03-31": "$206", "2016-12-31": "$174", "2016-09-30": "$152", "2016-06-30": "$185", "2016-03-31": "$191", "2015-12-31": "$173", "2015-09-30": "$150", "2015-06-30": "$182", "2015-03-31": "$174", "2014-12-31": "$173", "2014-09-30": "$83", "2014-06-30": "$152", "2014-03-31": "$138", "2013-12-31": "$125", "2013-09-30": "$115", "2013-06-30": "$152", "2013-03-31": "$120", "2012-12-31": "$135", "2012-09-30": "$72", "2012-06-30": "$108", "2012-03-31": "$129", "2011-12-31": "$96", "2011-09-30": "$85", "2011-06-30": "$104", "2011-03-31": "$114", "2010-12-31": "$37", "2010-09-30": "$56", "2010-06-30": "$66", "2010-03-31": "$72", "2009-12-31": "$60", "2009-09-30": "$51", "2009-06-30": "$81", "2009-03-31": "$68", "2008-12-31": "$12", "2008-09-30": "$46", "2008-06-30": "$66", "2008-03-31": "$75", "2007-12-31": "$40", "2007-09-30": "$29", "2007-06-30": "$52", "2007-03-31": "$50", "2006-12-31": "$34", "2006-09-30": "$114", "2006-06-30": "$60", "2006-03-31": "$51", "2005-12-31": "$12", "2005-09-30": "$8", "2005-06-30": "$159", "2005-03-31": "$61"}}, "eps-earnings-per-share-diluted": {"Universal Health Services Annual EPS": {"2019": "$9.13", "2018": "$8.31", "2017": "$7.81", "2016": "$7.14", "2015": "$6.76", "2014": "$5.42", "2013": "$5.14", "2012": "$4.53", "2011": "$4.04", "2010": "$2.34", "2009": "$2.64", "2008": "$1.96", "2007": "$1.59", "2006": "$2.28", "2005": "$2.00"}, "Universal Health Services Quarterly EPS": {"2020-09-30": "$2.82", "2020-06-30": "$2.95", "2020-03-31": "$1.64", "2019-12-31": "$2.80", "2019-09-30": "$1.10", "2019-06-30": "$2.66", "2019-03-31": "$2.57", "2018-12-31": "$1.72", "2018-09-30": "$1.84", "2018-06-30": "$2.39", "2018-03-31": "$2.36", "2017-12-31": "$2.31", "2017-09-30": "$1.47", "2017-06-30": "$1.91", "2017-03-31": "$2.12", "2016-12-31": "$1.78", "2016-09-30": "$1.54", "2016-06-30": "$1.89", "2016-03-31": "$1.93", "2015-12-31": "$1.75", "2015-09-30": "$1.48", "2015-06-30": "$1.80", "2015-03-31": "$1.73", "2014-12-31": "$1.71", "2014-09-30": "$0.82", "2014-06-30": "$1.51", "2014-03-31": "$1.38", "2013-12-31": "$1.25", "2013-09-30": "$1.15", "2013-06-30": "$1.53", "2013-03-31": "$1.21", "2012-12-31": "$1.39", "2012-09-30": "$0.73", "2012-06-30": "$1.10", "2012-03-31": "$1.31", "2011-12-31": "$0.99", "2011-09-30": "$0.86", "2011-06-30": "$1.04", "2011-03-31": "$1.15", "2010-12-31": "$0.37", "2010-09-30": "$0.57", "2010-06-30": "$0.67", "2010-03-31": "$0.73", "2009-12-31": "$0.62", "2009-09-30": "$0.52", "2009-06-30": "$0.82", "2009-03-31": "$0.68", "2008-12-31": "$0.47", "2008-09-30": "$0.37", "2008-06-30": "$0.53", "2008-03-31": "$0.60", "2007-12-31": "$0.38", "2007-09-30": "$0.27", "2007-06-30": "$0.49", "2007-03-31": "$0.46", "2006-12-31": "$0.32", "2006-09-30": "$1.00", "2006-06-30": "$0.52", "2006-03-31": "$0.44", "2005-12-31": "$0.17", "2005-09-30": "$0.08", "2005-06-30": "$1.27", "2005-03-31": "$0.50"}}, "shares-outstanding": {"Universal Health Services Annual Shares Outstanding (Millions of Shares)": {"2019": "89", "2018": "94", "2017": "96", "2016": "98", "2015": "101", "2014": "101", "2013": "99", "2012": "98", "2011": "99", "2010": "98", "2009": "98", "2008": "101", "2007": "107", "2006": "116", "2005": "125"}, "Universal Health Services Quarterly Shares Outstanding (Millions of Shares)": {"2020-09-30": "85", "2020-06-30": "85", "2020-03-31": "86", "2019-12-31": "89", "2019-09-30": "88", "2019-06-30": "89", "2019-03-31": "91", "2018-12-31": "94", "2018-09-30": "93", "2018-06-30": "94", "2018-03-31": "95", "2017-12-31": "96", "2017-09-30": "96", "2017-06-30": "97", "2017-03-31": "97", "2016-12-31": "98", "2016-09-30": "98", "2016-06-30": "98", "2016-03-31": "99", "2015-12-31": "101", "2015-09-30": "101", "2015-06-30": "101", "2015-03-31": "101", "2014-12-31": "101", "2014-09-30": "101", "2014-06-30": "100", "2014-03-31": "100", "2013-12-31": "99", "2013-09-30": "100", "2013-06-30": "99", "2013-03-31": "99", "2012-12-31": "98", "2012-09-30": "98", "2012-06-30": "98", "2012-03-31": "98", "2011-12-31": "99", "2011-09-30": "99", "2011-06-30": "99", "2011-03-31": "99", "2010-12-31": "98", "2010-09-30": "98", "2010-06-30": "98", "2010-03-31": "97", "2009-12-31": "98", "2009-09-30": "99", "2009-06-30": "98", "2009-03-31": "98", "2008-12-31": "101", "2008-09-30": "101", "2008-06-30": "101", "2008-03-31": "103", "2007-12-31": "107", "2007-09-30": "107", "2007-06-30": "107", "2007-03-31": "107", "2006-12-31": "116", "2006-09-30": "114", "2006-06-30": "120", "2006-03-31": "121", "2005-12-31": "125", "2005-09-30": "110", "2005-06-30": "127", "2005-03-31": "129"}}, "total-assets": {"Universal Health Services Annual Total Assets (Millions of US $)": {"2019": "$11,668", "2018": "$11,265", "2017": "$10,762", "2016": "$10,318", "2015": "$9,615", "2014": "$8,974", "2013": "$8,312", "2012": "$8,201", "2011": "$7,665", "2010": "$7,528", "2009": "$3,964", "2008": "$3,742", "2007": "$3,609", "2006": "$3,277", "2005": "$2,859"}, "Universal Health Services Quarterly Total Assets (Millions of US $)": {"2020-09-30": "$12,976", "2020-06-30": "$12,149", "2020-03-31": "$11,620", "2019-12-31": "$11,668", "2019-09-30": "$11,594", "2019-06-30": "$11,753", "2019-03-31": "$11,721", "2018-12-31": "$11,265", "2018-09-30": "$11,274", "2018-06-30": "$11,069", "2018-03-31": "$11,024", "2017-12-31": "$10,762", "2017-09-30": "$10,639", "2017-06-30": "$10,552", "2017-03-31": "$10,448", "2016-12-31": "$10,318", "2016-09-30": "$9,674", "2016-06-30": "$9,541", "2016-03-31": "$9,565", "2015-12-31": "$9,615", "2015-09-30": "$9,207", "2015-06-30": "$9,079", "2015-03-31": "$9,084", "2014-12-31": "$8,974", "2014-09-30": "$8,962", "2014-06-30": "$8,548", "2014-03-31": "$8,431", "2013-12-31": "$8,312", "2013-09-30": "$8,352", "2013-06-30": "$8,317", "2013-03-31": "$8,317", "2012-12-31": "$8,201", "2012-09-30": "$7,781", "2012-06-30": "$7,759", "2012-03-31": "$7,783", "2011-12-31": "$7,665", "2011-09-30": "$7,606", "2011-06-30": "$7,566", "2011-03-31": "$7,613", "2010-12-31": "$7,528", "2010-09-30": "$4,268", "2010-06-30": "$3,990", "2010-03-31": "$3,999", "2009-12-31": "$3,964", "2009-09-30": "$3,902", "2009-06-30": "$3,837", "2009-03-31": "$3,835", "2008-12-31": "$3,742", "2008-09-30": "$3,698", "2008-06-30": "$3,719", "2008-03-31": "$3,686", "2007-12-31": "$3,609", "2007-09-30": "$3,599", "2007-06-30": "$3,532", "2007-03-31": "$3,467", "2006-12-31": "$3,277", "2006-09-30": "$3,149", "2006-06-30": "$3,146", "2006-03-31": "$2,985", "2005-12-31": "$2,859", "2005-09-30": "$2,743", "2005-06-30": "$2,763", "2005-03-31": "$2,984"}}, "cash-on-hand": {"Universal Health Services Annual Cash on Hand (Millions of US $)": {"2019": "$61", "2018": "$105", "2017": "$74", "2016": "$34", "2015": "$61", "2014": "$32", "2013": "$17", "2012": "$23", "2011": "$41", "2010": "$29", "2009": "$9", "2008": "$5", "2007": "$16", "2006": "$15", "2005": "$8"}, "Universal Health Services Quarterly Cash on Hand (Millions of US $)": {"2020-09-30": "$1,101", "2020-06-30": "$540", "2020-03-31": "$55", "2019-12-31": "$61", "2019-09-30": "$59", "2019-06-30": "$61", "2019-03-31": "$63", "2018-12-31": "$105", "2018-09-30": "$84", "2018-06-30": "$77", "2018-03-31": "$73", "2017-12-31": "$74", "2017-09-30": "$65", "2017-06-30": "$66", "2017-03-31": "$63", "2016-12-31": "$34", "2016-09-30": "$62", "2016-06-30": "$56", "2016-03-31": "$55", "2015-12-31": "$61", "2015-09-30": "$40", "2015-06-30": "$42", "2015-03-31": "$35", "2014-12-31": "$32", "2014-09-30": "$40", "2014-06-30": "$15", "2014-03-31": "$16", "2013-12-31": "$17", "2013-09-30": "$12", "2013-06-30": "$13", "2013-03-31": "$17", "2012-12-31": "$23", "2012-09-30": "$26", "2012-06-30": "$33", "2012-03-31": "$42", "2011-12-31": "$41", "2011-09-30": "$39", "2011-06-30": "$35", "2011-03-31": "$52", "2010-12-31": "$29", "2010-09-30": "$267", "2010-06-30": "$12", "2010-03-31": "$7", "2009-12-31": "$9", "2009-09-30": "$14", "2009-06-30": "$11", "2009-03-31": "$9", "2008-12-31": "$5", "2008-09-30": "$8", "2008-06-30": "$6", "2008-03-31": "$9", "2007-12-31": "$16", "2007-09-30": "$14", "2007-06-30": "$13", "2007-03-31": "$11", "2006-12-31": "$15", "2006-09-30": "$15", "2006-06-30": "$124", "2006-03-31": "$8", "2005-12-31": "$8", "2005-09-30": "$82", "2005-06-30": "$115", "2005-03-31": "$54"}}, "long-term-debt": {"Universal Health Services Annual Long Term Debt (Millions of US $)": {"2019": "$3,897", "2018": "$3,935", "2017": "$3,494", "2016": "$4,030", "2015": "$3,369", "2014": "$3,210", "2013": "$3,210", "2012": "$3,727", "2011": "$3,651", "2010": "$3,912", "2009": "$956", "2008": "$991", "2007": "$1,009", "2006": "$821", "2005": "$638"}, "Universal Health Services Quarterly Long Term Debt (Millions of US $)": {"2020-09-30": "$3,515", "2020-06-30": "$3,450", "2020-03-31": "$3,736", "2019-12-31": "$3,897", "2019-09-30": "$3,870", "2019-06-30": "$4,057", "2019-03-31": "$3,822", "2018-12-31": "$3,935", "2018-09-30": "$3,684", "2018-06-30": "$3,864", "2018-03-31": "$3,795", "2017-12-31": "$3,494", "2017-09-30": "$3,927", "2017-06-30": "$3,989", "2017-03-31": "$3,773", "2016-12-31": "$4,030", "2016-09-30": "$3,543", "2016-06-30": "$3,499", "2016-03-31": "$2,792", "2015-12-31": "$3,369", "2015-09-30": "$3,010", "2015-06-30": "$2,962", "2015-03-31": "$3,052", "2014-12-31": "$3,210", "2014-09-30": "$3,373", "2014-06-30": "$3,070", "2014-03-31": "$3,109", "2013-12-31": "$3,210", "2013-09-30": "$3,412", "2013-06-30": "$3,473", "2013-03-31": "$3,669", "2012-12-31": "$3,727", "2012-09-30": "$3,441", "2012-06-30": "$3,459", "2012-03-31": "$3,582", "2011-12-31": "$3,651", "2011-09-30": "$3,685", "2011-06-30": "$3,751", "2011-03-31": "$3,851", "2010-12-31": "$3,912", "2010-09-30": "$615", "2010-06-30": "$881", "2010-03-31": "$892", "2009-12-31": "$956", "2009-09-30": "$852", "2009-06-30": "$913", "2009-03-31": "$939", "2008-12-31": "$991", "2008-09-30": "$935", "2008-06-30": "$1,050", "2008-03-31": "$1,041", "2007-12-31": "$1,009", "2007-09-30": "$901", "2007-06-30": "$951", "2007-03-31": "$910", "2006-12-31": "$821", "2006-09-30": "$465", "2006-06-30": "$465", "2006-03-31": "$604", "2005-12-31": "$638", "2005-09-30": "$528", "2005-06-30": "$526", "2005-03-31": "$684"}}, "total-liabilities": {"Universal Health Services Annual Total Liabilities (Millions of US $)": {"2019": "$6,089", "2018": "$5,800", "2017": "$5,710", "2016": "$5,720", "2015": "$5,306", "2014": "$5,183", "2013": "$5,011", "2012": "$5,435", "2011": "$5,318", "2010": "$5,504", "2009": "$2,172", "2008": "$1,972", "2007": "$2,091", "2006": "$1,875", "2005": "$1,654"}, "Universal Health Services Quarterly Total Liabilities (Millions of US $)": {"2020-09-30": "$6,941", "2020-06-30": "$6,387", "2020-03-31": "$6,135", "2019-12-31": "$6,089", "2019-09-30": "$6,130", "2019-06-30": "$6,288", "2019-03-31": "$6,169", "2018-12-31": "$5,800", "2018-09-30": "$5,834", "2018-06-30": "$5,679", "2018-03-31": "$5,737", "2017-12-31": "$5,710", "2017-09-30": "$5,709", "2017-06-30": "$5,675", "2017-03-31": "$5,647", "2016-12-31": "$5,720", "2016-09-30": "$5,211", "2016-06-30": "$5,173", "2016-03-31": "$5,214", "2015-12-31": "$5,306", "2015-09-30": "$5,013", "2015-06-30": "$4,957", "2015-03-31": "$5,120", "2014-12-31": "$5,183", "2014-09-30": "$5,304", "2014-06-30": "$4,949", "2014-03-31": "$4,987", "2013-12-31": "$5,011", "2013-09-30": "$5,189", "2013-06-30": "$5,273", "2013-03-31": "$5,430", "2012-12-31": "$5,435", "2012-09-30": "$5,118", "2012-06-30": "$5,169", "2012-03-31": "$5,304", "2011-12-31": "$5,318", "2011-09-30": "$5,337", "2011-06-30": "$5,333", "2011-03-31": "$5,474", "2010-12-31": "$5,504", "2010-09-30": "$2,280", "2010-06-30": "$2,060", "2010-03-31": "$1,933", "2009-12-31": "$2,172", "2009-09-30": "$1,933", "2009-06-30": "$1,909", "2009-03-31": "$1,998", "2008-12-31": "$1,972", "2008-09-30": "$2,132", "2008-06-30": "$2,174", "2008-03-31": "$2,199", "2007-12-31": "$2,091", "2007-09-30": "$2,064", "2007-06-30": "$2,017", "2007-03-31": "$2,006", "2006-12-31": "$1,875", "2006-09-30": "$1,653", "2006-06-30": "$1,615", "2006-03-31": "$1,731", "2005-12-31": "$1,654", "2005-09-30": "$1,519", "2005-06-30": "$1,482", "2005-03-31": "$1,709"}}, "total-share-holder-equity": {"Universal Health Services Annual Share Holder Equity (Millions of US $)": {"2019": "$5,579", "2018": "$5,466", "2017": "$5,051", "2016": "$4,598", "2015": "$4,309", "2014": "$3,791", "2013": "$3,300", "2012": "$2,766", "2011": "$2,347", "2010": "$2,024", "2009": "$1,792", "2008": "$1,771", "2007": "$1,517", "2006": "$1,402", "2005": "$1,205"}, "Universal Health Services Quarterly Share Holder Equity (Millions of US $)": {"2020-09-30": "$6,035", "2020-06-30": "$5,762", "2020-03-31": "$5,485", "2019-12-31": "$5,579", "2019-09-30": "$5,464", "2019-06-30": "$5,464", "2019-03-31": "$5,552", "2018-12-31": "$5,466", "2018-09-30": "$5,439", "2018-06-30": "$5,390", "2018-03-31": "$5,286", "2017-12-31": "$5,051", "2017-09-30": "$4,930", "2017-06-30": "$4,878", "2017-03-31": "$4,801", "2016-12-31": "$4,598", "2016-09-30": "$4,463", "2016-06-30": "$4,368", "2016-03-31": "$4,351", "2015-12-31": "$4,309", "2015-09-30": "$4,194", "2015-06-30": "$4,122", "2015-03-31": "$3,964", "2014-12-31": "$3,791", "2014-09-30": "$3,657", "2014-06-30": "$3,599", "2014-03-31": "$3,444", "2013-12-31": "$3,300", "2013-09-30": "$3,162", "2013-06-30": "$3,044", "2013-03-31": "$2,887", "2012-12-31": "$2,766", "2012-09-30": "$2,663", "2012-06-30": "$2,590", "2012-03-31": "$2,479", "2011-12-31": "$2,347", "2011-09-30": "$2,269", "2011-06-30": "$2,233", "2011-03-31": "$2,139", "2010-12-31": "$2,024", "2010-09-30": "$1,988", "2010-06-30": "$1,930", "2010-03-31": "$2,067", "2009-12-31": "$1,792", "2009-09-30": "$1,968", "2009-06-30": "$1,928", "2009-03-31": "$1,838", "2008-12-31": "$1,771", "2008-09-30": "$1,566", "2008-06-30": "$1,544", "2008-03-31": "$1,487", "2007-12-31": "$1,517", "2007-09-30": "$1,535", "2007-06-30": "$1,515", "2007-03-31": "$1,461", "2006-12-31": "$1,402", "2006-09-30": "$1,496", "2006-06-30": "$1,531", "2006-03-31": "$1,255", "2005-12-31": "$1,205", "2005-09-30": "$1,224", "2005-06-30": "$1,282", "2005-03-31": "$1,275"}}, "profit-margins": {"current": "7.74%"}, "gross margin": {"2020-09-30": "88.90%", "2020-06-30": "89.01%", "2020-03-31": "88.94%", "2019-12-31": "89.01%", "2019-09-30": "89.09%", "2019-06-30": "89.17%", "2019-03-31": "89.15%", "2018-12-31": "89.17%", "2018-09-30": "89.19%", "2018-06-30": "89.25%", "2018-03-31": "89.32%", "2017-12-31": "89.39%", "2017-09-30": "89.42%", "2017-06-30": "89.38%", "2017-03-31": "89.38%", "2016-12-31": "89.43%", "2016-09-30": "89.38%", "2016-06-30": "89.34%", "2016-03-31": "89.31%", "2015-12-31": "89.23%", "2015-09-30": "89.27%", "2015-06-30": "89.27%", "2015-03-31": "89.19%", "2014-12-31": "89.09%", "2014-09-30": "89.02%", "2014-06-30": "88.91%", "2014-03-31": "88.88%", "2013-12-31": "88.86%", "2013-09-30": "88.70%", "2013-06-30": "88.71%", "2013-03-31": "88.59%", "2012-12-31": "88.52%", "2012-09-30": "88.39%", "2012-06-30": "88.24%", "2012-03-31": "88.17%", "2011-12-31": "88.08%", "2011-09-30": "87.04%", "2011-06-30": "86.60%", "2011-03-31": "86.06%", "2010-12-31": "85.36%", "2010-09-30": "86.39%", "2010-06-30": "86.47%", "2010-03-31": "86.44%", "2009-12-31": "86.54%", "2009-09-30": "86.54%", "2009-06-30": "86.44%", "2009-03-31": "86.37%", "2008-12-31": "86.18%", "2008-09-30": "86.08%", "2008-06-30": "86.04%", "2008-03-31": "85.92%", "2007-12-31": "85.74%", "2007-09-30": "85.62%", "2007-06-30": "85.56%", "2007-03-31": "86.15%", "2006-12-31": "86.76%", "2006-09-30": "87.32%", "2006-06-30": "87.81%", "2006-03-31": "87.61%", "2005-12-31": "87.55%"}, "operating margin": {"2020-09-30": "11.31%", "2020-06-30": "9.98%", "2020-03-31": "9.76%", "2019-12-31": "10.69%", "2019-09-30": "10.10%", "2019-06-30": "10.88%", "2019-03-31": "10.85%", "2018-12-31": "10.91%", "2018-09-30": "11.76%", "2018-06-30": "11.88%", "2018-03-31": "12.02%", "2017-12-31": "12.30%", "2017-09-30": "12.25%", "2017-06-30": "12.62%", "2017-03-31": "12.88%", "2016-12-31": "13.12%", "2016-09-30": "13.42%", "2016-06-30": "13.65%", "2016-03-31": "13.90%", "2015-12-31": "13.92%", "2015-09-30": "14.14%", "2015-06-30": "13.32%", "2015-03-31": "13.18%", "2014-12-31": "12.96%", "2014-09-30": "12.43%", "2014-06-30": "13.42%", "2014-03-31": "13.96%", "2013-12-31": "13.79%", "2013-09-30": "14.46%", "2013-06-30": "13.95%", "2013-03-31": "13.11%", "2012-12-31": "13.55%", "2012-09-30": "12.86%", "2012-06-30": "13.28%", "2012-03-31": "13.33%", "2011-12-31": "13.27%", "2011-09-30": "13.59%", "2011-06-30": "12.81%", "2011-03-31": "11.79%", "2010-12-31": "10.35%", "2010-09-30": "9.34%", "2010-06-30": "9.33%", "2010-03-31": "10.02%", "2009-12-31": "10.02%", "2009-09-30": "9.52%", "2009-06-30": "9.22%", "2009-03-31": "8.35%", "2008-12-31": "8.14%", "2008-09-30": "8.32%", "2008-06-30": "8.15%", "2008-03-31": "8.12%", "2007-12-31": "7.92%", "2007-09-30": "7.75%", "2007-06-30": "8.03%", "2007-03-31": "8.02%", "2006-12-31": "7.78%", "2006-09-30": "6.79%", "2006-06-30": "5.80%", "2006-03-31": "5.30%", "2005-12-31": "5.84%"}, "ebitda margin": {"2020-09-30": "15.74%", "2020-06-30": "14.40%", "2020-03-31": "14.09%", "2019-12-31": "15.00%", "2019-09-30": "14.37%", "2019-06-30": "15.13%", "2019-03-31": "15.07%", "2018-12-31": "15.11%", "2018-09-30": "15.96%", "2018-06-30": "16.12%", "2018-03-31": "16.31%", "2017-12-31": "16.60%", "2017-09-30": "16.58%", "2017-06-30": "16.92%", "2017-03-31": "17.15%", "2016-12-31": "17.39%", "2016-09-30": "17.71%", "2016-06-30": "17.99%", "2016-03-31": "18.27%", "2015-12-31": "18.35%", "2015-09-30": "18.58%", "2015-06-30": "17.77%", "2015-03-31": "17.66%", "2014-12-31": "17.53%", "2014-09-30": "17.05%", "2014-06-30": "18.09%", "2014-03-31": "18.64%", "2013-12-31": "18.36%", "2013-09-30": "19.01%", "2013-06-30": "18.48%", "2013-03-31": "17.61%", "2012-12-31": "17.99%", "2012-09-30": "17.31%", "2012-06-30": "17.69%", "2012-03-31": "17.73%", "2011-12-31": "17.66%", "2011-09-30": "18.27%", "2011-06-30": "17.41%", "2011-03-31": "16.35%", "2010-12-31": "14.90%", "2010-09-30": "13.36%", "2010-06-30": "13.30%", "2010-03-31": "13.96%", "2009-12-31": "13.94%", "2009-09-30": "13.48%", "2009-06-30": "13.20%", "2009-03-31": "12.30%", "2008-12-31": "12.07%", "2008-09-30": "12.26%", "2008-06-30": "12.07%", "2008-03-31": "12.05%", "2007-12-31": "11.81%", "2007-09-30": "11.67%", "2007-06-30": "11.95%", "2007-03-31": "12.01%", "2006-12-31": "11.93%", "2006-09-30": "10.92%", "2006-06-30": "10.05%", "2006-03-31": "9.61%", "2005-12-31": "10.34%"}, "pre tax profit margin": {"2020-09-30": "10.30%", "2020-06-30": "8.74%", "2020-03-31": "8.43%", "2019-12-31": "9.37%", "2019-09-30": "8.47%", "2019-06-30": "9.43%", "2019-03-31": "9.50%", "2018-12-31": "9.60%", "2018-09-30": "10.59%", "2018-06-30": "10.61%", "2018-03-31": "10.61%", "2017-12-31": "10.89%", "2017-09-30": "10.87%", "2017-06-30": "11.26%", "2017-03-31": "11.55%", "2016-12-31": "11.84%", "2016-09-30": "12.16%", "2016-06-30": "12.43%", "2016-03-31": "12.69%", "2015-12-31": "12.67%", "2015-09-30": "12.85%", "2015-06-30": "11.93%", "2015-03-31": "11.66%", "2014-12-31": "11.32%", "2014-09-30": "10.68%", "2014-06-30": "11.62%", "2014-03-31": "12.07%", "2013-12-31": "11.81%", "2013-09-30": "12.36%", "2013-06-30": "11.63%", "2013-03-31": "10.64%", "2012-12-31": "10.96%", "2012-09-30": "10.16%", "2012-06-30": "10.52%", "2012-03-31": "10.51%", "2011-12-31": "10.30%", "2011-09-30": "10.32%", "2011-06-30": "9.99%", "2011-03-31": "9.47%", "2010-12-31": "8.72%", "2010-09-30": "8.42%", "2010-06-30": "8.42%", "2010-03-31": "9.13%", "2009-12-31": "9.11%", "2009-09-30": "8.57%", "2009-06-30": "8.22%", "2009-03-31": "7.32%", "2008-12-31": "7.11%", "2008-09-30": "7.91%", "2008-06-30": "7.53%", "2008-03-31": "7.30%", "2007-12-31": "6.79%", "2007-09-30": "2.31%", "2007-06-30": "5.45%", "2007-03-31": "5.90%", "2006-12-31": "6.13%", "2006-09-30": "9.07%", "2006-06-30": "5.12%", "2006-03-31": "4.21%", "2005-12-31": "4.37%"}, "net profit margin": {"2020-09-30": "7.72%", "2020-06-30": "6.52%", "2020-03-31": "6.33%", "2019-12-31": "7.15%", "2019-09-30": "6.47%", "2019-06-30": "7.24%", "2019-03-31": "7.25%", "2018-12-31": "7.23%", "2018-09-30": "7.88%", "2018-06-30": "7.67%", "2018-03-31": "7.33%", "2017-12-31": "7.21%", "2017-09-30": "6.89%", "2017-06-30": "7.09%", "2017-03-31": "7.22%", "2016-12-31": "7.19%", "2016-09-30": "7.30%", "2016-06-30": "7.42%", "2016-03-31": "7.51%", "2015-12-31": "7.51%", "2015-09-30": "7.63%", "2015-06-30": "7.02%", "2015-03-31": "6.85%", "2014-12-31": "6.65%", "2014-09-30": "6.29%", "2014-06-30": "6.89%", "2014-03-31": "7.09%", "2013-12-31": "6.95%", "2013-09-30": "7.20%", "2013-06-30": "6.74%", "2013-03-31": "6.21%", "2012-12-31": "6.38%", "2012-09-30": "5.94%", "2012-06-30": "6.14%", "2012-03-31": "6.09%", "2011-12-31": "5.90%", "2011-09-30": "5.64%", "2011-06-30": "5.47%", "2011-03-31": "5.14%", "2010-12-31": "4.72%", "2010-09-30": "4.79%", "2010-06-30": "4.72%", "2010-03-31": "5.04%", "2009-12-31": "5.00%", "2009-09-30": "4.12%", "2009-06-30": "4.06%", "2009-03-31": "3.80%", "2008-12-31": "3.96%", "2008-09-30": "4.61%", "2008-06-30": "4.33%", "2008-03-31": "4.11%", "2007-12-31": "3.65%", "2007-09-30": "3.63%", "2007-06-30": "5.66%", "2007-03-31": "6.02%", "2006-12-31": "6.28%", "2006-09-30": "5.79%", "2006-06-30": "3.26%", "2006-03-31": "5.80%", "2005-12-31": "6.10%"}, "pe ratio": {"current": "12.63", "2021-02-11": "12.75", "2020-09-30": "10.49", "2020-06-30": "10.95", "2020-03-31": "12.10", "2019-12-31": "15.70", "2019-09-30": "18.47", "2019-06-30": "14.80", "2019-03-31": "15.66", "2018-12-31": "13.98", "2018-09-30": "14.27", "2018-06-30": "12.97", "2018-03-31": "14.59", "2017-12-31": "14.38", "2017-09-30": "15.09", "2017-06-30": "16.43", "2017-03-31": "16.78", "2016-12-31": "14.71", "2016-09-30": "17.12", "2016-06-30": "18.78", "2016-03-31": "17.68", "2015-12-31": "17.42", "2015-09-30": "18.26", "2015-06-30": "23.04", "2015-03-31": "20.03", "2014-12-31": "20.14", "2014-09-30": "20.69", "2014-06-30": "17.76", "2014-03-31": "15.15", "2013-12-31": "15.49", "2013-09-30": "13.88", "2013-06-30": "13.46", "2013-03-31": "14.07", "2012-12-31": "10.41", "2012-09-30": "10.72", "2012-06-30": "9.80", "2012-03-31": "9.64", "2011-12-31": "9.28", "2011-09-30": "9.53", "2011-06-30": "15.75", "2011-03-31": "17.11", "2010-12-31": "17.70", "2010-09-30": "14.35", "2010-06-30": "14.37", "2010-03-31": "12.47", "2009-12-31": "11.00", "2009-09-30": "11.85", "2009-06-30": "9.93", "2009-03-31": "8.87", "2008-12-31": "9.04", "2008-09-30": "14.10", "2008-06-30": "16.74", "2008-03-31": "14.61", "2007-12-31": "15.14", "2007-09-30": "16.69", "2007-06-30": "12.75", "2007-03-31": "11.68", "2006-12-31": "11.39"}, "price sales": {"2021-02-11": "0.99", "2020-09-30": "0.81", "2020-06-30": "0.72", "2020-03-31": "0.77", "2019-12-31": "1.13", "2019-09-30": "1.19", "2019-06-30": "1.08", "2019-03-31": "1.14", "2018-12-31": "1.01", "2018-09-30": "1.13", "2018-06-30": "1.00", "2018-03-31": "1.08", "2017-12-31": "1.04", "2017-09-30": "1.04", "2017-06-30": "1.17", "2017-03-31": "1.21", "2016-12-31": "1.06", "2016-09-30": "1.25", "2016-06-30": "1.40", "2016-03-31": "1.33", "2015-12-31": "1.31", "2015-09-30": "1.39", "2015-06-30": "1.61", "2015-03-31": "1.37", "2014-12-31": "1.34", "2014-09-30": "1.30", "2014-06-30": "1.22", "2014-03-31": "1.07", "2013-12-31": "1.07", "2013-09-30": "1.00", "2013-06-30": "0.90", "2013-03-31": "0.87", "2012-12-31": "0.66", "2012-09-30": "0.63", "2012-06-30": "0.60", "2012-03-31": "0.59", "2011-12-31": "0.55", "2011-09-30": "0.54", "2011-06-30": "0.86", "2011-03-31": "0.88", "2010-12-31": "0.83", "2010-09-30": "0.69", "2010-06-30": "0.68", "2010-03-31": "0.63", "2009-12-31": "0.55", "2009-09-30": "0.57", "2009-06-30": "0.45", "2009-03-31": "0.36", "2008-12-31": "0.36", "2008-09-30": "0.55", "2008-06-30": "0.64", "2008-03-31": "0.56", "2007-12-31": "0.55", "2007-09-30": "0.61", "2007-06-30": "0.72", "2007-03-31": "0.71", "2006-12-31": "0.74"}, "price book": {"current": "1.84", "2021-02-11": "1.83", "2020-09-30": "1.51", "2020-06-30": "1.37", "2020-03-31": "1.53", "2019-12-31": "2.23", "2019-09-30": "2.38", "2019-06-30": "2.10", "2019-03-31": "2.16", "2018-12-31": "1.94", "2018-09-30": "2.14", "2018-06-30": "1.92", "2018-03-31": "2.10", "2017-12-31": "2.09", "2017-09-30": "2.11", "2017-06-30": "2.37", "2017-03-31": "2.48", "2016-12-31": "2.21", "2016-09-30": "2.64", "2016-06-30": "2.95", "2016-03-31": "2.74", "2015-12-31": "2.68", "2015-09-30": "2.88", "2015-06-30": "3.35", "2015-03-31": "2.89", "2014-12-31": "2.84", "2014-09-30": "2.77", "2014-06-30": "2.58", "2014-03-31": "2.30", "2013-12-31": "2.37", "2013-09-30": "2.28", "2013-06-30": "2.11", "2013-03-31": "2.12", "2012-12-31": "1.66", "2012-09-30": "1.61", "2012-06-30": "1.56", "2012-03-31": "1.58", "2011-12-31": "1.54", "2011-09-30": "1.39", "2011-06-30": "2.17", "2011-03-31": "2.16", "2010-12-31": "2.00", "2010-09-30": "1.82", "2010-06-30": "1.84", "2010-03-31": "1.57", "2009-12-31": "1.57", "2009-09-30": "1.47", "2009-06-30": "1.18", "2009-03-31": "0.97", "2008-12-31": "0.50", "2008-09-30": "1.71", "2008-06-30": "1.96", "2008-03-31": "1.73", "2007-12-31": "1.67", "2007-09-30": "1.79", "2007-06-30": "2.05", "2007-03-31": "1.98", "2006-12-31": "1.99", "2006-09-30": "2.09", "2006-06-30": "1.80", "2006-03-31": "2.04"}, "price fcf": {"2021-02-11": "", "2020-09-30": "$21.57", "2020-06-30": "$18.02", "2020-03-31": "$9.83", "2019-12-31": "$9.03", "2019-09-30": "$8.99", "2019-06-30": "$8.16", "2019-03-31": "$7.14", "2018-12-31": "$6.50", "2018-09-30": "$7.23", "2018-06-30": "$6.62", "2018-03-31": "$6.02", "2017-12-31": "$7.16", "2017-09-30": "$5.04", "2017-06-30": "$4.87", "2017-03-31": "$7.92", "2016-12-31": "$8.05", "2016-09-30": "$9.16", "2016-06-30": "$9.25", "2016-03-31": "$8.55", "2015-12-31": "$6.84", "2015-09-30": "$7.86", "2015-06-30": "$7.28", "2015-03-31": "$7.20", "2014-12-31": "$6.41", "2014-09-30": "$6.08", "2014-06-30": "$5.83", "2014-03-31": "$5.47", "2013-12-31": "$5.29", "2013-09-30": "$4.85", "2013-06-30": "$4.68", "2013-03-31": "$4.95", "2012-12-31": "$4.46", "2012-09-30": "$3.18", "2012-06-30": "$3.85", "2012-03-31": "$3.39", "2011-12-31": "$4.31", "2011-09-30": "$4.00", "2011-06-30": "$4.01", "2011-03-31": "$3.17", "2010-12-31": "$2.67", "2010-09-30": "$1.96", "2010-06-30": "$1.53", "2010-03-31": "$1.68", "2009-12-31": "$1.64", "2009-09-30": "$1.74", "2009-06-30": "$2.16", "2009-03-31": "$1.64", "2008-12-31": "$1.38", "2008-09-30": "$1.56", "2008-06-30": "$1.05", "2008-03-31": "$0.88", "2007-12-31": "$0.39", "2007-09-30": "$-1.08", "2007-06-30": "$-2.03", "2007-03-31": "$-1.71", "2006-12-31": "$-1.48"}, "net worth": {"value": "$11.09B"}, "current ratio": {"current": "1.12", "2020-09-30": "1.12", "2020-06-30": "1.02", "2020-03-31": "1.09", "2019-12-31": "1.23", "2019-09-30": "1.19", "2019-06-30": "1.27", "2019-03-31": "1.18", "2018-12-31": "1.34", "2018-09-30": "1.09", "2018-06-30": "1.30", "2018-03-31": "1.19", "2017-12-31": "0.97", "2017-09-30": "1.26", "2017-06-30": "1.33", "2017-03-31": "1.14", "2016-12-31": "1.28", "2016-09-30": "1.24", "2016-06-30": "1.27", "2016-03-31": "0.97", "2015-12-31": "1.56", "2015-09-30": "1.42", "2015-06-30": "1.43", "2015-03-31": "1.37", "2014-12-31": "1.37", "2014-09-30": "1.39", "2014-06-30": "1.37", "2014-03-31": "1.39", "2013-12-31": "1.35", "2013-09-30": "1.47", "2013-06-30": "1.41", "2013-03-31": "1.56", "2012-12-31": "1.57", "2012-09-30": "1.78", "2012-06-30": "1.65", "2012-03-31": "1.64", "2011-12-31": "1.63", "2011-09-30": "1.65", "2011-06-30": "1.74", "2011-03-31": "1.67", "2010-12-31": "1.61", "2010-09-30": "1.07", "2010-06-30": "1.47", "2010-03-31": "1.37", "2009-12-31": "1.37", "2009-09-30": "1.26", "2009-06-30": "1.34", "2009-03-31": "1.29", "2008-12-31": "1.41", "2008-09-30": "1.37", "2008-06-30": "1.66", "2008-03-31": "1.53", "2007-12-31": "1.59", "2007-09-30": "1.45", "2007-06-30": "1.62", "2007-03-31": "1.55", "2006-12-31": "1.45", "2006-09-30": "1.13", "2006-06-30": "1.30", "2006-03-31": "1.07", "2005-12-31": "1.16", "2005-09-30": "1.47", "2005-06-30": "1.58", "2005-03-31": "1.46"}, "quick ratio": {"2020-09-30": "1.06", "2020-06-30": "0.94", "2020-03-31": "0.99", "2019-12-31": "1.12", "2019-09-30": "1.09", "2019-06-30": "1.17", "2019-03-31": "1.09", "2018-12-31": "1.24", "2018-09-30": "1.01", "2018-06-30": "1.20", "2018-03-31": "1.11", "2017-12-31": "0.90", "2017-09-30": "1.16", "2017-06-30": "1.24", "2017-03-31": "1.06", "2016-12-31": "1.18", "2016-09-30": "1.15", "2016-06-30": "1.17", "2016-03-31": "0.90", "2015-12-31": "1.46", "2015-09-30": "1.32", "2015-06-30": "1.34", "2015-03-31": "1.28", "2014-12-31": "1.27", "2014-09-30": "1.30", "2014-06-30": "1.28", "2014-03-31": "1.30", "2013-12-31": "1.26", "2013-09-30": "1.37", "2013-06-30": "1.32", "2013-03-31": "1.46", "2012-12-31": "1.46", "2012-09-30": "1.66", "2012-06-30": "1.54", "2012-03-31": "1.53", "2011-12-31": "1.52", "2011-09-30": "1.53", "2011-06-30": "1.62", "2011-03-31": "1.56", "2010-12-31": "1.50", "2010-09-30": "0.98", "2010-06-30": "1.32", "2010-03-31": "1.24", "2009-12-31": "1.22", "2009-09-30": "1.13", "2009-06-30": "1.21", "2009-03-31": "1.17", "2008-12-31": "1.27", "2008-09-30": "1.25", "2008-06-30": "1.52", "2008-03-31": "1.39", "2007-12-31": "1.44", "2007-09-30": "1.32", "2007-06-30": "1.48", "2007-03-31": "1.42", "2006-12-31": "1.32", "2006-09-30": "1.03", "2006-06-30": "1.21", "2006-03-31": "0.98", "2005-12-31": "1.06", "2005-09-30": "1.38", "2005-06-30": "1.47", "2005-03-31": "1.35"}, "debt equity ratio": {"current": "0.58", "2020-09-30": "1.15", "2020-06-30": "1.11", "2020-03-31": "1.12", "2019-12-31": "1.09", "2019-09-30": "1.12", "2019-06-30": "1.15", "2019-03-31": "1.11", "2018-12-31": "1.06", "2018-09-30": "1.07", "2018-06-30": "1.05", "2018-03-31": "1.09", "2017-12-31": "1.13", "2017-09-30": "1.16", "2017-06-30": "1.16", "2017-03-31": "1.18", "2016-12-31": "1.24", "2016-09-30": "1.17", "2016-06-30": "1.18", "2016-03-31": "1.20", "2015-12-31": "1.23", "2015-09-30": "1.20", "2015-06-30": "1.20", "2015-03-31": "1.29", "2014-12-31": "1.37", "2014-09-30": "1.45", "2014-06-30": "1.38", "2014-03-31": "1.45", "2013-12-31": "1.52", "2013-09-30": "1.64", "2013-06-30": "1.73", "2013-03-31": "1.88", "2012-12-31": "1.97", "2012-09-30": "1.92", "2012-06-30": "2.00", "2012-03-31": "2.14", "2011-12-31": "2.27", "2011-09-30": "2.35", "2011-06-30": "2.39", "2011-03-31": "2.56", "2010-12-31": "2.72", "2010-09-30": "1.15", "2010-06-30": "1.07", "2010-03-31": "0.94", "2009-12-31": "1.21", "2009-09-30": "0.98", "2009-06-30": "0.99", "2009-03-31": "1.09", "2008-12-31": "1.11", "2008-09-30": "1.36", "2008-06-30": "1.41", "2008-03-31": "1.48", "2007-12-31": "1.38", "2007-09-30": "1.35", "2007-06-30": "1.33", "2007-03-31": "1.37", "2006-12-31": "1.34", "2006-09-30": "1.10", "2006-06-30": "1.06", "2006-03-31": "1.38", "2005-12-31": "1.37", "2005-09-30": "1.24", "2005-06-30": "1.16", "2005-03-31": "1.34"}, "return on equity": {"2020-09-30": "15.36%", "2020-06-30": "13.19%", "2020-03-31": "13.13%", "2019-12-31": "14.76%", "2019-09-30": "13.25%", "2019-06-30": "14.62%", "2019-03-31": "14.45%", "2018-12-31": "14.44%", "2018-09-30": "15.87%", "2018-06-30": "15.68%", "2018-03-31": "15.27%", "2017-12-31": "15.28%", "2017-09-30": "14.70%", "2017-06-30": "15.30%", "2017-03-31": "15.73%", "2016-12-31": "15.79%", "2016-09-30": "16.03%", "2016-06-30": "16.24%", "2016-03-31": "16.40%", "2015-12-31": "16.37%", "2015-09-30": "16.90%", "2015-06-30": "15.76%", "2015-03-31": "15.51%", "2014-12-31": "15.07%", "2014-09-30": "14.23%", "2014-06-30": "15.70%", "2014-03-31": "16.37%", "2013-12-31": "16.53%", "2013-09-30": "17.61%", "2013-06-30": "16.87%", "2013-03-31": "15.95%", "2012-12-31": "16.92%", "2012-09-30": "16.07%", "2012-06-30": "17.26%", "2012-03-31": "17.75%", "2011-12-31": "17.76%", "2011-09-30": "15.70%", "2011-06-30": "14.84%", "2011-03-31": "13.51%", "2010-12-31": "11.54%", "2010-09-30": "13.06%", "2010-06-30": "12.84%", "2010-03-31": "13.62%", "2009-12-31": "13.82%", "2009-09-30": "11.30%", "2009-06-30": "11.66%", "2009-03-31": "11.43%", "2008-12-31": "12.50%", "2008-09-30": "14.85%", "2008-06-30": "13.81%", "2008-03-31": "12.95%", "2007-12-31": "11.35%", "2007-09-30": "11.16%", "2007-06-30": "17.02%", "2007-03-31": "17.52%", "2006-12-31": "18.23%", "2006-09-30": "17.28%", "2006-06-30": "10.05%", "2006-03-31": "18.53%", "2005-12-31": "19.25%"}, "return on assets": {"2020-09-30": "7.25%", "2020-06-30": "6.25%", "2020-03-31": "6.19%", "2019-12-31": "6.97%", "2019-09-30": "6.28%", "2019-06-30": "6.96%", "2019-03-31": "6.96%", "2018-12-31": "6.98%", "2018-09-30": "7.61%", "2018-06-30": "7.45%", "2018-03-31": "7.16%", "2017-12-31": "7.08%", "2017-09-30": "6.73%", "2017-06-30": "7.00%", "2017-03-31": "7.17%", "2016-12-31": "7.18%", "2016-09-30": "7.30%", "2016-06-30": "7.37%", "2016-03-31": "7.43%", "2015-12-31": "7.34%", "2015-09-30": "7.47%", "2015-06-30": "6.78%", "2015-03-31": "6.55%", "2014-12-31": "6.26%", "2014-09-30": "5.82%", "2014-06-30": "6.30%", "2014-03-31": "6.35%", "2013-12-31": "6.15%", "2013-09-30": "6.29%", "2013-06-30": "5.87%", "2013-03-31": "5.43%", "2012-12-31": "5.63%", "2012-09-30": "5.23%", "2012-06-30": "5.43%", "2012-03-31": "5.41%", "2011-12-31": "5.24%", "2011-09-30": "4.49%", "2011-06-30": "4.61%", "2011-03-31": "4.67%", "2010-12-31": "4.67%", "2010-09-30": "6.26%", "2010-06-30": "6.28%", "2010-03-31": "6.73%", "2009-12-31": "6.69%", "2009-09-30": "5.54%", "2009-06-30": "5.48%", "2009-03-31": "5.12%", "2008-12-31": "5.36%", "2008-09-30": "6.17%", "2008-06-30": "5.75%", "2008-03-31": "5.43%", "2007-12-31": "4.81%", "2007-09-30": "4.76%", "2007-06-30": "7.45%", "2007-03-31": "7.91%", "2006-12-31": "8.25%", "2006-09-30": "7.81%", "2006-06-30": "4.47%", "2006-03-31": "8.11%", "2005-12-31": "8.46%"}, "return on investments": {"2020-09-30": "13.73%", "2020-06-30": "12.08%", "2020-03-31": "11.86%", "2019-12-31": "12.90%", "2019-09-30": "12.06%", "2019-06-30": "12.86%", "2019-03-31": "12.72%", "2018-12-31": "12.75%", "2018-09-30": "13.93%", "2018-06-30": "14.04%", "2018-03-31": "14.26%", "2017-12-31": "14.69%", "2017-09-30": "14.37%", "2017-06-30": "14.98%", "2017-03-31": "15.47%", "2016-12-31": "16.19%", "2016-09-30": "16.80%", "2016-06-30": "17.21%", "2016-03-31": "17.70%", "2015-12-31": "17.38%", "2015-09-30": "17.79%", "2015-06-30": "16.51%", "2015-03-31": "16.15%", "2014-12-31": "15.60%", "2014-09-30": "14.71%", "2014-06-30": "15.69%", "2014-03-31": "15.95%", "2013-12-31": "15.54%", "2013-09-30": "16.04%", "2013-06-30": "15.46%", "2013-03-31": "14.57%", "2012-12-31": "15.27%", "2012-09-30": "14.49%", "2012-06-30": "15.03%", "2012-03-31": "15.10%", "2011-12-31": "15.00%", "2011-09-30": "13.73%", "2011-06-30": "14.20%", "2011-03-31": "14.44%", "2010-12-31": "14.17%", "2010-09-30": "17.80%", "2010-06-30": "17.36%", "2010-03-31": "18.47%", "2009-12-31": "18.63%", "2009-09-30": "17.50%", "2009-06-30": "17.28%", "2009-03-31": "15.87%", "2008-12-31": "15.75%", "2008-09-30": "16.15%", "2008-06-30": "15.67%", "2008-03-31": "15.55%", "2007-12-31": "15.14%", "2007-09-30": "14.83%", "2007-06-30": "15.74%", "2007-03-31": "16.09%", "2006-12-31": "15.97%", "2006-09-30": "14.52%", "2006-06-30": "12.51%", "2006-03-31": "11.57%", "2005-12-31": "12.50%"}, "return on tangible equity": {"2020-09-30": "47.05%", "2020-06-30": "42.49%", "2020-03-31": "43.66%", "2019-12-31": "48.87%", "2019-09-30": "44.23%", "2019-06-30": "49.11%", "2019-03-31": "48.72%", "2018-12-31": "50.06%", "2018-09-30": "57.63%", "2018-06-30": "60.53%", "2018-03-31": "63.40%", "2017-12-31": "67.92%", "2017-09-30": "70.42%", "2017-06-30": "76.50%", "2017-03-31": "82.96%", "2016-12-31": "87.78%", "2016-09-30": "90.48%", "2016-06-30": "91.49%", "2016-03-31": "90.42%", "2015-12-31": "90.84%", "2015-09-30": "97.80%", "2015-06-30": "104.93%", "2015-03-31": "114.23%", "2014-12-31": "124.02%", "2014-09-30": "131.75%", "2014-06-30": "166.41%", "2014-03-31": "276.76%", "2013-12-31": "926.70%", "2013-09-30": "-693.69%", "2013-06-30": "-539.72%", "2013-03-31": "-460.32%", "2012-12-31": "-474.87%", "2012-09-30": "-422.98%", "2012-06-30": "-211.91%", "2012-03-31": "-145.01%", "2011-12-31": "-110.22%", "2011-09-30": "-78.43%", "2011-06-30": "-882.27%", "2011-03-31": "76.36%", "2010-12-31": "28.70%", "2010-09-30": "20.97%", "2010-06-30": "20.64%", "2010-03-31": "21.90%", "2009-12-31": "22.64%", "2009-09-30": "18.55%", "2009-06-30": "19.94%", "2009-03-31": "20.46%", "2008-12-31": "23.50%", "2008-09-30": "29.14%", "2008-06-30": "27.26%", "2008-03-31": "25.67%", "2007-12-31": "22.50%", "2007-09-30": "22.34%", "2007-06-30": "33.61%", "2007-03-31": "33.84%", "2006-12-31": "35.79%", "2006-09-30": "34.70%", "2006-06-30": "20.01%", "2006-03-31": "36.44%", "2005-12-31": "36.75%"}, "dividend yield history": {"last payout": "$0.00", "last yield": "0.00%"}}