{"ticker": "ULTA", "price": {"title": "Ulta Beauty Historical Annual Stock Price Data", "value": 302.03, "historical": {"2020": {"Average Stock Price": "233.0705", "Year Open": "254.5500", "Year High": "301.3400", "Year Low": "128.5200", "Year Close": "287.1600", "Annual % Change": "13.44%"}, "2019": {"Average Stock Price": "299.5819", "Year Open": "247.9700", "Year High": "366.3900", "Year Low": "225.4500", "Year Close": "253.1400", "Annual % Change": "3.39%"}, "2018": {"Average Stock Price": "247.5569", "Year Open": "229.6300", "Year High": "314.2500", "Year Low": "194.0000", "Year Close": "244.8400", "Annual % Change": "9.47%"}, "2017": {"Average Stock Price": "254.3993", "Year Open": "256.6800", "Year High": "313.7300", "Year Low": "190.1600", "Year Close": "223.6600", "Annual % Change": "-12.27%"}, "2016": {"Average Stock Price": "224.0811", "Year Open": "181.8100", "Year High": "275.8900", "Year Low": "150.0700", "Year Close": "254.9400", "Annual % Change": "37.81%"}, "2015": {"Average Stock Price": "157.6162", "Year Open": "126.8400", "Year High": "187.2700", "Year Low": "126.8400", "Year Close": "185.0000", "Annual % Change": "44.71%"}, "2014": {"Average Stock Price": "100.6830", "Year Open": "95.9100", "Year High": "130.8600", "Year Low": "80.9300", "Year Close": "127.8400", "Annual % Change": "32.45%"}, "2013": {"Average Stock Price": "100.6531", "Year Open": "101.5300", "Year High": "131.5000", "Year Low": "73.9600", "Year Close": "96.5200", "Annual % Change": "-1.77%"}, "2012": {"Average Stock Price": "90.1581", "Year Open": "64.1000", "Year High": "101.5400", "Year Low": "64.1000", "Year Close": "98.2600", "Annual % Change": "51.36%"}, "2011": {"Average Stock Price": "56.6535", "Year Open": "34.3200", "Year High": "74.2400", "Year Low": "34.2800", "Year Close": "64.9200", "Annual % Change": "90.94%"}, "2010": {"Average Stock Price": "25.3649", "Year Open": "18.8500", "Year High": "36.4700", "Year Low": "17.2900", "Year Close": "34.0000", "Annual % Change": "87.22%"}, "2009": {"Average Stock Price": "11.2304", "Year Open": "8.3000", "Year High": "18.8300", "Year Low": "4.2900", "Year Close": "18.1600", "Annual % Change": "119.32%"}, "2008": {"Average Stock Price": "12.1486", "Year Open": "16.5500", "Year High": "16.5500", "Year Low": "5.7600", "Year Close": "8.2800", "Annual % Change": "-51.72%"}, "2007": {"Average Stock Price": "25.4824", "Year Open": "29.8200", "Year High": "35.4300", "Year Low": "16.5800", "Year Close": "17.1500", "Annual % Change": "0.00%"}}}, "market cap": {"value": "$17.02B"}, "income statement": {"Revenue": {"2020-01-31": "7398.06800", "2019-01-31": "6716.61500", "2018-01-31": "5884.50600", "2017-01-31": "4854.73700", "2016-01-31": "3924.11600", "2015-01-31": "3241.36900", "2014-01-31": "2670.57300", "2013-01-31": "2220.25600", "2012-01-31": "1776.15100", "2011-01-31": "1454.83800", "2010-01-31": "1222.77100", "2009-01-31": "1084.64600", "2008-01-31": "912.14100", "2007-01-31": "755.11300", "2006-01-31": "579.07500"}, "Cost Of Goods Sold": {"2020-01-31": "4717.00400", "2019-01-31": "4307.30400", "2018-01-31": "3787.69700", "2017-01-31": "3107.50800", "2016-01-31": "2539.78300", "2015-01-31": "2104.58200", "2014-01-31": "1729.32500", "2013-01-31": "1436.58200", "2012-01-31": "1159.31100", "2011-01-31": "970.75300", "2010-01-31": "846.20200", "2009-01-31": "752.93900", "2008-01-31": "628.49500", "2007-01-31": "519.92900", "2006-01-31": "404.79400"}, "Gross Profit": {"2020-01-31": "2681.06400", "2019-01-31": "2409.31100", "2018-01-31": "2096.80900", "2017-01-31": "1747.22900", "2016-01-31": "1384.33300", "2015-01-31": "1136.78700", "2014-01-31": "941.24800", "2013-01-31": "783.67410", "2012-01-31": "616.84000", "2011-01-31": "484.08500", "2010-01-31": "376.56900", "2009-01-31": "331.70700", "2008-01-31": "283.64600", "2007-01-31": "235.18400", "2006-01-31": "174.28100"}, "Research And Development Expenses": {"2020-01-31": "", "2019-01-31": "", "2018-01-31": "", "2017-01-31": "", "2016-01-31": "", "2015-01-31": "", "2014-01-31": "", "2013-01-31": "", "2012-01-31": "", "2011-01-31": "", "2010-01-31": "", "2009-01-31": "", "2008-01-31": "", "2007-01-31": "", "2006-01-31": ""}, "SG&A Expenses": {"2020-01-31": "1760.71600", "2019-01-31": "1535.46400", "2018-01-31": "1287.23200", "2017-01-31": "1073.83400", "2016-01-31": "863.35400", "2015-01-31": "712.00600", "2014-01-31": "596.39000", "2013-01-31": "488.88000", "2012-01-31": "410.65800", "2011-01-31": "358.10600", "2010-01-31": "302.41300", "2009-01-31": "271.09500", "2008-01-31": "225.16700", "2007-01-31": "188.00000", "2006-01-31": "140.14500"}, "Other Operating Income Or Expenses": {"2020-01-31": "-19.25400", "2019-01-31": "-19.76700", "2018-01-31": "-24.28600", "2017-01-31": "-18.57100", "2016-01-31": "-14.68200", "2015-01-31": "-14.36600", "2014-01-31": "-17.27000", "2013-01-31": "-14.81600", "2012-01-31": "-9.98700", "2011-01-31": "-7.09500", "2010-01-31": "-6.00300", "2009-01-31": "-14.31100", "2008-01-31": "-11.75800", "2007-01-31": "-7.09600", "2006-01-31": "-4.71200"}, "Operating Expenses": {"2020-01-31": "6496.97400", "2019-01-31": "5862.53500", "2018-01-31": "5099.21500", "2017-01-31": "4199.91300", "2016-01-31": "3417.81900", "2015-01-31": "2830.95400", "2014-01-31": "2342.98500", "2013-01-31": "1940.27800", "2012-01-31": "1579.95600", "2011-01-31": "1335.95400", "2010-01-31": "1154.61800", "2009-01-31": "1038.34500", "2008-01-31": "865.42000", "2007-01-31": "715.02500", "2006-01-31": "549.65100"}, "Operating Income": {"2020-01-31": "901.09420", "2019-01-31": "854.08010", "2018-01-31": "785.29050", "2017-01-31": "654.82420", "2016-01-31": "506.29710", "2015-01-31": "410.41500", "2014-01-31": "327.58810", "2013-01-31": "279.97800", "2012-01-31": "196.19490", "2011-01-31": "118.88400", "2010-01-31": "68.15300", "2009-01-31": "46.30090", "2008-01-31": "46.72100", "2007-01-31": "40.08800", "2006-01-31": "29.42400"}, "Total Non-Operating Income/Expense": {"2020-01-31": "5.05600", "2019-01-31": "5.06100", "2018-01-31": "1.56800", "2017-01-31": "0.89000", "2016-01-31": "1.14300", "2015-01-31": "0.89400", "2014-01-31": "0.11800", "2013-01-31": "-0.18500", "2012-01-31": "-0.58700", "2011-01-31": "-0.75500", "2010-01-31": "-2.20200", "2009-01-31": "-3.94300", "2008-01-31": "-4.54200", "2007-01-31": "-3.31400", "2006-01-31": "-2.95100"}, "Pre-Tax Income": {"2020-01-31": "906.15000", "2019-01-31": "859.14100", "2018-01-31": "786.85900", "2017-01-31": "655.71400", "2016-01-31": "507.44000", "2015-01-31": "411.30900", "2014-01-31": "327.70600", "2013-01-31": "279.79300", "2012-01-31": "195.60800", "2011-01-31": "118.12900", "2010-01-31": "65.95100", "2009-01-31": "42.35800", "2008-01-31": "42.17900", "2007-01-31": "36.77400", "2006-01-31": "26.47300"}, "Income Taxes": {"2020-01-31": "200.20500", "2019-01-31": "200.58200", "2018-01-31": "231.62500", "2017-01-31": "245.95400", "2016-01-31": "187.43200", "2015-01-31": "154.17400", "2014-01-31": "124.85700", "2013-01-31": "107.24400", "2012-01-31": "75.34400", "2011-01-31": "47.09900", "2010-01-31": "26.59500", "2009-01-31": "17.09000", "2008-01-31": "16.84400", "2007-01-31": "14.23100", "2006-01-31": "10.50400"}, "Income After Taxes": {"2020-01-31": "705.94500", "2019-01-31": "658.55900", "2018-01-31": "555.23400", "2017-01-31": "409.76000", "2016-01-31": "320.00800", "2015-01-31": "257.13500", "2014-01-31": "202.84900", "2013-01-31": "172.54900", "2012-01-31": "120.26400", "2011-01-31": "71.03000", "2010-01-31": "39.35600", "2009-01-31": "25.26800", "2008-01-31": "25.33500", "2007-01-31": "22.54300", "2006-01-31": "15.96900"}, "Other Income": {"2020-01-31": "", "2019-01-31": "", "2018-01-31": "", "2017-01-31": "", "2016-01-31": "", "2015-01-31": "", "2014-01-31": "", "2013-01-31": "", "2012-01-31": "", "2011-01-31": "", "2010-01-31": "", "2009-01-31": "", "2008-01-31": "", "2007-01-31": "", "2006-01-31": ""}, "Income From Continuous Operations": {"2020-01-31": "705.94500", "2019-01-31": "658.55900", "2018-01-31": "555.23400", "2017-01-31": "409.76000", "2016-01-31": "320.00800", "2015-01-31": "257.13500", "2014-01-31": "202.84900", "2013-01-31": "172.54900", "2012-01-31": "120.26400", "2011-01-31": "71.03000", "2010-01-31": "39.35600", "2009-01-31": "25.26800", "2008-01-31": "25.33500", "2007-01-31": "22.54300", "2006-01-31": "15.96900"}, "Income From Discontinued Operations": {"2020-01-31": "", "2019-01-31": "", "2018-01-31": "", "2017-01-31": "", "2016-01-31": "", "2015-01-31": "", "2014-01-31": "", "2013-01-31": "", "2012-01-31": "", "2011-01-31": "", "2010-01-31": "", "2009-01-31": "", "2008-01-31": "", "2007-01-31": "", "2006-01-31": ""}, "Net Income": {"2020-01-31": "705.94500", "2019-01-31": "658.55900", "2018-01-31": "555.23400", "2017-01-31": "409.76000", "2016-01-31": "320.00800", "2015-01-31": "257.13500", "2014-01-31": "202.84900", "2013-01-31": "172.54900", "2012-01-31": "120.26400", "2011-01-31": "71.03000", "2010-01-31": "39.35600", "2009-01-31": "25.26800", "2008-01-31": "14.11600", "2007-01-31": "7.95900", "2006-01-31": "3.04700"}, "EBITDA": {"2020-01-31": "1196.69300", "2019-01-31": "1133.55200", "2018-01-31": "1038.00400", "2017-01-31": "865.11920", "2016-01-31": "671.34610", "2015-01-31": "542.17910", "2014-01-31": "433.87110", "2013-01-31": "368.21100", "2012-01-31": "272.12590", "2011-01-31": "183.82000", "2010-01-31": "130.31900", "2009-01-31": "97.74590", "2008-01-31": "86.22400", "2007-01-31": "69.82400", "2006-01-31": "51.70900"}, "EBIT": {"2020-01-31": "901.09420", "2019-01-31": "854.08010", "2018-01-31": "785.29050", "2017-01-31": "654.82420", "2016-01-31": "506.29710", "2015-01-31": "410.41500", "2014-01-31": "327.58810", "2013-01-31": "279.97800", "2012-01-31": "196.19490", "2011-01-31": "118.88400", "2010-01-31": "68.15300", "2009-01-31": "46.30090", "2008-01-31": "46.72100", "2007-01-31": "40.08800", "2006-01-31": "29.42400"}, "Basic Shares Outstanding": {"2020-01-31": "57.84000", "2019-01-31": "59.86400", "2018-01-31": "61.55600", "2017-01-31": "62.51900", "2016-01-31": "63.94900", "2015-01-31": "64.33500", "2014-01-31": "63.99200", "2013-01-31": "63.25000", "2012-01-31": "61.25900", "2011-01-31": "58.95900", "2010-01-31": "57.91500", "2009-01-31": "57.42500", "2008-01-31": "20.38300", "2007-01-31": "5.77100", "2006-01-31": "4.09400"}, "Shares Outstanding": {"2020-01-31": "58.10500", "2019-01-31": "60.18100", "2018-01-31": "61.97500", "2017-01-31": "62.85100", "2016-01-31": "64.27500", "2015-01-31": "64.65100", "2014-01-31": "64.46100", "2013-01-31": "64.39600", "2012-01-31": "63.33400", "2011-01-31": "61.28800", "2010-01-31": "59.23700", "2009-01-31": "58.96700", "2008-01-31": "53.29300", "2007-01-31": "49.92100", "2006-01-31": "48.19600"}, "Basic EPS": {"2020-01-31": "12.21000", "2019-01-31": "11.00000", "2018-01-31": "9.02000", "2017-01-31": "6.55000", "2016-01-31": "5.00000", "2015-01-31": "4.00000", "2014-01-31": "3.17000", "2013-01-31": "2.73000", "2012-01-31": "1.96000", "2011-01-31": "1.20000", "2010-01-31": "0.68000", "2009-01-31": "0.44000", "2008-01-31": "0.69000", "2007-01-31": "1.38000", "2006-01-31": "0.74000"}, "EPS - Earnings Per Share": {"2020-01-31": "12.15000", "2019-01-31": "10.94000", "2018-01-31": "8.96000", "2017-01-31": "6.52000", "2016-01-31": "4.98000", "2015-01-31": "3.98000", "2014-01-31": "3.15000", "2013-01-31": "2.68000", "2012-01-31": "1.90000", "2011-01-31": "1.16000", "2010-01-31": "0.66000", "2009-01-31": "0.43000", "2008-01-31": "0.48000", "2007-01-31": "0.45000", "2006-01-31": "0.33000"}}, "income statement, quarterly": {"Revenue": {"2020-10-31": "1552.03300", "2020-07-31": "1228.00900", "2020-04-30": "1173.21000", "2020-01-31": "2305.91800", "2019-10-31": "1682.51400", "2019-07-31": "1666.60700", "2019-04-30": "1743.02900", "2019-01-31": "2124.71700", "2018-10-31": "1560.01100", "2018-07-31": "1488.22100", "2018-04-30": "1543.66700", "2018-01-31": "1937.59200", "2017-10-31": "1342.18100", "2017-07-31": "1289.85400", "2017-04-30": "1314.87900", "2017-01-31": "1580.57400", "2016-10-31": "1131.23200", "2016-07-31": "1069.21500", "2016-04-30": "1073.71600", "2016-01-31": "1268.29500", "2015-10-31": "910.70000", "2015-07-31": "876.99900", "2015-04-30": "868.12200", "2015-01-31": "1047.64100", "2014-10-31": "745.72200", "2014-07-31": "734.23600", "2014-04-30": "713.77000", "2014-01-31": "868.08200", "2013-10-31": "618.78100", "2013-07-31": "600.99800", "2013-04-30": "582.71200", "2013-01-31": "758.83510", "2012-10-31": "505.64000", "2012-07-31": "481.68300", "2012-04-30": "474.09800", "2012-01-31": "582.51100", "2011-10-31": "413.06700", "2011-07-31": "394.56700", "2011-04-30": "386.00600", "2011-01-31": "473.65910", "2010-10-31": "339.17900", "2010-07-31": "321.80400", "2010-04-30": "320.19600", "2010-01-31": "396.36400", "2009-10-31": "284.04300", "2009-07-31": "273.53900", "2009-04-30": "268.82500", "2009-01-31": "341.39400", "2008-10-31": "254.84300", "2008-07-31": "249.11100", "2008-04-30": "239.29800", "2008-01-31": "309.34400", "2007-10-31": "208.23500", "2007-07-31": "200.44900", "2007-04-30": "194.11300", "2007-01-31": "", "2006-10-31": "166.07500"}, "Cost Of Goods Sold": {"2020-10-31": "1006.51400", "2020-07-31": "899.00200", "2020-04-30": "869.60500", "2020-01-31": "1499.03300", "2019-10-31": "1059.08100", "2019-07-31": "1060.70800", "2019-04-30": "1098.18200", "2019-01-31": "1383.85700", "2018-10-31": "987.73300", "2018-07-31": "952.76000", "2018-04-30": "982.95400", "2018-01-31": "1279.24500", "2017-10-31": "849.05300", "2017-07-31": "820.52800", "2017-04-30": "838.87100", "2017-01-31": "1035.66600", "2016-10-31": "704.17900", "2016-07-31": "684.37700", "2016-04-30": "683.28600", "2016-01-31": "829.25900", "2015-10-31": "575.06200", "2015-07-31": "570.52400", "2015-04-30": "564.93800", "2015-01-31": "697.90390", "2014-10-31": "463.96700", "2014-07-31": "474.89400", "2014-04-30": "467.81700", "2014-01-31": "574.52090", "2013-10-31": "387.12000", "2013-07-31": "388.92100", "2013-04-30": "378.76300", "2013-01-31": "499.19110", "2012-10-31": "320.14700", "2012-07-31": "314.05800", "2012-04-30": "303.18600", "2012-01-31": "384.04600", "2011-10-31": "263.88400", "2011-07-31": "260.28000", "2011-04-30": "251.10100", "2011-01-31": "316.97300", "2010-10-31": "220.27300", "2010-07-31": "217.84600", "2010-04-30": "215.66100", "2010-01-31": "269.72200", "2009-10-31": "192.37200", "2009-07-31": "194.82500", "2009-04-30": "189.28300", "2009-01-31": "236.22900", "2008-10-31": "175.36800", "2008-07-31": "175.96500", "2008-04-30": "165.37700", "2008-01-31": "212.32200", "2007-10-31": "140.15600", "2007-07-31": "141.41700", "2007-04-30": "134.60000", "2007-01-31": "", "2006-10-31": "115.33200"}, "Gross Profit": {"2020-10-31": "545.51900", "2020-07-31": "329.00700", "2020-04-30": "303.60500", "2020-01-31": "806.88490", "2019-10-31": "623.43300", "2019-07-31": "605.89900", "2019-04-30": "644.84700", "2019-01-31": "740.85930", "2018-10-31": "572.27800", "2018-07-31": "535.46090", "2018-04-30": "560.71300", "2018-01-31": "658.34670", "2017-10-31": "493.12810", "2017-07-31": "469.32600", "2017-04-30": "476.00810", "2017-01-31": "544.90800", "2016-10-31": "427.05300", "2016-07-31": "384.83800", "2016-04-30": "390.42990", "2016-01-31": "439.03590", "2015-10-31": "335.63800", "2015-07-31": "306.47500", "2015-04-30": "303.18400", "2015-01-31": "349.73690", "2014-10-31": "281.75500", "2014-07-31": "259.34200", "2014-04-30": "245.95300", "2014-01-31": "293.56100", "2013-10-31": "231.66100", "2013-07-31": "212.07700", "2013-04-30": "203.94900", "2013-01-31": "259.64400", "2012-10-31": "185.49300", "2012-07-31": "167.62500", "2012-04-30": "170.91200", "2012-01-31": "198.46500", "2011-10-31": "149.18300", "2011-07-31": "134.28700", "2011-04-30": "134.90500", "2011-01-31": "156.68610", "2010-10-31": "118.90600", "2010-07-31": "103.95800", "2010-04-30": "104.53500", "2010-01-31": "126.64200", "2009-10-31": "91.67100", "2009-07-31": "78.71400", "2009-04-30": "79.54200", "2009-01-31": "105.16500", "2008-10-31": "79.47500", "2008-07-31": "73.14600", "2008-04-30": "73.92100", "2008-01-31": "97.02200", "2007-10-31": "68.07900", "2007-07-31": "59.03200", "2007-04-30": "59.51300", "2007-01-31": "", "2006-10-31": "50.74300"}, "Research And Development Expenses": {"2020-10-31": "", "2020-07-31": "", "2020-04-30": "", "2020-01-31": "", "2019-10-31": "", "2019-07-31": "", "2019-04-30": "", "2019-01-31": "", "2018-10-31": "", "2018-07-31": "", "2018-04-30": "", "2018-01-31": "", "2017-10-31": "", "2017-07-31": "", "2017-04-30": "", "2017-01-31": "", "2016-10-31": "", "2016-07-31": "", "2016-04-30": "", "2016-01-31": "", "2015-10-31": "", "2015-07-31": "", "2015-04-30": "", "2015-01-31": "", "2014-10-31": "", "2014-07-31": "", "2014-04-30": "", "2014-01-31": "", "2013-10-31": "", "2013-07-31": "", "2013-04-30": "", "2013-01-31": "", "2012-10-31": "", "2012-07-31": "", "2012-04-30": "", "2012-01-31": "", "2011-10-31": "", "2011-07-31": "", "2011-04-30": "", "2011-01-31": "", "2010-10-31": "", "2010-07-31": "", "2010-04-30": "", "2010-01-31": "", "2009-10-31": "", "2009-07-31": "", "2009-04-30": "", "2009-01-31": "", "2008-10-31": "", "2008-07-31": "", "2008-04-30": "", "2008-01-31": "", "2007-10-31": "", "2007-07-31": "", "2007-04-30": "", "2007-01-31": "", "2006-10-31": ""}, "SG&A Expenses": {"2020-10-31": "416.37800", "2020-07-31": "271.58700", "2020-04-30": "380.91200", "2020-01-31": "515.54190", "2019-10-31": "449.19800", "2019-07-31": "392.84300", "2019-04-30": "403.13300", "2019-01-31": "457.24500", "2018-10-31": "395.45300", "2018-07-31": "337.14200", "2018-04-30": "345.62400", "2018-01-31": "399.63100", "2017-10-31": "320.72900", "2017-07-31": "283.42700", "2017-04-30": "283.44500", "2017-01-31": "316.26600", "2016-10-31": "280.46400", "2016-07-31": "236.38000", "2016-04-30": "240.72400", "2016-01-31": "268.16900", "2015-10-31": "218.76300", "2015-07-31": "183.93700", "2015-04-30": "192.48500", "2015-01-31": "210.70200", "2014-10-31": "181.09300", "2014-07-31": "157.76800", "2014-04-30": "162.44300", "2014-01-31": "177.63600", "2013-10-31": "151.30600", "2013-07-31": "134.40000", "2013-04-30": "133.04800", "2013-01-31": "153.96300", "2012-10-31": "117.93400", "2012-07-31": "106.04000", "2012-04-30": "110.94300", "2012-01-31": "124.23500", "2011-10-31": "100.99700", "2011-07-31": "90.81100", "2011-04-30": "94.61500", "2011-01-31": "107.15900", "2010-10-31": "90.30900", "2010-07-31": "79.90900", "2010-04-30": "80.72900", "2010-01-31": "91.75500", "2009-10-31": "74.79700", "2009-07-31": "66.46800", "2009-04-30": "69.39300", "2009-01-31": "81.96500", "2008-10-31": "65.17600", "2008-07-31": "61.88900", "2008-04-30": "62.06500", "2008-01-31": "70.38800", "2007-10-31": "55.60900", "2007-07-31": "51.18800", "2007-04-30": "47.98200", "2007-01-31": "", "2006-10-31": "40.79700"}, "Other Operating Income Or Expenses": {"2020-10-31": "-27.86400", "2020-07-31": "-44.66500", "2020-04-30": "-24.17700", "2020-01-31": "-3.58700", "2019-10-31": "-6.45500", "2019-07-31": "-5.03800", "2019-04-30": "-4.17400", "2019-01-31": "-2.40400", "2018-10-31": "-7.61200", "2018-07-31": "-4.50400", "2018-04-30": "-5.24700", "2018-01-31": "-4.29700", "2017-10-31": "-9.73200", "2017-07-31": "-6.09900", "2017-04-30": "-4.15800", "2017-01-31": "-4.41200", "2016-10-31": "-6.92800", "2016-07-31": "-4.68900", "2016-04-30": "-2.54200", "2016-01-31": "-1.38100", "2015-10-31": "-6.10600", "2015-07-31": "-4.07800", "2015-04-30": "-3.11700", "2015-01-31": "-1.56800", "2014-10-31": "-6.57400", "2014-07-31": "-3.59500", "2014-04-30": "-2.62900", "2014-01-31": "-1.78700", "2013-10-31": "-7.46800", "2013-07-31": "-4.80900", "2013-04-30": "-3.20600", "2013-01-31": "-1.91500", "2012-10-31": "-6.25200", "2012-07-31": "-4.12600", "2012-04-30": "-2.52300", "2012-01-31": "-0.98300", "2011-10-31": "-3.95800", "2011-07-31": "-3.81600", "2011-04-30": "-1.23000", "2011-01-31": "-0.52300", "2010-10-31": "-4.30500", "2010-07-31": "-1.79300", "2010-04-30": "-0.47400", "2010-01-31": "-0.61500", "2009-10-31": "-2.18300", "2009-07-31": "-2.01000", "2009-04-30": "-1.19500", "2009-01-31": "-1.79600", "2008-10-31": "-4.69300", "2008-07-31": "-4.05000", "2008-04-30": "-3.77200", "2008-01-31": "-2.69400", "2007-10-31": "-4.49400", "2007-07-31": "-2.91400", "2007-04-30": "-1.65600", "2007-01-31": "", "2006-10-31": "-2.90100"}, "Operating Expenses": {"2020-10-31": "1450.75600", "2020-07-31": "1215.25400", "2020-04-30": "1274.69400", "2020-01-31": "2018.16200", "2019-10-31": "1514.73400", "2019-07-31": "1458.58900", "2019-04-30": "1505.48900", "2019-01-31": "1843.50600", "2018-10-31": "1390.79800", "2018-07-31": "1294.40600", "2018-04-30": "1333.82500", "2018-01-31": "1683.17300", "2017-10-31": "1179.51400", "2017-07-31": "1110.05400", "2017-04-30": "1126.47400", "2017-01-31": "1356.34400", "2016-10-31": "991.57100", "2016-07-31": "925.44600", "2016-04-30": "926.55200", "2016-01-31": "1098.80900", "2015-10-31": "799.93100", "2015-07-31": "758.53900", "2015-04-30": "760.54000", "2015-01-31": "910.17380", "2014-10-31": "651.63400", "2014-07-31": "636.25700", "2014-04-30": "632.88900", "2014-01-31": "753.94380", "2013-10-31": "545.89400", "2013-07-31": "528.13000", "2013-04-30": "515.01700", "2013-01-31": "655.06910", "2012-10-31": "444.33300", "2012-07-31": "424.22400", "2012-04-30": "416.65200", "2012-01-31": "509.26410", "2011-10-31": "368.83900", "2011-07-31": "354.90700", "2011-04-30": "346.94600", "2011-01-31": "424.65510", "2010-10-31": "314.88700", "2010-07-31": "299.54800", "2010-04-30": "296.86400", "2010-01-31": "362.09200", "2009-10-31": "269.35200", "2009-07-31": "263.30300", "2009-04-30": "259.87100", "2009-01-31": "319.99010", "2008-10-31": "245.23700", "2008-07-31": "241.90400", "2008-04-30": "231.21400", "2008-01-31": "285.40390", "2007-10-31": "200.25900", "2007-07-31": "195.51900", "2007-04-30": "184.23800", "2007-01-31": "", "2006-10-31": "159.03000"}, "Operating Income": {"2020-10-31": "101.27700", "2020-07-31": "12.75500", "2020-04-30": "-101.48400", "2020-01-31": "287.75570", "2019-10-31": "167.78000", "2019-07-31": "208.01810", "2019-04-30": "237.54020", "2019-01-31": "281.21020", "2018-10-31": "169.21290", "2018-07-31": "193.81490", "2018-04-30": "209.84200", "2018-01-31": "254.41860", "2017-10-31": "162.66700", "2017-07-31": "179.79990", "2017-04-30": "188.40520", "2017-01-31": "224.23060", "2016-10-31": "139.66110", "2016-07-31": "143.76890", "2016-04-30": "147.16390", "2016-01-31": "169.48630", "2015-10-31": "110.76900", "2015-07-31": "118.46000", "2015-04-30": "107.58200", "2015-01-31": "137.46700", "2014-10-31": "94.08800", "2014-07-31": "97.97910", "2014-04-30": "80.88100", "2014-01-31": "114.13820", "2013-10-31": "72.88700", "2013-07-31": "72.86800", "2013-04-30": "67.69500", "2013-01-31": "103.76600", "2012-10-31": "61.30700", "2012-07-31": "57.45900", "2012-04-30": "57.44600", "2012-01-31": "73.24690", "2011-10-31": "44.22800", "2011-07-31": "39.66000", "2011-04-30": "39.06000", "2011-01-31": "49.00400", "2010-10-31": "24.29200", "2010-07-31": "22.25600", "2010-04-30": "23.33200", "2010-01-31": "34.27200", "2009-10-31": "14.69100", "2009-07-31": "10.23600", "2009-04-30": "8.95400", "2009-01-31": "21.40390", "2008-10-31": "9.60600", "2008-07-31": "7.20700", "2008-04-30": "8.08400", "2008-01-31": "23.94010", "2007-10-31": "7.97600", "2007-07-31": "4.93000", "2007-04-30": "9.87500", "2007-01-31": "", "2006-10-31": "7.04500"}, "Total Non-Operating Income/Expense": {"2020-10-31": "-1.38300", "2020-07-31": "-2.61700", "2020-04-30": "-1.27200", "2020-01-31": "0.43900", "2019-10-31": "0.90000", "2019-07-31": "1.67100", "2019-04-30": "2.04600", "2019-01-31": "1.27500", "2018-10-31": "1.31800", "2018-07-31": "1.14300", "2018-04-30": "1.32500", "2018-01-31": "0.35900", "2017-10-31": "0.31600", "2017-07-31": "0.55500", "2017-04-30": "0.33800", "2017-01-31": "0.11600", "2016-10-31": "0.21100", "2016-07-31": "0.24800", "2016-04-30": "0.31500", "2016-01-31": "0.27300", "2015-10-31": "0.28300", "2015-07-31": "0.27600", "2015-04-30": "0.31100", "2015-01-31": "0.23100", "2014-10-31": "0.25400", "2014-07-31": "0.20900", "2014-04-30": "0.20000", "2014-01-31": "0.06900", "2013-10-31": "0.00700", "2013-07-31": "0.01800", "2013-04-30": "0.02400", "2013-01-31": "-0.02100", "2012-10-31": "-0.03900", "2012-07-31": "-0.10400", "2012-04-30": "-0.02100", "2012-01-31": "-0.09100", "2011-10-31": "-0.17600", "2011-07-31": "-0.14700", "2011-04-30": "-0.17300", "2011-01-31": "-0.17900", "2010-10-31": "-0.24400", "2010-07-31": "-0.21400", "2010-04-30": "-0.11800", "2010-01-31": "-0.44500", "2009-10-31": "-0.44100", "2009-07-31": "-0.64500", "2009-04-30": "-0.67100", "2009-01-31": "-0.88800", "2008-10-31": "-1.12400", "2008-07-31": "-1.01600", "2008-04-30": "-0.91500", "2008-01-31": "-1.07700", "2007-10-31": "-1.30700", "2007-07-31": "-1.16200", "2007-04-30": "-0.99600", "2007-01-31": "", "2006-10-31": "-1.03100"}, "Pre-Tax Income": {"2020-10-31": "99.89400", "2020-07-31": "10.13800", "2020-04-30": "-102.75600", "2020-01-31": "288.19500", "2019-10-31": "168.68000", "2019-07-31": "209.68900", "2019-04-30": "239.58600", "2019-01-31": "282.48500", "2018-10-31": "170.53100", "2018-07-31": "194.95800", "2018-04-30": "211.16700", "2018-01-31": "254.77800", "2017-10-31": "162.98300", "2017-07-31": "180.35500", "2017-04-30": "188.74300", "2017-01-31": "224.34600", "2016-10-31": "139.87200", "2016-07-31": "144.01700", "2016-04-30": "147.47900", "2016-01-31": "169.75900", "2015-10-31": "111.05200", "2015-07-31": "118.73600", "2015-04-30": "107.89300", "2015-01-31": "137.69800", "2014-10-31": "94.34200", "2014-07-31": "98.18800", "2014-04-30": "81.08100", "2014-01-31": "114.20700", "2013-10-31": "72.89400", "2013-07-31": "72.88600", "2013-04-30": "67.71900", "2013-01-31": "103.74500", "2012-10-31": "61.26800", "2012-07-31": "57.35500", "2012-04-30": "57.42500", "2012-01-31": "73.15600", "2011-10-31": "44.05200", "2011-07-31": "39.51300", "2011-04-30": "38.88700", "2011-01-31": "48.82500", "2010-10-31": "24.04800", "2010-07-31": "22.04200", "2010-04-30": "23.21400", "2010-01-31": "33.82700", "2009-10-31": "14.25000", "2009-07-31": "9.59100", "2009-04-30": "8.28300", "2009-01-31": "20.51600", "2008-10-31": "8.48200", "2008-07-31": "6.19100", "2008-04-30": "7.16900", "2008-01-31": "22.86300", "2007-10-31": "6.66900", "2007-07-31": "3.76800", "2007-04-30": "8.87900", "2007-01-31": "", "2006-10-31": "6.01400"}, "Income Taxes": {"2020-10-31": "25.09600", "2020-07-31": "2.08600", "2020-04-30": "-24.24700", "2020-01-31": "65.47600", "2019-10-31": "38.93300", "2019-07-31": "48.43100", "2019-04-30": "47.36500", "2019-01-31": "67.81100", "2018-10-31": "39.36500", "2018-07-31": "46.63500", "2018-04-30": "46.77100", "2018-01-31": "46.60500", "2017-10-31": "58.33800", "2017-07-31": "66.16200", "2017-04-30": "60.52000", "2017-01-31": "84.12800", "2016-10-31": "52.31000", "2016-07-31": "54.01300", "2016-04-30": "55.50300", "2016-01-31": "61.93600", "2015-10-31": "39.98200", "2015-07-31": "44.56700", "2015-04-30": "40.94700", "2015-01-31": "50.43400", "2014-10-31": "35.21800", "2014-07-31": "37.39400", "2014-04-30": "31.12800", "2014-01-31": "43.52500", "2013-10-31": "27.46400", "2013-07-31": "27.97500", "2013-04-30": "25.89300", "2013-01-31": "39.21300", "2012-10-31": "23.11700", "2012-07-31": "22.35700", "2012-04-30": "22.55700", "2012-01-31": "26.86100", "2011-10-31": "17.28400", "2011-07-31": "15.60800", "2011-04-30": "15.59100", "2011-01-31": "18.72100", "2010-10-31": "9.84500", "2010-07-31": "8.98000", "2010-04-30": "9.55300", "2010-01-31": "13.60100", "2009-10-31": "5.79000", "2009-07-31": "3.84100", "2009-04-30": "3.36300", "2009-01-31": "8.22800", "2008-10-31": "3.46500", "2008-07-31": "2.50300", "2008-04-30": "2.89400", "2008-01-31": "9.25900", "2007-10-31": "2.46300", "2007-07-31": "1.56200", "2007-04-30": "3.56000", "2007-01-31": "", "2006-10-31": "2.39700"}, "Income After Taxes": {"2020-10-31": "74.79800", "2020-07-31": "8.05200", "2020-04-30": "-78.50900", "2020-01-31": "222.71900", "2019-10-31": "129.74700", "2019-07-31": "161.25800", "2019-04-30": "192.22100", "2019-01-31": "214.67390", "2018-10-31": "131.16600", "2018-07-31": "148.32300", "2018-04-30": "164.39600", "2018-01-31": "208.17300", "2017-10-31": "104.64500", "2017-07-31": "114.19300", "2017-04-30": "128.22300", "2017-01-31": "140.21800", "2016-10-31": "87.56200", "2016-07-31": "90.00400", "2016-04-30": "91.97600", "2016-01-31": "107.82300", "2015-10-31": "71.07000", "2015-07-31": "74.16900", "2015-04-30": "66.94600", "2015-01-31": "87.26400", "2014-10-31": "59.12400", "2014-07-31": "60.79400", "2014-04-30": "49.95300", "2014-01-31": "70.68200", "2013-10-31": "45.43000", "2013-07-31": "44.91100", "2013-04-30": "41.82600", "2013-01-31": "64.53200", "2012-10-31": "38.15100", "2012-07-31": "34.99800", "2012-04-30": "34.86800", "2012-01-31": "46.29500", "2011-10-31": "26.76800", "2011-07-31": "23.90500", "2011-04-30": "23.29600", "2011-01-31": "30.10400", "2010-10-31": "14.20300", "2010-07-31": "13.06200", "2010-04-30": "13.66100", "2010-01-31": "20.22600", "2009-10-31": "8.46000", "2009-07-31": "5.75000", "2009-04-30": "4.92000", "2009-01-31": "12.28800", "2008-10-31": "5.01700", "2008-07-31": "3.68800", "2008-04-30": "4.27500", "2008-01-31": "13.60400", "2007-10-31": "4.20600", "2007-07-31": "2.20600", "2007-04-30": "5.31900", "2007-01-31": "", "2006-10-31": "3.61700"}, "Other Income": {"2020-10-31": "", "2020-07-31": "", "2020-04-30": "", "2020-01-31": "", "2019-10-31": "", "2019-07-31": "", "2019-04-30": "", "2019-01-31": "", "2018-10-31": "", "2018-07-31": "", "2018-04-30": "", "2018-01-31": "", "2017-10-31": "", "2017-07-31": "", "2017-04-30": "", "2017-01-31": "", "2016-10-31": "", "2016-07-31": "", "2016-04-30": "", "2016-01-31": "", "2015-10-31": "", "2015-07-31": "", "2015-04-30": "", "2015-01-31": "", "2014-10-31": "", "2014-07-31": "", "2014-04-30": "", "2014-01-31": "", "2013-10-31": "", "2013-07-31": "", "2013-04-30": "", "2013-01-31": "", "2012-10-31": "", "2012-07-31": "", "2012-04-30": "", "2012-01-31": "", "2011-10-31": "", "2011-07-31": "", "2011-04-30": "", "2011-01-31": "", "2010-10-31": "", "2010-07-31": "", "2010-04-30": "", "2010-01-31": "", "2009-10-31": "", "2009-07-31": "", "2009-04-30": "", "2009-01-31": "", "2008-10-31": "", "2008-07-31": "", "2008-04-30": "", "2008-01-31": "", "2007-10-31": "", "2007-07-31": "", "2007-04-30": "", "2007-01-31": "", "2006-10-31": ""}, "Income From Continuous Operations": {"2020-10-31": "74.79800", "2020-07-31": "8.05200", "2020-04-30": "-78.50900", "2020-01-31": "222.71900", "2019-10-31": "129.74700", "2019-07-31": "161.25800", "2019-04-30": "192.22100", "2019-01-31": "214.67390", "2018-10-31": "131.16600", "2018-07-31": "148.32300", "2018-04-30": "164.39600", "2018-01-31": "208.17300", "2017-10-31": "104.64500", "2017-07-31": "114.19300", "2017-04-30": "128.22300", "2017-01-31": "140.21800", "2016-10-31": "87.56200", "2016-07-31": "90.00400", "2016-04-30": "91.97600", "2016-01-31": "107.82300", "2015-10-31": "71.07000", "2015-07-31": "74.16900", "2015-04-30": "66.94600", "2015-01-31": "87.26400", "2014-10-31": "59.12400", "2014-07-31": "60.79400", "2014-04-30": "49.95300", "2014-01-31": "70.68200", "2013-10-31": "45.43000", "2013-07-31": "44.91100", "2013-04-30": "41.82600", "2013-01-31": "64.53200", "2012-10-31": "38.15100", "2012-07-31": "34.99800", "2012-04-30": "34.86800", "2012-01-31": "46.29500", "2011-10-31": "26.76800", "2011-07-31": "23.90500", "2011-04-30": "23.29600", "2011-01-31": "30.10400", "2010-10-31": "14.20300", "2010-07-31": "13.06200", "2010-04-30": "13.66100", "2010-01-31": "20.22600", "2009-10-31": "8.46000", "2009-07-31": "5.75000", "2009-04-30": "4.92000", "2009-01-31": "12.28800", "2008-10-31": "5.01700", "2008-07-31": "3.68800", "2008-04-30": "4.27500", "2008-01-31": "13.60400", "2007-10-31": "4.20600", "2007-07-31": "2.20600", "2007-04-30": "5.31900", "2007-01-31": "", "2006-10-31": "3.61700"}, "Income From Discontinued Operations": {"2020-10-31": "", "2020-07-31": "", "2020-04-30": "", "2020-01-31": "", "2019-10-31": "", "2019-07-31": "", "2019-04-30": "", "2019-01-31": "", "2018-10-31": "", "2018-07-31": "", "2018-04-30": "", "2018-01-31": "", "2017-10-31": "", "2017-07-31": "", "2017-04-30": "", "2017-01-31": "", "2016-10-31": "", "2016-07-31": "", "2016-04-30": "", "2016-01-31": "", "2015-10-31": "", "2015-07-31": "", "2015-04-30": "", "2015-01-31": "", "2014-10-31": "", "2014-07-31": "", "2014-04-30": "", "2014-01-31": "", "2013-10-31": "", "2013-07-31": "", "2013-04-30": "", "2013-01-31": "", "2012-10-31": "", "2012-07-31": "", "2012-04-30": "", "2012-01-31": "", "2011-10-31": "", "2011-07-31": "", "2011-04-30": "", "2011-01-31": "", "2010-10-31": "", "2010-07-31": "", "2010-04-30": "", "2010-01-31": "", "2009-10-31": "", "2009-07-31": "", "2009-04-30": "", "2009-01-31": "", "2008-10-31": "", "2008-07-31": "", "2008-04-30": "", "2008-01-31": "", "2007-10-31": "", "2007-07-31": "", "2007-04-30": "", "2007-01-31": "", "2006-10-31": ""}, "Net Income": {"2020-10-31": "74.79800", "2020-07-31": "8.05200", "2020-04-30": "-78.50900", "2020-01-31": "222.71900", "2019-10-31": "129.74700", "2019-07-31": "161.25800", "2019-04-30": "192.22100", "2019-01-31": "214.67400", "2018-10-31": "131.16600", "2018-07-31": "148.32300", "2018-04-30": "164.39600", "2018-01-31": "208.17300", "2017-10-31": "104.64500", "2017-07-31": "114.19300", "2017-04-30": "128.22300", "2017-01-31": "140.21800", "2016-10-31": "87.56200", "2016-07-31": "90.00400", "2016-04-30": "91.97600", "2016-01-31": "107.82300", "2015-10-31": "71.07000", "2015-07-31": "74.16900", "2015-04-30": "66.94600", "2015-01-31": "87.26400", "2014-10-31": "59.12400", "2014-07-31": "60.79400", "2014-04-30": "49.95300", "2014-01-31": "70.68200", "2013-10-31": "45.43000", "2013-07-31": "44.91100", "2013-04-30": "41.82600", "2013-01-31": "64.53200", "2012-10-31": "38.15100", "2012-07-31": "34.99800", "2012-04-30": "34.86800", "2012-01-31": "46.29500", "2011-10-31": "26.76800", "2011-07-31": "23.90500", "2011-04-30": "23.29600", "2011-01-31": "30.10400", "2010-10-31": "14.20300", "2010-07-31": "13.06200", "2010-04-30": "13.66100", "2010-01-31": "20.22600", "2009-10-31": "8.46000", "2009-07-31": "5.75000", "2009-04-30": "4.92000", "2009-01-31": "12.28800", "2008-10-31": "5.01700", "2008-07-31": "3.68800", "2008-04-30": "4.27500", "2008-01-31": "13.60400", "2007-10-31": "0.60800", "2007-07-31": "-1.67200", "2007-04-30": "1.57600", "2007-01-31": "", "2006-10-31": "0.00900"}, "EBITDA": {"2020-10-31": "173.63400", "2020-07-31": "90.15800", "2020-04-30": "-24.85800", "2020-01-31": "364.14770", "2019-10-31": "242.03600", "2019-07-31": "281.15910", "2019-04-30": "309.35020", "2019-01-31": "353.03020", "2018-10-31": "239.04990", "2018-07-31": "262.84090", "2018-04-30": "278.63100", "2018-01-31": "319.42160", "2017-10-31": "224.79500", "2017-07-31": "242.90590", "2017-04-30": "250.88110", "2017-01-31": "283.51160", "2016-10-31": "193.12310", "2016-07-31": "193.43390", "2016-04-30": "195.05090", "2016-01-31": "215.48430", "2015-10-31": "153.08200", "2015-07-31": "157.23100", "2015-04-30": "145.54900", "2015-01-31": "173.17610", "2014-10-31": "127.77100", "2014-07-31": "129.87810", "2014-04-30": "111.35400", "2014-01-31": "142.84920", "2013-10-31": "99.71200", "2013-07-31": "98.83600", "2013-04-30": "92.47400", "2013-01-31": "127.16700", "2012-10-31": "83.52500", "2012-07-31": "79.08800", "2012-04-30": "78.43100", "2012-01-31": "93.55290", "2011-10-31": "63.45300", "2011-07-31": "58.55000", "2011-04-30": "56.57000", "2011-01-31": "66.24200", "2010-10-31": "40.39700", "2010-07-31": "37.93100", "2010-04-30": "39.25000", "2010-01-31": "49.67200", "2009-10-31": "30.09700", "2009-07-31": "26.23100", "2009-04-30": "24.31900", "2009-01-31": "35.22990", "2008-10-31": "22.87100", "2008-07-31": "19.54300", "2008-04-30": "20.10200", "2008-01-31": "34.84610", "2007-10-31": "17.47000", "2007-07-31": "14.19300", "2007-04-30": "19.71500", "2007-01-31": "", "2006-10-31": "7.04500"}, "EBIT": {"2020-10-31": "101.27700", "2020-07-31": "12.75500", "2020-04-30": "-101.48400", "2020-01-31": "287.75600", "2019-10-31": "167.78000", "2019-07-31": "208.01810", "2019-04-30": "237.54020", "2019-01-31": "281.21020", "2018-10-31": "169.21290", "2018-07-31": "193.81490", "2018-04-30": "209.84200", "2018-01-31": "254.41850", "2017-10-31": "162.66700", "2017-07-31": "179.79990", "2017-04-30": "188.40520", "2017-01-31": "224.23030", "2016-10-31": "139.66110", "2016-07-31": "143.76890", "2016-04-30": "147.16390", "2016-01-31": "169.48610", "2015-10-31": "110.76900", "2015-07-31": "118.46000", "2015-04-30": "107.58200", "2015-01-31": "137.46700", "2014-10-31": "94.08800", "2014-07-31": "97.97910", "2014-04-30": "80.88100", "2014-01-31": "114.13820", "2013-10-31": "72.88700", "2013-07-31": "72.86800", "2013-04-30": "67.69500", "2013-01-31": "103.76610", "2012-10-31": "61.30700", "2012-07-31": "57.45900", "2012-04-30": "57.44600", "2012-01-31": "73.24700", "2011-10-31": "44.22800", "2011-07-31": "39.66000", "2011-04-30": "39.06000", "2011-01-31": "49.00400", "2010-10-31": "24.29200", "2010-07-31": "22.25600", "2010-04-30": "23.33200", "2010-01-31": "34.27200", "2009-10-31": "14.69100", "2009-07-31": "10.23600", "2009-04-30": "8.95400", "2009-01-31": "21.40390", "2008-10-31": "9.60600", "2008-07-31": "7.20700", "2008-04-30": "8.08400", "2008-01-31": "23.94000", "2007-10-31": "7.97600", "2007-07-31": "4.93000", "2007-04-30": "9.87500", "2007-01-31": "", "2006-10-31": "7.04500"}, "Basic Shares Outstanding": {"2020-10-31": "56.32700", "2020-07-31": "56.31800", "2020-04-30": "56.41900", "2020-01-31": "57.84000", "2019-10-31": "57.56800", "2019-07-31": "58.17100", "2019-04-30": "58.63100", "2019-01-31": "59.86400", "2018-10-31": "59.72400", "2018-07-31": "60.07000", "2018-04-30": "60.61000", "2018-01-31": "61.55600", "2017-10-31": "61.29900", "2017-07-31": "61.93500", "2017-04-30": "62.10100", "2017-01-31": "62.51900", "2016-10-31": "62.37100", "2016-07-31": "62.47500", "2016-04-30": "63.03100", "2016-01-31": "63.94900", "2015-10-31": "63.88200", "2015-07-31": "64.08700", "2015-04-30": "64.18000", "2015-01-31": "64.33500", "2014-10-31": "64.41900", "2014-07-31": "64.34900", "2014-04-30": "64.27300", "2014-01-31": "63.99200", "2013-10-31": "64.06100", "2013-07-31": "63.83400", "2013-04-30": "63.84200", "2013-01-31": "63.25000", "2012-10-31": "63.48400", "2012-07-31": "63.07000", "2012-04-30": "62.49600", "2012-01-31": "61.25900", "2011-10-31": "61.45100", "2011-07-31": "61.12600", "2011-04-30": "60.55400", "2011-01-31": "58.95900", "2010-10-31": "59.06300", "2010-07-31": "58.72700", "2010-04-30": "58.30600", "2010-01-31": "57.91500", "2009-10-31": "57.97900", "2009-07-31": "57.81900", "2009-04-30": "57.74300", "2009-01-31": "57.42500", "2008-10-31": "57.59100", "2008-07-31": "57.43500", "2008-04-30": "56.95600", "2008-01-31": "20.38300", "2007-10-31": "10.17900", "2007-07-31": "7.40100", "2007-04-30": "7.18500", "2007-01-31": "", "2006-10-31": "6.65200"}, "Shares Outstanding": {"2020-10-31": "56.54600", "2020-07-31": "56.49700", "2020-04-30": "56.41900", "2020-01-31": "58.10500", "2019-10-31": "57.76300", "2019-07-31": "58.44600", "2019-04-30": "58.99300", "2019-01-31": "60.18100", "2018-10-31": "60.06200", "2018-07-31": "60.37500", "2018-04-30": "60.90900", "2018-01-31": "61.97500", "2017-10-31": "61.63000", "2017-07-31": "62.37900", "2017-04-30": "62.59400", "2017-01-31": "62.85100", "2016-10-31": "62.69200", "2016-07-31": "62.81300", "2016-04-30": "63.33500", "2016-01-31": "64.27500", "2015-10-31": "64.19600", "2015-07-31": "64.41000", "2015-04-30": "64.55500", "2015-01-31": "64.65100", "2014-10-31": "64.73800", "2014-07-31": "64.63600", "2014-04-30": "64.60700", "2014-01-31": "64.46100", "2013-10-31": "64.53800", "2013-07-31": "64.33100", "2013-04-30": "64.49500", "2013-01-31": "64.39600", "2012-10-31": "64.48300", "2012-07-31": "64.29300", "2012-04-30": "64.07200", "2012-01-31": "63.33400", "2011-10-31": "63.41900", "2011-07-31": "63.24100", "2011-04-30": "62.75800", "2011-01-31": "61.28800", "2010-10-31": "61.05700", "2010-07-31": "60.67200", "2010-04-30": "60.27600", "2010-01-31": "59.23700", "2009-10-31": "59.37600", "2009-07-31": "59.04500", "2009-04-30": "58.75000", "2009-01-31": "58.96700", "2008-10-31": "59.01300", "2008-07-31": "59.01200", "2008-04-30": "58.98000", "2008-01-31": "53.29300", "2007-10-31": "12.47600", "2007-07-31": "7.40100", "2007-04-30": "50.97200", "2007-01-31": "", "2006-10-31": "8.35400"}, "Basic EPS": {"2020-10-31": "1.33000", "2020-07-31": "0.14000", "2020-04-30": "-1.39000", "2020-01-31": "3.91000", "2019-10-31": "2.25000", "2019-07-31": "2.77000", "2019-04-30": "3.28000", "2019-01-31": "3.62000", "2018-10-31": "2.20000", "2018-07-31": "2.47000", "2018-04-30": "2.71000", "2018-01-31": "3.41000", "2017-10-31": "1.71000", "2017-07-31": "1.84000", "2017-04-30": "2.06000", "2017-01-31": "2.25000", "2016-10-31": "1.40000", "2016-07-31": "1.44000", "2016-04-30": "1.46000", "2016-01-31": "1.69000", "2015-10-31": "1.11000", "2015-07-31": "1.16000", "2015-04-30": "1.04000", "2015-01-31": "1.36000", "2014-10-31": "0.92000", "2014-07-31": "0.94000", "2014-04-30": "0.78000", "2014-01-31": "1.10000", "2013-10-31": "0.71000", "2013-07-31": "0.70000", "2013-04-30": "0.66000", "2013-01-31": "1.02000", "2012-10-31": "0.60000", "2012-07-31": "0.55000", "2012-04-30": "0.56000", "2012-01-31": "0.75000", "2011-10-31": "0.44000", "2011-07-31": "0.39000", "2011-04-30": "0.38000", "2011-01-31": "0.51000", "2010-10-31": "0.24000", "2010-07-31": "0.22000", "2010-04-30": "0.23000", "2010-01-31": "0.34000", "2009-10-31": "0.15000", "2009-07-31": "0.10000", "2009-04-30": "0.09000", "2009-01-31": "0.21000", "2008-10-31": "0.09000", "2008-07-31": "0.06000", "2008-04-30": "0.08000", "2008-01-31": "0.64000", "2007-10-31": "0.06000", "2007-07-31": "-0.23000", "2007-04-30": "0.22000", "2007-01-31": "", "2006-10-31": "0.00000"}, "EPS - Earnings Per Share": {"2020-10-31": "1.32000", "2020-07-31": "0.14000", "2020-04-30": "-1.39000", "2020-01-31": "3.88000", "2019-10-31": "2.25000", "2019-07-31": "2.76000", "2019-04-30": "3.26000", "2019-01-31": "3.60000", "2018-10-31": "2.18000", "2018-07-31": "2.46000", "2018-04-30": "2.70000", "2018-01-31": "3.38000", "2017-10-31": "1.70000", "2017-07-31": "1.83000", "2017-04-30": "2.05000", "2017-01-31": "2.24000", "2016-10-31": "1.40000", "2016-07-31": "1.43000", "2016-04-30": "1.45000", "2016-01-31": "1.68000", "2015-10-31": "1.11000", "2015-07-31": "1.15000", "2015-04-30": "1.04000", "2015-01-31": "1.36000", "2014-10-31": "0.91000", "2014-07-31": "0.94000", "2014-04-30": "0.77000", "2014-01-31": "1.10000", "2013-10-31": "0.70000", "2013-07-31": "0.70000", "2013-04-30": "0.65000", "2013-01-31": "1.01000", "2012-10-31": "0.59000", "2012-07-31": "0.54000", "2012-04-30": "0.54000", "2012-01-31": "0.73000", "2011-10-31": "0.42000", "2011-07-31": "0.38000", "2011-04-30": "0.37000", "2011-01-31": "0.48000", "2010-10-31": "0.23000", "2010-07-31": "0.22000", "2010-04-30": "0.23000", "2010-01-31": "0.34000", "2009-10-31": "0.14000", "2009-07-31": "0.10000", "2009-04-30": "0.08000", "2009-01-31": "0.21000", "2008-10-31": "0.09000", "2008-07-31": "0.06000", "2008-04-30": "0.07000", "2008-01-31": "0.56000", "2007-10-31": "0.05000", "2007-07-31": "-0.23000", "2007-04-30": "0.10000", "2007-01-31": "0.00000", "2006-10-31": "0.00000"}}, "balance sheet": {"Cash On Hand": {"2020-01-31": "502.32500", "2019-01-31": "409.25100", "2018-01-31": "397.44500", "2017-01-31": "415.01000", "2016-01-31": "475.84000", "2015-01-31": "539.35800", "2014-01-31": "419.47600", "2013-01-31": "320.47500", "2012-01-31": "253.73800", "2011-01-31": "111.18500", "2010-01-31": "4.01700", "2009-01-31": "3.63800", "2008-01-31": "3.78900", "2007-01-31": "3.64500", "2006-01-31": ""}, "Receivables": {"2020-01-31": "139.33700", "2019-01-31": "136.16800", "2018-01-31": "99.71900", "2017-01-31": "88.63100", "2016-01-31": "64.99200", "2015-01-31": "52.44000", "2014-01-31": "47.04900", "2013-01-31": "41.51500", "2012-01-31": "26.15300", "2011-01-31": "22.29200", "2010-01-31": "13.47700", "2009-01-31": "18.26800", "2008-01-31": "20.64300", "2007-01-31": "18.47600", "2006-01-31": ""}, "Inventory": {"2020-01-31": "1293.70100", "2019-01-31": "1214.32900", "2018-01-31": "1096.42400", "2017-01-31": "943.97500", "2016-01-31": "761.79300", "2015-01-31": "581.22900", "2014-01-31": "457.93300", "2013-01-31": "361.12500", "2012-01-31": "244.64700", "2011-01-31": "218.51600", "2010-01-31": "206.94800", "2009-01-31": "213.60200", "2008-01-31": "176.10900", "2007-01-31": "129.23700", "2006-01-31": ""}, "Pre-Paid Expenses": {"2020-01-31": "119.95400", "2019-01-31": "155.11300", "2018-01-31": "100.15500", "2017-01-31": "88.62100", "2016-01-31": "72.54800", "2015-01-31": "66.54800", "2014-01-31": "55.99300", "2013-01-31": "50.45200", "2012-01-31": "43.43000", "2011-01-31": "43.47400", "2010-01-31": "30.27200", "2009-01-31": "32.92200", "2008-01-31": "19.18400", "2007-01-31": "15.27600", "2006-01-31": ""}, "Other Current Assets": {"2020-01-31": "", "2019-01-31": "", "2018-01-31": "", "2017-01-31": "", "2016-01-31": "", "2015-01-31": "", "2014-01-31": "", "2013-01-31": "", "2012-01-31": "", "2011-01-31": "", "2010-01-31": "", "2009-01-31": "", "2008-01-31": "", "2007-01-31": "", "2006-01-31": ""}, "Total Current Assets": {"2020-01-31": "2055.31700", "2019-01-31": "1914.86100", "2018-01-31": "1693.74300", "2017-01-31": "1536.23700", "2016-01-31": "1375.17300", "2015-01-31": "1260.35500", "2014-01-31": "1002.69700", "2013-01-31": "789.32400", "2012-01-31": "580.23200", "2011-01-31": "404.38900", "2010-01-31": "262.77400", "2009-01-31": "276.70800", "2008-01-31": "228.94400", "2007-01-31": "172.04600", "2006-01-31": ""}, "Property, Plant, And Equipment": {"2020-01-31": "1205.52400", "2019-01-31": "1226.02900", "2018-01-31": "1189.45300", "2017-01-31": "1004.35800", "2016-01-31": "847.60000", "2015-01-31": "717.15900", "2014-01-31": "595.73600", "2013-01-31": "483.05900", "2012-01-31": "376.98500", "2011-01-31": "326.09900", "2010-01-31": "290.86100", "2009-01-31": "292.22400", "2008-01-31": "236.38900", "2007-01-31": "162.08000", "2006-01-31": ""}, "Long-Term Investments": {"2020-01-31": "", "2019-01-31": "", "2018-01-31": "", "2017-01-31": "", "2016-01-31": "", "2015-01-31": "", "2014-01-31": "", "2013-01-31": "", "2012-01-31": "", "2011-01-31": "", "2010-01-31": "", "2009-01-31": "", "2008-01-31": "", "2007-01-31": "", "2006-01-31": ""}, "Goodwill And Intangible Assets": {"2020-01-31": "14.26100", "2019-01-31": "15.18700", "2018-01-31": "", "2017-01-31": "", "2016-01-31": "", "2015-01-31": "", "2014-01-31": "", "2013-01-31": "", "2012-01-31": "", "2011-01-31": "", "2010-01-31": "", "2009-01-31": "", "2008-01-31": "", "2007-01-31": "", "2006-01-31": ""}, "Other Long-Term Assets": {"2020-01-31": "23.35610", "2019-01-31": "14.58400", "2018-01-31": "8.66400", "2017-01-31": "", "2016-01-31": "", "2015-01-31": "", "2014-01-31": "", "2013-01-31": "", "2012-01-31": "", "2011-01-31": "", "2010-01-31": "", "2009-01-31": "", "2008-01-31": "", "2007-01-31": "0.34600", "2006-01-31": ""}, "Total Long-Term Assets": {"2020-01-31": "2808.55500", "2019-01-31": "1276.31100", "2018-01-31": "1214.94400", "2017-01-31": "1015.64100", "2016-01-31": "855.74500", "2015-01-31": "722.81500", "2014-01-31": "600.03000", "2013-01-31": "485.92500", "2012-01-31": "376.98500", "2011-01-31": "326.09900", "2010-01-31": "290.86100", "2009-01-31": "292.22400", "2008-01-31": "240.46900", "2007-01-31": "166.55100", "2006-01-31": ""}, "Total Assets": {"2020-01-31": "4863.87200", "2019-01-31": "3191.17200", "2018-01-31": "2908.68700", "2017-01-31": "2551.87800", "2016-01-31": "2230.91800", "2015-01-31": "1983.17000", "2014-01-31": "1602.72700", "2013-01-31": "1275.24900", "2012-01-31": "957.21700", "2011-01-31": "730.48800", "2010-01-31": "553.63500", "2009-01-31": "568.93200", "2008-01-31": "469.41300", "2007-01-31": "338.59700", "2006-01-31": "0.00000"}, "Total Current Liabilities": {"2020-01-31": "1137.26100", "2019-01-31": "823.73600", "2018-01-31": "642.16600", "2017-01-31": "529.34300", "2016-01-31": "396.22700", "2015-01-31": "359.59400", "2014-01-31": "266.81100", "2013-01-31": "221.06700", "2012-01-31": "164.85500", "2011-01-31": "163.35700", "2010-01-31": "126.35700", "2009-01-31": "117.01300", "2008-01-31": "111.90500", "2007-01-31": "83.94100", "2006-01-31": ""}, "Long Term Debt": {"2020-01-31": "", "2019-01-31": "", "2018-01-31": "", "2017-01-31": "", "2016-01-31": "", "2015-01-31": "", "2014-01-31": "", "2013-01-31": "", "2012-01-31": "", "2011-01-31": "", "2010-01-31": "", "2009-01-31": "88.04700", "2008-01-31": "74.77000", "2007-01-31": "50.73700", "2006-01-31": ""}, "Other Non-Current Liabilities": {"2020-01-31": "36.43200", "2019-01-31": "28.37400", "2018-01-31": "24.98500", "2017-01-31": "19.62800", "2016-01-31": "10.48900", "2015-01-31": "7.44200", "2014-01-31": "4.47400", "2013-01-31": "2.87600", "2012-01-31": "", "2011-01-31": "", "2010-01-31": "", "2009-01-31": "", "2008-01-31": "", "2007-01-31": "", "2006-01-31": ""}, "Total Long Term Liabilities": {"2020-01-31": "1824.51700", "2019-01-31": "547.21800", "2018-01-31": "492.30400", "2017-01-31": "472.31700", "2016-01-31": "391.80500", "2015-01-31": "376.06700", "2014-01-31": "332.82200", "2013-01-31": "267.24000", "2012-01-31": "207.65800", "2011-01-31": "164.59800", "2010-01-31": "134.67000", "2009-01-31": "206.95100", "2008-01-31": "146.00500", "2007-01-31": "101.10400", "2006-01-31": ""}, "Total Liabilities": {"2020-01-31": "2961.77800", "2019-01-31": "1370.95400", "2018-01-31": "1134.47000", "2017-01-31": "1001.66000", "2016-01-31": "788.03200", "2015-01-31": "735.66100", "2014-01-31": "599.63300", "2013-01-31": "488.30700", "2012-01-31": "372.51300", "2011-01-31": "327.95500", "2010-01-31": "261.02700", "2009-01-31": "323.96400", "2008-01-31": "257.91000", "2007-01-31": "185.04500", "2006-01-31": ""}, "Common Stock Net": {"2020-01-31": "0.57300", "2019-01-31": "0.59200", "2018-01-31": "0.61400", "2017-01-31": "0.62700", "2016-01-31": "0.64100", "2015-01-31": "0.64700", "2014-01-31": "0.64700", "2013-01-31": "0.64500", "2012-01-31": "0.62700", "2011-01-31": "0.60600", "2010-01-31": "0.58600", "2009-01-31": "0.58200", "2008-01-31": "0.57400", "2007-01-31": "0.11700", "2006-01-31": ""}, "Retained Earnings (Accumulated Deficit)": {"2020-01-31": "1128.47700", "2019-01-31": "1105.86300", "2018-01-31": "1093.45300", "2017-01-31": "905.78500", "2016-01-31": "832.21500", "2015-01-31": "679.59300", "2014-01-31": "462.37800", "2013-01-31": "296.86100", "2012-01-31": "186.79400", "2011-01-31": "66.53000", "2010-01-31": "-4.50000", "2009-01-31": "-43.85600", "2008-01-31": "-69.12400", "2007-01-31": "-83.24000", "2006-01-31": ""}, "Comprehensive Income": {"2020-01-31": "", "2019-01-31": "", "2018-01-31": "", "2017-01-31": "", "2016-01-31": "", "2015-01-31": "", "2014-01-31": "", "2013-01-31": "", "2012-01-31": "", "2011-01-31": "", "2010-01-31": "", "2009-01-31": "-0.63100", "2008-01-31": "-0.71900", "2007-01-31": "0.01900", "2006-01-31": ""}, "Other Share Holders Equity": {"2020-01-31": "", "2019-01-31": "", "2018-01-31": "", "2017-01-31": "", "2016-01-31": "", "2015-01-31": "", "2014-01-31": "", "2013-01-31": "", "2012-01-31": "", "2011-01-31": "", "2010-01-31": "", "2009-01-31": "", "2008-01-31": "", "2007-01-31": "-4.46700", "2006-01-31": ""}, "Share Holder Equity": {"2020-01-31": "1902.09400", "2019-01-31": "1820.21800", "2018-01-31": "1774.21700", "2017-01-31": "1550.21800", "2016-01-31": "1442.88600", "2015-01-31": "1247.50900", "2014-01-31": "1003.09400", "2013-01-31": "786.94200", "2012-01-31": "584.70400", "2011-01-31": "402.53300", "2010-01-31": "292.60800", "2009-01-31": "244.96800", "2008-01-31": "211.50300", "2007-01-31": "153.55200", "2006-01-31": ""}, "Total Liabilities And Share Holders Equity": {"2020-01-31": "4863.87200", "2019-01-31": "3191.17200", "2018-01-31": "2908.68700", "2017-01-31": "2551.87800", "2016-01-31": "2230.91800", "2015-01-31": "1983.17000", "2014-01-31": "1602.72700", "2013-01-31": "1275.24900", "2012-01-31": "957.21700", "2011-01-31": "730.48800", "2010-01-31": "553.63500", "2009-01-31": "568.93200", "2008-01-31": "469.41300", "2007-01-31": "338.59700", "2006-01-31": ""}}, "balance sheet, quarterly": {"Cash On Hand": {"2020-10-31": "560.90200", "2020-07-31": "1157.31800", "2020-04-30": "1153.54000", "2020-01-31": "502.32500", "2019-10-31": "208.84300", "2019-07-31": "327.39800", "2019-04-30": "521.83100", "2019-01-31": "409.25100", "2018-10-31": "296.94400", "2018-07-31": "386.10700", "2018-04-30": "469.07900", "2018-01-31": "397.44500", "2017-10-31": "106.78700", "2017-07-31": "272.86000", "2017-04-30": "471.72500", "2017-01-31": "415.01000", "2016-10-31": "243.10800", "2016-07-31": "304.08400", "2016-04-30": "369.25400", "2016-01-31": "475.84000", "2015-10-31": "359.76100", "2015-07-31": "475.42300", "2015-04-30": "536.21600", "2015-01-31": "539.35800", "2014-10-31": "395.06000", "2014-07-31": "463.20400", "2014-04-30": "456.70900", "2014-01-31": "419.47600", "2013-10-31": "240.91600", "2013-07-31": "286.21000", "2013-04-30": "293.21400", "2013-01-31": "320.47500", "2012-10-31": "191.72400", "2012-07-31": "197.40100", "2012-04-30": "266.34500", "2012-01-31": "253.73800", "2011-10-31": "130.65700", "2011-07-31": "142.54500", "2011-04-30": "116.81100", "2011-01-31": "111.18500", "2010-10-31": "8.35100", "2010-07-31": "15.91600", "2010-04-30": "8.67000", "2010-01-31": "4.01700", "2009-10-31": "3.79500", "2009-07-31": "3.66300", "2009-04-30": "3.84000", "2009-01-31": "3.63800", "2008-10-31": "3.64800", "2008-07-31": "3.25500", "2008-04-30": "3.97500", "2008-01-31": "3.78900", "2007-10-31": "3.51200", "2007-07-31": "3.16500", "2007-04-30": "3.16100", "2007-01-31": "", "2006-10-31": "3.22100"}, "Receivables": {"2020-10-31": "136.27100", "2020-07-31": "127.99200", "2020-04-30": "88.69100", "2020-01-31": "139.33700", "2019-10-31": "112.88800", "2019-07-31": "107.26300", "2019-04-30": "110.04600", "2019-01-31": "136.16800", "2018-10-31": "102.35300", "2018-07-31": "103.66600", "2018-04-30": "100.27400", "2018-01-31": "99.71900", "2017-10-31": "82.93400", "2017-07-31": "67.59300", "2017-04-30": "62.93600", "2017-01-31": "88.63100", "2016-10-31": "65.70800", "2016-07-31": "55.99800", "2016-04-30": "54.11200", "2016-01-31": "64.99200", "2015-10-31": "50.93900", "2015-07-31": "45.27700", "2015-04-30": "43.55800", "2015-01-31": "52.44000", "2014-10-31": "49.39900", "2014-07-31": "42.11000", "2014-04-30": "26.72200", "2014-01-31": "47.04900", "2013-10-31": "46.91100", "2013-07-31": "30.99800", "2013-04-30": "29.92500", "2013-01-31": "41.51500", "2012-10-31": "36.64900", "2012-07-31": "32.27900", "2012-04-30": "22.32800", "2012-01-31": "26.15300", "2011-10-31": "21.08000", "2011-07-31": "19.93900", "2011-04-30": "15.63400", "2011-01-31": "22.29200", "2010-10-31": "20.38600", "2010-07-31": "11.41800", "2010-04-30": "8.05100", "2010-01-31": "13.47700", "2009-10-31": "13.34000", "2009-07-31": "13.13500", "2009-04-30": "12.39200", "2009-01-31": "18.26800", "2008-10-31": "20.48800", "2008-07-31": "19.16400", "2008-04-30": "19.53300", "2008-01-31": "20.64300", "2007-10-31": "16.08900", "2007-07-31": "14.29500", "2007-04-30": "17.13700", "2007-01-31": "", "2006-10-31": "13.90500"}, "Inventory": {"2020-10-31": "1439.09800", "2020-07-31": "1368.54300", "2020-04-30": "1340.56600", "2020-01-31": "1293.70100", "2019-10-31": "1616.92000", "2019-07-31": "1315.99900", "2019-04-30": "1250.03700", "2019-01-31": "1214.32900", "2018-10-31": "1484.56500", "2018-07-31": "1219.68500", "2018-04-30": "1136.81600", "2018-01-31": "1096.42400", "2017-10-31": "1349.71400", "2017-07-31": "1144.70200", "2017-04-30": "1048.43100", "2017-01-31": "943.97500", "2016-10-31": "1137.02300", "2016-07-31": "930.20500", "2016-04-30": "843.49000", "2016-01-31": "761.79300", "2015-10-31": "884.40700", "2015-07-31": "705.66000", "2015-04-30": "662.93600", "2015-01-31": "581.22900", "2014-10-31": "709.66700", "2014-07-31": "541.50800", "2014-04-30": "531.42700", "2014-01-31": "457.93300", "2013-10-31": "582.30300", "2013-07-31": "461.15600", "2013-04-30": "442.08500", "2013-01-31": "361.12500", "2012-10-31": "462.83300", "2012-07-31": "316.73400", "2012-04-30": "332.06500", "2012-01-31": "244.64700", "2011-10-31": "354.89100", "2011-07-31": "258.75200", "2011-04-30": "255.54700", "2011-01-31": "218.51600", "2010-10-31": "301.55900", "2010-07-31": "224.32900", "2010-04-30": "228.08200", "2010-01-31": "206.94800", "2009-10-31": "273.97800", "2009-07-31": "209.15200", "2009-04-30": "230.28600", "2009-01-31": "213.60200", "2008-10-31": "268.92800", "2008-07-31": "197.02800", "2008-04-30": "212.56400", "2008-01-31": "176.10900", "2007-10-31": "219.45300", "2007-07-31": "148.55900", "2007-04-30": "152.86700", "2007-01-31": "", "2006-10-31": "156.78800"}, "Pre-Paid Expenses": {"2020-10-31": "108.73800", "2020-07-31": "145.33500", "2020-04-30": "146.02300", "2020-01-31": "119.95400", "2019-10-31": "158.81700", "2019-07-31": "169.94000", "2019-04-30": "137.41800", "2019-01-31": "155.11300", "2018-10-31": "142.11100", "2018-07-31": "120.70000", "2018-04-30": "96.53000", "2018-01-31": "100.15500", "2017-10-31": "106.85300", "2017-07-31": "107.33900", "2017-04-30": "89.88000", "2017-01-31": "88.62100", "2016-10-31": "92.62600", "2016-07-31": "85.79500", "2016-04-30": "71.56100", "2016-01-31": "72.54800", "2015-10-31": "72.60000", "2015-07-31": "68.95900", "2015-04-30": "61.72500", "2015-01-31": "66.54800", "2014-10-31": "60.90700", "2014-07-31": "58.85900", "2014-04-30": "53.39100", "2014-01-31": "55.99300", "2013-10-31": "56.48600", "2013-07-31": "53.10300", "2013-04-30": "48.10600", "2013-01-31": "50.45200", "2012-10-31": "63.61400", "2012-07-31": "59.03500", "2012-04-30": "40.10200", "2012-01-31": "43.43000", "2011-10-31": "40.72800", "2011-07-31": "34.11400", "2011-04-30": "36.74600", "2011-01-31": "43.47400", "2010-10-31": "39.67600", "2010-07-31": "38.26900", "2010-04-30": "29.13400", "2010-01-31": "30.27200", "2009-10-31": "28.38600", "2009-07-31": "25.37300", "2009-04-30": "30.09000", "2009-01-31": "32.92200", "2008-10-31": "24.96000", "2008-07-31": "22.69900", "2008-04-30": "22.43500", "2008-01-31": "19.18400", "2007-10-31": "27.72600", "2007-07-31": "23.29200", "2007-04-30": "19.04100", "2007-01-31": "", "2006-10-31": "17.52600"}, "Other Current Assets": {"2020-10-31": "", "2020-07-31": "", "2020-04-30": "", "2020-01-31": "", "2019-10-31": "", "2019-07-31": "", "2019-04-30": "", "2019-01-31": "", "2018-10-31": "", "2018-07-31": "", "2018-04-30": "", "2018-01-31": "", "2017-10-31": "", "2017-07-31": "", "2017-04-30": "", "2017-01-31": "", "2016-10-31": "", "2016-07-31": "", "2016-04-30": "", "2016-01-31": "", "2015-10-31": "", "2015-07-31": "", "2015-04-30": "", "2015-01-31": "", "2014-10-31": "", "2014-07-31": "", "2014-04-30": "", "2014-01-31": "", "2013-10-31": "", "2013-07-31": "", "2013-04-30": "", "2013-01-31": "", "2012-10-31": "", "2012-07-31": "", "2012-04-30": "", "2012-01-31": "", "2011-10-31": "", "2011-07-31": "", "2011-04-30": "", "2011-01-31": "", "2010-10-31": "", "2010-07-31": "", "2010-04-30": "", "2010-01-31": "", "2009-10-31": "", "2009-07-31": "", "2009-04-30": "", "2009-01-31": "", "2008-10-31": "", "2008-07-31": "", "2008-04-30": "", "2008-01-31": "", "2007-10-31": "", "2007-07-31": "", "2007-04-30": "", "2007-01-31": "", "2006-10-31": ""}, "Total Current Assets": {"2020-10-31": "2245.00900", "2020-07-31": "2799.18800", "2020-04-30": "2728.82000", "2020-01-31": "2055.31700", "2019-10-31": "2097.46800", "2019-07-31": "1920.60000", "2019-04-30": "2019.33200", "2019-01-31": "1914.86100", "2018-10-31": "2025.97300", "2018-07-31": "1830.15800", "2018-04-30": "1802.69900", "2018-01-31": "1693.74300", "2017-10-31": "1646.28800", "2017-07-31": "1592.49400", "2017-04-30": "1672.97200", "2017-01-31": "1536.23700", "2016-10-31": "1538.46500", "2016-07-31": "1376.08200", "2016-04-30": "1338.41700", "2016-01-31": "1375.17300", "2015-10-31": "1388.19000", "2015-07-31": "1316.08500", "2015-04-30": "1325.20100", "2015-01-31": "1260.35500", "2014-10-31": "1230.74200", "2014-07-31": "1127.69300", "2014-04-30": "1090.49000", "2014-01-31": "1002.69700", "2013-10-31": "941.30200", "2013-07-31": "846.78700", "2013-04-30": "828.61500", "2013-01-31": "789.32400", "2012-10-31": "766.08100", "2012-07-31": "617.70600", "2012-04-30": "673.09700", "2012-01-31": "580.23200", "2011-10-31": "556.27800", "2011-07-31": "464.27200", "2011-04-30": "433.66000", "2011-01-31": "404.38900", "2010-10-31": "378.03200", "2010-07-31": "297.99200", "2010-04-30": "281.99700", "2010-01-31": "262.77400", "2009-10-31": "327.48300", "2009-07-31": "259.42000", "2009-04-30": "284.80300", "2009-01-31": "276.70800", "2008-10-31": "327.11200", "2008-07-31": "251.20900", "2008-04-30": "267.63600", "2008-01-31": "228.94400", "2007-10-31": "272.39400", "2007-07-31": "194.78700", "2007-04-30": "197.90000", "2007-01-31": "", "2006-10-31": "194.72500"}, "Property, Plant, And Equipment": {"2020-10-31": "1042.26200", "2020-07-31": "1077.82500", "2020-04-30": "1148.34100", "2020-01-31": "1205.52400", "2019-10-31": "1233.41200", "2019-07-31": "1219.94800", "2019-04-30": "1205.91900", "2019-01-31": "1226.02900", "2018-10-31": "1257.77500", "2018-07-31": "1212.97800", "2018-04-30": "1190.96900", "2018-01-31": "1189.45300", "2017-10-31": "1172.68200", "2017-07-31": "1095.13500", "2017-04-30": "1020.85300", "2017-01-31": "1004.35800", "2016-10-31": "1001.93800", "2016-07-31": "919.59700", "2016-04-30": "870.83500", "2016-01-31": "847.60000", "2015-10-31": "844.23800", "2015-07-31": "791.90400", "2015-04-30": "744.66500", "2015-01-31": "717.15900", "2014-10-31": "686.89800", "2014-07-31": "646.89000", "2014-04-30": "603.93300", "2014-01-31": "595.73600", "2013-10-31": "590.13200", "2013-07-31": "541.55700", "2013-04-30": "499.39500", "2013-01-31": "483.05900", "2012-10-31": "467.16500", "2012-07-31": "421.06300", "2012-04-30": "384.90400", "2012-01-31": "376.98500", "2011-10-31": "373.79400", "2011-07-31": "351.57600", "2011-04-30": "332.14700", "2011-01-31": "326.09900", "2010-10-31": "331.39000", "2010-07-31": "301.33300", "2010-04-30": "285.76600", "2010-01-31": "290.86100", "2009-10-31": "293.74600", "2009-07-31": "288.53700", "2009-04-30": "286.14000", "2009-01-31": "292.22400", "2008-10-31": "292.12000", "2008-07-31": "278.37800", "2008-04-30": "255.12300", "2008-01-31": "236.38900", "2007-10-31": "226.53300", "2007-07-31": "196.91900", "2007-04-30": "174.91600", "2007-01-31": "", "2006-10-31": "159.11400"}, "Long-Term Investments": {"2020-10-31": "", "2020-07-31": "", "2020-04-30": "", "2020-01-31": "", "2019-10-31": "", "2019-07-31": "", "2019-04-30": "", "2019-01-31": "", "2018-10-31": "", "2018-07-31": "", "2018-04-30": "", "2018-01-31": "", "2017-10-31": "", "2017-07-31": "", "2017-04-30": "", "2017-01-31": "", "2016-10-31": "", "2016-07-31": "", "2016-04-30": "", "2016-01-31": "", "2015-10-31": "", "2015-07-31": "", "2015-04-30": "", "2015-01-31": "", "2014-10-31": "", "2014-07-31": "", "2014-04-30": "", "2014-01-31": "", "2013-10-31": "", "2013-07-31": "", "2013-04-30": "", "2013-01-31": "", "2012-10-31": "", "2012-07-31": "", "2012-04-30": "", "2012-01-31": "", "2011-10-31": "", "2011-07-31": "", "2011-04-30": "", "2011-01-31": "", "2010-10-31": "", "2010-07-31": "", "2010-04-30": "", "2010-01-31": "", "2009-10-31": "", "2009-07-31": "", "2009-04-30": "", "2009-01-31": "", "2008-10-31": "", "2008-07-31": "", "2008-04-30": "", "2008-01-31": "", "2007-10-31": "", "2007-07-31": "", "2007-04-30": "", "2007-01-31": "", "2006-10-31": ""}, "Goodwill And Intangible Assets": {"2020-10-31": "13.56600", "2020-07-31": "13.79700", "2020-04-30": "14.02900", "2020-01-31": "14.26100", "2019-10-31": "14.49200", "2019-07-31": "14.72400", "2019-04-30": "14.95500", "2019-01-31": "15.18700", "2018-10-31": "16.06900", "2018-07-31": "", "2018-04-30": "", "2018-01-31": "", "2017-10-31": "", "2017-07-31": "", "2017-04-30": "", "2017-01-31": "", "2016-10-31": "", "2016-07-31": "", "2016-04-30": "", "2016-01-31": "", "2015-10-31": "", "2015-07-31": "", "2015-04-30": "", "2015-01-31": "", "2014-10-31": "", "2014-07-31": "", "2014-04-30": "", "2014-01-31": "", "2013-10-31": "", "2013-07-31": "", "2013-04-30": "", "2013-01-31": "", "2012-10-31": "", "2012-07-31": "", "2012-04-30": "", "2012-01-31": "", "2011-10-31": "", "2011-07-31": "", "2011-04-30": "", "2011-01-31": "", "2010-10-31": "", "2010-07-31": "", "2010-04-30": "", "2010-01-31": "", "2009-10-31": "", "2009-07-31": "", "2009-04-30": "", "2009-01-31": "", "2008-10-31": "", "2008-07-31": "", "2008-04-30": "", "2008-01-31": "", "2007-10-31": "", "2007-07-31": "", "2007-04-30": "", "2007-01-31": "", "2006-10-31": ""}, "Other Long-Term Assets": {"2020-10-31": "29.98600", "2020-07-31": "29.28300", "2020-04-30": "30.48300", "2020-01-31": "23.35600", "2019-10-31": "27.68300", "2019-07-31": "30.88200", "2019-04-30": "23.10510", "2019-01-31": "14.58400", "2018-10-31": "11.47700", "2018-07-31": "10.62800", "2018-04-30": "10.08700", "2018-01-31": "8.66400", "2017-10-31": "", "2017-07-31": "", "2017-04-30": "", "2017-01-31": "", "2016-10-31": "", "2016-07-31": "", "2016-04-30": "", "2016-01-31": "", "2015-10-31": "", "2015-07-31": "", "2015-04-30": "", "2015-01-31": "", "2014-10-31": "", "2014-07-31": "", "2014-04-30": "", "2014-01-31": "", "2013-10-31": "", "2013-07-31": "", "2013-04-30": "", "2013-01-31": "", "2012-10-31": "", "2012-07-31": "", "2012-04-30": "", "2012-01-31": "", "2011-10-31": "", "2011-07-31": "", "2011-04-30": "", "2011-01-31": "", "2010-10-31": "", "2010-07-31": "", "2010-04-30": "", "2010-01-31": "", "2009-10-31": "", "2009-07-31": "", "2009-04-30": "", "2009-01-31": "", "2008-10-31": "", "2008-07-31": "", "2008-04-30": "", "2008-01-31": "", "2007-10-31": "", "2007-07-31": "1.76300", "2007-04-30": "0.30800", "2007-01-31": "", "2006-10-31": "0.29200"}, "Total Long-Term Assets": {"2020-10-31": "2625.98500", "2020-07-31": "2697.93300", "2020-04-30": "2801.73100", "2020-01-31": "2808.55500", "2019-10-31": "2831.38000", "2019-07-31": "2789.77500", "2019-04-30": "2747.02100", "2019-01-31": "1276.31100", "2018-10-31": "1306.71800", "2018-07-31": "1243.19100", "2018-04-30": "1219.55000", "2018-01-31": "1214.94400", "2017-10-31": "1188.58500", "2017-07-31": "1109.72300", "2017-04-30": "1034.62900", "2017-01-31": "1015.64100", "2016-10-31": "1012.73600", "2016-07-31": "929.70600", "2016-04-30": "880.53300", "2016-01-31": "855.74500", "2015-10-31": "851.80800", "2015-07-31": "799.82500", "2015-04-30": "752.75000", "2015-01-31": "722.81500", "2014-10-31": "692.01700", "2014-07-31": "652.11900", "2014-04-30": "608.73500", "2014-01-31": "600.03000", "2013-10-31": "594.04500", "2013-07-31": "545.20500", "2013-04-30": "502.96200", "2013-01-31": "485.92500", "2012-10-31": "467.16500", "2012-07-31": "421.06300", "2012-04-30": "384.90400", "2012-01-31": "376.98500", "2011-10-31": "373.79400", "2011-07-31": "351.57600", "2011-04-30": "332.14700", "2011-01-31": "326.09900", "2010-10-31": "331.39000", "2010-07-31": "301.33300", "2010-04-30": "285.76600", "2010-01-31": "290.86100", "2009-10-31": "293.74600", "2009-07-31": "288.53700", "2009-04-30": "286.14000", "2009-01-31": "292.22400", "2008-10-31": "296.20000", "2008-07-31": "282.45800", "2008-04-30": "259.20300", "2008-01-31": "240.46900", "2007-10-31": "230.65800", "2007-07-31": "202.80700", "2007-04-30": "179.95200", "2007-01-31": "", "2006-10-31": "165.28100"}, "Total Assets": {"2020-10-31": "4870.99400", "2020-07-31": "5497.12100", "2020-04-30": "5530.55100", "2020-01-31": "4863.87200", "2019-10-31": "4928.84800", "2019-07-31": "4710.37500", "2019-04-30": "4766.35300", "2019-01-31": "3191.17200", "2018-10-31": "3332.69100", "2018-07-31": "3073.34900", "2018-04-30": "3022.24900", "2018-01-31": "2908.68700", "2017-10-31": "2834.87300", "2017-07-31": "2702.21700", "2017-04-30": "2707.60100", "2017-01-31": "2551.87800", "2016-10-31": "2551.20100", "2016-07-31": "2305.78800", "2016-04-30": "2218.95000", "2016-01-31": "2230.91800", "2015-10-31": "2239.99800", "2015-07-31": "2115.91000", "2015-04-30": "2077.95100", "2015-01-31": "1983.17000", "2014-10-31": "1922.75900", "2014-07-31": "1779.81200", "2014-04-30": "1699.22500", "2014-01-31": "1602.72700", "2013-10-31": "1535.34700", "2013-07-31": "1391.99200", "2013-04-30": "1331.57700", "2013-01-31": "1275.24900", "2012-10-31": "1233.24600", "2012-07-31": "1038.76900", "2012-04-30": "1058.00100", "2012-01-31": "957.21700", "2011-10-31": "930.07200", "2011-07-31": "815.84800", "2011-04-30": "765.80700", "2011-01-31": "730.48800", "2010-10-31": "709.42200", "2010-07-31": "599.32500", "2010-04-30": "567.76300", "2010-01-31": "553.63500", "2009-10-31": "621.22900", "2009-07-31": "547.95700", "2009-04-30": "570.94300", "2009-01-31": "568.93200", "2008-10-31": "623.31200", "2008-07-31": "533.66700", "2008-04-30": "526.83900", "2008-01-31": "469.41300", "2007-10-31": "503.05200", "2007-07-31": "397.59400", "2007-04-30": "377.85200", "2007-01-31": "0.00000", "2006-10-31": "360.00600"}, "Total Current Liabilities": {"2020-10-31": "1230.34300", "2020-07-31": "1061.32900", "2020-04-30": "1096.17900", "2020-01-31": "1137.26100", "2019-10-31": "1256.92000", "2019-07-31": "1064.93400", "2019-04-30": "1045.60500", "2019-01-31": "823.73600", "2018-10-31": "984.08300", "2018-07-31": "758.75500", "2018-04-30": "745.09200", "2018-01-31": "642.16600", "2017-10-31": "714.71200", "2017-07-31": "570.27700", "2017-04-30": "584.25200", "2017-01-31": "529.34300", "2016-10-31": "654.64000", "2016-07-31": "492.24500", "2016-04-30": "495.73400", "2016-01-31": "396.22700", "2015-10-31": "457.97600", "2015-07-31": "370.21400", "2015-04-30": "383.66400", "2015-01-31": "359.59400", "2014-10-31": "369.71100", "2014-07-31": "300.14100", "2014-04-30": "302.41900", "2014-01-31": "266.81100", "2013-10-31": "287.61400", "2013-07-31": "232.74500", "2013-04-30": "248.06700", "2013-01-31": "221.06700", "2012-10-31": "275.53100", "2012-07-31": "169.38800", "2012-04-30": "257.44800", "2012-01-31": "164.85500", "2011-10-31": "215.15900", "2011-07-31": "155.60800", "2011-04-30": "147.99800", "2011-01-31": "163.35700", "2010-10-31": "204.05300", "2010-07-31": "130.14900", "2010-04-30": "122.22200", "2010-01-31": "126.35700", "2009-10-31": "195.64800", "2009-07-31": "120.67500", "2009-04-30": "109.79100", "2009-01-31": "117.01300", "2008-10-31": "205.68800", "2008-07-31": "129.63500", "2008-04-30": "141.14100", "2008-01-31": "111.90500", "2007-10-31": "183.61600", "2007-07-31": "120.10600", "2007-04-30": "112.03000", "2007-01-31": "", "2006-10-31": "132.66900"}, "Long Term Debt": {"2020-10-31": "", "2020-07-31": "800.00000", "2020-04-30": "800.00010", "2020-01-31": "", "2019-10-31": "", "2019-07-31": "", "2019-04-30": "", "2019-01-31": "", "2018-10-31": "", "2018-07-31": "", "2018-04-30": "", "2018-01-31": "", "2017-10-31": "", "2017-07-31": "", "2017-04-30": "", "2017-01-31": "", "2016-10-31": "", "2016-07-31": "", "2016-04-30": "", "2016-01-31": "", "2015-10-31": "", "2015-07-31": "", "2015-04-30": "", "2015-01-31": "", "2014-10-31": "", "2014-07-31": "", "2014-04-30": "", "2014-01-31": "", "2013-10-31": "", "2013-07-31": "", "2013-04-30": "", "2013-01-31": "", "2012-10-31": "", "2012-07-31": "", "2012-04-30": "", "2012-01-31": "", "2011-10-31": "", "2011-07-31": "", "2011-04-30": "", "2011-01-31": "", "2010-10-31": "", "2010-07-31": "", "2010-04-30": "", "2010-01-31": "", "2009-10-31": "24.52700", "2009-07-31": "42.36500", "2009-04-30": "88.04700", "2009-01-31": "88.04700", "2008-10-31": "86.39000", "2008-07-31": "86.39000", "2008-04-30": "86.39100", "2008-01-31": "74.77000", "2007-10-31": "55.03800", "2007-07-31": "55.03800", "2007-04-30": "55.03800", "2007-01-31": "", "2006-10-31": "37.82600"}, "Other Non-Current Liabilities": {"2020-10-31": "35.35200", "2020-07-31": "52.17800", "2020-04-30": "36.89200", "2020-01-31": "36.43200", "2019-10-31": "34.11000", "2019-07-31": "35.64900", "2019-04-30": "34.39500", "2019-01-31": "28.37400", "2018-10-31": "30.77500", "2018-07-31": "29.96100", "2018-04-30": "28.94400", "2018-01-31": "24.98500", "2017-10-31": "24.98600", "2017-07-31": "23.73900", "2017-04-30": "22.44800", "2017-01-31": "19.62800", "2016-10-31": "20.14100", "2016-07-31": "17.68800", "2016-04-30": "13.43000", "2016-01-31": "10.48900", "2015-10-31": "10.90300", "2015-07-31": "10.80900", "2015-04-30": "10.81200", "2015-01-31": "7.44200", "2014-10-31": "6.94000", "2014-07-31": "6.44000", "2014-04-30": "5.35200", "2014-01-31": "4.47400", "2013-10-31": "4.62900", "2013-07-31": "4.11400", "2013-04-30": "3.79500", "2013-01-31": "2.87600", "2012-10-31": "", "2012-07-31": "", "2012-04-30": "", "2012-01-31": "", "2011-10-31": "", "2011-07-31": "", "2011-04-30": "", "2011-01-31": "", "2010-10-31": "", "2010-07-31": "", "2010-04-30": "", "2010-01-31": "", "2009-10-31": "", "2009-07-31": "", "2009-04-30": "", "2009-01-31": "", "2008-10-31": "", "2008-07-31": "", "2008-04-30": "", "2008-01-31": "", "2007-10-31": "", "2007-07-31": "", "2007-04-30": "", "2007-01-31": "", "2006-10-31": ""}, "Total Long Term Liabilities": {"2020-10-31": "1786.21400", "2020-07-31": "2664.99900", "2020-04-30": "2680.41300", "2020-01-31": "1824.51700", "2019-10-31": "1824.77200", "2019-07-31": "1805.99000", "2019-04-30": "1779.18000", "2019-01-31": "547.21800", "2018-10-31": "512.87200", "2018-07-31": "502.11600", "2018-04-30": "493.72400", "2018-01-31": "492.30400", "2017-10-31": "504.11000", "2017-07-31": "496.59000", "2017-04-30": "481.69200", "2017-01-31": "472.31700", "2016-10-31": "444.47700", "2016-07-31": "421.60600", "2016-04-30": "403.52800", "2016-01-31": "391.80500", "2015-10-31": "407.86300", "2015-07-31": "401.90700", "2015-04-30": "391.30200", "2015-01-31": "376.06700", "2014-10-31": "366.71500", "2014-07-31": "353.63000", "2014-04-30": "337.05000", "2014-01-31": "332.82200", "2013-10-31": "319.41400", "2013-07-31": "298.78500", "2013-04-30": "279.78600", "2013-01-31": "267.24000", "2012-10-31": "250.71500", "2012-07-31": "229.69600", "2012-04-30": "215.64800", "2012-01-31": "207.65800", "2011-10-31": "190.48100", "2011-07-31": "182.20800", "2011-04-30": "168.44300", "2011-01-31": "164.59800", "2010-10-31": "155.83000", "2010-07-31": "141.26500", "2010-04-30": "135.00300", "2010-01-31": "134.67000", "2009-10-31": "155.32700", "2009-07-31": "168.22600", "2009-04-30": "209.83100", "2009-01-31": "206.95100", "2008-10-31": "186.51600", "2008-07-31": "179.68100", "2008-04-30": "166.80200", "2008-01-31": "146.00500", "2007-10-31": "121.69300", "2007-07-31": "111.68900", "2007-04-30": "107.67100", "2007-01-31": "", "2006-10-31": "84.97200"}, "Total Liabilities": {"2020-10-31": "3016.55700", "2020-07-31": "3726.32800", "2020-04-30": "3776.59200", "2020-01-31": "2961.77800", "2019-10-31": "3081.69200", "2019-07-31": "2870.92400", "2019-04-30": "2824.78500", "2019-01-31": "1370.95400", "2018-10-31": "1496.95500", "2018-07-31": "1260.87100", "2018-04-30": "1238.81600", "2018-01-31": "1134.47000", "2017-10-31": "1218.82200", "2017-07-31": "1066.86700", "2017-04-30": "1065.94400", "2017-01-31": "1001.66000", "2016-10-31": "1099.11700", "2016-07-31": "913.85100", "2016-04-30": "899.26200", "2016-01-31": "788.03200", "2015-10-31": "865.83900", "2015-07-31": "772.12100", "2015-04-30": "774.96600", "2015-01-31": "735.66100", "2014-10-31": "736.42600", "2014-07-31": "653.77100", "2014-04-30": "639.46900", "2014-01-31": "599.63300", "2013-10-31": "607.02800", "2013-07-31": "531.53000", "2013-04-30": "527.85300", "2013-01-31": "488.30700", "2012-10-31": "526.24600", "2012-07-31": "399.08400", "2012-04-30": "473.09600", "2012-01-31": "372.51300", "2011-10-31": "405.64000", "2011-07-31": "337.81600", "2011-04-30": "316.44100", "2011-01-31": "327.95500", "2010-10-31": "359.88300", "2010-07-31": "271.41400", "2010-04-30": "257.22500", "2010-01-31": "261.02700", "2009-10-31": "350.97500", "2009-07-31": "288.90100", "2009-04-30": "319.62200", "2009-01-31": "323.96400", "2008-10-31": "392.20400", "2008-07-31": "309.31600", "2008-04-30": "307.94300", "2008-01-31": "257.91000", "2007-10-31": "305.30900", "2007-07-31": "231.79500", "2007-04-30": "219.70100", "2007-01-31": "", "2006-10-31": "217.64100"}, "Common Stock Net": {"2020-10-31": "0.57000", "2020-07-31": "0.57000", "2020-04-30": "0.57000", "2020-01-31": "0.57300", "2019-10-31": "0.58000", "2019-07-31": "0.58500", "2019-04-30": "0.59300", "2019-01-31": "0.59200", "2018-10-31": "0.60100", "2018-07-31": "0.60500", "2018-04-30": "0.61000", "2018-01-31": "0.61400", "2017-10-31": "0.61700", "2017-07-31": "0.62300", "2017-04-30": "0.62700", "2017-01-31": "0.62700", "2016-10-31": "0.62900", "2016-07-31": "0.63000", "2016-04-30": "0.63200", "2016-01-31": "0.64100", "2015-10-31": "0.64300", "2015-07-31": "0.64600", "2015-04-30": "0.64700", "2015-01-31": "0.64700", "2014-10-31": "0.65000", "2014-07-31": "0.65000", "2014-04-30": "0.64900", "2014-01-31": "0.64700", "2013-10-31": "0.64700", "2013-07-31": "0.64500", "2013-04-30": "0.64300", "2013-01-31": "0.64500", "2012-10-31": "0.64300", "2012-07-31": "0.63800", "2012-04-30": "0.63400", "2012-01-31": "0.62700", "2011-10-31": "0.62300", "2011-07-31": "0.61700", "2011-04-30": "0.61600", "2011-01-31": "0.60600", "2010-10-31": "0.59800", "2010-07-31": "0.59400", "2010-04-30": "0.59100", "2010-01-31": "0.58600", "2009-10-31": "0.58600", "2009-07-31": "0.58300", "2009-04-30": "0.58300", "2009-01-31": "0.58200", "2008-10-31": "0.58200", "2008-07-31": "0.58000", "2008-04-30": "0.57800", "2008-01-31": "0.57400", "2007-10-31": "0.57300", "2007-07-31": "0.12200", "2007-04-30": "0.12100", "2007-01-31": "", "2006-10-31": "0.10900"}, "Retained Earnings (Accumulated Deficit)": {"2020-10-31": "1059.84000", "2020-07-31": "985.04200", "2020-04-30": "976.99000", "2020-01-31": "1128.47700", "2019-10-31": "1079.86200", "2019-07-31": "1078.67800", "2019-04-30": "1188.31300", "2019-01-31": "1105.86300", "2018-10-31": "1127.95100", "2018-07-31": "1115.75100", "2018-04-30": "1094.82400", "2018-01-31": "1093.45300", "2017-10-31": "943.09100", "2017-07-31": "970.12200", "2017-04-30": "982.41300", "2017-01-31": "905.78500", "2016-10-31": "812.84600", "2016-07-31": "769.82700", "2016-04-30": "737.53500", "2016-01-31": "832.21500", "2015-10-31": "770.51400", "2015-07-31": "746.95900", "2015-04-30": "718.58500", "2015-01-31": "679.59300", "2014-10-31": "622.27800", "2014-07-31": "573.12500", "2014-04-30": "512.33100", "2014-01-31": "462.37800", "2013-10-31": "391.69600", "2013-07-31": "346.26600", "2013-04-30": "301.35500", "2013-01-31": "296.86100", "2012-10-31": "232.32900", "2012-07-31": "194.17800", "2012-04-30": "159.24200", "2012-01-31": "186.79400", "2011-10-31": "140.49900", "2011-07-31": "113.73100", "2011-04-30": "89.82600", "2011-01-31": "66.53000", "2010-10-31": "36.42600", "2010-07-31": "22.22300", "2010-04-30": "9.16100", "2010-01-31": "-4.50000", "2009-10-31": "-24.72600", "2009-07-31": "-33.18600", "2009-04-30": "-38.93600", "2009-01-31": "-43.85600", "2008-10-31": "-56.14400", "2008-07-31": "-61.16100", "2008-04-30": "-64.84900", "2008-01-31": "-69.12400", "2007-10-31": "-82.72800", "2007-07-31": "-83.33600", "2007-04-30": "-81.66500", "2007-01-31": "", "2006-10-31": "-88.89700"}, "Comprehensive Income": {"2020-10-31": "-0.08600", "2020-07-31": "0.03000", "2020-04-30": "-0.07500", "2020-01-31": "", "2019-10-31": "", "2019-07-31": "", "2019-04-30": "", "2019-01-31": "", "2018-10-31": "", "2018-07-31": "", "2018-04-30": "", "2018-01-31": "", "2017-10-31": "", "2017-07-31": "", "2017-04-30": "", "2017-01-31": "", "2016-10-31": "", "2016-07-31": "", "2016-04-30": "", "2016-01-31": "", "2015-10-31": "", "2015-07-31": "", "2015-04-30": "", "2015-01-31": "", "2014-10-31": "", "2014-07-31": "", "2014-04-30": "", "2014-01-31": "", "2013-10-31": "", "2013-07-31": "", "2013-04-30": "", "2013-01-31": "", "2012-10-31": "", "2012-07-31": "", "2012-04-30": "", "2012-01-31": "", "2011-10-31": "", "2011-07-31": "", "2011-04-30": "", "2011-01-31": "", "2010-10-31": "", "2010-07-31": "", "2010-04-30": "", "2010-01-31": "", "2009-10-31": "-0.18900", "2009-07-31": "-0.36700", "2009-04-30": "-0.52400", "2009-01-31": "-0.63100", "2008-10-31": "-0.51300", "2008-07-31": "-0.47600", "2008-04-30": "-0.57600", "2008-01-31": "-0.71900", "2007-10-31": "-0.28500", "2007-07-31": "-0.07600", "2007-04-30": "-0.08000", "2007-01-31": "", "2006-10-31": "0.00500"}, "Other Share Holders Equity": {"2020-10-31": "", "2020-07-31": "", "2020-04-30": "", "2020-01-31": "", "2019-10-31": "", "2019-07-31": "", "2019-04-30": "", "2019-01-31": "", "2018-10-31": "", "2018-07-31": "", "2018-04-30": "", "2018-01-31": "", "2017-10-31": "", "2017-07-31": "", "2017-04-30": "", "2017-01-31": "", "2016-10-31": "", "2016-07-31": "", "2016-04-30": "", "2016-01-31": "", "2015-10-31": "", "2015-07-31": "", "2015-04-30": "", "2015-01-31": "", "2014-10-31": "", "2014-07-31": "", "2014-04-30": "", "2014-01-31": "", "2013-10-31": "", "2013-07-31": "", "2013-04-30": "", "2013-01-31": "", "2012-10-31": "", "2012-07-31": "", "2012-04-30": "", "2012-01-31": "", "2011-10-31": "", "2011-07-31": "", "2011-04-30": "", "2011-01-31": "", "2010-10-31": "", "2010-07-31": "", "2010-04-30": "", "2010-01-31": "", "2009-10-31": "", "2009-07-31": "", "2009-04-30": "", "2009-01-31": "", "2008-10-31": "", "2008-07-31": "", "2008-04-30": "", "2008-01-31": "", "2007-10-31": "", "2007-07-31": "", "2007-04-30": "-4.09400", "2007-01-31": "", "2006-10-31": "-4.46700"}, "Share Holder Equity": {"2020-10-31": "1854.43700", "2020-07-31": "1770.79300", "2020-04-30": "1753.95900", "2020-01-31": "1902.09400", "2019-10-31": "1847.15600", "2019-07-31": "1839.45100", "2019-04-30": "1941.56800", "2019-01-31": "1820.21800", "2018-10-31": "1835.73600", "2018-07-31": "1812.47800", "2018-04-30": "1783.43300", "2018-01-31": "1774.21700", "2017-10-31": "1616.05100", "2017-07-31": "1635.35000", "2017-04-30": "1641.65700", "2017-01-31": "1550.21800", "2016-10-31": "1452.08400", "2016-07-31": "1391.93700", "2016-04-30": "1319.68800", "2016-01-31": "1442.88600", "2015-10-31": "1374.15900", "2015-07-31": "1343.78900", "2015-04-30": "1302.98500", "2015-01-31": "1247.50900", "2014-10-31": "1186.33300", "2014-07-31": "1126.04100", "2014-04-30": "1059.75600", "2014-01-31": "1003.09400", "2013-10-31": "928.31900", "2013-07-31": "860.46200", "2013-04-30": "803.72400", "2013-01-31": "786.94200", "2012-10-31": "707.00000", "2012-07-31": "639.68500", "2012-04-30": "584.90500", "2012-01-31": "584.70400", "2011-10-31": "524.43200", "2011-07-31": "478.03200", "2011-04-30": "449.36600", "2011-01-31": "402.53300", "2010-10-31": "349.53900", "2010-07-31": "327.91100", "2010-04-30": "310.53800", "2010-01-31": "292.60800", "2009-10-31": "270.25400", "2009-07-31": "259.05600", "2009-04-30": "251.32100", "2009-01-31": "244.96800", "2008-10-31": "231.10800", "2008-07-31": "224.35100", "2008-04-30": "218.89600", "2008-01-31": "211.50300", "2007-10-31": "197.74300", "2007-07-31": "165.79900", "2007-04-30": "158.15100", "2007-01-31": "", "2006-10-31": "142.36500"}, "Total Liabilities And Share Holders Equity": {"2020-10-31": "4870.99400", "2020-07-31": "5497.12100", "2020-04-30": "5530.55100", "2020-01-31": "4863.87200", "2019-10-31": "4928.84800", "2019-07-31": "4710.37500", "2019-04-30": "4766.35300", "2019-01-31": "3191.17200", "2018-10-31": "3332.69100", "2018-07-31": "3073.34900", "2018-04-30": "3022.24900", "2018-01-31": "2908.68700", "2017-10-31": "2834.87300", "2017-07-31": "2702.21700", "2017-04-30": "2707.60100", "2017-01-31": "2551.87800", "2016-10-31": "2551.20100", "2016-07-31": "2305.78800", "2016-04-30": "2218.95000", "2016-01-31": "2230.91800", "2015-10-31": "2239.99800", "2015-07-31": "2115.91000", "2015-04-30": "2077.95100", "2015-01-31": "1983.17000", "2014-10-31": "1922.75900", "2014-07-31": "1779.81200", "2014-04-30": "1699.22500", "2014-01-31": "1602.72700", "2013-10-31": "1535.34700", "2013-07-31": "1391.99200", "2013-04-30": "1331.57700", "2013-01-31": "1275.24900", "2012-10-31": "1233.24600", "2012-07-31": "1038.76900", "2012-04-30": "1058.00100", "2012-01-31": "957.21700", "2011-10-31": "930.07200", "2011-07-31": "815.84800", "2011-04-30": "765.80700", "2011-01-31": "730.48800", "2010-10-31": "709.42200", "2010-07-31": "599.32500", "2010-04-30": "567.76300", "2010-01-31": "553.63500", "2009-10-31": "621.22900", "2009-07-31": "547.95700", "2009-04-30": "570.94300", "2009-01-31": "568.93200", "2008-10-31": "623.31200", "2008-07-31": "533.66700", "2008-04-30": "526.83900", "2008-01-31": "469.41300", "2007-10-31": "503.05200", "2007-07-31": "397.59400", "2007-04-30": "377.85200", "2007-01-31": "", "2006-10-31": "360.00600"}}, "cash flow statement": {"Net Income/Loss": {"2020-01-31": "705.94500", "2019-01-31": "658.55900", "2018-01-31": "555.23400", "2017-01-31": "409.76000", "2016-01-31": "320.00800", "2015-01-31": "257.13500", "2014-01-31": "202.84900", "2013-01-31": "172.54900", "2012-01-31": "120.26400", "2011-01-31": "71.03000", "2010-01-31": "39.35600", "2009-01-31": "25.26800", "2008-01-31": "25.33500", "2007-01-31": "22.54300", "2006-01-31": "15.96900"}, "Total Depreciation And Amortization - Cash Flow": {"2020-01-31": "295.59900", "2019-01-31": "279.47200", "2018-01-31": "252.71300", "2017-01-31": "210.29500", "2016-01-31": "165.04900", "2015-01-31": "131.76400", "2014-01-31": "106.28300", "2013-01-31": "88.23300", "2012-01-31": "75.93100", "2011-01-31": "64.93600", "2010-01-31": "62.16600", "2009-01-31": "51.44500", "2008-01-31": "39.50300", "2007-01-31": "29.73600", "2006-01-31": "22.28500"}, "Other Non-Cash Items": {"2020-01-31": "315.21800", "2019-01-31": "63.60100", "2018-01-31": "4.82200", "2017-01-31": "46.39800", "2016-01-31": "15.59600", "2015-01-31": "25.40800", "2014-01-31": "10.39500", "2013-01-31": "-24.22300", "2012-01-31": "-2.14300", "2011-01-31": "7.73700", "2010-01-31": "8.56500", "2009-01-31": "24.95300", "2008-01-31": "-2.38100", "2007-01-31": "-3.93900", "2006-01-31": "-1.55200"}, "Total Non-Cash Items": {"2020-01-31": "610.81700", "2019-01-31": "343.07300", "2018-01-31": "257.53500", "2017-01-31": "256.69300", "2016-01-31": "180.64500", "2015-01-31": "157.17200", "2014-01-31": "116.67800", "2013-01-31": "64.01000", "2012-01-31": "73.78800", "2011-01-31": "72.67300", "2010-01-31": "70.73100", "2009-01-31": "76.39800", "2008-01-31": "37.12200", "2007-01-31": "25.79700", "2006-01-31": "20.73300"}, "Change In Accounts Receivable": {"2020-01-31": "-20.63700", "2019-01-31": "-36.38700", "2018-01-31": "-11.08800", "2017-01-31": "-23.63900", "2016-01-31": "-12.55200", "2015-01-31": "-5.39100", "2014-01-31": "-5.53400", "2013-01-31": "-15.36200", "2012-01-31": "-3.86100", "2011-01-31": "-8.81500", "2010-01-31": "4.79100", "2009-01-31": "2.37500", "2008-01-31": "-2.16700", "2007-01-31": "-2.71900", "2006-01-31": "-0.83000"}, "Change In Inventories": {"2020-01-31": "-79.37200", "2019-01-31": "-122.01900", "2018-01-31": "-152.44900", "2017-01-31": "-182.18200", "2016-01-31": "-180.56400", "2015-01-31": "-123.29600", "2014-01-31": "-96.80800", "2013-01-31": "-116.47800", "2012-01-31": "-26.13100", "2011-01-31": "-11.56800", "2010-01-31": "6.65400", "2009-01-31": "-37.49300", "2008-01-31": "-46.87200", "2007-01-31": "-19.86300", "2006-01-31": "-5.13400"}, "Change In Accounts Payable": {"2020-01-31": "9.99300", "2019-01-31": "78.25600", "2018-01-31": "66.24000", "2017-01-31": "63.34400", "2016-01-31": "5.39600", "2015-01-31": "42.49600", "2014-01-31": "29.39600", "2013-01-31": "32.44400", "2012-01-31": "-0.65100", "2011-01-31": "30.70600", "2010-01-31": "8.57600", "2009-01-31": "-4.31100", "2008-01-31": "9.05100", "2007-01-31": "8.63600", "2006-01-31": "-5.50500"}, "Change In Assets/Liabilities": {"2020-01-31": "-154.24600", "2019-01-31": "34.98900", "2018-01-31": "90.94800", "2017-01-31": "34.03000", "2016-01-31": "22.22000", "2015-01-31": "23.54800", "2014-01-31": "48.25600", "2013-01-31": "34.65200", "2012-01-31": "18.25100", "2011-01-31": "18.33600", "2010-01-31": "6.45200", "2009-01-31": "24.94300", "2008-01-31": "17.27400", "2007-01-31": "9.46900", "2006-01-31": "4.61500"}, "Total Change In Assets/Liabilities": {"2020-01-31": "-215.46900", "2019-01-31": "-45.50500", "2018-01-31": "-33.40300", "2017-01-31": "-32.06800", "2016-01-31": "-124.77900", "2015-01-31": "-17.71500", "2014-01-31": "8.19800", "2013-01-31": "2.44200", "2012-01-31": "26.83500", "2011-01-31": "32.84000", "2010-01-31": "62.74000", "2009-01-31": "-26.46300", "2008-01-31": "-15.55100", "2007-01-31": "7.29000", "2006-01-31": "0.89900"}, "Cash Flow From Operating Activities": {"2020-01-31": "1101.29300", "2019-01-31": "956.12700", "2018-01-31": "779.36600", "2017-01-31": "634.38500", "2016-01-31": "375.87400", "2015-01-31": "396.59200", "2014-01-31": "327.72500", "2013-01-31": "239.00100", "2012-01-31": "220.88700", "2011-01-31": "176.54300", "2010-01-31": "172.82700", "2009-01-31": "75.20300", "2008-01-31": "46.90600", "2007-01-31": "55.63000", "2006-01-31": "37.60100"}, "Net Change In Property, Plant, And Equipment": {"2020-01-31": "-298.53400", "2019-01-31": "-319.40000", "2018-01-31": "-440.71400", "2017-01-31": "-373.44700", "2016-01-31": "-299.16700", "2015-01-31": "-249.06700", "2014-01-31": "-226.02400", "2013-01-31": "-188.57800", "2012-01-31": "-128.63600", "2011-01-31": "-97.11500", "2010-01-31": "-68.10500", "2009-01-31": "-110.86300", "2008-01-31": "-101.86600", "2007-01-31": "-62.33100", "2006-01-31": "-41.60700"}, "Net Change In Intangible Assets": {"2020-01-31": "", "2019-01-31": "", "2018-01-31": "", "2017-01-31": "", "2016-01-31": "", "2015-01-31": "", "2014-01-31": "", "2013-01-31": "", "2012-01-31": "", "2011-01-31": "", "2010-01-31": "", "2009-01-31": "", "2008-01-31": "", "2007-01-31": "", "2006-01-31": ""}, "Net Acquisitions/Divestitures": {"2020-01-31": "", "2019-01-31": "-13.60600", "2018-01-31": "", "2017-01-31": "", "2016-01-31": "", "2015-01-31": "", "2014-01-31": "", "2013-01-31": "", "2012-01-31": "", "2011-01-31": "", "2010-01-31": "", "2009-01-31": "", "2008-01-31": "", "2007-01-31": "", "2006-01-31": ""}, "Net Change In Short-term Investments": {"2020-01-31": "-110.00000", "2019-01-31": "120.00000", "2018-01-31": "-90.00000", "2017-01-31": "100.00000", "2016-01-31": "20.20900", "2015-01-31": "-150.20900", "2014-01-31": "0.00000", "2013-01-31": "0.00000", "2012-01-31": "", "2011-01-31": "", "2010-01-31": "", "2009-01-31": "", "2008-01-31": "", "2007-01-31": "", "2006-01-31": ""}, "Net Change In Long-Term Investments": {"2020-01-31": "-62.94600", "2019-01-31": "-2.10100", "2018-01-31": "", "2017-01-31": "", "2016-01-31": "", "2015-01-31": "", "2014-01-31": "", "2013-01-31": "", "2012-01-31": "", "2011-01-31": "", "2010-01-31": "", "2009-01-31": "", "2008-01-31": "", "2007-01-31": "", "2006-01-31": ""}, "Net Change In Investments - Total": {"2020-01-31": "-172.94600", "2019-01-31": "117.89900", "2018-01-31": "-90.00000", "2017-01-31": "100.00000", "2016-01-31": "20.20900", "2015-01-31": "-150.20900", "2014-01-31": "", "2013-01-31": "", "2012-01-31": "", "2011-01-31": "", "2010-01-31": "", "2009-01-31": "", "2008-01-31": "", "2007-01-31": "", "2006-01-31": ""}, "Investing Activities - Other": {"2020-01-31": "", "2019-01-31": "", "2018-01-31": "", "2017-01-31": "", "2016-01-31": "", "2015-01-31": "", "2014-01-31": "", "2013-01-31": "", "2012-01-31": "", "2011-01-31": "", "2010-01-31": "", "2009-01-31": "", "2008-01-31": "4.46700", "2007-01-31": "-2.41400", "2006-01-31": ""}, "Cash Flow From Investing Activities": {"2020-01-31": "-471.48000", "2019-01-31": "-215.10700", "2018-01-31": "-530.71400", "2017-01-31": "-273.44700", "2016-01-31": "-278.95800", "2015-01-31": "-399.27600", "2014-01-31": "-226.02400", "2013-01-31": "-188.57800", "2012-01-31": "-128.63600", "2011-01-31": "-97.11500", "2010-01-31": "-68.10500", "2009-01-31": "-110.86300", "2008-01-31": "-97.39900", "2007-01-31": "-64.74500", "2006-01-31": "-41.60700"}, "Net Long-Term Debt": {"2020-01-31": "", "2019-01-31": "", "2018-01-31": "", "2017-01-31": "", "2016-01-31": "", "2015-01-31": "", "2014-01-31": "", "2013-01-31": "", "2012-01-31": "", "2011-01-31": "", "2010-01-31": "-106.04700", "2009-01-31": "31.27700", "2008-01-31": "24.03300", "2007-01-31": "5.35600", "2006-01-31": "2.99800"}, "Net Current Debt": {"2020-01-31": "", "2019-01-31": "", "2018-01-31": "", "2017-01-31": "", "2016-01-31": "", "2015-01-31": "", "2014-01-31": "", "2013-01-31": "", "2012-01-31": "", "2011-01-31": "", "2010-01-31": "", "2009-01-31": "", "2008-01-31": "", "2007-01-31": "", "2006-01-31": ""}, "Debt Issuance/Retirement Net - Total": {"2020-01-31": "", "2019-01-31": "", "2018-01-31": "", "2017-01-31": "", "2016-01-31": "", "2015-01-31": "", "2014-01-31": "", "2013-01-31": "", "2012-01-31": "", "2011-01-31": "", "2010-01-31": "-106.04700", "2009-01-31": "31.27700", "2008-01-31": "24.03300", "2007-01-31": "5.35600", "2006-01-31": "2.99800"}, "Net Common Equity Issued/Repurchased": {"2020-01-31": "-646.73900", "2019-01-31": "-609.21410", "2018-01-31": "-355.63400", "2017-01-31": "-330.82100", "2016-01-31": "-149.72200", "2015-01-31": "-30.87200", "2014-01-31": "-16.07800", "2013-01-31": "31.45100", "2012-01-31": "24.40300", "2011-01-31": "17.10000", "2010-01-31": "1.22800", "2009-01-31": "2.45800", "2008-01-31": "122.83300", "2007-01-31": "-0.79500", "2006-01-31": "0.61500"}, "Net Total Equity Issued/Repurchased": {"2020-01-31": "-646.73900", "2019-01-31": "-609.21410", "2018-01-31": "-355.63400", "2017-01-31": "-330.82100", "2016-01-31": "-149.72200", "2015-01-31": "-30.87200", "2014-01-31": "-16.07800", "2013-01-31": "31.45100", "2012-01-31": "24.40300", "2011-01-31": "17.10000", "2010-01-31": "1.22800", "2009-01-31": "2.45800", "2008-01-31": "118.04100", "2007-01-31": "-0.79500", "2006-01-31": "0.63000"}, "Total Common And Preferred Stock Dividends Paid": {"2020-01-31": "", "2019-01-31": "", "2018-01-31": "", "2017-01-31": "", "2016-01-31": "", "2015-01-31": "", "2014-01-31": "", "2013-01-31": "-62.48200", "2012-01-31": "", "2011-01-31": "", "2010-01-31": "", "2009-01-31": "", "2008-01-31": "-93.01200", "2007-01-31": "", "2006-01-31": ""}, "Financial Activities - Other": {"2020-01-31": "", "2019-01-31": "", "2018-01-31": "-0.58300", "2017-01-31": "9.05300", "2016-01-31": "9.49700", "2015-01-31": "3.22900", "2014-01-31": "13.37800", "2013-01-31": "47.34500", "2012-01-31": "25.89900", "2011-01-31": "10.64000", "2010-01-31": "0.47600", "2009-01-31": "1.77400", "2008-01-31": "1.57500", "2007-01-31": "5.36000", "2006-01-31": "0.21300"}, "Cash Flow From Financial Activities": {"2020-01-31": "-646.73900", "2019-01-31": "-609.21400", "2018-01-31": "-356.21700", "2017-01-31": "-321.76800", "2016-01-31": "-140.22500", "2015-01-31": "-27.64300", "2014-01-31": "-2.70000", "2013-01-31": "16.31400", "2012-01-31": "50.30200", "2011-01-31": "27.74000", "2010-01-31": "-104.34300", "2009-01-31": "35.50900", "2008-01-31": "50.63700", "2007-01-31": "9.92100", "2006-01-31": "3.84100"}, "Net Cash Flow": {"2020-01-31": "-16.92600", "2019-01-31": "131.80600", "2018-01-31": "-107.56500", "2017-01-31": "39.17000", "2016-01-31": "-43.30900", "2015-01-31": "-30.32700", "2014-01-31": "99.00100", "2013-01-31": "66.73700", "2012-01-31": "142.55300", "2011-01-31": "107.16800", "2010-01-31": "0.37900", "2009-01-31": "-0.15100", "2008-01-31": "0.14400", "2007-01-31": "0.80600", "2006-01-31": "-0.16500"}, "Stock-Based Compensation": {"2020-01-31": "25.04500", "2019-01-31": "26.63600", "2018-01-31": "24.39900", "2017-01-31": "19.34000", "2016-01-31": "15.59400", "2015-01-31": "14.92300", "2014-01-31": "16.00300", "2013-01-31": "13.37500", "2012-01-31": "11.60500", "2011-01-31": "11.15500", "2010-01-31": "5.94900", "2009-01-31": "3.87700", "2008-01-31": "2.28300", "2007-01-31": "0.98300", "2006-01-31": "0.46800"}, "Common Stock Dividends Paid": {"2020-01-31": "", "2019-01-31": "", "2018-01-31": "", "2017-01-31": "", "2016-01-31": "", "2015-01-31": "", "2014-01-31": "", "2013-01-31": "-62.48200", "2012-01-31": "0.00000", "2011-01-31": "0.00000", "2010-01-31": "", "2009-01-31": "", "2008-01-31": "-93.01200", "2007-01-31": "", "2006-01-31": ""}}, "cash flow statement, quarterly": {"Net Income/Loss": {"2020-10-31": 74.798, "2020-07-31": 8.052, "2020-04-30": "-78.50900", "2020-01-31": 222.719, "2019-10-31": 129.747, "2019-07-31": 161.258, "2019-04-30": "192.22100", "2019-01-31": 214.674, "2018-10-31": 131.166, "2018-07-31": 148.323, "2018-04-30": "164.39600", "2018-01-31": 208.173, "2017-10-31": 104.645, "2017-07-31": 114.193, "2017-04-30": "128.22300", "2017-01-31": 140.218, "2016-10-31": 87.562, "2016-07-31": 90.004, "2016-04-30": "91.97600", "2016-01-31": 107.823, "2015-10-31": 71.07, "2015-07-31": 74.169, "2015-04-30": "66.94600", "2015-01-31": 87.264, "2014-10-31": 59.124, "2014-07-31": 60.794, "2014-04-30": "49.95300", "2014-01-31": 70.682, "2013-10-31": 45.43, "2013-07-31": 44.911, "2013-04-30": "41.82600", "2013-01-31": 64.532, "2012-10-31": 38.151, "2012-07-31": 34.998, "2012-04-30": "34.86800", "2012-01-31": 46.295, "2011-10-31": 26.768, "2011-07-31": 23.905, "2011-04-30": "23.29600", "2011-01-31": 30.104, "2010-10-31": 14.203, "2010-07-31": 13.062, "2010-04-30": "13.66100", "2010-01-31": 20.226, "2009-10-31": 8.46, "2009-07-31": 5.75, "2009-04-30": "4.92000", "2009-01-31": 12.288, "2008-10-31": 5.017, "2008-07-31": 3.688, "2008-04-30": "4.27500", "2008-01-31": 13.604, "2007-10-31": 4.206, "2007-07-31": 2.206, "2007-04-30": "5.31900", "2007-01-31": -12.871, "2006-10-31": 12.881}, "Total Depreciation And Amortization - Cash Flow": {"2020-10-31": 72.357, "2020-07-31": 77.403, "2020-04-30": "76.62600", "2020-01-31": 76.392, "2019-10-31": 74.256, "2019-07-31": 73.141, "2019-04-30": "71.81000", "2019-01-31": 71.82, "2018-10-31": 69.837, "2018-07-31": 69.026, "2018-04-30": "68.78900", "2018-01-31": 65.003, "2017-10-31": 62.128, "2017-07-31": 63.106, "2017-04-30": "62.47600", "2017-01-31": 59.281, "2016-10-31": 53.462, "2016-07-31": 49.665, "2016-04-30": "47.88700", "2016-01-31": 45.998, "2015-10-31": 42.313, "2015-07-31": 38.771, "2015-04-30": "37.96700", "2015-01-31": 35.709, "2014-10-31": 33.683, "2014-07-31": 31.899, "2014-04-30": "30.47300", "2014-01-31": 28.711, "2013-10-31": 26.825, "2013-07-31": 25.968, "2013-04-30": "24.77900", "2013-01-31": 23.401, "2012-10-31": 22.218, "2012-07-31": 21.629, "2012-04-30": "20.98500", "2012-01-31": 20.306, "2011-10-31": 19.225, "2011-07-31": 18.89, "2011-04-30": "17.51000", "2011-01-31": 17.238, "2010-10-31": 16.105, "2010-07-31": 15.675, "2010-04-30": "15.91800", "2010-01-31": 15.4, "2009-10-31": 15.406, "2009-07-31": 15.995, "2009-04-30": "15.36500", "2009-01-31": 13.826, "2008-10-31": 13.265, "2008-07-31": 12.336, "2008-04-30": "12.01800", "2008-01-31": 10.906, "2007-10-31": 9.494, "2007-07-31": 9.263, "2007-04-30": "9.84000", "2007-01-31": -20.139, "2006-10-31": 20.159}, "Other Non-Cash Items": {"2020-10-31": 79.651, "2020-07-31": 110.561, "2020-04-30": "104.01700", "2020-01-31": 72.077, "2019-10-31": 72.292, "2019-07-31": 81.703, "2019-04-30": "89.14600", "2019-01-31": 42.362, "2018-10-31": 6.956, "2018-07-31": 5.842, "2018-04-30": "8.44100", "2018-01-31": -10.932, "2017-10-31": 3.074, "2017-07-31": 5.284, "2017-04-30": "7.39600", "2017-01-31": 31.232, "2016-10-31": 8.327, "2016-07-31": 4.758, "2016-04-30": "2.08100", "2016-01-31": 11.986, "2015-10-31": 0.977, "2015-07-31": 1.522, "2015-04-30": "1.11100", "2015-01-31": 8.618, "2014-10-31": 8.67, "2014-07-31": 3.778, "2014-04-30": "4.34200", "2014-01-31": 8.159, "2013-10-31": -0.202, "2013-07-31": 1.615, "2013-04-30": "0.82300", "2013-01-31": 1.711, "2012-10-31": -3.961, "2012-07-31": -8.058, "2012-04-30": "-13.91500", "2012-01-31": 7.717, "2011-10-31": -4.432, "2011-07-31": 0.965, "2011-04-30": "-6.39300", "2011-01-31": 3.046, "2010-10-31": 1.236, "2010-07-31": 2.247, "2010-04-30": "1.20800", "2010-01-31": 4.754, "2009-10-31": 1.262, "2009-07-31": 1.215, "2009-04-30": "1.33400", "2009-01-31": 23.655, "2008-10-31": 0.603, "2008-07-31": 1.06, "2008-04-30": "-0.36500", "2008-01-31": -2.463, "2007-10-31": 0.511, "2007-07-31": -0.031, "2007-04-30": "-0.39800", "2007-01-31": 3.001, "2006-10-31": -3.001}, "Total Non-Cash Items": {"2020-10-31": 152.008, "2020-07-31": 187.964, "2020-04-30": "180.64300", "2020-01-31": 148.469, "2019-10-31": 146.548, "2019-07-31": 154.844, "2019-04-30": "160.95600", "2019-01-31": 114.182, "2018-10-31": 76.793, "2018-07-31": 74.868, "2018-04-30": "77.23000", "2018-01-31": 54.071, "2017-10-31": 65.202, "2017-07-31": 68.39, "2017-04-30": "69.87200", "2017-01-31": 90.513, "2016-10-31": 61.789, "2016-07-31": 54.423, "2016-04-30": "49.96800", "2016-01-31": 57.984, "2015-10-31": 43.29, "2015-07-31": 40.293, "2015-04-30": "39.07800", "2015-01-31": 44.327, "2014-10-31": 42.353, "2014-07-31": 35.677, "2014-04-30": "34.81500", "2014-01-31": 36.87, "2013-10-31": 26.623, "2013-07-31": 27.583, "2013-04-30": "25.60200", "2013-01-31": 25.112, "2012-10-31": 18.257, "2012-07-31": 13.571, "2012-04-30": "7.07000", "2012-01-31": 28.023, "2011-10-31": 14.793, "2011-07-31": 19.855, "2011-04-30": "11.11700", "2011-01-31": 20.284, "2010-10-31": 17.341, "2010-07-31": 17.922, "2010-04-30": "17.12600", "2010-01-31": 20.154, "2009-10-31": 16.668, "2009-07-31": 17.21, "2009-04-30": "16.69900", "2009-01-31": 37.481, "2008-10-31": 13.868, "2008-07-31": 13.396, "2008-04-30": "11.65300", "2008-01-31": 8.443, "2007-10-31": 10.005, "2007-07-31": 9.232, "2007-04-30": "9.44200", "2007-01-31": -17.138, "2006-10-31": 17.158}, "Change In Accounts Receivable": {"2020-10-31": -8.279, "2020-07-31": -39.301, "2020-04-30": "50.64600", "2020-01-31": -26.449, "2019-10-31": -5.625, "2019-07-31": 2.783, "2019-04-30": "8.65400", "2019-01-31": -33.793, "2018-10-31": 1.353, "2018-07-31": -3.392, "2018-04-30": "-0.55500", "2018-01-31": -16.785, "2017-10-31": -15.341, "2017-07-31": -4.657, "2017-04-30": "25.69500", "2017-01-31": -22.923, "2016-10-31": -9.71, "2016-07-31": -1.886, "2016-04-30": "10.88000", "2016-01-31": -14.053, "2015-10-31": -5.662, "2015-07-31": -1.719, "2015-04-30": "8.88200", "2015-01-31": -3.041, "2014-10-31": -7.289, "2014-07-31": -15.388, "2014-04-30": "20.32700", "2014-01-31": -0.138, "2013-10-31": -15.913, "2013-07-31": -1.073, "2013-04-30": "11.59000", "2013-01-31": -4.866, "2012-10-31": -4.37, "2012-07-31": -9.951, "2012-04-30": "3.82500", "2012-01-31": -5.073, "2011-10-31": -1.141, "2011-07-31": -4.305, "2011-04-30": "6.65800", "2011-01-31": -1.906, "2010-10-31": -8.968, "2010-07-31": -3.367, "2010-04-30": "5.42600", "2010-01-31": -0.137, "2009-10-31": -0.205, "2009-07-31": -0.743, "2009-04-30": "5.87600", "2009-01-31": 2.22, "2008-10-31": -1.324, "2008-07-31": 0.369, "2008-04-30": "1.11000", "2008-01-31": -4.554, "2007-10-31": -1.793, "2007-07-31": 2.842, "2007-04-30": "1.33800", "2007-01-31": -1.851, "2006-10-31": 1.851}, "Change In Inventories": {"2020-10-31": -70.555, "2020-07-31": -27.977, "2020-04-30": "-46.86500", "2020-01-31": 323.219, "2019-10-31": -300.921, "2019-07-31": -65.962, "2019-04-30": "-35.70800", "2019-01-31": 266.122, "2018-10-31": -264.88, "2018-07-31": -82.869, "2018-04-30": "-40.39200", "2018-01-31": 253.29, "2017-10-31": -205.012, "2017-07-31": -96.271, "2017-04-30": "-104.45600", "2017-01-31": 193.048, "2016-10-31": -206.818, "2016-07-31": -86.715, "2016-04-30": "-81.69700", "2016-01-31": 122.614, "2015-10-31": -178.747, "2015-07-31": -42.724, "2015-04-30": "-81.70700", "2015-01-31": 128.438, "2014-10-31": -168.159, "2014-07-31": -10.081, "2014-04-30": "-73.49400", "2014-01-31": 124.37, "2013-10-31": -121.147, "2013-07-31": -19.071, "2013-04-30": "-80.96000", "2013-01-31": 101.708, "2012-10-31": -146.099, "2012-07-31": 15.331, "2012-04-30": "-87.41800", "2012-01-31": 110.244, "2011-10-31": -96.139, "2011-07-31": -3.205, "2011-04-30": "-37.03100", "2011-01-31": 83.043, "2010-10-31": -77.23, "2010-07-31": 3.753, "2010-04-30": "-21.13400", "2010-01-31": 67.03, "2009-10-31": -64.826, "2009-07-31": 21.134, "2009-04-30": "-16.68400", "2009-01-31": 55.326, "2008-10-31": -71.9, "2008-07-31": 15.536, "2008-04-30": "-36.45500", "2008-01-31": 43.344, "2007-10-31": -70.894, "2007-07-31": 4.308, "2007-04-30": "-23.63000", "2007-01-31": 47.414, "2006-10-31": -47.414}, "Change In Accounts Payable": {"2020-10-31": 80.823, "2020-07-31": -65.451, "2020-04-30": "46.96500", "2020-01-31": -180.984, "2019-10-31": 144.876, "2019-07-31": 42.772, "2019-04-30": "3.32900", "2019-01-31": -170.463, "2018-10-31": 164.628, "2018-07-31": 37.185, "2018-04-30": "46.90600", "2018-01-31": -121.535, "2017-10-31": 133.81, "2017-07-31": -5.869, "2017-04-30": "59.83400", "2017-01-31": -165.553, "2016-10-31": 139.833, "2016-07-31": 18.96, "2016-04-30": "70.10400", "2016-01-31": -95.095, "2015-10-31": 75.549, "2015-07-31": 6.211, "2015-04-30": "18.73100", "2015-01-31": -45.551, "2014-10-31": 72.87, "2014-07-31": -20.689, "2014-04-30": "35.86600", "2014-01-31": -41.911, "2013-10-31": 59.455, "2013-07-31": -17.75, "2013-04-30": "29.60200", "2013-01-31": -66.291, "2012-10-31": 96.296, "2012-07-31": -23.008, "2012-04-30": "25.44700", "2012-01-31": -47.601, "2011-10-31": 52.663, "2011-07-31": -0.13, "2011-04-30": "-5.58300", "2011-01-31": -33.152, "2010-10-31": 58.929, "2010-07-31": 0.623, "2010-04-30": "4.30600", "2010-01-31": -61.133, "2009-10-31": 77.127, "2009-07-31": -13.107, "2009-04-30": "5.68900", "2009-01-31": -49.957, "2008-10-31": 57.138, "2008-07-31": -25.878, "2008-04-30": "14.38600", "2008-01-31": -33.863, "2007-10-31": 44.976, "2007-07-31": -9.913, "2007-04-30": "7.85100", "2007-01-31": -25.816, "2006-10-31": 25.816}, "Change In Assets/Liabilities": {"2020-10-31": -83.415, "2020-07-31": -60.366, "2020-04-30": "-80.67600", "2020-01-31": 27.652, "2019-10-31": -28.488, "2019-07-31": -52.234, "2019-04-30": "-101.17600", "2019-01-31": 30.78, "2018-10-31": 1.64, "2018-07-31": 60.466, "2018-04-30": "-57.89700", "2018-01-31": 67.955, "2017-10-31": 10.302, "2017-07-31": 7.336, "2017-04-30": "5.35500", "2017-01-31": 0.216, "2016-10-31": 15.099, "2016-07-31": 8.008, "2016-04-30": "10.70700", "2016-01-31": -5.595, "2015-10-31": 5.437, "2015-07-31": 5.386, "2015-04-30": "16.99200", "2015-01-31": -5.444, "2014-10-31": 11.109, "2014-07-31": 11.862, "2014-04-30": "6.02100", "2014-01-31": 0.641, "2013-10-31": 17.523, "2013-07-31": 15.528, "2013-04-30": "14.56400", "2013-01-31": 2.617, "2012-10-31": 11.927, "2012-07-31": 8.27, "2012-04-30": "11.83800", "2012-01-31": -0.767, "2011-10-31": 1.755, "2011-07-31": 12.199, "2011-04-30": "5.06400", "2011-01-31": 0.27, "2010-10-31": 12.188, "2010-07-31": 4.407, "2010-04-30": "1.47100", "2010-01-31": -1.352, "2009-10-31": 1.926, "2009-07-31": 2.904, "2009-04-30": "2.97400", "2009-01-31": 1.828, "2008-10-31": 4.574, "2008-07-31": 12.616, "2008-04-30": "5.92500", "2008-01-31": 11.582, "2007-10-31": 7.954, "2007-07-31": -0.77, "2007-04-30": "-1.49200", "2007-01-31": -6.846, "2006-10-31": 6.846}, "Total Change In Assets/Liabilities": {"2020-10-31": 16.25, "2020-07-31": -155.709, "2020-04-30": "-126.45200", "2020-01-31": 172.599, "2019-10-31": -166.125, "2019-07-31": -140.444, "2019-04-30": "-81.49900", "2019-01-31": 85.057, "2018-10-31": -53.748, "2018-07-31": -112.451, "2018-04-30": "35.63700", "2018-01-31": 188.029, "2017-10-31": -60.747, "2017-07-31": -138.334, "2017-04-30": "-22.35100", "2017-01-31": 80.636, "2016-10-31": -45.963, "2016-07-31": -91.728, "2016-04-30": "24.98700", "2016-01-31": 61.094, "2015-10-31": -91.083, "2015-07-31": -57.058, "2015-04-30": "-37.73200", "2015-01-31": 118.851, "2014-10-31": -88.555, "2014-07-31": -36.936, "2014-04-30": "-11.07500", "2014-01-31": 120.04, "2013-10-31": -56.44, "2013-07-31": -30.809, "2013-04-30": "-24.59300", "2013-01-31": 71.899, "2012-10-31": -15.182, "2012-07-31": -24.883, "2012-04-30": "-29.39200", "2012-01-31": 69.109, "2011-10-31": -25.038, "2011-07-31": 12.74, "2011-04-30": "-29.97600", "2011-01-31": 55.662, "2010-10-31": -1.176, "2010-07-31": -0.676, "2010-04-30": "-20.97000", "2010-01-31": 17.515, "2009-10-31": 19.933, "2009-07-31": 28.954, "2009-04-30": "-3.66200", "2009-01-31": -4.048, "2008-10-31": -10.457, "2008-07-31": 5.387, "2008-04-30": "-17.34500", "2008-01-31": 27.737, "2007-10-31": -17.146, "2007-07-31": 2.79, "2007-04-30": "-28.93200", "2007-01-31": 18.241, "2006-10-31": -18.281}, "Cash Flow From Operating Activities": {"2020-10-31": 243.056, "2020-07-31": 40.307, "2020-04-30": "-24.31800", "2020-01-31": 543.787, "2019-10-31": 110.17, "2019-07-31": 175.658, "2019-04-30": "271.67800", "2019-01-31": 413.913, "2018-10-31": 154.211, "2018-07-31": 110.74, "2018-04-30": "277.26300", "2018-01-31": 450.273, "2017-10-31": 109.1, "2017-07-31": 44.249, "2017-04-30": "175.74400", "2017-01-31": 311.367, "2016-10-31": 103.388, "2016-07-31": 52.699, "2016-04-30": "166.93100", "2016-01-31": 226.901, "2015-10-31": 23.277, "2015-07-31": 57.404, "2015-04-30": "68.29200", "2015-01-31": 250.442, "2014-10-31": 12.922, "2014-07-31": 59.535, "2014-04-30": "73.69300", "2014-01-31": 227.592, "2013-10-31": 15.613, "2013-07-31": 41.685, "2013-04-30": "42.83500", "2013-01-31": 161.543, "2012-10-31": 41.226, "2012-07-31": 23.686, "2012-04-30": "12.54600", "2012-01-31": 143.427, "2011-10-31": 16.523, "2011-07-31": 56.5, "2011-04-30": "4.43700", "2011-01-31": 106.05, "2010-10-31": 30.368, "2010-07-31": 30.308, "2010-04-30": "9.81700", "2010-01-31": 57.895, "2009-10-31": 45.061, "2009-07-31": 51.914, "2009-04-30": "17.95700", "2009-01-31": 45.721, "2008-10-31": 8.428, "2008-07-31": 22.471, "2008-04-30": "-1.41700", "2008-01-31": 49.784, "2007-10-31": -2.935, "2007-07-31": 14.228, "2007-04-30": "-14.17100", "2007-01-31": -11.761, "2006-10-31": 11.758}, "Net Change In Property, Plant, And Equipment": {"2020-10-31": -39.655, "2020-07-31": -35.616, "2020-04-30": "-41.47400", "2020-01-31": -57.398, "2019-10-31": -89.923, "2019-07-31": -79.377, "2019-04-30": "-71.83600", "2019-01-31": -62.985, "2018-10-31": -114.724, "2018-07-31": -67.432, "2018-04-30": "-74.25900", "2018-01-31": -103.075, "2017-10-31": -144.429, "2017-07-31": -116.456, "2017-04-30": "-76.75400", "2017-01-31": -92.244, "2016-10-31": -131.608, "2016-07-31": -95.274, "2016-04-30": "-54.32100", "2016-01-31": -67.258, "2015-10-31": -94.691, "2015-07-31": -80.596, "2015-04-30": "-56.62200", "2015-01-31": -76.569, "2014-10-31": -78.401, "2014-07-31": -54.991, "2014-04-30": "-39.10600", "2014-01-31": -49.058, "2013-10-31": -78.937, "2013-07-31": -56.025, "2013-04-30": "-42.00400", "2013-01-31": -44.548, "2012-10-31": -72.692, "2012-07-31": -46.539, "2012-04-30": "-24.79900", "2012-01-31": -30.941, "2011-10-31": -45.016, "2011-07-31": -33.139, "2011-04-30": "-19.54000", "2011-01-31": -22.35, "2010-10-31": -42.181, "2010-07-31": -24.886, "2010-04-30": "-7.69800", "2010-01-31": -18.715, "2009-10-31": -19.634, "2009-07-31": -17.436, "2009-04-30": "-12.32000", "2009-01-31": -14.255, "2008-10-31": -28.536, "2008-07-31": -37.527, "2008-04-30": "-30.54500", "2008-01-31": -27.218, "2007-10-31": -31.759, "2007-07-31": -25.132, "2007-04-30": "-17.75700", "2007-01-31": 38.176, "2006-10-31": -38.246}, "Net Change In Intangible Assets": {"2020-10-31": 0, "2020-07-31": 0, "2020-04-30": "", "2020-01-31": 0, "2019-10-31": 0, "2019-07-31": 0, "2019-04-30": "", "2019-01-31": 0, "2018-10-31": 0, "2018-07-31": 0, "2018-04-30": "", "2018-01-31": 0, "2017-10-31": 0, "2017-07-31": 0, "2017-04-30": "", "2017-01-31": 0, "2016-10-31": 0, "2016-07-31": 0, "2016-04-30": "", "2016-01-31": 0, "2015-10-31": 0, "2015-07-31": 0, "2015-04-30": "", "2015-01-31": 0, "2014-10-31": 0, "2014-07-31": 0, "2014-04-30": "", "2014-01-31": 0, "2013-10-31": 0, "2013-07-31": 0, "2013-04-30": "", "2013-01-31": 0, "2012-10-31": 0, "2012-07-31": 0, "2012-04-30": "", "2012-01-31": 0, "2011-10-31": 0, "2011-07-31": 0, "2011-04-30": "", "2011-01-31": 0, "2010-10-31": 0, "2010-07-31": 0, "2010-04-30": "", "2010-01-31": 0, "2009-10-31": 0, "2009-07-31": 0, "2009-04-30": "", "2009-01-31": 0, "2008-10-31": 0, "2008-07-31": 0, "2008-04-30": "", "2008-01-31": 0, "2007-10-31": 0, "2007-07-31": 0, "2007-04-30": "", "2007-01-31": 0, "2006-10-31": 0}, "Net Acquisitions/Divestitures": {"2020-10-31": 0, "2020-07-31": -1.22, "2020-04-30": "", "2020-01-31": 0, "2019-10-31": 0, "2019-07-31": 0, "2019-04-30": "", "2019-01-31": 0, "2018-10-31": -13.606, "2018-07-31": 0, "2018-04-30": "", "2018-01-31": 0, "2017-10-31": 0, "2017-07-31": 0, "2017-04-30": "", "2017-01-31": 0, "2016-10-31": 0, "2016-07-31": 0, "2016-04-30": "", "2016-01-31": 0, "2015-10-31": 0, "2015-07-31": 0, "2015-04-30": "", "2015-01-31": 0, "2014-10-31": 0, "2014-07-31": 0, "2014-04-30": "", "2014-01-31": 0, "2013-10-31": 0, "2013-07-31": 0, "2013-04-30": "", "2013-01-31": 0, "2012-10-31": 0, "2012-07-31": 0, "2012-04-30": "", "2012-01-31": 0, "2011-10-31": 0, "2011-07-31": 0, "2011-04-30": "", "2011-01-31": 0, "2010-10-31": 0, "2010-07-31": 0, "2010-04-30": "", "2010-01-31": 0, "2009-10-31": 0, "2009-07-31": 0, "2009-04-30": "", "2009-01-31": 0, "2008-10-31": 0, "2008-07-31": 0, "2008-04-30": "", "2008-01-31": 0, "2007-10-31": 0, "2007-07-31": 0, "2007-04-30": "", "2007-01-31": 0, "2006-10-31": 0}, "Net Change In Short-term Investments": {"2020-10-31": 0, "2020-07-31": 110, "2020-04-30": "", "2020-01-31": -110, "2019-10-31": 150, "2019-07-31": 45, "2019-04-30": "-195.00000", "2019-01-31": 0, "2018-10-31": 149, "2018-07-31": 88.193, "2018-04-30": "-117.19300", "2018-01-31": -60, "2017-10-31": 120, "2017-07-31": -30, "2017-04-30": "-120.00000", "2017-01-31": 80, "2016-10-31": 0, "2016-07-31": 20, "2016-04-30": "", "2016-01-31": 20.209, "2015-10-31": 0, "2015-07-31": 0, "2015-04-30": "", "2015-01-31": -50.209, "2014-10-31": 0.146, "2014-07-31": -100.146, "2014-04-30": "", "2014-01-31": 0, "2013-10-31": 0, "2013-07-31": 0, "2013-04-30": "", "2013-01-31": 0, "2012-10-31": 0, "2012-07-31": 0, "2012-04-30": "", "2012-01-31": 0, "2011-10-31": 0, "2011-07-31": 0, "2011-04-30": "", "2011-01-31": 0, "2010-10-31": 0, "2010-07-31": 0, "2010-04-30": "", "2010-01-31": 0, "2009-10-31": 0, "2009-07-31": 0, "2009-04-30": "", "2009-01-31": 0, "2008-10-31": 0, "2008-07-31": 0, "2008-04-30": "", "2008-01-31": 0, "2007-10-31": 0, "2007-07-31": 0, "2007-04-30": "", "2007-01-31": 0, "2006-10-31": 0}, "Net Change In Long-Term Investments": {"2020-10-31": -0.279, "2020-07-31": 0, "2020-04-30": "-5.38600", "2020-01-31": -19.189, "2019-10-31": -10.418, "2019-07-31": -20.603, "2019-04-30": "-12.73600", "2019-01-31": -2.101, "2018-10-31": 0, "2018-07-31": 0, "2018-04-30": "", "2018-01-31": 0, "2017-10-31": 0, "2017-07-31": 0, "2017-04-30": "", "2017-01-31": 0, "2016-10-31": 0, "2016-07-31": 0, "2016-04-30": "", "2016-01-31": 0, "2015-10-31": 0, "2015-07-31": 0, "2015-04-30": "", "2015-01-31": 0, "2014-10-31": 0, "2014-07-31": 0, "2014-04-30": "", "2014-01-31": 0, "2013-10-31": 0, "2013-07-31": 0, "2013-04-30": "", "2013-01-31": 0, "2012-10-31": 0, "2012-07-31": 0, "2012-04-30": "", "2012-01-31": 0, "2011-10-31": 0, "2011-07-31": 0, "2011-04-30": "", "2011-01-31": 0, "2010-10-31": 0, "2010-07-31": 0, "2010-04-30": "", "2010-01-31": 0, "2009-10-31": 0, "2009-07-31": 0, "2009-04-30": "", "2009-01-31": 0, "2008-10-31": 0, "2008-07-31": 0, "2008-04-30": "", "2008-01-31": 0, "2007-10-31": 0, "2007-07-31": 0, "2007-04-30": "", "2007-01-31": 0, "2006-10-31": 0}, "Net Change In Investments - Total": {"2020-10-31": -0.279, "2020-07-31": 110, "2020-04-30": "-5.38600", "2020-01-31": -129.189, "2019-10-31": 139.582, "2019-07-31": 24.397, "2019-04-30": "-207.73600", "2019-01-31": -2.101, "2018-10-31": 149, "2018-07-31": 88.193, "2018-04-30": "-117.19300", "2018-01-31": -60, "2017-10-31": 120, "2017-07-31": -30, "2017-04-30": "-120.00000", "2017-01-31": 80, "2016-10-31": 0, "2016-07-31": 20, "2016-04-30": "", "2016-01-31": 20.209, "2015-10-31": 0, "2015-07-31": 0, "2015-04-30": "", "2015-01-31": -50.209, "2014-10-31": 0.146, "2014-07-31": -100.146, "2014-04-30": "", "2014-01-31": 0, "2013-10-31": 0, "2013-07-31": 0, "2013-04-30": "", "2013-01-31": 0, "2012-10-31": 0, "2012-07-31": 0, "2012-04-30": "", "2012-01-31": 0, "2011-10-31": 0, "2011-07-31": 0, "2011-04-30": "", "2011-01-31": 0, "2010-10-31": 0, "2010-07-31": 0, "2010-04-30": "", "2010-01-31": 0, "2009-10-31": 0, "2009-07-31": 0, "2009-04-30": "", "2009-01-31": 0, "2008-10-31": 0, "2008-07-31": 0, "2008-04-30": "", "2008-01-31": 0, "2007-10-31": 0, "2007-07-31": 0, "2007-04-30": "", "2007-01-31": 0, "2006-10-31": 0}, "Investing Activities - Other": {"2020-10-31": 0, "2020-07-31": 0, "2020-04-30": "", "2020-01-31": 0, "2019-10-31": 0, "2019-07-31": 0, "2019-04-30": "", "2019-01-31": 0, "2018-10-31": 0, "2018-07-31": 0, "2018-04-30": "", "2018-01-31": 0, "2017-10-31": 0, "2017-07-31": 0, "2017-04-30": "", "2017-01-31": 0, "2016-10-31": 0, "2016-07-31": 0, "2016-04-30": "", "2016-01-31": 0, "2015-10-31": 0, "2015-07-31": 0, "2015-04-30": "", "2015-01-31": 0, "2014-10-31": 0, "2014-07-31": 0, "2014-04-30": "", "2014-01-31": 0, "2013-10-31": 0, "2013-07-31": 0, "2013-04-30": "", "2013-01-31": 0, "2012-10-31": 0, "2012-07-31": 0, "2012-04-30": "", "2012-01-31": 0, "2011-10-31": 0, "2011-07-31": 0, "2011-04-30": "", "2011-01-31": 0, "2010-10-31": 0, "2010-07-31": 0, "2010-04-30": "", "2010-01-31": 0, "2009-10-31": 0, "2009-07-31": 0, "2009-04-30": "", "2009-01-31": 0, "2008-10-31": 0, "2008-07-31": 0, "2008-04-30": "", "2008-01-31": 0, "2007-10-31": 0, "2007-07-31": 4.094, "2007-04-30": "0.37300", "2007-01-31": 2.418, "2006-10-31": -2.414}, "Cash Flow From Investing Activities": {"2020-10-31": -39.934, "2020-07-31": 73.164, "2020-04-30": "-46.86000", "2020-01-31": -186.587, "2019-10-31": 49.659, "2019-07-31": -54.98, "2019-04-30": "-279.57200", "2019-01-31": -65.086, "2018-10-31": 20.67, "2018-07-31": 20.761, "2018-04-30": "-191.45200", "2018-01-31": -163.075, "2017-10-31": -24.429, "2017-07-31": -146.456, "2017-04-30": "-196.75400", "2017-01-31": -12.244, "2016-10-31": -131.608, "2016-07-31": -75.274, "2016-04-30": "-54.32100", "2016-01-31": -47.049, "2015-10-31": -94.691, "2015-07-31": -80.596, "2015-04-30": "-56.62200", "2015-01-31": -126.778, "2014-10-31": -78.255, "2014-07-31": -155.137, "2014-04-30": "-39.10600", "2014-01-31": -49.058, "2013-10-31": -78.937, "2013-07-31": -56.025, "2013-04-30": "-42.00400", "2013-01-31": -44.548, "2012-10-31": -72.692, "2012-07-31": -46.539, "2012-04-30": "-24.79900", "2012-01-31": -30.941, "2011-10-31": -45.016, "2011-07-31": -33.139, "2011-04-30": "-19.54000", "2011-01-31": -22.35, "2010-10-31": -42.181, "2010-07-31": -24.886, "2010-04-30": "-7.69800", "2010-01-31": -18.715, "2009-10-31": -19.634, "2009-07-31": -17.436, "2009-04-30": "-12.32000", "2009-01-31": -14.255, "2008-10-31": -28.536, "2008-07-31": -37.527, "2008-04-30": "-30.54500", "2008-01-31": -27.218, "2007-10-31": -31.759, "2007-07-31": -21.038, "2007-04-30": "-17.38400", "2007-01-31": 40.59, "2006-10-31": -40.66}, "Net Long-Term Debt": {"2020-10-31": -800, "2020-07-31": 0, "2020-04-30": "800.00000", "2020-01-31": 0, "2019-10-31": 0, "2019-07-31": 0, "2019-04-30": "", "2019-01-31": 0, "2018-10-31": 0, "2018-07-31": 0, "2018-04-30": "", "2018-01-31": 0, "2017-10-31": 0, "2017-07-31": 0, "2017-04-30": "", "2017-01-31": 0, "2016-10-31": 0, "2016-07-31": 0, "2016-04-30": "", "2016-01-31": 0, "2015-10-31": 0, "2015-07-31": 0, "2015-04-30": "", "2015-01-31": 0, "2014-10-31": 0, "2014-07-31": 0, "2014-04-30": "", "2014-01-31": 0, "2013-10-31": 0, "2013-07-31": 0, "2013-04-30": "", "2013-01-31": 0, "2012-10-31": 0, "2012-07-31": 0, "2012-04-30": "", "2012-01-31": 0, "2011-10-31": 0, "2011-07-31": 0, "2011-04-30": "", "2011-01-31": 0, "2010-10-31": 0, "2010-07-31": 0, "2010-04-30": "", "2010-01-31": -39.162, "2009-10-31": -26.289, "2009-07-31": -35.13, "2009-04-30": "-5.46600", "2009-01-31": -31.933, "2008-10-31": 19.824, "2008-07-31": 13.622, "2008-04-30": "29.76400", "2008-01-31": -22.23, "2007-10-31": 8.174, "2007-07-31": 5.735, "2007-04-30": "32.35400", "2007-01-31": -25.931, "2006-10-31": 25.931}, "Net Current Debt": {"2020-10-31": 0, "2020-07-31": 0, "2020-04-30": "", "2020-01-31": 0, "2019-10-31": 0, "2019-07-31": 0, "2019-04-30": "", "2019-01-31": 0, "2018-10-31": 0, "2018-07-31": 0, "2018-04-30": "", "2018-01-31": 0, "2017-10-31": 0, "2017-07-31": 0, "2017-04-30": "", "2017-01-31": 0, "2016-10-31": 0, "2016-07-31": 0, "2016-04-30": "", "2016-01-31": 0, "2015-10-31": 0, "2015-07-31": 0, "2015-04-30": "", "2015-01-31": 0, "2014-10-31": 0, "2014-07-31": 0, "2014-04-30": "", "2014-01-31": 0, "2013-10-31": 0, "2013-07-31": 0, "2013-04-30": "", "2013-01-31": 0, "2012-10-31": 0, "2012-07-31": 0, "2012-04-30": "", "2012-01-31": 0, "2011-10-31": 0, "2011-07-31": 0, "2011-04-30": "", "2011-01-31": 0, "2010-10-31": 0, "2010-07-31": 0, "2010-04-30": "", "2010-01-31": 0, "2009-10-31": 0, "2009-07-31": 0, "2009-04-30": "", "2009-01-31": 0, "2008-10-31": 0, "2008-07-31": 0, "2008-04-30": "", "2008-01-31": 0, "2007-10-31": 0, "2007-07-31": 0, "2007-04-30": "", "2007-01-31": 0, "2006-10-31": 0}, "Debt Issuance/Retirement Net - Total": {"2020-10-31": -800, "2020-07-31": 0, "2020-04-30": "800.00000", "2020-01-31": 0, "2019-10-31": 0, "2019-07-31": 0, "2019-04-30": "", "2019-01-31": 0, "2018-10-31": 0, "2018-07-31": 0, "2018-04-30": "", "2018-01-31": 0, "2017-10-31": 0, "2017-07-31": 0, "2017-04-30": "", "2017-01-31": 0, "2016-10-31": 0, "2016-07-31": 0, "2016-04-30": "", "2016-01-31": 0, "2015-10-31": 0, "2015-07-31": 0, "2015-04-30": "", "2015-01-31": 0, "2014-10-31": 0, "2014-07-31": 0, "2014-04-30": "", "2014-01-31": 0, "2013-10-31": 0, "2013-07-31": 0, "2013-04-30": "", "2013-01-31": 0, "2012-10-31": 0, "2012-07-31": 0, "2012-04-30": "", "2012-01-31": 0, "2011-10-31": 0, "2011-07-31": 0, "2011-04-30": "", "2011-01-31": 0, "2010-10-31": 0, "2010-07-31": 0, "2010-04-30": "", "2010-01-31": -39.162, "2009-10-31": -26.289, "2009-07-31": -35.13, "2009-04-30": "-5.46600", "2009-01-31": -31.933, "2008-10-31": 19.824, "2008-07-31": 13.622, "2008-04-30": "29.76400", "2008-01-31": -22.23, "2007-10-31": 8.174, "2007-07-31": 5.735, "2007-04-30": "32.35400", "2007-01-31": -25.891, "2006-10-31": 25.931}, "Net Common Equity Issued/Repurchased": {"2020-10-31": 0.578, "2020-07-31": 0.264, "2020-04-30": "-75.73300", "2020-01-31": -173.718, "2019-10-31": -128.384, "2019-07-31": -270.111, "2019-04-30": "-74.52600", "2019-01-31": -236.5201, "2018-10-31": -115.044, "2018-07-31": -126.28, "2018-04-30": "-131.37000", "2018-01-31": -56.508, "2017-10-31": -130.193, "2017-07-31": -126.658, "2017-04-30": "-42.27500", "2017-01-31": -47.273, "2016-10-31": -37.072, "2016-07-31": -24.077, "2016-04-30": "-222.39900", "2016-01-31": -44.453, "2015-10-31": -45.599, "2015-07-31": -40.855, "2015-04-30": "-18.81500", "2015-01-31": -29.514, "2014-10-31": -4.532, "2014-07-31": 1.429, "2014-04-30": "1.74500", "2014-01-31": 0, "2013-10-31": 11.377, "2013-07-31": 4.538, "2013-04-30": "-31.99300", "2013-01-31": 5.754, "2012-10-31": 12.234, "2012-07-31": 5.153, "2012-04-30": "8.31000", "2012-01-31": 2.823, "2011-10-31": 8.527, "2011-07-31": 1.06, "2011-04-30": "11.99300", "2011-01-31": 10.803, "2010-10-31": 2.863, "2010-07-31": 1.624, "2010-04-30": "1.81000", "2010-01-31": 0.33, "2009-10-31": 0.675, "2009-07-31": 0.192, "2009-04-30": "0.03100", "2009-01-31": 0.189, "2008-10-31": 0.213, "2008-07-31": 0.696, "2008-04-30": "1.36000", "2008-01-31": -0.092, "2007-10-31": 124.047, "2007-07-31": 0.161, "2007-04-30": "-1.28300", "2007-01-31": -0.535, "2006-10-31": 0.535}, "Net Total Equity Issued/Repurchased": {"2020-10-31": 0.578, "2020-07-31": 0.264, "2020-04-30": "-75.73300", "2020-01-31": -173.718, "2019-10-31": -128.384, "2019-07-31": -270.111, "2019-04-30": "-74.52600", "2019-01-31": -236.5201, "2018-10-31": -115.044, "2018-07-31": -126.28, "2018-04-30": "-131.37000", "2018-01-31": -56.508, "2017-10-31": -130.193, "2017-07-31": -126.658, "2017-04-30": "-42.27500", "2017-01-31": -47.273, "2016-10-31": -37.072, "2016-07-31": -24.077, "2016-04-30": "-222.39900", "2016-01-31": -44.453, "2015-10-31": -45.599, "2015-07-31": -40.855, "2015-04-30": "-18.81500", "2015-01-31": -29.514, "2014-10-31": -4.532, "2014-07-31": 1.429, "2014-04-30": "1.74500", "2014-01-31": 0, "2013-10-31": 11.377, "2013-07-31": 4.538, "2013-04-30": "-31.99300", "2013-01-31": 5.754, "2012-10-31": 12.234, "2012-07-31": 5.153, "2012-04-30": "8.31000", "2012-01-31": 2.823, "2011-10-31": 8.527, "2011-07-31": 1.06, "2011-04-30": "11.99300", "2011-01-31": 10.803, "2010-10-31": 2.863, "2010-07-31": 1.624, "2010-04-30": "1.81000", "2010-01-31": 0.33, "2009-10-31": 0.675, "2009-07-31": 0.192, "2009-04-30": "0.03100", "2009-01-31": 0.189, "2008-10-31": 0.213, "2008-07-31": 0.696, "2008-04-30": "1.36000", "2008-01-31": -0.092, "2007-10-31": 119.255, "2007-07-31": 0.161, "2007-04-30": "-1.28300", "2007-01-31": -0.425, "2006-10-31": 0.535}, "Total Common And Preferred Stock Dividends Paid": {"2020-10-31": 0, "2020-07-31": 0, "2020-04-30": "", "2020-01-31": 0, "2019-10-31": 0, "2019-07-31": 0, "2019-04-30": "", "2019-01-31": 0, "2018-10-31": 0, "2018-07-31": 0, "2018-04-30": "", "2018-01-31": 0, "2017-10-31": 0, "2017-07-31": 0, "2017-04-30": "", "2017-01-31": 0, "2016-10-31": 0, "2016-07-31": 0, "2016-04-30": "", "2016-01-31": 0, "2015-10-31": 0, "2015-07-31": 0, "2015-04-30": "", "2015-01-31": 0, "2014-10-31": 0, "2014-07-31": 0, "2014-04-30": "", "2014-01-31": 0, "2013-10-31": 0, "2013-07-31": 0, "2013-04-30": "", "2013-01-31": 0, "2012-10-31": 0, "2012-07-31": -62.482, "2012-04-30": "", "2012-01-31": 0, "2011-10-31": 0, "2011-07-31": 0, "2011-04-30": "", "2011-01-31": 0, "2010-10-31": 0, "2010-07-31": 0, "2010-04-30": "", "2010-01-31": 0, "2009-10-31": 0, "2009-07-31": 0, "2009-04-30": "", "2009-01-31": 0, "2008-10-31": 0, "2008-07-31": 0, "2008-04-30": "", "2008-01-31": 0, "2007-10-31": -93.012, "2007-07-31": 0, "2007-04-30": "", "2007-01-31": -0.09, "2006-10-31": 0}, "Financial Activities - Other": {"2020-10-31": 0, "2020-07-31": -0.062, "2020-04-30": "-1.79900", "2020-01-31": 0, "2019-10-31": 0, "2019-07-31": 0, "2019-04-30": "", "2019-01-31": 0, "2018-10-31": 0, "2018-07-31": 0, "2018-04-30": "", "2018-01-31": -0.032, "2017-10-31": -0.551, "2017-07-31": 0, "2017-04-30": "", "2017-01-31": 0.052, "2016-10-31": 4.316, "2016-07-31": 1.482, "2016-04-30": "3.20300", "2016-01-31": 0.889, "2015-10-31": 1.351, "2015-07-31": 3.254, "2015-04-30": "4.00300", "2015-01-31": -0.061, "2014-10-31": 1.867, "2014-07-31": 0.522, "2014-04-30": "0.90100", "2014-01-31": 0.026, "2013-10-31": 6.653, "2013-07-31": 2.798, "2013-04-30": "3.90100", "2013-01-31": 6.002, "2012-10-31": 13.555, "2012-07-31": 11.238, "2012-04-30": "16.55000", "2012-01-31": 7.772, "2011-10-31": 8.078, "2011-07-31": 1.313, "2011-04-30": "8.73600", "2011-01-31": 8.331, "2010-10-31": 1.385, "2010-07-31": 0.2, "2010-04-30": "0.72400", "2010-01-31": -0.126, "2009-10-31": 0.319, "2009-07-31": 0.283, "2009-04-30": "", "2009-01-31": 0.268, "2008-10-31": 0.464, "2008-07-31": 0.018, "2008-04-30": "1.02400", "2008-01-31": 0.033, "2007-10-31": 0.624, "2007-07-31": 0.918, "2007-04-30": "", "2007-01-31": -2.816, "2006-10-31": 2.818}, "Cash Flow From Financial Activities": {"2020-10-31": -799.422, "2020-07-31": 0.202, "2020-04-30": "722.46800", "2020-01-31": -173.718, "2019-10-31": -128.384, "2019-07-31": -270.111, "2019-04-30": "-74.52600", "2019-01-31": -236.52, "2018-10-31": -115.044, "2018-07-31": -126.28, "2018-04-30": "-131.37000", "2018-01-31": -56.54, "2017-10-31": -130.744, "2017-07-31": -126.658, "2017-04-30": "-42.27500", "2017-01-31": -47.221, "2016-10-31": -32.756, "2016-07-31": -22.595, "2016-04-30": "-219.19600", "2016-01-31": -43.564, "2015-10-31": -44.248, "2015-07-31": -37.601, "2015-04-30": "-14.81200", "2015-01-31": -29.575, "2014-10-31": -2.665, "2014-07-31": 1.951, "2014-04-30": "2.64600", "2014-01-31": 0.026, "2013-10-31": 18.03, "2013-07-31": 7.336, "2013-04-30": "-28.09200", "2013-01-31": 11.756, "2012-10-31": 25.789, "2012-07-31": -46.091, "2012-04-30": "24.86000", "2012-01-31": 10.595, "2011-10-31": 16.605, "2011-07-31": 2.373, "2011-04-30": "20.72900", "2011-01-31": 19.134, "2010-10-31": 4.248, "2010-07-31": 1.824, "2010-04-30": "2.53400", "2010-01-31": -38.958, "2009-10-31": -25.295, "2009-07-31": -34.655, "2009-04-30": "-5.43500", "2009-01-31": -31.476, "2008-10-31": 20.501, "2008-07-31": 14.336, "2008-04-30": "32.14800", "2008-01-31": -22.289, "2007-10-31": 35.041, "2007-07-31": 6.814, "2007-04-30": "31.07100", "2007-01-31": -29.214, "2006-10-31": 29.284}, "Net Cash Flow": {"2020-10-31": -596.416, "2020-07-31": 113.778, "2020-04-30": "651.21500", "2020-01-31": 183.482, "2019-10-31": 31.445, "2019-07-31": -149.433, "2019-04-30": "-82.42000", "2019-01-31": 112.307, "2018-10-31": 59.837, "2018-07-31": 5.221, "2018-04-30": "-45.55900", "2018-01-31": 230.658, "2017-10-31": -46.073, "2017-07-31": -228.865, "2017-04-30": "-63.28500", "2017-01-31": 251.902, "2016-10-31": -60.976, "2016-07-31": -45.17, "2016-04-30": "-106.58600", "2016-01-31": 136.288, "2015-10-31": -115.662, "2015-07-31": -60.793, "2015-04-30": "-3.14200", "2015-01-31": 94.089, "2014-10-31": -67.998, "2014-07-31": -93.651, "2014-04-30": "37.23300", "2014-01-31": 178.56, "2013-10-31": -45.294, "2013-07-31": -7.004, "2013-04-30": "-27.26100", "2013-01-31": 128.751, "2012-10-31": -5.677, "2012-07-31": -68.944, "2012-04-30": "12.60700", "2012-01-31": 123.081, "2011-10-31": -11.888, "2011-07-31": 25.734, "2011-04-30": "5.62600", "2011-01-31": 102.834, "2010-10-31": -7.565, "2010-07-31": 7.246, "2010-04-30": "4.65300", "2010-01-31": 0.222, "2009-10-31": 0.132, "2009-07-31": -0.177, "2009-04-30": "0.20200", "2009-01-31": -0.01, "2008-10-31": 0.393, "2008-07-31": -0.72, "2008-04-30": "0.18600", "2008-01-31": 0.277, "2007-10-31": 0.347, "2007-07-31": 0.004, "2007-04-30": "-0.48400", "2007-01-31": -0.382, "2006-10-31": 0.382}, "Stock-Based Compensation": {"2020-10-31": 8.384, "2020-07-31": 8.413, "2020-04-30": "6.18200", "2020-01-31": 5.937, "2019-10-31": 6.342, "2019-07-31": 6.736, "2019-04-30": "6.03000", "2019-01-31": 6.328, "2018-10-31": 7.136, "2018-07-31": 7.002, "2018-04-30": "6.17000", "2018-01-31": 6.501, "2017-10-31": 6.249, "2017-07-31": 6.158, "2017-04-30": "5.49100", "2017-01-31": 5.137, "2016-10-31": 5.341, "2016-07-31": 4.84, "2016-04-30": "4.02200", "2016-01-31": 4.468, "2015-10-31": 3.548, "2015-07-31": 4.236, "2015-04-30": "3.34200", "2015-01-31": 3.487, "2014-10-31": 3.833, "2014-07-31": 3.54, "2014-04-30": "4.06300", "2014-01-31": 4.067, "2013-10-31": 4.397, "2013-07-31": 4.491, "2013-04-30": "3.04800", "2013-01-31": 3.654, "2012-10-31": 3.375, "2012-07-31": 3.453, "2012-04-30": "2.89300", "2012-01-31": 3.382, "2011-10-31": 3.027, "2011-07-31": 2.388, "2011-04-30": "2.80800", "2011-01-31": 3.756, "2010-10-31": 3.177, "2010-07-31": 2.487, "2010-04-30": "1.73500", "2010-01-31": 1.735, "2009-10-31": 1.566, "2009-07-31": 1.353, "2009-04-30": "1.29500", "2009-01-31": 1.233, "2008-10-31": 1.1, "2008-07-31": 0.953, "2008-04-30": "0.59100", "2008-01-31": 0.648, "2007-10-31": 1.081, "2007-07-31": 0.265, "2007-04-30": "0.28900", "2007-01-31": -0.684, "2006-10-31": 0.684}, "Common Stock Dividends Paid": {"2020-10-31": 0, "2020-07-31": 0, "2020-04-30": "", "2020-01-31": 0, "2019-10-31": 0, "2019-07-31": 0, "2019-04-30": "", "2019-01-31": 0, "2018-10-31": 0, "2018-07-31": 0, "2018-04-30": "", "2018-01-31": 0, "2017-10-31": 0, "2017-07-31": 0, "2017-04-30": "", "2017-01-31": 0, "2016-10-31": 0, "2016-07-31": 0, "2016-04-30": "", "2016-01-31": 0, "2015-10-31": 0, "2015-07-31": 0, "2015-04-30": "", "2015-01-31": 0, "2014-10-31": 0, "2014-07-31": 0, "2014-04-30": "", "2014-01-31": 0, "2013-10-31": 0, "2013-07-31": 0, "2013-04-30": "", "2013-01-31": 0, "2012-10-31": 0, "2012-07-31": -62.482, "2012-04-30": "", "2012-01-31": 0, "2011-10-31": 0, "2011-07-31": 0, "2011-04-30": "", "2011-01-31": 0, "2010-10-31": 0, "2010-07-31": 0, "2010-04-30": "", "2010-01-31": 0, "2009-10-31": 0, "2009-07-31": 0, "2009-04-30": "", "2009-01-31": 0, "2008-10-31": 0, "2008-07-31": 0, "2008-04-30": "", "2008-01-31": 0, "2007-10-31": -93.012, "2007-07-31": 0, "2007-04-30": "", "2007-01-31": 0, "2006-10-31": 0}}, "financial ratios": {"Current Ratio": {"2020-01-31": "1.80730", "2019-01-31": "2.32460", "2018-01-31": "2.63750", "2017-01-31": "2.90220", "2016-01-31": "3.47070", "2015-01-31": "3.50490", "2014-01-31": "3.75810", "2013-01-31": "3.57050", "2012-01-31": "3.51970", "2011-01-31": "2.47550", "2010-01-31": "2.07960", "2009-01-31": "2.36480", "2008-01-31": "2.04590", "2007-01-31": "2.04960", "2006-01-31": ""}, "Long-term Debt / Capital": {"2020-01-31": "", "2019-01-31": "", "2018-01-31": "", "2017-01-31": "", "2016-01-31": "", "2015-01-31": "", "2014-01-31": "", "2013-01-31": "", "2012-01-31": "", "2011-01-31": "", "2010-01-31": "", "2009-01-31": "0.26440", "2008-01-31": "0.26120", "2007-01-31": "0.24840", "2006-01-31": ""}, "Debt/Equity Ratio": {"2020-01-31": "", "2019-01-31": "", "2018-01-31": "", "2017-01-31": "", "2016-01-31": "", "2015-01-31": "", "2014-01-31": "", "2013-01-31": "", "2012-01-31": "", "2011-01-31": "", "2010-01-31": "", "2009-01-31": "0.43290", "2008-01-31": "0.35350", "2007-01-31": "0.33040", "2006-01-31": ""}, "Gross Margin": {"2020-01-31": "36.24010", "2019-01-31": "35.87090", "2018-01-31": "35.63270", "2017-01-31": "35.99020", "2016-01-31": "35.27760", "2015-01-31": "35.07120", "2014-01-31": "35.24520", "2013-01-31": "35.29660", "2012-01-31": "34.72900", "2011-01-31": "33.27420", "2010-01-31": "30.79640", "2009-01-31": "30.58210", "2008-01-31": "31.09670", "2007-01-31": "31.14550", "2006-01-31": "30.09650"}, "Operating Margin": {"2020-01-31": "12.18010", "2019-01-31": "12.71590", "2018-01-31": "13.34510", "2017-01-31": "13.48840", "2016-01-31": "12.90220", "2015-01-31": "12.66180", "2014-01-31": "12.26660", "2013-01-31": "12.61020", "2012-01-31": "11.04610", "2011-01-31": "8.17160", "2010-01-31": "5.57360", "2009-01-31": "4.26880", "2008-01-31": "5.12210", "2007-01-31": "5.30890", "2006-01-31": "5.08120"}, "EBIT Margin": {"2020-01-31": "12.18010", "2019-01-31": "12.71590", "2018-01-31": "13.34510", "2017-01-31": "13.48840", "2016-01-31": "12.90220", "2015-01-31": "12.66180", "2014-01-31": "12.26660", "2013-01-31": "12.61020", "2012-01-31": "11.04610", "2011-01-31": "8.17160", "2010-01-31": "5.57360", "2009-01-31": "4.26880", "2008-01-31": "5.12210", "2007-01-31": "5.30890", "2006-01-31": "5.08120"}, "EBITDA Margin": {"2020-01-31": "16.17580", "2019-01-31": "16.87680", "2018-01-31": "17.63960", "2017-01-31": "17.82010", "2016-01-31": "17.10820", "2015-01-31": "16.72690", "2014-01-31": "16.24640", "2013-01-31": "16.58420", "2012-01-31": "15.32110", "2011-01-31": "12.63510", "2010-01-31": "10.65770", "2009-01-31": "9.01180", "2008-01-31": "9.45290", "2007-01-31": "9.24680", "2006-01-31": "8.92960"}, "Pre-Tax Profit Margin": {"2020-01-31": "12.24850", "2019-01-31": "12.79130", "2018-01-31": "13.37170", "2017-01-31": "13.50670", "2016-01-31": "12.93130", "2015-01-31": "12.68940", "2014-01-31": "12.27100", "2013-01-31": "12.60180", "2012-01-31": "11.01300", "2011-01-31": "8.11970", "2010-01-31": "5.39360", "2009-01-31": "3.90520", "2008-01-31": "4.62420", "2007-01-31": "4.87000", "2006-01-31": "4.57160"}, "Net Profit Margin": {"2020-01-31": "9.54230", "2019-01-31": "9.80490", "2018-01-31": "9.43550", "2017-01-31": "8.44040", "2016-01-31": "8.15490", "2015-01-31": "7.93290", "2014-01-31": "7.59570", "2013-01-31": "7.77160", "2012-01-31": "6.77100", "2011-01-31": "4.88230", "2010-01-31": "3.21860", "2009-01-31": "2.32960", "2008-01-31": "1.54760", "2007-01-31": "1.05400", "2006-01-31": "0.52620"}, "Asset Turnover": {"2020-01-31": "1.52100", "2019-01-31": "2.10470", "2018-01-31": "2.02310", "2017-01-31": "1.90240", "2016-01-31": "1.75900", "2015-01-31": "1.63440", "2014-01-31": "1.66630", "2013-01-31": "1.74100", "2012-01-31": "1.85550", "2011-01-31": "1.99160", "2010-01-31": "2.20860", "2009-01-31": "1.90650", "2008-01-31": "1.94320", "2007-01-31": "2.23010", "2006-01-31": ""}, "Inventory Turnover Ratio": {"2020-01-31": "3.64610", "2019-01-31": "3.54710", "2018-01-31": "3.45460", "2017-01-31": "3.29190", "2016-01-31": "3.33400", "2015-01-31": "3.62090", "2014-01-31": "3.77640", "2013-01-31": "3.97810", "2012-01-31": "4.73870", "2011-01-31": "4.44250", "2010-01-31": "4.08900", "2009-01-31": "3.52500", "2008-01-31": "3.56880", "2007-01-31": "4.02310", "2006-01-31": ""}, "Receiveable Turnover": {"2020-01-31": "53.09480", "2019-01-31": "49.32600", "2018-01-31": "59.01090", "2017-01-31": "54.77470", "2016-01-31": "60.37850", "2015-01-31": "61.81100", "2014-01-31": "56.76150", "2013-01-31": "53.48080", "2012-01-31": "67.91390", "2011-01-31": "65.26280", "2010-01-31": "90.73020", "2009-01-31": "59.37410", "2008-01-31": "44.18650", "2007-01-31": "40.86990", "2006-01-31": ""}, "Days Sales In Receivables": {"2020-01-31": "6.87450", "2019-01-31": "7.39980", "2018-01-31": "6.18530", "2017-01-31": "6.66370", "2016-01-31": "6.04520", "2015-01-31": "5.90510", "2014-01-31": "6.43040", "2013-01-31": "6.82490", "2012-01-31": "5.37450", "2011-01-31": "5.59280", "2010-01-31": "4.02290", "2009-01-31": "6.14750", "2008-01-31": "8.26050", "2007-01-31": "8.93080", "2006-01-31": ""}, "ROE - Return On Equity": {"2020-01-31": "37.11410", "2019-01-31": "36.18020", "2018-01-31": "31.29460", "2017-01-31": "26.43240", "2016-01-31": "22.00020", "2015-01-31": "20.45260", "2014-01-31": "20.22230", "2013-01-31": "21.92650", "2012-01-31": "20.56840", "2011-01-31": "17.64580", "2010-01-31": "13.45010", "2009-01-31": "10.31480", "2008-01-31": "11.97860", "2007-01-31": "-30.34580", "2006-01-31": ""}, "Return On Tangible Equity": {"2020-01-31": "37.39450", "2019-01-31": "36.48460", "2018-01-31": "31.29460", "2017-01-31": "26.43240", "2016-01-31": "22.17830", "2015-01-31": "20.61190", "2014-01-31": "20.22230", "2013-01-31": "21.92650", "2012-01-31": "20.56840", "2011-01-31": "17.64580", "2010-01-31": "13.45010", "2009-01-31": "10.31480", "2008-01-31": "11.97860", "2007-01-31": "14.68100", "2006-01-31": ""}, "ROA - Return On Assets": {"2020-01-31": "14.51410", "2019-01-31": "20.63690", "2018-01-31": "19.08880", "2017-01-31": "16.05720", "2016-01-31": "14.34420", "2015-01-31": "12.96590", "2014-01-31": "12.65650", "2013-01-31": "13.53060", "2012-01-31": "12.56390", "2011-01-31": "9.72360", "2010-01-31": "7.10870", "2009-01-31": "4.44130", "2008-01-31": "5.39720", "2007-01-31": "6.65780", "2006-01-31": ""}, "ROI - Return On Investment": {"2020-01-31": "37.11410", "2019-01-31": "36.18020", "2018-01-31": "31.29460", "2017-01-31": "26.43240", "2016-01-31": "22.17830", "2015-01-31": "20.61190", "2014-01-31": "20.22230", "2013-01-31": "21.92650", "2012-01-31": "20.56840", "2011-01-31": "17.64580", "2010-01-31": "13.45010", "2009-01-31": "7.58760", "2008-01-31": "8.84990", "2007-01-31": "11.03490", "2006-01-31": ""}, "Book Value Per Share": {"2020-01-31": "33.60060", "2019-01-31": "31.07020", "2018-01-31": "29.17070", "2017-01-31": "24.95160", "2016-01-31": "22.70830", "2015-01-31": "19.43650", "2014-01-31": "15.61700", "2013-01-31": "12.29420", "2012-01-31": "9.39900", "2011-01-31": "6.68640", "2010-01-31": "5.03030", "2009-01-31": "4.24260", "2008-01-31": "3.71670", "2007-01-31": "21.42490", "2006-01-31": ""}, "Operating Cash Flow Per Share": {"2020-01-31": 3.066, "2019-01-31": 3.312, "2018-01-31": 2.482, "2017-01-31": 4.2456, "2016-01-31": -0.2865, "2015-01-31": 1.0503, "2014-01-31": 1.3727, "2013-01-31": 0.2237, "2012-01-31": 0.6072, "2011-01-31": -0.0371, "2010-01-31": 1.6423, "2009-01-31": 0.3951, "2008-01-31": -0.2342, "2007-01-31": 0.3342, "2006-01-31": 0.7802}, "Free Cash Flow Per Share": {"2020-01-31": 3.2355, "2019-01-31": 5.1159, "2018-01-31": 1.3126, "2017-01-31": 2.9583, "2016-01-31": -1.0885, "2015-01-31": 0.7042, "2014-01-31": 0.7947, "2013-01-31": -0.6736, "2012-01-31": 0.1606, "2011-01-31": -0.4718, "2010-01-31": 2.3725, "2009-01-31": 0.4266, "2008-01-31": -0.8971, "2007-01-31": -0.0511, "2006-01-31": -0.0831}}, "financial ratios, quarterly": {"Current Ratio": {"2020-10-31": "1.82470", "2020-07-31": "2.63740", "2020-04-30": "2.48940", "2020-01-31": "1.80730", "2019-10-31": "1.66870", "2019-07-31": "1.80350", "2019-04-30": "1.93130", "2019-01-31": "2.32460", "2018-10-31": "2.05870", "2018-07-31": "2.41210", "2018-04-30": "2.41940", "2018-01-31": "2.63750", "2017-10-31": "2.30340", "2017-07-31": "2.79250", "2017-04-30": "2.86340", "2017-01-31": "2.90220", "2016-10-31": "2.35010", "2016-07-31": "2.79550", "2016-04-30": "2.69990", "2016-01-31": "3.47070", "2015-10-31": "3.03110", "2015-07-31": "3.55490", "2015-04-30": "3.45410", "2015-01-31": "3.50490", "2014-10-31": "3.32890", "2014-07-31": "3.75720", "2014-04-30": "3.60590", "2014-01-31": "3.75810", "2013-10-31": "3.27280", "2013-07-31": "3.63830", "2013-04-30": "3.34030", "2013-01-31": "3.57050", "2012-10-31": "2.78040", "2012-07-31": "3.64670", "2012-04-30": "2.61450", "2012-01-31": "3.51970", "2011-10-31": "2.58540", "2011-07-31": "2.98360", "2011-04-30": "2.93020", "2011-01-31": "2.47550", "2010-10-31": "1.85260", "2010-07-31": "2.28960", "2010-04-30": "2.30730", "2010-01-31": "2.07960", "2009-10-31": "1.67380", "2009-07-31": "2.14970", "2009-04-30": "2.59400", "2009-01-31": "2.36480", "2008-10-31": "1.59030", "2008-07-31": "1.93780", "2008-04-30": "1.89620", "2008-01-31": "2.04590", "2007-10-31": "1.48350", "2007-07-31": "1.62180", "2007-04-30": "1.76650", "2007-01-31": "", "2006-10-31": "1.46780"}, "Long-term Debt / Capital": {"2020-10-31": "", "2020-07-31": "0.31120", "2020-04-30": "0.31320", "2020-01-31": "", "2019-10-31": "", "2019-07-31": "", "2019-04-30": "", "2019-01-31": "", "2018-10-31": "", "2018-07-31": "", "2018-04-30": "", "2018-01-31": "", "2017-10-31": "", "2017-07-31": "", "2017-04-30": "", "2017-01-31": "", "2016-10-31": "", "2016-07-31": "", "2016-04-30": "", "2016-01-31": "", "2015-10-31": "", "2015-07-31": "", "2015-04-30": "", "2015-01-31": "", "2014-10-31": "", "2014-07-31": "", "2014-04-30": "", "2014-01-31": "", "2013-10-31": "", "2013-07-31": "", "2013-04-30": "", "2013-01-31": "", "2012-10-31": "", "2012-07-31": "", "2012-04-30": "", "2012-01-31": "", "2011-10-31": "", "2011-07-31": "", "2011-04-30": "", "2011-01-31": "", "2010-10-31": "", "2010-07-31": "", "2010-04-30": "", "2010-01-31": "", "2009-10-31": "0.08320", "2009-07-31": "0.14060", "2009-04-30": "0.25940", "2009-01-31": "0.26440", "2008-10-31": "0.27210", "2008-07-31": "0.27800", "2008-04-30": "0.28300", "2008-01-31": "0.26120", "2007-10-31": "0.21770", "2007-07-31": "0.24920", "2007-04-30": "0.25820", "2007-01-31": "", "2006-10-31": "0.20990"}, "Debt/Equity Ratio": {"2020-10-31": "", "2020-07-31": "0.45180", "2020-04-30": "0.45610", "2020-01-31": "", "2019-10-31": "", "2019-07-31": "", "2019-04-30": "", "2019-01-31": "", "2018-10-31": "", "2018-07-31": "", "2018-04-30": "", "2018-01-31": "", "2017-10-31": "", "2017-07-31": "", "2017-04-30": "", "2017-01-31": "", "2016-10-31": "", "2016-07-31": "", "2016-04-30": "", "2016-01-31": "", "2015-10-31": "", "2015-07-31": "", "2015-04-30": "", "2015-01-31": "", "2014-10-31": "", "2014-07-31": "", "2014-04-30": "", "2014-01-31": "", "2013-10-31": "", "2013-07-31": "", "2013-04-30": "", "2013-01-31": "", "2012-10-31": "", "2012-07-31": "", "2012-04-30": "", "2012-01-31": "", "2011-10-31": "", "2011-07-31": "", "2011-04-30": "", "2011-01-31": "", "2010-10-31": "", "2010-07-31": "", "2010-04-30": "", "2010-01-31": "", "2009-10-31": "0.14490", "2009-07-31": "0.25270", "2009-04-30": "0.40020", "2009-01-31": "0.43290", "2008-10-31": "0.59700", "2008-07-31": "0.52670", "2008-04-30": "0.47760", "2008-01-31": "0.35350", "2007-10-31": "0.49050", "2007-07-31": "0.53570", "2007-04-30": "0.52540", "2007-01-31": "", "2006-10-31": "0.50090"}, "Gross Margin": {"2020-10-31": "35.14870", "2020-07-31": "26.79190", "2020-04-30": "25.87820", "2020-01-31": "34.99190", "2019-10-31": "37.05370", "2019-07-31": "36.35520", "2019-04-30": "36.99580", "2019-01-31": "34.86860", "2018-10-31": "36.68420", "2018-07-31": "35.97990", "2018-04-30": "36.32340", "2018-01-31": "33.97760", "2017-10-31": "36.74080", "2017-07-31": "36.38600", "2017-04-30": "36.20170", "2017-01-31": "34.47530", "2016-10-31": "37.75110", "2016-07-31": "35.99260", "2016-04-30": "36.36250", "2016-01-31": "34.61630", "2015-10-31": "36.85500", "2015-07-31": "34.94590", "2015-04-30": "34.92410", "2015-01-31": "33.38330", "2014-10-31": "37.78290", "2014-07-31": "35.32130", "2014-04-30": "34.45830", "2014-01-31": "33.81720", "2013-10-31": "37.43830", "2013-07-31": "35.28750", "2013-04-30": "35.00000", "2013-01-31": "34.21610", "2012-10-31": "36.68480", "2012-07-31": "34.79990", "2012-04-30": "36.04990", "2012-01-31": "34.07060", "2011-10-31": "36.11590", "2011-07-31": "34.03400", "2011-04-30": "34.94890", "2011-01-31": "33.07990", "2010-10-31": "35.05700", "2010-07-31": "32.30480", "2010-04-30": "32.64720", "2010-01-31": "31.95090", "2009-10-31": "32.27360", "2009-07-31": "28.77620", "2009-04-30": "29.58880", "2009-01-31": "30.80460", "2008-10-31": "31.18590", "2008-07-31": "29.36280", "2008-04-30": "30.89080", "2008-01-31": "31.36380", "2007-10-31": "32.69340", "2007-07-31": "29.44990", "2007-04-30": "30.65900", "2007-01-31": "", "2006-10-31": "30.55430"}, "Operating Margin": {"2020-10-31": "6.52540", "2020-07-31": "1.03870", "2020-04-30": "-8.65010", "2020-01-31": "12.47900", "2019-10-31": "9.97200", "2019-07-31": "12.48150", "2019-04-30": "13.62800", "2019-01-31": "13.23520", "2018-10-31": "10.84690", "2018-07-31": "13.02330", "2018-04-30": "13.59370", "2018-01-31": "13.13070", "2017-10-31": "12.11960", "2017-07-31": "13.93960", "2017-04-30": "14.32870", "2017-01-31": "14.18670", "2016-10-31": "12.34590", "2016-07-31": "13.44620", "2016-04-30": "13.70600", "2016-01-31": "13.36330", "2015-10-31": "12.16310", "2015-07-31": "13.50740", "2015-04-30": "12.39250", "2015-01-31": "13.12160", "2014-10-31": "12.61700", "2014-07-31": "13.34440", "2014-04-30": "11.33150", "2014-01-31": "13.14830", "2013-10-31": "11.77910", "2013-07-31": "12.12450", "2013-04-30": "11.61720", "2013-01-31": "13.67440", "2012-10-31": "12.12460", "2012-07-31": "11.92880", "2012-04-30": "12.11690", "2012-01-31": "12.57430", "2011-10-31": "10.70720", "2011-07-31": "10.05150", "2011-04-30": "10.11900", "2011-01-31": "10.34580", "2010-10-31": "7.16200", "2010-07-31": "6.91600", "2010-04-30": "7.28680", "2010-01-31": "8.64660", "2009-10-31": "5.17210", "2009-07-31": "3.74210", "2009-04-30": "3.33080", "2009-01-31": "6.26960", "2008-10-31": "3.76940", "2008-07-31": "2.89310", "2008-04-30": "3.37820", "2008-01-31": "7.73900", "2007-10-31": "3.83030", "2007-07-31": "2.45950", "2007-04-30": "5.08720", "2007-01-31": "", "2006-10-31": "4.24210"}, "EBIT Margin": {"2020-10-31": "6.52540", "2020-07-31": "1.03870", "2020-04-30": "-8.65010", "2020-01-31": "12.47900", "2019-10-31": "9.97200", "2019-07-31": "12.48150", "2019-04-30": "13.62800", "2019-01-31": "13.23520", "2018-10-31": "10.84690", "2018-07-31": "13.02330", "2018-04-30": "13.59370", "2018-01-31": "13.13070", "2017-10-31": "12.11960", "2017-07-31": "13.93960", "2017-04-30": "14.32870", "2017-01-31": "14.18660", "2016-10-31": "12.34590", "2016-07-31": "13.44620", "2016-04-30": "13.70600", "2016-01-31": "13.36330", "2015-10-31": "12.16310", "2015-07-31": "13.50740", "2015-04-30": "12.39250", "2015-01-31": "13.12160", "2014-10-31": "12.61700", "2014-07-31": "13.34440", "2014-04-30": "11.33150", "2014-01-31": "13.14830", "2013-10-31": "11.77910", "2013-07-31": "12.12450", "2013-04-30": "11.61720", "2013-01-31": "13.67440", "2012-10-31": "12.12460", "2012-07-31": "11.92880", "2012-04-30": "12.11690", "2012-01-31": "12.57440", "2011-10-31": "10.70720", "2011-07-31": "10.05150", "2011-04-30": "10.11900", "2011-01-31": "10.34580", "2010-10-31": "7.16200", "2010-07-31": "6.91600", "2010-04-30": "7.28680", "2010-01-31": "8.64660", "2009-10-31": "5.17210", "2009-07-31": "3.74210", "2009-04-30": "3.33080", "2009-01-31": "6.26960", "2008-10-31": "3.76940", "2008-07-31": "2.89310", "2008-04-30": "3.37820", "2008-01-31": "7.73900", "2007-10-31": "3.83030", "2007-07-31": "2.45950", "2007-04-30": "5.08720", "2007-01-31": "", "2006-10-31": "4.24210"}, "EBITDA Margin": {"2020-10-31": "", "2020-07-31": "", "2020-04-30": "", "2020-01-31": "", "2019-10-31": "", "2019-07-31": "", "2019-04-30": "", "2019-01-31": "", "2018-10-31": "", "2018-07-31": "", "2018-04-30": "", "2018-01-31": "", "2017-10-31": "", "2017-07-31": "", "2017-04-30": "", "2017-01-31": "", "2016-10-31": "", "2016-07-31": "", "2016-04-30": "", "2016-01-31": "", "2015-10-31": "", "2015-07-31": "", "2015-04-30": "", "2015-01-31": "", "2014-10-31": "", "2014-07-31": "", "2014-04-30": "", "2014-01-31": "", "2013-10-31": "", "2013-07-31": "", "2013-04-30": "", "2013-01-31": "", "2012-10-31": "", "2012-07-31": "", "2012-04-30": "", "2012-01-31": "", "2011-10-31": "", "2011-07-31": "", "2011-04-30": "", "2011-01-31": "", "2010-10-31": "", "2010-07-31": "", "2010-04-30": "", "2010-01-31": "", "2009-10-31": "", "2009-07-31": "", "2009-04-30": "", "2009-01-31": "", "2008-10-31": "", "2008-07-31": "", "2008-04-30": "", "2008-01-31": "", "2007-10-31": "", "2007-07-31": "", "2007-04-30": "", "2007-01-31": "", "2006-10-31": ""}, "Pre-Tax Profit Margin": {"2020-10-31": "6.43630", "2020-07-31": "0.82560", "2020-04-30": "-8.75850", "2020-01-31": "12.49810", "2019-10-31": "10.02550", "2019-07-31": "12.58180", "2019-04-30": "13.74540", "2019-01-31": "13.29520", "2018-10-31": "10.93140", "2018-07-31": "13.10010", "2018-04-30": "13.67960", "2018-01-31": "13.14920", "2017-10-31": "12.14320", "2017-07-31": "13.98260", "2017-04-30": "14.35440", "2017-01-31": "14.19400", "2016-10-31": "12.36460", "2016-07-31": "13.46940", "2016-04-30": "13.73540", "2016-01-31": "13.38480", "2015-10-31": "12.19410", "2015-07-31": "13.53890", "2015-04-30": "12.42830", "2015-01-31": "13.14360", "2014-10-31": "12.65110", "2014-07-31": "13.37280", "2014-04-30": "11.35950", "2014-01-31": "13.15630", "2013-10-31": "11.78030", "2013-07-31": "12.12750", "2013-04-30": "11.62140", "2013-01-31": "13.67160", "2012-10-31": "12.11690", "2012-07-31": "11.90720", "2012-04-30": "12.11250", "2012-01-31": "12.55870", "2011-10-31": "10.66460", "2011-07-31": "10.01430", "2011-04-30": "10.07420", "2011-01-31": "10.30810", "2010-10-31": "7.09010", "2010-07-31": "6.84950", "2010-04-30": "7.24990", "2010-01-31": "8.53430", "2009-10-31": "5.01680", "2009-07-31": "3.50630", "2009-04-30": "3.08120", "2009-01-31": "6.00950", "2008-10-31": "3.32830", "2008-07-31": "2.48520", "2008-04-30": "2.99580", "2008-01-31": "7.39080", "2007-10-31": "3.20260", "2007-07-31": "1.87980", "2007-04-30": "4.57410", "2007-01-31": "", "2006-10-31": "3.62130"}, "Net Profit Margin": {"2020-10-31": "4.81940", "2020-07-31": "0.65570", "2020-04-30": "-6.69180", "2020-01-31": "9.65860", "2019-10-31": "7.71150", "2019-07-31": "9.67580", "2019-04-30": "11.02800", "2019-01-31": "10.10370", "2018-10-31": "8.40800", "2018-07-31": "9.96650", "2018-04-30": "10.64970", "2018-01-31": "10.74390", "2017-10-31": "7.79660", "2017-07-31": "8.85320", "2017-04-30": "9.75170", "2017-01-31": "8.87130", "2016-10-31": "7.74040", "2016-07-31": "8.41780", "2016-04-30": "8.56610", "2016-01-31": "8.50140", "2015-10-31": "7.80390", "2015-07-31": "8.45710", "2015-04-30": "7.71160", "2015-01-31": "8.32960", "2014-10-31": "7.92840", "2014-07-31": "8.27990", "2014-04-30": "6.99850", "2014-01-31": "8.14230", "2013-10-31": "7.34190", "2013-07-31": "7.47270", "2013-04-30": "7.17780", "2013-01-31": "8.50410", "2012-10-31": "7.54510", "2012-07-31": "7.26580", "2012-04-30": "7.35460", "2012-01-31": "7.94750", "2011-10-31": "6.48030", "2011-07-31": "6.05850", "2011-04-30": "6.03510", "2011-01-31": "6.35560", "2010-10-31": "4.18750", "2010-07-31": "4.05900", "2010-04-30": "4.26640", "2010-01-31": "5.10290", "2009-10-31": "2.97840", "2009-07-31": "2.10210", "2009-04-30": "1.83020", "2009-01-31": "3.59940", "2008-10-31": "1.96870", "2008-07-31": "1.48050", "2008-04-30": "1.78650", "2008-01-31": "4.39770", "2007-10-31": "0.29200", "2007-07-31": "-0.83410", "2007-04-30": "0.81190", "2007-01-31": "", "2006-10-31": "0.00540"}, "Asset Turnover": {"2020-10-31": "0.31860", "2020-07-31": "0.22340", "2020-04-30": "0.21210", "2020-01-31": "0.47410", "2019-10-31": "0.34140", "2019-07-31": "0.35380", "2019-04-30": "0.36570", "2019-01-31": "0.66580", "2018-10-31": "0.46810", "2018-07-31": "0.48420", "2018-04-30": "0.51080", "2018-01-31": "0.66610", "2017-10-31": "0.47350", "2017-07-31": "0.47730", "2017-04-30": "0.48560", "2017-01-31": "0.61940", "2016-10-31": "0.44340", "2016-07-31": "0.46370", "2016-04-30": "0.48390", "2016-01-31": "0.56850", "2015-10-31": "0.40660", "2015-07-31": "0.41450", "2015-04-30": "0.41780", "2015-01-31": "0.52830", "2014-10-31": "0.38780", "2014-07-31": "0.41250", "2014-04-30": "0.42010", "2014-01-31": "0.54160", "2013-10-31": "0.40300", "2013-07-31": "0.43180", "2013-04-30": "0.43760", "2013-01-31": "0.59500", "2012-10-31": "0.41000", "2012-07-31": "0.46370", "2012-04-30": "0.44810", "2012-01-31": "0.60850", "2011-10-31": "0.44410", "2011-07-31": "0.48360", "2011-04-30": "0.50410", "2011-01-31": "0.64840", "2010-10-31": "0.47810", "2010-07-31": "0.53690", "2010-04-30": "0.56400", "2010-01-31": "0.71590", "2009-10-31": "0.45720", "2009-07-31": "0.49920", "2009-04-30": "0.47080", "2009-01-31": "0.60010", "2008-10-31": "0.40890", "2008-07-31": "0.46680", "2008-04-30": "0.45420", "2008-01-31": "0.65900", "2007-10-31": "0.41390", "2007-07-31": "0.50420", "2007-04-30": "0.51370", "2007-01-31": "", "2006-10-31": "0.46130"}, "Inventory Turnover Ratio": {"2020-10-31": "0.69940", "2020-07-31": "0.65690", "2020-04-30": "0.64870", "2020-01-31": "1.15870", "2019-10-31": "0.65500", "2019-07-31": "0.80600", "2019-04-30": "0.87850", "2019-01-31": "1.13960", "2018-10-31": "0.66530", "2018-07-31": "0.78120", "2018-04-30": "0.86470", "2018-01-31": "1.16670", "2017-10-31": "0.62910", "2017-07-31": "0.71680", "2017-04-30": "0.80010", "2017-01-31": "1.09710", "2016-10-31": "0.61930", "2016-07-31": "0.73570", "2016-04-30": "0.81010", "2016-01-31": "1.08860", "2015-10-31": "0.65020", "2015-07-31": "0.80850", "2015-04-30": "0.85220", "2015-01-31": "1.20070", "2014-10-31": "0.65380", "2014-07-31": "0.87700", "2014-04-30": "0.88030", "2014-01-31": "1.25460", "2013-10-31": "0.66480", "2013-07-31": "0.84340", "2013-04-30": "0.85680", "2013-01-31": "1.38230", "2012-10-31": "0.69170", "2012-07-31": "0.99160", "2012-04-30": "0.91300", "2012-01-31": "1.56980", "2011-10-31": "0.74360", "2011-07-31": "1.00590", "2011-04-30": "0.98260", "2011-01-31": "1.45060", "2010-10-31": "0.73040", "2010-07-31": "0.97110", "2010-04-30": "0.94550", "2010-01-31": "1.30330", "2009-10-31": "0.70210", "2009-07-31": "0.93150", "2009-04-30": "0.82190", "2009-01-31": "1.10590", "2008-10-31": "0.65210", "2008-07-31": "0.89310", "2008-04-30": "0.77800", "2008-01-31": "1.20560", "2007-10-31": "0.63870", "2007-07-31": "0.95190", "2007-04-30": "0.88050", "2007-01-31": "", "2006-10-31": "0.73560"}, "Receiveable Turnover": {"2020-10-31": "11.38930", "2020-07-31": "9.59440", "2020-04-30": "13.22810", "2020-01-31": "16.54920", "2019-10-31": "14.90430", "2019-07-31": "15.53760", "2019-04-30": "15.83910", "2019-01-31": "15.60360", "2018-10-31": "15.24150", "2018-07-31": "14.35590", "2018-04-30": "15.39450", "2018-01-31": "19.43050", "2017-10-31": "16.18370", "2017-07-31": "19.08270", "2017-04-30": "20.89230", "2017-01-31": "17.83320", "2016-10-31": "17.21610", "2016-07-31": "19.09380", "2016-04-30": "19.84250", "2016-01-31": "19.51460", "2015-10-31": "17.87830", "2015-07-31": "19.36960", "2015-04-30": "19.93030", "2015-01-31": "19.97790", "2014-10-31": "15.09590", "2014-07-31": "17.43610", "2014-04-30": "26.71100", "2014-01-31": "18.45060", "2013-10-31": "13.19050", "2013-07-31": "19.38830", "2013-04-30": "19.47240", "2013-01-31": "18.27860", "2012-10-31": "13.79680", "2012-07-31": "14.92250", "2012-04-30": "21.23330", "2012-01-31": "22.27320", "2011-10-31": "19.59520", "2011-07-31": "19.78870", "2011-04-30": "24.69020", "2011-01-31": "21.24790", "2010-10-31": "16.63780", "2010-07-31": "28.18390", "2010-04-30": "39.77100", "2010-01-31": "29.41040", "2009-10-31": "21.29260", "2009-07-31": "20.82520", "2009-04-30": "21.69340", "2009-01-31": "18.68810", "2008-10-31": "12.43870", "2008-07-31": "12.99890", "2008-04-30": "12.25100", "2008-01-31": "14.98540", "2007-10-31": "12.94270", "2007-07-31": "14.02230", "2007-04-30": "11.32710", "2007-01-31": "", "2006-10-31": "11.94360"}, "Days Sales In Receivables": {"2020-10-31": "7.90210", "2020-07-31": "9.38050", "2020-04-30": "6.80370", "2020-01-31": "5.43830", "2019-10-31": "6.03850", "2019-07-31": "5.79240", "2019-04-30": "5.68210", "2019-01-31": "5.76790", "2018-10-31": "5.90490", "2018-07-31": "6.26920", "2018-04-30": "5.84620", "2018-01-31": "4.63190", "2017-10-31": "5.56110", "2017-07-31": "4.71630", "2017-04-30": "4.30780", "2017-01-31": "5.04680", "2016-10-31": "5.22770", "2016-07-31": "4.71360", "2016-04-30": "4.53570", "2016-01-31": "4.61190", "2015-10-31": "5.03410", "2015-07-31": "4.64640", "2015-04-30": "4.51570", "2015-01-31": "4.50500", "2014-10-31": "5.96190", "2014-07-31": "5.16170", "2014-04-30": "3.36940", "2014-01-31": "4.87790", "2013-10-31": "6.82310", "2013-07-31": "4.64200", "2013-04-30": "4.62190", "2013-01-31": "4.92380", "2012-10-31": "6.52320", "2012-07-31": "6.03120", "2012-04-30": "4.23860", "2012-01-31": "4.04070", "2011-10-31": "4.59300", "2011-07-31": "4.54800", "2011-04-30": "3.64520", "2011-01-31": "4.23570", "2010-10-31": "5.40940", "2010-07-31": "3.19330", "2010-04-30": "2.26300", "2010-01-31": "3.06010", "2009-10-31": "4.22680", "2009-07-31": "4.32170", "2009-04-30": "4.14870", "2009-01-31": "4.81590", "2008-10-31": "7.23550", "2008-07-31": "6.92370", "2008-04-30": "7.34640", "2008-01-31": "6.00580", "2007-10-31": "6.95370", "2007-07-31": "6.41830", "2007-04-30": "7.94550", "2007-01-31": "", "2006-10-31": "7.53550"}, "ROE - Return On Equity": {"2020-10-31": "4.03350", "2020-07-31": "0.45470", "2020-04-30": "-4.47610", "2020-01-31": "11.70920", "2019-10-31": "7.02410", "2019-07-31": "8.76660", "2019-04-30": "9.90030", "2019-01-31": "11.79390", "2018-10-31": "7.14510", "2018-07-31": "8.18340", "2018-04-30": "9.21800", "2018-01-31": "11.73320", "2017-10-31": "6.47540", "2017-07-31": "6.98280", "2017-04-30": "7.81060", "2017-01-31": "9.04510", "2016-10-31": "6.03010", "2016-07-31": "6.46610", "2016-04-30": "6.96950", "2016-01-31": "7.41270", "2015-10-31": "5.17190", "2015-07-31": "5.51940", "2015-04-30": "5.13790", "2015-01-31": "6.94100", "2014-10-31": "4.98380", "2014-07-31": "5.39890", "2014-04-30": "4.71360", "2014-01-31": "7.04640", "2013-10-31": "4.89380", "2013-07-31": "5.21940", "2013-04-30": "5.20400", "2013-01-31": "8.20040", "2012-10-31": "5.39620", "2012-07-31": "5.47110", "2012-04-30": "5.96130", "2012-01-31": "7.91770", "2011-10-31": "5.10420", "2011-07-31": "5.00070", "2011-04-30": "5.18420", "2011-01-31": "7.47860", "2010-10-31": "4.06340", "2010-07-31": "3.98340", "2010-04-30": "4.39910", "2010-01-31": "6.91230", "2009-10-31": "3.13040", "2009-07-31": "2.21960", "2009-04-30": "1.95770", "2009-01-31": "5.01620", "2008-10-31": "2.17080", "2008-07-31": "1.64390", "2008-04-30": "1.95300", "2008-01-31": "6.43210", "2007-10-31": "2.12700", "2007-07-31": "-3.25090", "2007-04-30": "-7.42580", "2007-01-31": "", "2006-10-31": "-4.43970"}, "Return On Tangible Equity": {"2020-10-31": "4.06320", "2020-07-31": "0.45830", "2020-04-30": "-4.51220", "2020-01-31": "11.79760", "2019-10-31": "7.07970", "2019-07-31": "8.83740", "2019-04-30": "9.97710", "2019-01-31": "11.89310", "2018-10-31": "7.20820", "2018-07-31": "8.18340", "2018-04-30": "9.21800", "2018-01-31": "11.73320", "2017-10-31": "6.47540", "2017-07-31": "6.98280", "2017-04-30": "7.81060", "2017-01-31": "9.04510", "2016-10-31": "6.03010", "2016-07-31": "6.46610", "2016-04-30": "6.96950", "2016-01-31": "7.47270", "2015-10-31": "5.17190", "2015-07-31": "5.51940", "2015-04-30": "5.13790", "2015-01-31": "6.99510", "2014-10-31": "4.98380", "2014-07-31": "5.39890", "2014-04-30": "4.71360", "2014-01-31": "7.04640", "2013-10-31": "4.89380", "2013-07-31": "5.21940", "2013-04-30": "5.20400", "2013-01-31": "8.20040", "2012-10-31": "5.39620", "2012-07-31": "5.47110", "2012-04-30": "5.96130", "2012-01-31": "7.91770", "2011-10-31": "5.10420", "2011-07-31": "5.00070", "2011-04-30": "5.18420", "2011-01-31": "7.47860", "2010-10-31": "4.06340", "2010-07-31": "3.98340", "2010-04-30": "4.39910", "2010-01-31": "6.91230", "2009-10-31": "3.13040", "2009-07-31": "2.21960", "2009-04-30": "1.95770", "2009-01-31": "5.01620", "2008-10-31": "2.17080", "2008-07-31": "1.64390", "2008-04-30": "1.95300", "2008-01-31": "6.43210", "2007-10-31": "2.12700", "2007-07-31": "1.33050", "2007-04-30": "3.36320", "2007-01-31": "", "2006-10-31": "2.54070"}, "ROA - Return On Assets": {"2020-10-31": "1.53560", "2020-07-31": "0.14650", "2020-04-30": "-1.41960", "2020-01-31": "4.57900", "2019-10-31": "2.63240", "2019-07-31": "3.42350", "2019-04-30": "4.03290", "2019-01-31": "6.72710", "2018-10-31": "3.93570", "2018-07-31": "4.82610", "2018-04-30": "5.43950", "2018-01-31": "7.15690", "2017-10-31": "3.69130", "2017-07-31": "4.22590", "2017-04-30": "4.73570", "2017-01-31": "5.49470", "2016-10-31": "3.43220", "2016-07-31": "3.90340", "2016-04-30": "4.14500", "2016-01-31": "4.83310", "2015-10-31": "3.17280", "2015-07-31": "3.50530", "2015-04-30": "3.22170", "2015-01-31": "4.40020", "2014-10-31": "3.07500", "2014-07-31": "3.41580", "2014-04-30": "2.93980", "2014-01-31": "4.41010", "2013-10-31": "2.95890", "2013-07-31": "3.22640", "2013-04-30": "3.14110", "2013-01-31": "5.06030", "2012-10-31": "3.09350", "2012-07-31": "3.36920", "2012-04-30": "3.29560", "2012-01-31": "4.83640", "2011-10-31": "2.87810", "2011-07-31": "2.93010", "2011-04-30": "3.04200", "2011-01-31": "4.12110", "2010-10-31": "2.00210", "2010-07-31": "2.17950", "2010-04-30": "2.40610", "2010-01-31": "3.65330", "2009-10-31": "1.36180", "2009-07-31": "1.04940", "2009-04-30": "0.86170", "2009-01-31": "2.15980", "2008-10-31": "0.80490", "2008-07-31": "0.69110", "2008-04-30": "0.81140", "2008-01-31": "2.89810", "2007-10-31": "0.83610", "2007-07-31": "0.55480", "2007-04-30": "1.40770", "2007-01-31": "", "2006-10-31": "1.00470"}, "ROI - Return On Investment": {"2020-10-31": "4.03350", "2020-07-31": "0.31320", "2020-04-30": "-3.07400", "2020-01-31": "11.70920", "2019-10-31": "7.02410", "2019-07-31": "8.76660", "2019-04-30": "9.90030", "2019-01-31": "11.79390", "2018-10-31": "7.14510", "2018-07-31": "8.18340", "2018-04-30": "9.21800", "2018-01-31": "11.73320", "2017-10-31": "6.47540", "2017-07-31": "6.98280", "2017-04-30": "7.81060", "2017-01-31": "9.04510", "2016-10-31": "6.03010", "2016-07-31": "6.46610", "2016-04-30": "6.96950", "2016-01-31": "7.47270", "2015-10-31": "5.17190", "2015-07-31": "5.51940", "2015-04-30": "5.13790", "2015-01-31": "6.99510", "2014-10-31": "4.98380", "2014-07-31": "5.39890", "2014-04-30": "4.71360", "2014-01-31": "7.04640", "2013-10-31": "4.89380", "2013-07-31": "5.21940", "2013-04-30": "5.20400", "2013-01-31": "8.20040", "2012-10-31": "5.39620", "2012-07-31": "5.47110", "2012-04-30": "5.96130", "2012-01-31": "7.91770", "2011-10-31": "5.10420", "2011-07-31": "5.00070", "2011-04-30": "5.18420", "2011-01-31": "7.47860", "2010-10-31": "4.06340", "2010-07-31": "3.98340", "2010-04-30": "4.39910", "2010-01-31": "6.91230", "2009-10-31": "2.86990", "2009-07-31": "1.90760", "2009-04-30": "1.44980", "2009-01-31": "3.68990", "2008-10-31": "1.58020", "2008-07-31": "1.18680", "2008-04-30": "1.40030", "2008-01-31": "4.75210", "2007-10-31": "1.66390", "2007-07-31": "0.99890", "2007-04-30": "2.49500", "2007-01-31": "", "2006-10-31": "2.00730"}, "Book Value Per Share": {"2020-10-31": "32.91980", "2020-07-31": "31.44000", "2020-04-30": "31.14720", "2020-01-31": "33.60060", "2019-10-31": "32.24620", "2019-07-31": "31.81890", "2019-04-30": "33.13990", "2019-01-31": "31.07020", "2018-10-31": "30.87290", "2018-07-31": "30.27260", "2018-04-30": "29.54860", "2018-01-31": "29.17070", "2017-10-31": "26.46050", "2017-07-31": "26.52850", "2017-04-30": "26.44640", "2017-01-31": "24.95160", "2016-10-31": "23.30190", "2016-07-31": "22.30600", "2016-04-30": "21.07290", "2016-01-31": "22.70830", "2015-10-31": "21.55040", "2015-07-31": "20.99440", "2015-04-30": "20.30050", "2015-01-31": "19.43650", "2014-10-31": "18.41730", "2014-07-31": "17.49190", "2014-04-30": "16.47530", "2014-01-31": "15.61700", "2013-10-31": "14.45280", "2013-07-31": "13.46280", "2013-04-30": "12.60590", "2013-01-31": "12.29420", "2012-10-31": "11.08760", "2012-07-31": "10.11650", "2012-04-30": "9.30150", "2012-01-31": "9.39900", "2011-10-31": "8.48980", "2011-07-31": "7.81250", "2011-04-30": "7.35800", "2011-01-31": "6.68640", "2010-10-31": "5.89070", "2010-07-31": "5.57100", "2010-04-30": "5.30020", "2010-01-31": "5.03030", "2009-10-31": "4.65120", "2009-07-31": "4.47540", "2009-04-30": "4.35200", "2009-01-31": "4.24260", "2008-10-31": "4.00790", "2008-07-31": "3.90020", "2008-04-30": "3.82180", "2008-01-31": "3.71670", "2007-10-31": "3.48320", "2007-07-31": "22.15970", "2007-04-30": "21.37180", "2007-01-31": "", "2006-10-31": "20.83490"}, "Operating Cash Flow Per Share": {"2020-10-31": 4.2981, "2020-07-31": 0.714, "2020-04-30": "-0.43100", "2020-01-31": 9.3019, "2019-10-31": 1.9978, "2019-07-31": 3.0485, "2019-04-30": "4.60530", "2019-01-31": 6.8599, "2018-10-31": 2.601, "2018-07-31": 1.8745, "2018-04-30": "4.55210", "2018-01-31": 7.2357, "2017-10-31": 1.8131, "2017-07-31": 0.719, "2017-04-30": "2.80770", "2017-01-31": 4.941, "2016-10-31": 1.6559, "2016-07-31": 0.8609, "2016-04-30": "2.63570", "2016-01-31": 3.5273, "2015-10-31": 0.3691, "2015-07-31": 0.8936, "2015-04-30": "1.05790", "2015-01-31": 3.8768, "2014-10-31": 0.1964, "2014-07-31": 0.9206, "2014-04-30": "1.14060", "2014-01-31": 3.5326, "2013-10-31": 0.2377, "2013-07-31": 0.6496, "2013-04-30": "0.66420", "2013-01-31": 2.5102, "2012-10-31": 0.6377, "2012-07-31": 0.3677, "2012-04-30": "0.19580", "2012-01-31": 2.2663, "2011-10-31": 0.2578, "2011-07-31": 0.8929, "2011-04-30": "0.07070", "2011-01-31": 1.726, "2010-10-31": 0.4932, "2010-07-31": 0.4984, "2010-04-30": "0.16290", "2010-01-31": 0.9819, "2009-10-31": 0.7523, "2009-07-31": 0.8777, "2009-04-30": "0.30570", "2009-01-31": 0.7757, "2008-10-31": 0.1428, "2008-07-31": 0.3808, "2008-04-30": "-0.02400", "2008-01-31": 1.1109, "2007-10-31": -0.2384, "2007-07-31": 0.2857, "2007-04-30": "-0.27800", "2007-01-31": -1.4075, "2006-10-31": 1.4075}, "Free Cash Flow Per Share": {"2020-10-31": 3.598, "2020-07-31": 0.0846, "2020-04-30": "-1.16610", "2020-01-31": 8.3387, "2019-10-31": 0.4104, "2019-07-31": 1.679, "2019-04-30": "3.38760", "2019-01-31": 5.8218, "2018-10-31": 0.6787, "2018-07-31": 0.7468, "2018-04-30": "3.33290", "2018-01-31": 5.603, "2017-10-31": -0.5681, "2017-07-31": -1.1521, "2017-04-30": "1.58150", "2017-01-31": 3.4847, "2016-10-31": -0.448, "2016-07-31": -0.663, "2016-04-30": "1.77800", "2016-01-31": 2.4853, "2015-10-31": -1.113, "2015-07-31": -0.3597, "2015-04-30": "0.18080", "2015-01-31": 2.6889, "2014-10-31": -1.0124, "2014-07-31": 0.0701, "2014-04-30": "0.53530", "2014-01-31": 2.7682, "2013-10-31": -0.9805, "2013-07-31": -0.2229, "2013-04-30": "0.01290", "2013-01-31": 1.8154, "2012-10-31": -0.4864, "2012-07-31": -0.3548, "2012-04-30": "-0.19120", "2012-01-31": 1.7757, "2011-10-31": -0.4497, "2011-07-31": 0.3713, "2011-04-30": "-0.24070", "2011-01-31": 1.366, "2010-10-31": -0.1943, "2010-07-31": 0.0891, "2010-04-30": "0.03520", "2010-01-31": 0.664, "2009-10-31": 0.4244, "2009-07-31": 0.5835, "2009-04-30": "0.09590", "2009-01-31": 0.5328, "2008-10-31": -0.3407, "2008-07-31": -0.2549, "2008-04-30": "-0.54190", "2008-01-31": 5.1827, "2007-10-31": -0.4267, "2007-07-31": -5.1609, "2007-04-30": "-0.62640", "2007-01-31": 3.1707, "2006-10-31": -3.1707}}, "revenue": {"Ulta Beauty Annual Revenue (Millions of US $)": {"2020": "$7,398", "2019": "$6,717", "2018": "$5,885", "2017": "$4,855", "2016": "$3,924", "2015": "$3,241", "2014": "$2,671", "2013": "$2,220", "2012": "$1,776", "2011": "$1,455", "2010": "$1,223", "2009": "$1,085", "2008": "$912", "2007": "$755", "2006": "$579"}, "Ulta Beauty Quarterly Revenue (Millions of US $)": {"2020-10-31": "$1,552", "2020-07-31": "$1,228", "2020-04-30": "$1,173", "2020-01-31": "$2,306", "2019-10-31": "$1,683", "2019-07-31": "$1,667", "2019-04-30": "$1,743", "2019-01-31": "$2,125", "2018-10-31": "$1,560", "2018-07-31": "$1,488", "2018-04-30": "$1,544", "2018-01-31": "$1,938", "2017-10-31": "$1,342", "2017-07-31": "$1,290", "2017-04-30": "$1,315", "2017-01-31": "$1,581", "2016-10-31": "$1,131", "2016-07-31": "$1,069", "2016-04-30": "$1,074", "2016-01-31": "$1,268", "2015-10-31": "$911", "2015-07-31": "$877", "2015-04-30": "$868", "2015-01-31": "$1,048", "2014-10-31": "$746", "2014-07-31": "$734", "2014-04-30": "$714", "2014-01-31": "$868", "2013-10-31": "$619", "2013-07-31": "$601", "2013-04-30": "$583", "2013-01-31": "$759", "2012-10-31": "$506", "2012-07-31": "$482", "2012-04-30": "$474", "2012-01-31": "$583", "2011-10-31": "$413", "2011-07-31": "$395", "2011-04-30": "$386", "2011-01-31": "$474", "2010-10-31": "$339", "2010-07-31": "$322", "2010-04-30": "$320", "2010-01-31": "$396", "2009-10-31": "$284", "2009-07-31": "$274", "2009-04-30": "$269", "2009-01-31": "$341", "2008-10-31": "$255", "2008-07-31": "$249", "2008-04-30": "$239", "2008-01-31": "$309", "2007-10-31": "$208", "2007-07-31": "$200", "2007-04-30": "$194", "2007-01-31": "", "2006-10-31": "$166"}}, "gross-profit": {"Ulta Beauty Annual Gross Profit (Millions of US $)": {"2020": "$2,681", "2019": "$2,409", "2018": "$2,097", "2017": "$1,747", "2016": "$1,384", "2015": "$1,137", "2014": "$941", "2013": "$784", "2012": "$617", "2011": "$484", "2010": "$377", "2009": "$332", "2008": "$284", "2007": "$235", "2006": "$174"}, "Ulta Beauty Quarterly Gross Profit (Millions of US $)": {"2020-10-31": "$546", "2020-07-31": "$329", "2020-04-30": "$304", "2020-01-31": "$807", "2019-10-31": "$623", "2019-07-31": "$606", "2019-04-30": "$645", "2019-01-31": "$741", "2018-10-31": "$572", "2018-07-31": "$535", "2018-04-30": "$561", "2018-01-31": "$658", "2017-10-31": "$493", "2017-07-31": "$469", "2017-04-30": "$476", "2017-01-31": "$545", "2016-10-31": "$427", "2016-07-31": "$385", "2016-04-30": "$390", "2016-01-31": "$439", "2015-10-31": "$336", "2015-07-31": "$306", "2015-04-30": "$303", "2015-01-31": "$350", "2014-10-31": "$282", "2014-07-31": "$259", "2014-04-30": "$246", "2014-01-31": "$294", "2013-10-31": "$232", "2013-07-31": "$212", "2013-04-30": "$204", "2013-01-31": "$260", "2012-10-31": "$185", "2012-07-31": "$168", "2012-04-30": "$171", "2012-01-31": "$198", "2011-10-31": "$149", "2011-07-31": "$134", "2011-04-30": "$135", "2011-01-31": "$157", "2010-10-31": "$119", "2010-07-31": "$104", "2010-04-30": "$105", "2010-01-31": "$127", "2009-10-31": "$92", "2009-07-31": "$79", "2009-04-30": "$80", "2009-01-31": "$105", "2008-10-31": "$79", "2008-07-31": "$73", "2008-04-30": "$74", "2008-01-31": "$97", "2007-10-31": "$68", "2007-07-31": "$59", "2007-04-30": "$60", "2007-01-31": "", "2006-10-31": "$51"}}, "operating-income": {"Ulta Beauty Annual Operating Income (Millions of US $)": {"2020": "$901", "2019": "$854", "2018": "$785", "2017": "$655", "2016": "$506", "2015": "$410", "2014": "$328", "2013": "$280", "2012": "$196", "2011": "$119", "2010": "$68", "2009": "$46", "2008": "$47", "2007": "$40", "2006": "$29"}, "Ulta Beauty Quarterly Operating Income (Millions of US $)": {"2020-10-31": "$101", "2020-07-31": "$13", "2020-04-30": "$-101", "2020-01-31": "$288", "2019-10-31": "$168", "2019-07-31": "$208", "2019-04-30": "$238", "2019-01-31": "$281", "2018-10-31": "$169", "2018-07-31": "$194", "2018-04-30": "$210", "2018-01-31": "$254", "2017-10-31": "$163", "2017-07-31": "$180", "2017-04-30": "$188", "2017-01-31": "$224", "2016-10-31": "$140", "2016-07-31": "$144", "2016-04-30": "$147", "2016-01-31": "$169", "2015-10-31": "$111", "2015-07-31": "$118", "2015-04-30": "$108", "2015-01-31": "$137", "2014-10-31": "$94", "2014-07-31": "$98", "2014-04-30": "$81", "2014-01-31": "$114", "2013-10-31": "$73", "2013-07-31": "$73", "2013-04-30": "$68", "2013-01-31": "$104", "2012-10-31": "$61", "2012-07-31": "$57", "2012-04-30": "$57", "2012-01-31": "$73", "2011-10-31": "$44", "2011-07-31": "$40", "2011-04-30": "$39", "2011-01-31": "$49", "2010-10-31": "$24", "2010-07-31": "$22", "2010-04-30": "$23", "2010-01-31": "$34", "2009-10-31": "$15", "2009-07-31": "$10", "2009-04-30": "$9", "2009-01-31": "$21", "2008-10-31": "$10", "2008-07-31": "$7", "2008-04-30": "$8", "2008-01-31": "$24", "2007-10-31": "$8", "2007-07-31": "$5", "2007-04-30": "$10", "2007-01-31": "", "2006-10-31": "$7"}}, "ebitda": {"Ulta Beauty Annual EBITDA (Millions of US $)": {"2020": "$1,197", "2019": "$1,134", "2018": "$1,038", "2017": "$865", "2016": "$671", "2015": "$542", "2014": "$434", "2013": "$368", "2012": "$272", "2011": "$184", "2010": "$130", "2009": "$98", "2008": "$86", "2007": "$70", "2006": "$52"}, "Ulta Beauty Quarterly EBITDA (Millions of US $)": {"2020-10-31": "$174", "2020-07-31": "$90", "2020-04-30": "$-25", "2020-01-31": "$364", "2019-10-31": "$242", "2019-07-31": "$281", "2019-04-30": "$309", "2019-01-31": "$353", "2018-10-31": "$239", "2018-07-31": "$263", "2018-04-30": "$279", "2018-01-31": "$319", "2017-10-31": "$225", "2017-07-31": "$243", "2017-04-30": "$251", "2017-01-31": "$284", "2016-10-31": "$193", "2016-07-31": "$193", "2016-04-30": "$195", "2016-01-31": "$215", "2015-10-31": "$153", "2015-07-31": "$157", "2015-04-30": "$146", "2015-01-31": "$173", "2014-10-31": "$128", "2014-07-31": "$130", "2014-04-30": "$111", "2014-01-31": "$143", "2013-10-31": "$100", "2013-07-31": "$99", "2013-04-30": "$92", "2013-01-31": "$127", "2012-10-31": "$84", "2012-07-31": "$79", "2012-04-30": "$78", "2012-01-31": "$94", "2011-10-31": "$63", "2011-07-31": "$59", "2011-04-30": "$57", "2011-01-31": "$66", "2010-10-31": "$40", "2010-07-31": "$38", "2010-04-30": "$39", "2010-01-31": "$50", "2009-10-31": "$30", "2009-07-31": "$26", "2009-04-30": "$24", "2009-01-31": "$35", "2008-10-31": "$23", "2008-07-31": "$20", "2008-04-30": "$20", "2008-01-31": "$35", "2007-10-31": "$17", "2007-07-31": "$14", "2007-04-30": "$20", "2007-01-31": "", "2006-10-31": "$7"}}, "net-income": {"Ulta Beauty Annual Net Income (Millions of US $)": {"2020": "$706", "2019": "$659", "2018": "$555", "2017": "$410", "2016": "$320", "2015": "$257", "2014": "$203", "2013": "$173", "2012": "$120", "2011": "$71", "2010": "$39", "2009": "$25", "2008": "$14", "2007": "$8", "2006": "$3"}, "Ulta Beauty Quarterly Net Income (Millions of US $)": {"2020-10-31": "$75", "2020-07-31": "$8", "2020-04-30": "$-79", "2020-01-31": "$223", "2019-10-31": "$130", "2019-07-31": "$161", "2019-04-30": "$192", "2019-01-31": "$215", "2018-10-31": "$131", "2018-07-31": "$148", "2018-04-30": "$164", "2018-01-31": "$208", "2017-10-31": "$105", "2017-07-31": "$114", "2017-04-30": "$128", "2017-01-31": "$140", "2016-10-31": "$88", "2016-07-31": "$90", "2016-04-30": "$92", "2016-01-31": "$108", "2015-10-31": "$71", "2015-07-31": "$74", "2015-04-30": "$67", "2015-01-31": "$87", "2014-10-31": "$59", "2014-07-31": "$61", "2014-04-30": "$50", "2014-01-31": "$71", "2013-10-31": "$45", "2013-07-31": "$45", "2013-04-30": "$42", "2013-01-31": "$65", "2012-10-31": "$38", "2012-07-31": "$35", "2012-04-30": "$35", "2012-01-31": "$46", "2011-10-31": "$27", "2011-07-31": "$24", "2011-04-30": "$23", "2011-01-31": "$30", "2010-10-31": "$14", "2010-07-31": "$13", "2010-04-30": "$14", "2010-01-31": "$20", "2009-10-31": "$8", "2009-07-31": "$6", "2009-04-30": "$5", "2009-01-31": "$12", "2008-10-31": "$5", "2008-07-31": "$4", "2008-04-30": "$4", "2008-01-31": "$14", "2007-10-31": "$1", "2007-07-31": "$-2", "2007-04-30": "$2", "2007-01-31": "", "2006-10-31": "$0"}}, "eps-earnings-per-share-diluted": {"Ulta Beauty Annual EPS": {"2020": "$12.15", "2019": "$10.94", "2018": "$8.96", "2017": "$6.52", "2016": "$4.98", "2015": "$3.98", "2014": "$3.15", "2013": "$2.68", "2012": "$1.90", "2011": "$1.16", "2010": "$0.66", "2009": "$0.43", "2008": "$0.48", "2007": "$0.45", "2006": "$0.33"}, "Ulta Beauty Quarterly EPS": {"2020-10-31": "$1.32", "2020-07-31": "$0.14", "2020-04-30": "$-1.39", "2020-01-31": "$3.88", "2019-10-31": "$2.25", "2019-07-31": "$2.76", "2019-04-30": "$3.26", "2019-01-31": "$3.60", "2018-10-31": "$2.18", "2018-07-31": "$2.46", "2018-04-30": "$2.70", "2018-01-31": "$3.38", "2017-10-31": "$1.70", "2017-07-31": "$1.83", "2017-04-30": "$2.05", "2017-01-31": "$2.24", "2016-10-31": "$1.40", "2016-07-31": "$1.43", "2016-04-30": "$1.45", "2016-01-31": "$1.68", "2015-10-31": "$1.11", "2015-07-31": "$1.15", "2015-04-30": "$1.04", "2015-01-31": "$1.36", "2014-10-31": "$0.91", "2014-07-31": "$0.94", "2014-04-30": "$0.77", "2014-01-31": "$1.10", "2013-10-31": "$0.70", "2013-07-31": "$0.70", "2013-04-30": "$0.65", "2013-01-31": "$1.01", "2012-10-31": "$0.59", "2012-07-31": "$0.54", "2012-04-30": "$0.54", "2012-01-31": "$0.73", "2011-10-31": "$0.42", "2011-07-31": "$0.38", "2011-04-30": "$0.37", "2011-01-31": "$0.48", "2010-10-31": "$0.23", "2010-07-31": "$0.22", "2010-04-30": "$0.23", "2010-01-31": "$0.34", "2009-10-31": "$0.14", "2009-07-31": "$0.10", "2009-04-30": "$0.08", "2009-01-31": "$0.21", "2008-10-31": "$0.09", "2008-07-31": "$0.06", "2008-04-30": "$0.07", "2008-01-31": "$0.56", "2007-10-31": "$0.05", "2007-07-31": "$-0.23", "2007-04-30": "$0.10", "2007-01-31": "$0.00", "2006-10-31": "$0.00"}}, "shares-outstanding": {"Ulta Beauty Annual Shares Outstanding (Millions of Shares)": {"2020": "58", "2019": "60", "2018": "62", "2017": "63", "2016": "64", "2015": "65", "2014": "64", "2013": "64", "2012": "63", "2011": "61", "2010": "59", "2009": "59", "2008": "53", "2007": "50", "2006": "48"}, "Ulta Beauty Quarterly Shares Outstanding (Millions of Shares)": {"2020-10-31": "57", "2020-07-31": "56", "2020-04-30": "56", "2020-01-31": "58", "2019-10-31": "58", "2019-07-31": "58", "2019-04-30": "59", "2019-01-31": "60", "2018-10-31": "60", "2018-07-31": "60", "2018-04-30": "61", "2018-01-31": "62", "2017-10-31": "62", "2017-07-31": "62", "2017-04-30": "63", "2017-01-31": "63", "2016-10-31": "63", "2016-07-31": "63", "2016-04-30": "63", "2016-01-31": "64", "2015-10-31": "64", "2015-07-31": "64", "2015-04-30": "65", "2015-01-31": "65", "2014-10-31": "65", "2014-07-31": "65", "2014-04-30": "65", "2014-01-31": "64", "2013-10-31": "65", "2013-07-31": "64", "2013-04-30": "64", "2013-01-31": "64", "2012-10-31": "64", "2012-07-31": "64", "2012-04-30": "64", "2012-01-31": "63", "2011-10-31": "63", "2011-07-31": "63", "2011-04-30": "63", "2011-01-31": "61", "2010-10-31": "61", "2010-07-31": "61", "2010-04-30": "60", "2010-01-31": "59", "2009-10-31": "59", "2009-07-31": "59", "2009-04-30": "59", "2009-01-31": "59", "2008-10-31": "59", "2008-07-31": "59", "2008-04-30": "59", "2008-01-31": "53", "2007-10-31": "12", "2007-07-31": "7", "2007-04-30": "51", "2007-01-31": "", "2006-10-31": "8"}}, "total-assets": {"Ulta Beauty Annual Total Assets (Millions of US $)": {"2020": "$4,864", "2019": "$3,191", "2018": "$2,909", "2017": "$2,552", "2016": "$2,231", "2015": "$1,983", "2014": "$1,603", "2013": "$1,275", "2012": "$957", "2011": "$730", "2010": "$554", "2009": "$569", "2008": "$469", "2007": "$339", "2006": "$0"}, "Ulta Beauty Quarterly Total Assets (Millions of US $)": {"2020-10-31": "$4,871", "2020-07-31": "$5,497", "2020-04-30": "$5,531", "2020-01-31": "$4,864", "2019-10-31": "$4,929", "2019-07-31": "$4,710", "2019-04-30": "$4,766", "2019-01-31": "$3,191", "2018-10-31": "$3,333", "2018-07-31": "$3,073", "2018-04-30": "$3,022", "2018-01-31": "$2,909", "2017-10-31": "$2,835", "2017-07-31": "$2,702", "2017-04-30": "$2,708", "2017-01-31": "$2,552", "2016-10-31": "$2,551", "2016-07-31": "$2,306", "2016-04-30": "$2,219", "2016-01-31": "$2,231", "2015-10-31": "$2,240", "2015-07-31": "$2,116", "2015-04-30": "$2,078", "2015-01-31": "$1,983", "2014-10-31": "$1,923", "2014-07-31": "$1,780", "2014-04-30": "$1,699", "2014-01-31": "$1,603", "2013-10-31": "$1,535", "2013-07-31": "$1,392", "2013-04-30": "$1,332", "2013-01-31": "$1,275", "2012-10-31": "$1,233", "2012-07-31": "$1,039", "2012-04-30": "$1,058", "2012-01-31": "$957", "2011-10-31": "$930", "2011-07-31": "$816", "2011-04-30": "$766", "2011-01-31": "$730", "2010-10-31": "$709", "2010-07-31": "$599", "2010-04-30": "$568", "2010-01-31": "$554", "2009-10-31": "$621", "2009-07-31": "$548", "2009-04-30": "$571", "2009-01-31": "$569", "2008-10-31": "$623", "2008-07-31": "$534", "2008-04-30": "$527", "2008-01-31": "$469", "2007-10-31": "$503", "2007-07-31": "$398", "2007-04-30": "$378", "2007-01-31": "$0", "2006-10-31": "$360"}}, "cash-on-hand": {"Ulta Beauty Annual Cash on Hand (Millions of US $)": {"2020": "$502", "2019": "$409", "2018": "$397", "2017": "$415", "2016": "$476", "2015": "$539", "2014": "$419", "2013": "$320", "2012": "$254", "2011": "$111", "2010": "$4", "2009": "$4", "2008": "$4", "2007": "$4", "2006": "$"}, "Ulta Beauty Quarterly Cash on Hand (Millions of US $)": {"2020-10-31": "$561", "2020-07-31": "$1,157", "2020-04-30": "$1,154", "2020-01-31": "$502", "2019-10-31": "$209", "2019-07-31": "$327", "2019-04-30": "$522", "2019-01-31": "$409", "2018-10-31": "$297", "2018-07-31": "$386", "2018-04-30": "$469", "2018-01-31": "$397", "2017-10-31": "$107", "2017-07-31": "$273", "2017-04-30": "$472", "2017-01-31": "$415", "2016-10-31": "$243", "2016-07-31": "$304", "2016-04-30": "$369", "2016-01-31": "$476", "2015-10-31": "$360", "2015-07-31": "$475", "2015-04-30": "$536", "2015-01-31": "$539", "2014-10-31": "$395", "2014-07-31": "$463", "2014-04-30": "$457", "2014-01-31": "$419", "2013-10-31": "$241", "2013-07-31": "$286", "2013-04-30": "$293", "2013-01-31": "$320", "2012-10-31": "$192", "2012-07-31": "$197", "2012-04-30": "$266", "2012-01-31": "$254", "2011-10-31": "$131", "2011-07-31": "$143", "2011-04-30": "$117", "2011-01-31": "$111", "2010-10-31": "$8", "2010-07-31": "$16", "2010-04-30": "$9", "2010-01-31": "$4", "2009-10-31": "$4", "2009-07-31": "$4", "2009-04-30": "$4", "2009-01-31": "$4", "2008-10-31": "$4", "2008-07-31": "$3", "2008-04-30": "$4", "2008-01-31": "$4", "2007-10-31": "$4", "2007-07-31": "$3", "2007-04-30": "$3", "2007-01-31": "", "2006-10-31": "$3"}}, "long-term-debt": {"Ulta Beauty Annual Long Term Debt (Millions of US $)": {"2020": "$", "2019": "$", "2018": "$", "2017": "$", "2016": "$", "2015": "$", "2014": "$", "2013": "$", "2012": "$", "2011": "$", "2010": "$", "2009": "$88", "2008": "$75", "2007": "$51", "2006": "$"}, "Ulta Beauty Quarterly Long Term Debt (Millions of US $)": {"2020-10-31": "", "2020-07-31": "$800", "2020-04-30": "$800", "2020-01-31": "", "2019-10-31": "", "2019-07-31": "", "2019-04-30": "", "2019-01-31": "", "2018-10-31": "", "2018-07-31": "", "2018-04-30": "", "2018-01-31": "", "2017-10-31": "", "2017-07-31": "", "2017-04-30": "", "2017-01-31": "", "2016-10-31": "", "2016-07-31": "", "2016-04-30": "", "2016-01-31": "", "2015-10-31": "", "2015-07-31": "", "2015-04-30": "", "2015-01-31": "", "2014-10-31": "", "2014-07-31": "", "2014-04-30": "", "2014-01-31": "", "2013-10-31": "", "2013-07-31": "", "2013-04-30": "", "2013-01-31": "", "2012-10-31": "", "2012-07-31": "", "2012-04-30": "", "2012-01-31": "", "2011-10-31": "", "2011-07-31": "", "2011-04-30": "", "2011-01-31": "", "2010-10-31": "", "2010-07-31": "", "2010-04-30": "", "2010-01-31": "", "2009-10-31": "$25", "2009-07-31": "$42", "2009-04-30": "$88", "2009-01-31": "$88", "2008-10-31": "$86", "2008-07-31": "$86", "2008-04-30": "$86", "2008-01-31": "$75", "2007-10-31": "$55", "2007-07-31": "$55", "2007-04-30": "$55", "2007-01-31": "", "2006-10-31": "$38"}}, "total-liabilities": {"Ulta Beauty Annual Total Liabilities (Millions of US $)": {"2020": "$2,962", "2019": "$1,371", "2018": "$1,134", "2017": "$1,002", "2016": "$788", "2015": "$736", "2014": "$600", "2013": "$488", "2012": "$373", "2011": "$328", "2010": "$261", "2009": "$324", "2008": "$258", "2007": "$185", "2006": "$"}, "Ulta Beauty Quarterly Total Liabilities (Millions of US $)": {"2020-10-31": "$3,017", "2020-07-31": "$3,726", "2020-04-30": "$3,777", "2020-01-31": "$2,962", "2019-10-31": "$3,082", "2019-07-31": "$2,871", "2019-04-30": "$2,825", "2019-01-31": "$1,371", "2018-10-31": "$1,497", "2018-07-31": "$1,261", "2018-04-30": "$1,239", "2018-01-31": "$1,134", "2017-10-31": "$1,219", "2017-07-31": "$1,067", "2017-04-30": "$1,066", "2017-01-31": "$1,002", "2016-10-31": "$1,099", "2016-07-31": "$914", "2016-04-30": "$899", "2016-01-31": "$788", "2015-10-31": "$866", "2015-07-31": "$772", "2015-04-30": "$775", "2015-01-31": "$736", "2014-10-31": "$736", "2014-07-31": "$654", "2014-04-30": "$639", "2014-01-31": "$600", "2013-10-31": "$607", "2013-07-31": "$532", "2013-04-30": "$528", "2013-01-31": "$488", "2012-10-31": "$526", "2012-07-31": "$399", "2012-04-30": "$473", "2012-01-31": "$373", "2011-10-31": "$406", "2011-07-31": "$338", "2011-04-30": "$316", "2011-01-31": "$328", "2010-10-31": "$360", "2010-07-31": "$271", "2010-04-30": "$257", "2010-01-31": "$261", "2009-10-31": "$351", "2009-07-31": "$289", "2009-04-30": "$320", "2009-01-31": "$324", "2008-10-31": "$392", "2008-07-31": "$309", "2008-04-30": "$308", "2008-01-31": "$258", "2007-10-31": "$305", "2007-07-31": "$232", "2007-04-30": "$220", "2007-01-31": "", "2006-10-31": "$218"}}, "total-share-holder-equity": {"Ulta Beauty Annual Share Holder Equity (Millions of US $)": {"2020": "$1,902", "2019": "$1,820", "2018": "$1,774", "2017": "$1,550", "2016": "$1,443", "2015": "$1,248", "2014": "$1,003", "2013": "$787", "2012": "$585", "2011": "$403", "2010": "$293", "2009": "$245", "2008": "$212", "2007": "$154", "2006": "$"}, "Ulta Beauty Quarterly Share Holder Equity (Millions of US $)": {"2020-10-31": "$1,854", "2020-07-31": "$1,771", "2020-04-30": "$1,754", "2020-01-31": "$1,902", "2019-10-31": "$1,847", "2019-07-31": "$1,839", "2019-04-30": "$1,942", "2019-01-31": "$1,820", "2018-10-31": "$1,836", "2018-07-31": "$1,812", "2018-04-30": "$1,783", "2018-01-31": "$1,774", "2017-10-31": "$1,616", "2017-07-31": "$1,635", "2017-04-30": "$1,642", "2017-01-31": "$1,550", "2016-10-31": "$1,452", "2016-07-31": "$1,392", "2016-04-30": "$1,320", "2016-01-31": "$1,443", "2015-10-31": "$1,374", "2015-07-31": "$1,344", "2015-04-30": "$1,303", "2015-01-31": "$1,248", "2014-10-31": "$1,186", "2014-07-31": "$1,126", "2014-04-30": "$1,060", "2014-01-31": "$1,003", "2013-10-31": "$928", "2013-07-31": "$860", "2013-04-30": "$804", "2013-01-31": "$787", "2012-10-31": "$707", "2012-07-31": "$640", "2012-04-30": "$585", "2012-01-31": "$585", "2011-10-31": "$524", "2011-07-31": "$478", "2011-04-30": "$449", "2011-01-31": "$403", "2010-10-31": "$350", "2010-07-31": "$328", "2010-04-30": "$311", "2010-01-31": "$293", "2009-10-31": "$270", "2009-07-31": "$259", "2009-04-30": "$251", "2009-01-31": "$245", "2008-10-31": "$231", "2008-07-31": "$224", "2008-04-30": "$219", "2008-01-31": "$212", "2007-10-31": "$198", "2007-07-31": "$166", "2007-04-30": "$158", "2007-01-31": "", "2006-10-31": "$142"}}, "profit-margins": {"current": "3.63%"}, "gross margin": {"2020-10-31": "31.73%", "2020-07-31": "32.28%", "2020-04-30": "34.27%", "2020-01-31": "36.23%", "2019-10-31": "36.23%", "2019-07-31": "36.14%", "2019-04-30": "36.05%", "2019-01-31": "35.86%", "2018-10-31": "35.62%", "2018-07-31": "35.60%", "2018-04-30": "35.67%", "2018-01-31": "35.62%", "2017-10-31": "35.87%", "2017-07-31": "36.05%", "2017-04-30": "35.97%", "2017-01-31": "35.98%", "2016-10-31": "36.13%", "2016-07-31": "35.86%", "2016-04-30": "35.62%", "2016-01-31": "35.27%", "2015-10-31": "34.96%", "2015-07-31": "35.07%", "2015-04-30": "35.16%", "2015-01-31": "35.07%", "2014-10-31": "35.30%", "2014-07-31": "35.13%", "2014-04-30": "35.12%", "2014-01-31": "35.27%", "2013-10-31": "35.44%", "2013-07-31": "35.16%", "2013-04-30": "35.06%", "2013-01-31": "35.30%", "2012-10-31": "35.31%", "2012-07-31": "35.14%", "2012-04-30": "34.96%", "2012-01-31": "34.67%", "2011-10-31": "34.47%", "2011-07-31": "34.19%", "2011-04-30": "33.86%", "2011-01-31": "33.33%", "2010-10-31": "33.04%", "2010-07-31": "32.38%", "2010-04-30": "31.63%", "2010-01-31": "30.91%", "2009-10-31": "30.48%", "2009-07-31": "30.11%", "2009-04-30": "30.25%", "2009-01-31": "30.54%", "2008-10-31": "30.70%", "2008-07-31": "31.04%", "2008-04-30": "31.17%", "2008-01-31": "31.17%", "2007-07-31": "30.36%"}, "operating margin": {"2020-10-31": "4.81%", "2020-07-31": "5.76%", "2020-04-30": "8.24%", "2020-01-31": "12.19%", "2019-10-31": "12.40%", "2019-07-31": "12.63%", "2019-04-30": "12.75%", "2019-01-31": "12.71%", "2018-10-31": "12.66%", "2018-07-31": "13.01%", "2018-04-30": "13.20%", "2018-01-31": "13.34%", "2017-10-31": "13.66%", "2017-07-31": "13.77%", "2017-04-30": "13.66%", "2017-01-31": "13.49%", "2016-10-31": "13.21%", "2016-07-31": "13.21%", "2016-04-30": "13.20%", "2016-01-31": "12.90%", "2015-10-31": "12.80%", "2015-07-31": "12.91%", "2015-04-30": "12.87%", "2015-01-31": "12.65%", "2014-10-31": "12.64%", "2014-07-31": "12.47%", "2014-04-30": "12.17%", "2014-01-31": "12.28%", "2013-10-31": "12.41%", "2013-07-31": "12.49%", "2013-04-30": "12.45%", "2013-01-31": "12.56%", "2012-10-31": "12.13%", "2012-07-31": "11.83%", "2012-04-30": "11.47%", "2012-01-31": "11.03%", "2011-10-31": "10.31%", "2011-07-31": "9.54%", "2011-04-30": "8.81%", "2011-01-31": "8.11%", "2010-10-31": "7.48%", "2010-07-31": "7.11%", "2010-04-30": "6.44%", "2010-01-31": "5.56%", "2009-10-31": "4.71%", "2009-07-31": "4.39%", "2009-04-30": "4.22%", "2009-01-31": "4.24%", "2008-10-31": "4.66%", "2008-07-31": "4.68%", "2008-04-30": "4.71%", "2008-01-31": "5.16%", "2007-07-31": "3.93%"}, "ebitda margin": {"2020-10-31": "9.63%", "2020-07-31": "10.50%", "2020-04-30": "12.62%", "2020-01-31": "16.16%", "2019-10-31": "16.42%", "2019-07-31": "16.66%", "2019-04-30": "16.83%", "2019-01-31": "16.88%", "2018-10-31": "16.85%", "2018-07-31": "17.21%", "2018-04-30": "17.44%", "2018-01-31": "17.64%", "2017-10-31": "18.14%", "2017-07-31": "18.26%", "2017-04-30": "18.07%", "2017-01-31": "17.82%", "2016-10-31": "17.53%", "2016-07-31": "17.49%", "2016-04-30": "17.43%", "2016-01-31": "17.10%", "2015-10-31": "16.98%", "2015-07-31": "17.07%", "2015-04-30": "16.99%", "2015-01-31": "16.72%", "2014-10-31": "16.72%", "2014-07-31": "16.49%", "2014-04-30": "16.17%", "2014-01-31": "16.25%", "2013-10-31": "16.32%", "2013-07-31": "16.41%", "2013-04-30": "16.39%", "2013-01-31": "16.57%", "2012-10-31": "16.38%", "2012-07-31": "16.09%", "2012-04-30": "15.76%", "2012-01-31": "15.36%", "2011-10-31": "14.69%", "2011-07-31": "13.93%", "2011-04-30": "13.21%", "2011-01-31": "12.58%", "2010-10-31": "12.13%", "2010-07-31": "11.88%", "2010-04-30": "11.38%", "2010-01-31": "10.63%", "2009-10-31": "9.85%", "2009-07-31": "9.48%", "2009-04-30": "9.16%", "2009-01-31": "9.04%", "2008-10-31": "9.32%", "2008-07-31": "9.15%", "2008-04-30": "9.00%", "2008-01-31": "9.44%", "2007-07-31": "7.32%"}, "pre tax profit margin": {"2020-10-31": "4.71%", "2020-07-31": "5.70%", "2020-04-30": "8.26%", "2020-01-31": "12.26%", "2019-10-31": "12.48%", "2019-07-31": "12.73%", "2019-04-30": "12.84%", "2019-01-31": "12.79%", "2018-10-31": "12.74%", "2018-07-31": "13.05%", "2018-04-30": "13.23%", "2018-01-31": "13.37%", "2017-10-31": "13.68%", "2017-07-31": "13.79%", "2017-04-30": "13.68%", "2017-01-31": "13.49%", "2016-10-31": "13.23%", "2016-07-31": "13.23%", "2016-04-30": "13.24%", "2016-01-31": "12.95%", "2015-10-31": "12.85%", "2015-07-31": "12.97%", "2015-04-30": "12.90%", "2015-01-31": "12.68%", "2014-10-31": "12.64%", "2014-07-31": "12.47%", "2014-04-30": "12.17%", "2014-01-31": "12.28%", "2013-10-31": "12.41%", "2013-07-31": "12.49%", "2013-04-30": "12.45%", "2013-01-31": "12.56%", "2012-10-31": "12.13%", "2012-07-31": "11.83%", "2012-04-30": "11.47%", "2012-01-31": "11.03%", "2011-10-31": "10.31%", "2011-07-31": "9.54%", "2011-04-30": "8.81%", "2011-01-31": "8.11%", "2010-10-31": "7.48%", "2010-07-31": "7.03%", "2010-04-30": "6.36%", "2010-01-31": "5.40%", "2009-10-31": "4.54%", "2009-07-31": "4.13%", "2009-04-30": "3.86%", "2009-01-31": "3.87%", "2008-10-31": "4.18%", "2008-07-31": "4.28%", "2008-04-30": "4.29%", "2008-01-31": "4.72%", "2007-07-31": "3.39%"}, "net profit margin": {"2020-10-31": "3.63%", "2020-07-31": "4.41%", "2020-04-30": "6.37%", "2020-01-31": "9.54%", "2019-10-31": "9.67%", "2019-07-31": "9.85%", "2019-04-30": "9.92%", "2019-01-31": "9.80%", "2018-10-31": "9.97%", "2018-07-31": "9.90%", "2018-04-30": "9.67%", "2018-01-31": "9.43%", "2017-10-31": "8.81%", "2017-07-31": "8.84%", "2017-04-30": "8.75%", "2017-01-31": "8.44%", "2016-10-31": "8.32%", "2016-07-31": "8.35%", "2016-04-30": "8.35%", "2016-01-31": "8.15%", "2015-10-31": "8.07%", "2015-07-31": "8.11%", "2015-04-30": "8.07%", "2015-01-31": "7.93%", "2014-10-31": "7.87%", "2014-07-31": "7.73%", "2014-04-30": "7.53%", "2014-01-31": "7.60%", "2013-10-31": "7.69%", "2013-07-31": "7.76%", "2013-04-30": "7.73%", "2013-01-31": "7.79%", "2012-10-31": "7.53%", "2012-07-31": "7.33%", "2012-04-30": "7.08%", "2012-01-31": "6.75%", "2011-10-31": "6.24%", "2011-07-31": "5.71%", "2011-04-30": "5.26%", "2011-01-31": "4.88%", "2010-10-31": "4.43%", "2010-07-31": "4.16%", "2010-04-30": "3.77%", "2010-01-31": "3.19%", "2009-10-31": "2.65%", "2009-07-31": "2.46%", "2009-04-30": "2.33%", "2009-01-31": "2.31%", "2008-10-31": "2.57%", "2008-07-31": "2.29%", "2008-04-30": "1.78%", "2008-01-31": "1.65%", "2007-07-31": "0.00%"}, "pe ratio": {"current": "59.45", "2021-02-05": "76.27", "2020-10-31": "52.21", "2020-07-31": "39.47", "2020-04-30": "29.02", "2020-01-31": "22.03", "2019-10-31": "19.63", "2019-07-31": "29.57", "2019-04-30": "30.32", "2019-01-31": "26.66", "2018-10-31": "25.56", "2018-07-31": "23.82", "2018-04-30": "26.06", "2018-01-31": "24.73", "2017-10-31": "25.80", "2017-07-31": "33.41", "2017-04-30": "39.53", "2017-01-31": "41.76", "2016-10-31": "40.76", "2016-07-31": "45.99", "2016-04-30": "38.57", "2016-01-31": "36.31", "2015-10-31": "37.41", "2015-07-31": "37.31", "2015-04-30": "35.63", "2015-01-31": "33.23", "2014-10-31": "32.56", "2014-07-31": "26.38", "2014-04-30": "26.90", "2014-01-31": "27.30", "2013-10-31": "42.25", "2013-07-31": "34.32", "2013-04-30": "31.53", "2013-01-31": "36.64", "2012-10-31": "38.41", "2012-07-31": "38.06", "2012-04-30": "42.60", "2012-01-31": "39.63", "2011-10-31": "40.08", "2011-07-31": "42.40", "2011-04-30": "40.15", "2011-01-31": "31.30", "2010-10-31": "29.75", "2010-07-31": "26.86", "2010-04-30": "28.22", "2010-01-31": "29.07", "2009-10-31": "28.25", "2009-07-31": "23.34", "2009-04-30": "19.66", "2009-01-31": "13.41", "2008-10-31": "19.38", "2008-07-31": "22.74"}, "price sales": {"2021-02-05": "2.75", "2020-10-31": "1.89", "2020-07-31": "1.73", "2020-04-30": "1.84", "2020-01-31": "2.11", "2019-10-31": "1.90", "2019-07-31": "2.93", "2019-04-30": "3.02", "2019-01-31": "2.62", "2018-10-31": "2.56", "2018-07-31": "2.37", "2018-04-30": "2.53", "2018-01-31": "2.34", "2017-10-31": "2.28", "2017-07-31": "2.96", "2017-04-30": "3.47", "2017-01-31": "3.53", "2016-10-31": "3.39", "2016-07-31": "3.85", "2016-04-30": "3.23", "2016-01-31": "2.97", "2015-10-31": "3.03", "2015-07-31": "3.03", "2015-04-30": "2.88", "2015-01-31": "2.63", "2014-10-31": "2.55", "2014-07-31": "2.03", "2014-04-30": "2.02", "2014-01-31": "2.07", "2013-10-31": "3.24", "2013-07-31": "2.66", "2013-04-30": "2.42", "2013-01-31": "2.83", "2012-10-31": "2.89", "2012-07-31": "2.77", "2012-04-30": "3.00", "2012-01-31": "2.68", "2011-10-31": "2.50", "2011-07-31": "2.43", "2011-04-30": "2.13", "2011-01-31": "1.53", "2010-10-31": "1.33", "2010-07-31": "1.13", "2010-04-30": "1.07", "2010-01-31": "0.93", "2009-10-31": "0.76", "2009-07-31": "0.58", "2009-04-30": "0.46", "2009-01-31": "0.31", "2008-10-31": "0.47", "2008-07-31": "0.30"}, "price book": {"current": "9.17", "2021-02-05": "9.17", "2020-10-31": "6.28", "2020-07-31": "6.14", "2020-04-30": "7.00", "2020-01-31": "7.97", "2019-10-31": "7.23", "2019-07-31": "10.98", "2019-04-30": "10.53", "2019-01-31": "9.40", "2018-10-31": "8.89", "2018-07-31": "8.07", "2018-04-30": "8.49", "2018-01-31": "7.61", "2017-10-31": "7.63", "2017-07-31": "9.47", "2017-04-30": "10.64", "2017-01-31": "10.91", "2016-10-31": "10.44", "2016-07-31": "11.71", "2016-04-30": "9.88", "2016-01-31": "7.98", "2015-10-31": "8.07", "2015-07-31": "7.91", "2015-04-30": "7.44", "2015-01-31": "6.79", "2014-10-31": "6.56", "2014-07-31": "5.28", "2014-04-30": "5.32", "2014-01-31": "5.49", "2013-10-31": "8.92", "2013-07-31": "7.49", "2013-04-30": "6.95", "2013-01-31": "7.96", "2012-10-31": "8.31", "2012-07-31": "8.39", "2012-04-30": "9.48", "2012-01-31": "8.01", "2011-10-31": "7.84", "2011-07-31": "7.98", "2011-04-30": "7.15", "2011-01-31": "5.48", "2010-10-31": "5.15", "2010-07-31": "4.48", "2010-04-30": "4.31", "2010-01-31": "3.81", "2009-10-31": "3.22", "2009-07-31": "2.50", "2009-04-30": "1.99", "2009-01-31": "1.36", "2008-10-31": "2.18", "2008-07-31": "2.39", "2008-04-30": "3.66", "2008-01-31": "4.05", "2007-10-31": "9.71"}, "price fcf": {"2021-02-05": "", "2020-10-31": "$10.86", "2020-07-31": "$7.67", "2020-04-30": "$9.26", "2020-01-31": "$13.82", "2019-10-31": "$11.30", "2019-07-31": "$11.57", "2019-04-30": "$10.63", "2019-01-31": "$10.58", "2018-10-31": "$10.36", "2018-07-31": "$9.11", "2018-04-30": "$7.22", "2018-01-31": "$5.46", "2017-10-31": "$3.35", "2017-07-31": "$3.47", "2017-04-30": "$3.96", "2017-01-31": "$4.15", "2016-10-31": "$3.15", "2016-07-31": "$2.49", "2016-04-30": "$2.79", "2016-01-31": "$1.19", "2015-10-31": "$1.40", "2015-07-31": "$1.50", "2015-04-30": "$1.93", "2015-01-31": "$2.28", "2014-10-31": "$2.36", "2014-07-31": "$2.39", "2014-04-30": "$2.10", "2014-01-31": "$1.58", "2013-10-31": "$0.62", "2013-07-31": "$1.12", "2013-04-30": "$0.99", "2013-01-31": "$0.78", "2012-10-31": "$0.74", "2012-07-31": "$0.78", "2012-04-30": "$1.51", "2012-01-31": "$1.46", "2011-10-31": "$1.05", "2011-07-31": "$1.30", "2011-04-30": "$1.02", "2011-01-31": "$1.30", "2010-10-31": "$0.59", "2010-07-31": "$1.21", "2010-04-30": "$1.71", "2010-01-31": "$1.77", "2009-10-31": "$1.64", "2009-07-31": "$0.87", "2009-04-30": "$0.03", "2009-01-31": "$-0.60", "2008-10-31": "$4.05", "2008-07-31": "$-1.83"}, "net worth": {"value": "$17.02B"}, "current ratio": {"current": "1.83", "2020-10-31": "1.83", "2020-07-31": "2.64", "2020-04-30": "2.49", "2020-01-31": "1.81", "2019-10-31": "1.67", "2019-07-31": "1.80", "2019-04-30": "1.93", "2019-01-31": "2.33", "2018-10-31": "2.06", "2018-07-31": "2.41", "2018-04-30": "2.42", "2018-01-31": "2.64", "2017-10-31": "2.30", "2017-07-31": "2.79", "2017-04-30": "2.86", "2017-01-31": "2.90", "2016-10-31": "2.35", "2016-07-31": "2.80", "2016-04-30": "2.70", "2016-01-31": "3.47", "2015-10-31": "3.03", "2015-07-31": "3.56", "2015-04-30": "3.45", "2015-01-31": "3.51", "2014-10-31": "3.33", "2014-07-31": "3.76", "2014-04-30": "3.61", "2014-01-31": "3.76", "2013-10-31": "3.27", "2013-07-31": "3.64", "2013-04-30": "3.34", "2013-01-31": "3.57", "2012-10-31": "2.78", "2012-07-31": "3.65", "2012-04-30": "2.61", "2012-01-31": "3.52", "2011-10-31": "2.59", "2011-07-31": "2.98", "2011-04-30": "2.93", "2011-01-31": "2.48", "2010-10-31": "1.85", "2010-07-31": "2.29", "2010-04-30": "2.31", "2010-01-31": "2.08", "2009-10-31": "1.67", "2009-07-31": "2.15", "2009-04-30": "2.59", "2009-01-31": "2.37", "2008-10-31": "1.59", "2008-07-31": "1.94", "2008-04-30": "1.90", "2008-01-31": "2.05", "2007-10-31": "1.48", "2007-07-31": "1.62", "2007-04-30": "1.77", "2007-01-31": "0.00", "2006-10-31": "1.47"}, "quick ratio": {"2020-10-31": "0.66", "2020-07-31": "1.35", "2020-04-30": "1.27", "2020-01-31": "0.67", "2019-10-31": "0.38", "2019-07-31": "0.57", "2019-04-30": "0.74", "2019-01-31": "0.85", "2018-10-31": "0.55", "2018-07-31": "0.81", "2018-04-30": "0.89", "2018-01-31": "0.93", "2017-10-31": "0.42", "2017-07-31": "0.79", "2017-04-30": "1.07", "2017-01-31": "1.12", "2016-10-31": "0.61", "2016-07-31": "0.91", "2016-04-30": "1.00", "2016-01-31": "1.55", "2015-10-31": "1.10", "2015-07-31": "1.65", "2015-04-30": "1.73", "2015-01-31": "1.89", "2014-10-31": "1.41", "2014-07-31": "1.95", "2014-04-30": "1.85", "2014-01-31": "2.04", "2013-10-31": "1.25", "2013-07-31": "1.66", "2013-04-30": "1.56", "2013-01-31": "1.94", "2012-10-31": "1.10", "2012-07-31": "1.78", "2012-04-30": "1.33", "2012-01-31": "2.04", "2011-10-31": "0.94", "2011-07-31": "1.32", "2011-04-30": "1.20", "2011-01-31": "1.14", "2010-10-31": "0.38", "2010-07-31": "0.57", "2010-04-30": "0.44", "2010-01-31": "0.44", "2009-10-31": "0.27", "2009-07-31": "0.42", "2009-04-30": "0.50", "2009-01-31": "0.54", "2008-10-31": "0.28", "2008-07-31": "0.42", "2008-04-30": "0.39", "2008-01-31": "0.47", "2007-10-31": "0.29", "2007-07-31": "0.39", "2007-04-30": "0.40", "2007-01-31": "0.00", "2006-10-31": "0.29"}, "debt equity ratio": {"current": "0.00", "2020-10-31": "1.63", "2020-07-31": "2.10", "2020-04-30": "2.15", "2020-01-31": "1.56", "2019-10-31": "1.67", "2019-07-31": "1.56", "2019-04-30": "1.46", "2019-01-31": "0.75", "2018-10-31": "0.82", "2018-07-31": "0.70", "2018-04-30": "0.70", "2018-01-31": "0.64", "2017-10-31": "0.75", "2017-07-31": "0.65", "2017-04-30": "0.65", "2017-01-31": "0.65", "2016-10-31": "0.76", "2016-07-31": "0.66", "2016-04-30": "0.68", "2016-01-31": "0.55", "2015-10-31": "0.63", "2015-07-31": "0.58", "2015-04-30": "0.60", "2015-01-31": "0.59", "2014-10-31": "0.62", "2014-07-31": "0.58", "2014-04-30": "0.60", "2014-01-31": "0.60", "2013-10-31": "0.65", "2013-07-31": "0.62", "2013-04-30": "0.66", "2013-01-31": "0.62", "2012-10-31": "0.74", "2012-07-31": "0.62", "2012-04-30": "0.81", "2012-01-31": "0.64", "2011-10-31": "0.77", "2011-07-31": "0.71", "2011-04-30": "0.70", "2011-01-31": "0.82", "2010-10-31": "1.03", "2010-07-31": "0.83", "2010-04-30": "0.83", "2010-01-31": "0.89", "2009-10-31": "1.30", "2009-07-31": "1.12", "2009-04-30": "1.27", "2009-01-31": "1.32", "2008-10-31": "1.70", "2008-07-31": "1.38", "2008-04-30": "1.41", "2008-01-31": "1.22", "2007-10-31": "1.54", "2007-07-31": "1.40", "2007-04-30": "1.39", "2007-01-31": "0.00", "2006-10-31": "1.53"}, "return on equity": {"2020-10-31": "12.47%", "2020-07-31": "15.51%", "2020-04-30": "23.70%", "2020-01-31": "37.50%", "2019-10-31": "37.49%", "2019-07-31": "37.60%", "2019-04-30": "37.03%", "2019-01-31": "36.30%", "2018-10-31": "36.14%", "2018-07-31": "35.79%", "2018-04-30": "34.72%", "2018-01-31": "33.30%", "2017-10-31": "30.23%", "2017-07-31": "29.94%", "2017-04-30": "29.56%", "2017-01-31": "28.70%", "2016-10-31": "26.97%", "2016-07-31": "26.12%", "2016-04-30": "25.18%", "2016-01-31": "23.43%", "2015-10-31": "22.70%", "2015-07-31": "22.59%", "2015-04-30": "22.54%", "2015-01-31": "22.25%", "2014-10-31": "22.03%", "2014-07-31": "22.05%", "2014-04-30": "21.92%", "2014-01-31": "22.59%", "2013-10-31": "23.32%", "2013-07-31": "24.07%", "2013-04-30": "24.51%", "2013-01-31": "25.45%", "2012-10-31": "24.47%", "2012-07-31": "24.51%", "2012-04-30": "24.31%", "2012-01-31": "23.58%", "2011-10-31": "22.44%", "2011-07-31": "21.67%", "2011-04-30": "20.92%", "2011-01-31": "20.40%", "2010-10-31": "19.03%", "2010-07-31": "18.30%", "2010-04-30": "16.95%", "2010-01-31": "14.54%", "2009-10-31": "12.10%", "2009-07-31": "11.36%", "2009-04-30": "10.94%", "2009-01-31": "10.88%", "2008-10-31": "12.19%", "2008-07-31": "10.79%", "2008-04-30": "8.55%", "2008-01-31": "8.17%", "2007-07-31": "0.00%"}, "return on assets": {"2020-10-31": "4.37%", "2020-07-31": "5.42%", "2020-04-30": "8.69%", "2020-01-31": "14.66%", "2019-10-31": "15.87%", "2019-07-31": "17.48%", "2019-04-30": "19.10%", "2019-01-31": "20.86%", "2018-10-31": "21.11%", "2018-07-31": "21.12%", "2018-04-30": "20.61%", "2018-01-31": "19.90%", "2017-10-31": "18.04%", "2017-07-31": "17.88%", "2017-04-30": "17.63%", "2017-01-31": "17.03%", "2016-10-31": "16.25%", "2016-07-31": "16.05%", "2016-04-30": "15.67%", "2016-01-31": "14.77%", "2015-10-31": "14.21%", "2015-07-31": "14.17%", "2015-04-30": "14.12%", "2015-01-31": "13.92%", "2014-10-31": "13.76%", "2014-07-31": "13.72%", "2014-04-30": "13.55%", "2014-01-31": "13.85%", "2013-10-31": "14.24%", "2013-07-31": "14.53%", "2013-04-30": "14.76%", "2013-01-31": "15.03%", "2012-10-31": "14.37%", "2012-07-31": "14.36%", "2012-04-30": "14.04%", "2012-01-31": "13.84%", "2011-10-31": "12.83%", "2011-07-31": "12.05%", "2011-04-30": "11.41%", "2011-01-31": "10.90%", "2010-10-31": "10.04%", "2010-07-31": "9.39%", "2010-04-30": "8.38%", "2010-01-31": "6.80%", "2009-10-31": "5.37%", "2009-07-31": "4.85%", "2009-04-30": "4.53%", "2009-01-31": "4.44%", "2008-10-31": "5.02%", "2008-07-31": "4.53%", "2008-04-30": "3.58%", "2008-01-31": "3.43%", "2007-07-31": "0.00%"}, "return on investments": {"2020-10-31": "23.49%", "2020-07-31": "28.72%", "2020-04-30": "88.18%", "2020-01-31": "inf%", "2019-10-31": "inf%", "2019-07-31": "inf%", "2019-04-30": "inf%", "2019-01-31": "inf%", "2018-10-31": "inf%", "2018-07-31": "inf%", "2018-04-30": "inf%", "2018-01-31": "inf%", "2017-10-31": "inf%", "2017-07-31": "inf%", "2017-04-30": "inf%", "2017-01-31": "inf%", "2016-10-31": "inf%", "2016-07-31": "inf%", "2016-04-30": "inf%", "2016-01-31": "inf%", "2015-10-31": "inf%", "2015-07-31": "inf%", "2015-04-30": "inf%", "2015-01-31": "inf%", "2014-10-31": "inf%", "2014-07-31": "inf%", "2014-04-30": "inf%", "2014-01-31": "inf%", "2013-10-31": "inf%", "2013-07-31": "inf%", "2013-04-30": "inf%", "2013-01-31": "inf%", "2012-10-31": "inf%", "2012-07-31": "inf%", "2012-04-30": "inf%", "2012-01-31": "inf%", "2011-10-31": "inf%", "2011-07-31": "inf%", "2011-04-30": "inf%", "2011-01-31": "inf%", "2010-10-31": "inf%", "2010-07-31": "127.46%", "2010-04-30": "55.03%", "2010-01-31": "29.09%", "2009-10-31": "17.35%", "2009-07-31": "15.50%", "2009-04-30": "14.46%", "2009-01-31": "14.53%", "2008-10-31": "16.08%", "2008-07-31": "16.28%", "2008-04-30": "16.90%", "2008-01-31": "19.32%", "2007-07-31": "14.33%"}, "return on tangible equity": {"2020-10-31": "12.57%", "2020-07-31": "15.63%", "2020-04-30": "23.88%", "2020-01-31": "37.79%", "2019-10-31": "37.78%", "2019-07-31": "37.90%", "2019-04-30": "37.26%", "2019-01-31": "36.45%", "2018-10-31": "36.22%", "2018-07-31": "35.79%", "2018-04-30": "34.72%", "2018-01-31": "33.30%", "2017-10-31": "30.23%", "2017-07-31": "29.94%", "2017-04-30": "29.56%", "2017-01-31": "28.70%", "2016-10-31": "26.97%", "2016-07-31": "26.12%", "2016-04-30": "25.18%", "2016-01-31": "23.43%", "2015-10-31": "22.70%", "2015-07-31": "22.59%", "2015-04-30": "22.54%", "2015-01-31": "22.25%", "2014-10-31": "22.03%", "2014-07-31": "22.05%", "2014-04-30": "21.92%", "2014-01-31": "22.59%", "2013-10-31": "23.32%", "2013-07-31": "24.07%", "2013-04-30": "24.51%", "2013-01-31": "25.45%", "2012-10-31": "24.47%", "2012-07-31": "24.51%", "2012-04-30": "24.31%", "2012-01-31": "23.58%", "2011-10-31": "22.44%", "2011-07-31": "21.67%", "2011-04-30": "20.92%", "2011-01-31": "20.40%", "2010-10-31": "19.03%", "2010-07-31": "18.30%", "2010-04-30": "16.95%", "2010-01-31": "14.54%", "2009-10-31": "12.10%", "2009-07-31": "11.36%", "2009-04-30": "10.94%", "2009-01-31": "10.88%", "2008-10-31": "12.19%", "2008-07-31": "10.79%", "2008-04-30": "8.55%", "2008-01-31": "8.17%", "2007-07-31": "0.00%"}, "dividend yield history": {"last payout": "$0.00", "last yield": "0.00%"}}