{"ticker": "UMPQ", "price": {"title": "Umpqua Holdings Historical Annual Stock Price Data", "value": 15.8, "historical": {"2021": {"Average Stock Price": "15.9425", "Year Open": "15.1000", "Year High": "17.1300", "Year Low": "14.5100", "Year Close": "15.8000", "Annual % Change": "4.36%"}, "2020": {"Average Stock Price": "12.8572", "Year Open": "18.1800", "Year High": "18.4100", "Year Low": "9.2700", "Year Close": "15.1400", "Annual % Change": "-14.46%"}, "2019": {"Average Stock Price": "16.8659", "Year Open": "16.3200", "Year High": "18.5300", "Year Low": "15.1900", "Year Close": "17.7000", "Annual % Change": "11.32%"}, "2018": {"Average Stock Price": "21.4669", "Year Open": "20.8200", "Year High": "24.8600", "Year Low": "15.2400", "Year Close": "15.9000", "Annual % Change": "-23.56%"}, "2017": {"Average Stock Price": "18.7502", "Year Open": "18.7900", "Year High": "22.5900", "Year Low": "16.7200", "Year Close": "20.8000", "Annual % Change": "10.76%"}, "2016": {"Average Stock Price": "15.8306", "Year Open": "15.4400", "Year High": "19.2400", "Year Low": "13.4800", "Year Close": "18.7800", "Annual % Change": "18.11%"}, "2015": {"Average Stock Price": "17.0679", "Year Open": "16.8600", "Year High": "18.7900", "Year Low": "15.3700", "Year Close": "15.9000", "Annual % Change": "-6.53%"}, "2014": {"Average Stock Price": "17.3883", "Year Open": "18.6600", "Year High": "19.3300", "Year Low": "15.7800", "Year Close": "17.0100", "Annual % Change": "-11.13%"}, "2013": {"Average Stock Price": "15.0500", "Year Open": "12.3900", "Year High": "19.4400", "Year Low": "11.7500", "Year Close": "19.1400", "Annual % Change": "62.34%"}, "2012": {"Average Stock Price": "12.6134", "Year Open": "12.6800", "Year High": "13.8100", "Year Low": "11.3300", "Year Close": "11.7900", "Annual % Change": "-4.84%"}, "2011": {"Average Stock Price": "11.1566", "Year Open": "12.7400", "Year High": "12.7600", "Year Low": "8.1100", "Year Close": "12.3900", "Annual % Change": "1.72%"}, "2010": {"Average Stock Price": "12.2471", "Year Open": "13.7100", "Year High": "15.7100", "Year Low": "10.3200", "Year Close": "12.1800", "Annual % Change": "-9.17%"}, "2009": {"Average Stock Price": "9.9229", "Year Open": "14.3600", "Year High": "14.3600", "Year Low": "6.9100", "Year Close": "13.4100", "Annual % Change": "-7.33%"}, "2008": {"Average Stock Price": "14.2091", "Year Open": "15.3900", "Year High": "19.0000", "Year Low": "8.9700", "Year Close": "14.4700", "Annual % Change": "-5.67%"}, "2007": {"Average Stock Price": "22.6966", "Year Open": "29.6000", "Year High": "29.6800", "Year Low": "14.1900", "Year Close": "15.3400", "Annual % Change": "-47.88%"}, "2006": {"Average Stock Price": "27.5184", "Year Open": "28.8800", "Year High": "30.4900", "Year Low": "24.1600", "Year Close": "29.4300", "Annual % Change": "3.15%"}, "2005": {"Average Stock Price": "24.4975", "Year Open": "24.7100", "Year High": "29.1200", "Year Low": "21.7100", "Year Close": "28.5300", "Annual % Change": "13.17%"}, "2004": {"Average Stock Price": "21.7110", "Year Open": "20.4600", "Year High": "25.9200", "Year Low": "18.2300", "Year Close": "25.2100", "Annual % Change": "21.26%"}, "2003": {"Average Stock Price": "19.4631", "Year Open": "18.5000", "Year High": "22.1400", "Year Low": "16.9000", "Year Close": "20.7900", "Annual % Change": "13.92%"}, "2002": {"Average Stock Price": "15.9246", "Year Open": "13.3400", "Year High": "18.4800", "Year Low": "12.7000", "Year Close": "18.2500", "Annual % Change": "35.19%"}, "2001": {"Average Stock Price": "11.5981", "Year Open": "8.4380", "Year High": "14.3900", "Year Low": "8.4380", "Year Close": "13.5000", "Annual % Change": "58.82%"}, "2000": {"Average Stock Price": "8.1539", "Year Open": "8.8100", "Year High": "9.3750", "Year Low": "6.3750", "Year Close": "8.5000", "Annual % Change": "-8.11%"}, "1999": {"Average Stock Price": "9.6568", "Year Open": "9.5000", "Year High": "11.0000", "Year Low": "8.2500", "Year Close": "9.2500", "Annual % Change": "-5.13%"}}}, "market cap": {"value": "$3.48B"}, "income statement": {"Revenue": {"2020-12-31": "1424.63600", "2019-12-31": "1470.90000", "2018-12-31": "1346.56600", "2017-12-31": "1222.38800", "2016-12-31": "1205.89100", "2015-12-31": "1205.59000", "2014-12-31": "1003.69500", "2013-12-31": "565.74100", "2012-12-31": "592.91400", "2011-12-31": "585.87100", "2010-12-31": "564.50000", "2009-12-31": "497.24800", "2008-12-31": "549.66400", "2007-12-31": "553.22100", "2006-12-31": "459.53800", "2005-12-31": "330.05800"}, "Cost Of Goods Sold": {"2020-12-31": "130.10800", "2019-12-31": "210.44200", "2018-12-31": "128.51000", "2017-12-31": "78.21600", "2016-12-31": "66.05100", "2015-12-31": "58.23200", "2014-12-31": "48.69300", "2013-12-31": "37.88100", "2012-12-31": "48.84900", "2011-12-31": "73.30100", "2010-12-31": "93.81200", "2009-12-31": "103.02400", "2008-12-31": "152.23900", "2007-12-31": "202.43800", "2006-12-31": "143.81700", "2005-12-31": "72.99400"}, "Gross Profit": {"2020-12-31": "1294.52800", "2019-12-31": "1260.45800", "2018-12-31": "1218.05600", "2017-12-31": "1144.17200", "2016-12-31": "1139.84000", "2015-12-31": "1147.35800", "2014-12-31": "955.00200", "2013-12-31": "527.86000", "2012-12-31": "544.06500", "2011-12-31": "512.56990", "2010-12-31": "470.68800", "2009-12-31": "394.22400", "2008-12-31": "397.42500", "2007-12-31": "350.78300", "2006-12-31": "315.72100", "2005-12-31": "257.06400"}, "Research And Development Expenses": {"2020-12-31": "", "2019-12-31": "", "2018-12-31": "", "2017-12-31": "", "2016-12-31": "", "2015-12-31": "", "2014-12-31": "", "2013-12-31": "", "2012-12-31": "", "2011-12-31": "", "2010-12-31": "", "2009-12-31": "", "2008-12-31": "", "2007-12-31": "", "2006-12-31": "", "2005-12-31": ""}, "SG&A Expenses": {"2020-12-31": "961.02610", "2019-12-31": "785.93700", "2018-12-31": "789.20400", "2017-12-31": "779.04900", "2016-12-31": "754.75200", "2015-12-31": "743.42400", "2014-12-31": "631.78000", "2013-12-31": "361.76000", "2012-12-31": "381.69900", "2011-12-31": "396.02400", "2010-12-31": "424.49300", "2009-12-31": "470.13700", "2008-12-31": "317.40900", "2007-12-31": "246.44000", "2006-12-31": "176.00000", "2005-12-31": "146.83200"}, "Other Operating Income Or Expenses": {"2020-12-31": "", "2019-12-31": "", "2018-12-31": "", "2017-12-31": "", "2016-12-31": "", "2015-12-31": "", "2014-12-31": "", "2013-12-31": "", "2012-12-31": "", "2011-12-31": "", "2010-12-31": "", "2009-12-31": "", "2008-12-31": "", "2007-12-31": "", "2006-12-31": "", "2005-12-31": ""}, "Operating Expenses": {"2020-12-31": "2881.05600", "2019-12-31": "1001.99700", "2018-12-31": "923.88000", "2017-12-31": "864.02090", "2016-12-31": "829.56700", "2015-12-31": "812.88100", "2014-12-31": "690.68000", "2013-12-31": "404.42200", "2012-12-31": "435.36400", "2011-12-31": "474.27300", "2010-12-31": "523.69400", "2009-12-31": "691.27800", "2008-12-31": "476.48700", "2007-12-31": "454.97200", "2006-12-31": "323.54500", "2005-12-31": "222.25600"}, "Operating Income": {"2020-12-31": "-1456.42000", "2019-12-31": "468.90300", "2018-12-31": "422.68600", "2017-12-31": "358.36700", "2016-12-31": "376.32400", "2015-12-31": "392.70910", "2014-12-31": "313.01500", "2013-12-31": "161.31900", "2012-12-31": "157.55000", "2011-12-31": "111.59800", "2010-12-31": "40.80600", "2009-12-31": "-194.03000", "2008-12-31": "73.17700", "2007-12-31": "98.24900", "2006-12-31": "135.99300", "2005-12-31": "107.80200"}, "Total Non-Operating Income/Expense": {"2020-12-31": "", "2019-12-31": "", "2018-12-31": "", "2017-12-31": "-9.32400", "2016-12-31": "-15.31300", "2015-12-31": "-45.58200", "2014-12-31": "-82.31700", "2013-12-31": "-8.83600", "2012-12-31": "-2.33800", "2011-12-31": "-0.36000", "2010-12-31": "-6.67500", "2009-12-31": "-0.27300", "2008-12-31": "", "2007-12-31": "-3.31800", "2006-12-31": "-4.77300", "2005-12-31": "-0.26200"}, "Pre-Tax Income": {"2020-12-31": "-1456.42000", "2019-12-31": "468.90300", "2018-12-31": "422.68600", "2017-12-31": "349.04300", "2016-12-31": "361.01100", "2015-12-31": "347.12700", "2014-12-31": "230.69800", "2013-12-31": "152.48300", "2012-12-31": "155.21200", "2011-12-31": "111.23800", "2010-12-31": "34.13100", "2009-12-31": "-194.30300", "2008-12-31": "73.17700", "2007-12-31": "94.93100", "2006-12-31": "131.22000", "2005-12-31": "107.54000"}, "Income Taxes": {"2020-12-31": "67.00000", "2019-12-31": "114.80800", "2018-12-31": "106.42300", "2017-12-31": "106.73000", "2016-12-31": "130.94300", "2015-12-31": "124.58800", "2014-12-31": "83.04000", "2013-12-31": "54.19200", "2012-12-31": "53.32100", "2011-12-31": "36.74200", "2010-12-31": "5.80500", "2009-12-31": "-40.93700", "2008-12-31": "22.13300", "2007-12-31": "31.66300", "2006-12-31": "46.77300", "2005-12-31": "37.80500"}, "Income After Taxes": {"2020-12-31": "-1523.42000", "2019-12-31": "354.09500", "2018-12-31": "316.26300", "2017-12-31": "242.31300", "2016-12-31": "230.06800", "2015-12-31": "222.53900", "2014-12-31": "147.65800", "2013-12-31": "98.29100", "2012-12-31": "101.89100", "2011-12-31": "74.49600", "2010-12-31": "28.32600", "2009-12-31": "-153.36600", "2008-12-31": "51.04400", "2007-12-31": "63.26800", "2006-12-31": "84.44700", "2005-12-31": "69.73500"}, "Other Income": {"2020-12-31": "", "2019-12-31": "", "2018-12-31": "", "2017-12-31": "", "2016-12-31": "", "2015-12-31": "", "2014-12-31": "", "2013-12-31": "", "2012-12-31": "", "2011-12-31": "", "2010-12-31": "", "2009-12-31": "", "2008-12-31": "", "2007-12-31": "", "2006-12-31": "", "2005-12-31": ""}, "Income From Continuous Operations": {"2020-12-31": "-1523.42000", "2019-12-31": "354.09500", "2018-12-31": "316.26300", "2017-12-31": "242.31300", "2016-12-31": "230.06800", "2015-12-31": "222.53900", "2014-12-31": "147.65800", "2013-12-31": "98.29100", "2012-12-31": "101.89100", "2011-12-31": "74.49600", "2010-12-31": "28.32600", "2009-12-31": "-153.36600", "2008-12-31": "51.04400", "2007-12-31": "63.26800", "2006-12-31": "84.44700", "2005-12-31": "69.73500"}, "Income From Discontinued Operations": {"2020-12-31": "", "2019-12-31": "", "2018-12-31": "", "2017-12-31": "", "2016-12-31": "", "2015-12-31": "", "2014-12-31": "", "2013-12-31": "", "2012-12-31": "", "2011-12-31": "", "2010-12-31": "", "2009-12-31": "", "2008-12-31": "", "2007-12-31": "", "2006-12-31": "", "2005-12-31": ""}, "Net Income": {"2020-12-31": "-1523.42000", "2019-12-31": "354.09500", "2018-12-31": "316.26300", "2017-12-31": "242.31300", "2016-12-31": "229.94500", "2015-12-31": "222.18200", "2014-12-31": "147.17400", "2013-12-31": "97.50300", "2012-12-31": "101.20900", "2011-12-31": "74.14000", "2010-12-31": "16.06700", "2009-12-31": "-166.26200", "2008-12-31": "49.27000", "2007-12-31": "63.08100", "2006-12-31": "84.44700", "2005-12-31": "69.73500"}, "EBITDA": {"2020-12-31": "", "2019-12-31": "", "2018-12-31": "", "2017-12-31": "", "2016-12-31": "", "2015-12-31": "", "2014-12-31": "", "2013-12-31": "", "2012-12-31": "", "2011-12-31": "", "2010-12-31": "", "2009-12-31": "", "2008-12-31": "", "2007-12-31": "", "2006-12-31": "", "2005-12-31": ""}, "EBIT": {"2020-12-31": "", "2019-12-31": "", "2018-12-31": "", "2017-12-31": "", "2016-12-31": "", "2015-12-31": "", "2014-12-31": "", "2013-12-31": "", "2012-12-31": "", "2011-12-31": "", "2010-12-31": "", "2009-12-31": "", "2008-12-31": "", "2007-12-31": "", "2006-12-31": "", "2005-12-31": ""}, "Basic Shares Outstanding": {"2020-12-31": "220.21800", "2019-12-31": "220.33900", "2018-12-31": "220.28000", "2017-12-31": "220.25100", "2016-12-31": "220.28200", "2015-12-31": "220.32700", "2014-12-31": "186.55000", "2013-12-31": "111.93800", "2012-12-31": "111.93500", "2011-12-31": "114.22000", "2010-12-31": "107.92200", "2009-12-31": "70.39900", "2008-12-31": "60.08400", "2007-12-31": "59.82800", "2006-12-31": "52.31100", "2005-12-31": "44.43800"}, "Shares Outstanding": {"2020-12-31": "220.21800", "2019-12-31": "220.65000", "2018-12-31": "220.73700", "2017-12-31": "220.83600", "2016-12-31": "220.90800", "2015-12-31": "221.04500", "2014-12-31": "187.54400", "2013-12-31": "112.17600", "2012-12-31": "112.15100", "2011-12-31": "114.40900", "2010-12-31": "108.15300", "2009-12-31": "70.39900", "2008-12-31": "60.42400", "2007-12-31": "60.40400", "2006-12-31": "53.05000", "2005-12-31": "45.01100"}, "Basic EPS": {"2020-12-31": "-6.92000", "2019-12-31": "1.61000", "2018-12-31": "1.44000", "2017-12-31": "1.10000", "2016-12-31": "1.04000", "2015-12-31": "1.01000", "2014-12-31": "0.79000", "2013-12-31": "0.87000", "2012-12-31": "0.90000", "2011-12-31": "0.65000", "2010-12-31": "0.15000", "2009-12-31": "-2.36000", "2008-12-31": "0.82000", "2007-12-31": "1.05000", "2006-12-31": "1.61000", "2005-12-31": "1.57000"}, "EPS - Earnings Per Share": {"2020-12-31": "-6.92000", "2019-12-31": "1.60000", "2018-12-31": "1.43000", "2017-12-31": "1.10000", "2016-12-31": "1.04000", "2015-12-31": "1.01000", "2014-12-31": "0.78000", "2013-12-31": "0.87000", "2012-12-31": "0.90000", "2011-12-31": "0.65000", "2010-12-31": "0.15000", "2009-12-31": "-2.36000", "2008-12-31": "0.82000", "2007-12-31": "1.04000", "2006-12-31": "1.59000", "2005-12-31": "1.55000"}}, "income statement, quarterly": {"Revenue": {"2020-12-31": "379.43900", "2020-09-30": "374.22300", "2020-06-30": "362.16000", "2020-03-31": "308.81400", "2019-12-31": "365.77910", "2019-09-30": "373.69900", "2019-06-30": "403.42300", "2019-03-31": "327.99900", "2018-12-31": "343.57900", "2018-09-30": "348.63000", "2018-06-30": "326.84300", "2018-03-31": "327.51400", "2017-12-31": "314.97090", "2017-09-30": "320.15600", "2017-06-30": "302.92200", "2017-03-31": "284.33900", "2016-12-31": "318.63500", "2016-09-30": "307.12900", "2016-06-30": "300.11200", "2016-03-31": "280.01500", "2015-12-31": "304.55010", "2015-09-30": "295.17400", "2015-06-30": "312.89000", "2015-03-31": "292.97600", "2014-12-31": "292.45610", "2014-09-30": "301.68800", "2014-06-30": "270.43300", "2014-03-31": "139.11800", "2013-12-31": "146.77700", "2013-09-30": "142.10400", "2013-06-30": "138.51200", "2013-03-31": "138.34800", "2012-12-31": "159.72800", "2012-09-30": "147.78700", "2012-06-30": "142.52000", "2012-03-31": "142.87900", "2011-12-31": "140.04500", "2011-09-30": "151.30500", "2011-06-30": "148.04400", "2011-03-31": "146.47700", "2010-12-31": "145.83800", "2010-09-30": "145.07900", "2010-06-30": "134.16700", "2010-03-31": "139.41600", "2009-12-31": "120.50900", "2009-09-30": "125.01300", "2009-06-30": "131.83300", "2009-03-31": "119.89300", "2008-12-31": "127.53900", "2008-09-30": "146.38600", "2008-06-30": "130.70400", "2008-03-31": "145.03500", "2007-12-31": "140.67900", "2007-09-30": "146.40400", "2007-06-30": "138.48600", "2007-03-31": "127.65200", "2006-12-31": "130.62700", "2006-09-30": "128.21400", "2006-06-30": "107.74900", "2006-03-31": "92.94800", "2005-12-31": "88.39200", "2005-09-30": "87.00300", "2005-06-30": "79.58700", "2005-03-31": "75.07600"}, "Cost Of Goods Sold": {"2020-12-31": "20.57200", "2020-09-30": "25.72500", "2020-06-30": "34.17700", "2020-03-31": "49.63400", "2019-12-31": "55.21600", "2019-09-30": "56.21400", "2019-06-30": "54.43800", "2019-03-31": "44.57400", "2018-12-31": "39.37800", "2018-09-30": "34.87400", "2018-06-30": "30.29200", "2018-03-31": "23.96600", "2017-12-31": "21.51400", "2017-09-30": "20.25200", "2017-06-30": "19.06100", "2017-03-31": "17.38900", "2016-12-31": "16.90700", "2016-09-30": "16.52700", "2016-06-30": "16.25500", "2016-03-31": "16.36200", "2015-12-31": "15.37100", "2015-09-30": "14.58700", "2015-06-30": "14.32200", "2015-03-31": "13.95200", "2014-12-31": "14.13600", "2014-09-30": "13.80700", "2014-06-30": "12.70800", "2014-03-31": "8.04200", "2013-12-31": "8.46400", "2013-09-30": "9.15100", "2013-06-30": "10.12200", "2013-03-31": "10.14400", "2012-12-31": "10.91200", "2012-09-30": "12.06800", "2012-06-30": "12.58200", "2012-03-31": "13.28700", "2011-12-31": "15.26200", "2011-09-30": "18.99300", "2011-06-30": "19.05600", "2011-03-31": "19.99000", "2010-12-31": "23.56200", "2010-09-30": "24.62900", "2010-06-30": "23.30400", "2010-03-31": "22.31700", "2009-12-31": "22.94100", "2009-09-30": "25.32600", "2009-06-30": "25.79400", "2009-03-31": "28.96300", "2008-12-31": "33.61400", "2008-09-30": "36.01400", "2008-06-30": "37.19000", "2008-03-31": "45.42100", "2007-12-31": "52.83500", "2007-09-30": "53.98600", "2007-06-30": "50.24000", "2007-03-31": "45.37700", "2006-12-31": "43.22500", "2006-09-30": "40.93900", "2006-06-30": "33.18600", "2006-03-31": "26.46700", "2005-12-31": "22.36900", "2005-09-30": "19.42000", "2005-06-30": "16.58100", "2005-03-31": "14.62400"}, "Gross Profit": {"2020-12-31": "358.86700", "2020-09-30": "348.49800", "2020-06-30": "327.98300", "2020-03-31": "259.18000", "2019-12-31": "310.56310", "2019-09-30": "317.48500", "2019-06-30": "348.98500", "2019-03-31": "283.42500", "2018-12-31": "304.20100", "2018-09-30": "313.75600", "2018-06-30": "296.55100", "2018-03-31": "303.54800", "2017-12-31": "293.45690", "2017-09-30": "299.90400", "2017-06-30": "283.86100", "2017-03-31": "266.95000", "2016-12-31": "301.72800", "2016-09-30": "290.60200", "2016-06-30": "283.85700", "2016-03-31": "263.65300", "2015-12-31": "289.17910", "2015-09-30": "280.58700", "2015-06-30": "298.56800", "2015-03-31": "279.02400", "2014-12-31": "278.32010", "2014-09-30": "287.88100", "2014-06-30": "257.72500", "2014-03-31": "131.07600", "2013-12-31": "138.31300", "2013-09-30": "132.95300", "2013-06-30": "128.39000", "2013-03-31": "128.20400", "2012-12-31": "148.81600", "2012-09-30": "135.71900", "2012-06-30": "129.93800", "2012-03-31": "129.59200", "2011-12-31": "124.78300", "2011-09-30": "132.31200", "2011-06-30": "128.98800", "2011-03-31": "126.48700", "2010-12-31": "122.27600", "2010-09-30": "120.45000", "2010-06-30": "110.86300", "2010-03-31": "117.09900", "2009-12-31": "97.56800", "2009-09-30": "99.68700", "2009-06-30": "106.03900", "2009-03-31": "90.93000", "2008-12-31": "93.92500", "2008-09-30": "110.37200", "2008-06-30": "93.51400", "2008-03-31": "99.61400", "2007-12-31": "87.84400", "2007-09-30": "92.41800", "2007-06-30": "88.24600", "2007-03-31": "82.27500", "2006-12-31": "87.40200", "2006-09-30": "87.27500", "2006-06-30": "74.56300", "2006-03-31": "66.48100", "2005-12-31": "66.02300", "2005-09-30": "67.58300", "2005-06-30": "63.00600", "2005-03-31": "60.45200"}, "Research And Development Expenses": {"2020-12-31": "", "2020-09-30": "", "2020-06-30": "", "2020-03-31": "", "2019-12-31": "", "2019-09-30": "", "2019-06-30": "", "2019-03-31": "", "2018-12-31": "", "2018-09-30": "", "2018-06-30": "", "2018-03-31": "", "2017-12-31": "", "2017-09-30": "", "2017-06-30": "", "2017-03-31": "", "2016-12-31": "", "2016-09-30": "", "2016-06-30": "", "2016-03-31": "", "2015-12-31": "", "2015-09-30": "", "2015-06-30": "", "2015-03-31": "", "2014-12-31": "", "2014-09-30": "", "2014-06-30": "", "2014-03-31": "", "2013-12-31": "", "2013-09-30": "", "2013-06-30": "", "2013-03-31": "", "2012-12-31": "", "2012-09-30": "", "2012-06-30": "", "2012-03-31": "", "2011-12-31": "", "2011-09-30": "", "2011-06-30": "", "2011-03-31": "", "2010-12-31": "", "2010-09-30": "", "2010-06-30": "", "2010-03-31": "", "2009-12-31": "", "2009-09-30": "", "2009-06-30": "", "2009-03-31": "", "2008-12-31": "", "2008-09-30": "", "2008-06-30": "", "2008-03-31": "", "2007-12-31": "", "2007-09-30": "", "2007-06-30": "", "2007-03-31": "", "2006-12-31": "", "2006-09-30": "", "2006-06-30": "", "2006-03-31": "", "2005-12-31": "", "2005-09-30": "", "2005-06-30": "", "2005-03-31": ""}, "SG&A Expenses": {"2020-12-31": "210.09500", "2020-09-30": "188.62200", "2020-06-30": "267.74900", "2020-03-31": "294.56000", "2019-12-31": "194.42800", "2019-09-30": "205.41200", "2019-06-30": "198.36200", "2019-03-31": "183.87200", "2018-12-31": "194.16500", "2018-09-30": "189.46200", "2018-06-30": "207.34900", "2018-03-31": "198.22800", "2017-12-31": "204.02500", "2017-09-30": "191.99800", "2017-06-30": "191.34900", "2017-03-31": "191.67700", "2016-12-31": "191.55400", "2016-09-30": "190.40000", "2016-06-30": "190.13800", "2016-03-31": "182.66000", "2015-12-31": "183.93800", "2015-09-30": "182.55000", "2015-06-30": "188.56800", "2015-03-31": "188.36800", "2014-12-31": "182.82400", "2014-09-30": "185.15600", "2014-06-30": "168.48800", "2014-03-31": "95.31200", "2013-12-31": "95.01000", "2013-09-30": "90.66600", "2013-06-30": "85.83700", "2013-03-31": "90.24700", "2012-12-31": "102.85800", "2012-09-30": "95.70500", "2012-06-30": "93.61600", "2012-03-31": "89.52000", "2011-12-31": "91.39800", "2011-09-30": "98.46000", "2011-06-30": "101.09900", "2011-03-31": "105.06700", "2010-12-31": "107.60100", "2010-09-30": "107.06600", "2010-06-30": "101.06300", "2010-03-31": "108.76300", "2009-12-31": "138.97100", "2009-09-30": "119.13800", "2009-06-30": "94.54700", "2009-03-31": "117.48100", "2008-12-31": "85.83900", "2008-09-30": "92.50700", "2008-06-30": "77.93500", "2008-03-31": "61.12800", "2007-12-31": "73.27000", "2007-09-30": "71.28300", "2007-06-30": "53.48500", "2007-03-31": "48.39800", "2006-12-31": "47.55500", "2006-09-30": "49.39200", "2006-06-30": "40.85000", "2006-03-31": "38.20300", "2005-12-31": "37.63000", "2005-09-30": "36.52800", "2005-06-30": "37.00000", "2005-03-31": "35.67400"}, "Other Operating Income Or Expenses": {"2020-12-31": "", "2020-09-30": "", "2020-06-30": "", "2020-03-31": "", "2019-12-31": "", "2019-09-30": "", "2019-06-30": "", "2019-03-31": "", "2018-12-31": "", "2018-09-30": "", "2018-06-30": "", "2018-03-31": "", "2017-12-31": "", "2017-09-30": "", "2017-06-30": "", "2017-03-31": "", "2016-12-31": "", "2016-09-30": "", "2016-06-30": "", "2016-03-31": "", "2015-12-31": "", "2015-09-30": "", "2015-06-30": "", "2015-03-31": "", "2014-12-31": "", "2014-09-30": "", "2014-06-30": "", "2014-03-31": "", "2013-12-31": "", "2013-09-30": "", "2013-06-30": "", "2013-03-31": "", "2012-12-31": "", "2012-09-30": "", "2012-06-30": "", "2012-03-31": "", "2011-12-31": "", "2011-09-30": "", "2011-06-30": "", "2011-03-31": "", "2010-12-31": "", "2010-09-30": "", "2010-06-30": "", "2010-03-31": "", "2009-12-31": "", "2009-09-30": "", "2009-06-30": "", "2009-03-31": "", "2008-12-31": "", "2008-09-30": "", "2008-06-30": "", "2008-03-31": "", "2007-12-31": "", "2007-09-30": "", "2007-06-30": "", "2007-03-31": "", "2006-12-31": "", "2006-09-30": "", "2006-06-30": "", "2006-03-31": "", "2005-12-31": "", "2005-09-30": "", "2005-06-30": "", "2005-03-31": ""}, "Operating Expenses": {"2020-12-31": "231.91300", "2020-09-30": "215.59400", "2020-06-30": "303.17200", "2020-03-31": "2130.37700", "2019-12-31": "251.04800", "2019-09-30": "263.03100", "2019-06-30": "254.20500", "2019-03-31": "229.85000", "2018-12-31": "235.08500", "2018-09-30": "225.87700", "2018-06-30": "239.18300", "2018-03-31": "223.73500", "2017-12-31": "227.22800", "2017-09-30": "213.93900", "2017-06-30": "212.09900", "2017-03-31": "210.75500", "2016-12-31": "210.32800", "2016-09-30": "208.79400", "2016-06-30": "208.72100", "2016-03-31": "201.72400", "2015-12-31": "202.11500", "2015-09-30": "199.94300", "2015-06-30": "205.69700", "2015-03-31": "205.12600", "2014-12-31": "200.06200", "2014-09-30": "202.06600", "2014-06-30": "184.00400", "2014-03-31": "104.54800", "2013-12-31": "104.66000", "2013-09-30": "101.00300", "2013-06-30": "97.16400", "2013-03-31": "101.59500", "2012-12-31": "114.97400", "2012-09-30": "108.96200", "2012-06-30": "107.40900", "2012-03-31": "104.01900", "2011-12-31": "107.88400", "2011-09-30": "118.67500", "2011-06-30": "121.40600", "2011-03-31": "126.30800", "2010-12-31": "132.52000", "2010-09-30": "133.05100", "2010-06-30": "125.73500", "2010-03-31": "132.38800", "2009-12-31": "164.03400", "2009-09-30": "145.78300", "2009-06-30": "233.65500", "2009-03-31": "147.80600", "2008-12-31": "121.87300", "2008-09-30": "129.95800", "2008-06-30": "116.61600", "2008-03-31": "108.04000", "2007-12-31": "127.79900", "2007-09-30": "127.03600", "2007-06-30": "105.21500", "2007-03-31": "94.91800", "2006-12-31": "91.97500", "2006-09-30": "91.52600", "2006-06-30": "74.82700", "2006-03-31": "65.21700", "2005-12-31": "60.55400", "2005-09-30": "56.50300", "2005-06-30": "54.24100", "2005-03-31": "50.95800"}, "Operating Income": {"2020-12-31": "147.52600", "2020-09-30": "158.62900", "2020-06-30": "58.98800", "2020-03-31": "-1821.56300", "2019-12-31": "114.73110", "2019-09-30": "110.66800", "2019-06-30": "149.21800", "2019-03-31": "98.14900", "2018-12-31": "108.49400", "2018-09-30": "122.75300", "2018-06-30": "87.66000", "2018-03-31": "103.77900", "2017-12-31": "87.74300", "2017-09-30": "106.21700", "2017-06-30": "90.82300", "2017-03-31": "73.58400", "2016-12-31": "108.30700", "2016-09-30": "98.33500", "2016-06-30": "91.39100", "2016-03-31": "78.29100", "2015-12-31": "102.43510", "2015-09-30": "95.23100", "2015-06-30": "107.19300", "2015-03-31": "87.85000", "2014-12-31": "92.39410", "2014-09-30": "99.62200", "2014-06-30": "86.42900", "2014-03-31": "34.57000", "2013-12-31": "42.11700", "2013-09-30": "41.10100", "2013-06-30": "41.34800", "2013-03-31": "36.75300", "2012-12-31": "44.75400", "2012-09-30": "38.82500", "2012-06-30": "35.11100", "2012-03-31": "38.86000", "2011-12-31": "32.16100", "2011-09-30": "32.63000", "2011-06-30": "26.63800", "2011-03-31": "20.16900", "2010-12-31": "13.31800", "2010-09-30": "12.02800", "2010-06-30": "8.43200", "2010-03-31": "7.02800", "2009-12-31": "-43.52500", "2009-09-30": "-20.77000", "2009-06-30": "-101.82200", "2009-03-31": "-27.91300", "2008-12-31": "5.66600", "2008-09-30": "16.42800", "2008-06-30": "14.08800", "2008-03-31": "36.99500", "2007-12-31": "12.88000", "2007-09-30": "19.36800", "2007-06-30": "33.27100", "2007-03-31": "32.73400", "2006-12-31": "38.65200", "2006-09-30": "36.68800", "2006-06-30": "32.92200", "2006-03-31": "27.73100", "2005-12-31": "27.83800", "2005-09-30": "30.50000", "2005-06-30": "25.34600", "2005-03-31": "24.11800"}, "Total Non-Operating Income/Expense": {"2020-12-31": "", "2020-09-30": "", "2020-06-30": "", "2020-03-31": "", "2019-12-31": "", "2019-09-30": "", "2019-06-30": "", "2019-03-31": "", "2018-12-31": "", "2018-09-30": "", "2018-06-30": "", "2018-03-31": "", "2017-12-31": "0.00000", "2017-09-30": "-6.66400", "2017-06-30": "-1.64000", "2017-03-31": "-1.02000", "2016-12-31": "-3.21800", "2016-09-30": "-2.01100", "2016-06-30": "-6.63400", "2016-03-31": "-3.45000", "2015-12-31": "-3.71200", "2015-09-30": "-5.99100", "2015-06-30": "-21.79700", "2015-03-31": "-14.08200", "2014-12-31": "-10.17100", "2014-09-30": "-8.63200", "2014-06-30": "-57.53100", "2014-03-31": "-5.98300", "2013-12-31": "-1.63900", "2013-09-30": "-4.85600", "2013-06-30": "-0.81000", "2013-03-31": "-1.53100", "2012-12-31": "-2.00000", "2012-09-30": "-0.08500", "2012-06-30": "-0.15300", "2012-03-31": "-0.10000", "2011-12-31": "-0.05700", "2011-09-30": "-0.05100", "2011-06-30": "-0.07100", "2011-03-31": "-0.18100", "2010-12-31": "-0.95700", "2010-09-30": "-1.64300", "2010-06-30": "-2.16900", "2010-03-31": "-1.90600", "2009-12-31": "", "2009-09-30": "", "2009-06-30": "-0.07300", "2009-03-31": "-0.20000", "2008-12-31": "", "2008-09-30": "", "2008-06-30": "", "2008-03-31": "", "2007-12-31": "-0.11800", "2007-09-30": "-0.26300", "2007-06-30": "-2.38300", "2007-03-31": "-0.55400", "2006-12-31": "-0.41500", "2006-09-30": "-2.45100", "2006-06-30": "-1.65600", "2006-03-31": "-0.25100", "2005-12-31": "0.00000", "2005-09-30": "", "2005-06-30": "-0.16100", "2005-03-31": "-0.10100"}, "Pre-Tax Income": {"2020-12-31": "147.52600", "2020-09-30": "158.62900", "2020-06-30": "58.98800", "2020-03-31": "-1821.56300", "2019-12-31": "110.86800", "2019-09-30": "110.66800", "2019-06-30": "149.21800", "2019-03-31": "98.14900", "2018-12-31": "108.49400", "2018-09-30": "122.75300", "2018-06-30": "87.66000", "2018-03-31": "103.77900", "2017-12-31": "87.74300", "2017-09-30": "99.55300", "2017-06-30": "89.18300", "2017-03-31": "72.56400", "2016-12-31": "105.08900", "2016-09-30": "96.32400", "2016-06-30": "84.75700", "2016-03-31": "74.84100", "2015-12-31": "98.72300", "2015-09-30": "89.24000", "2015-06-30": "85.39600", "2015-03-31": "73.76800", "2014-12-31": "82.22300", "2014-09-30": "90.99000", "2014-06-30": "28.89800", "2014-03-31": "28.58700", "2013-12-31": "40.47800", "2013-09-30": "36.24500", "2013-06-30": "40.53800", "2013-03-31": "35.22200", "2012-12-31": "42.75400", "2012-09-30": "38.74000", "2012-06-30": "34.95800", "2012-03-31": "38.76000", "2011-12-31": "32.10400", "2011-09-30": "32.57900", "2011-06-30": "26.56700", "2011-03-31": "19.98800", "2010-12-31": "12.36100", "2010-09-30": "10.38500", "2010-06-30": "6.26300", "2010-03-31": "5.12200", "2009-12-31": "-43.52500", "2009-09-30": "-20.77000", "2009-06-30": "-101.89500", "2009-03-31": "-28.11300", "2008-12-31": "5.66600", "2008-09-30": "16.42800", "2008-06-30": "14.08800", "2008-03-31": "36.99500", "2007-12-31": "12.75800", "2007-09-30": "19.10500", "2007-06-30": "30.88800", "2007-03-31": "32.18000", "2006-12-31": "38.23700", "2006-09-30": "34.23700", "2006-06-30": "31.26600", "2006-03-31": "27.48000", "2005-12-31": "27.83800", "2005-09-30": "30.50000", "2005-06-30": "25.18500", "2005-03-31": "24.01700"}, "Income Taxes": {"2020-12-31": "-3.20400", "2020-09-30": "33.75800", "2020-06-30": "6.06200", "2020-03-31": "30.38400", "2019-12-31": "27.11800", "2019-09-30": "26.16600", "2019-06-30": "37.40800", "2019-03-31": "24.11600", "2018-12-31": "28.18300", "2018-09-30": "31.77200", "2018-06-30": "21.66100", "2018-03-31": "24.80700", "2017-12-31": "12.45900", "2017-09-30": "35.74600", "2017-06-30": "31.96400", "2017-03-31": "26.56100", "2016-12-31": "38.68600", "2016-09-30": "34.51500", "2016-06-30": "30.47000", "2016-03-31": "27.27200", "2015-12-31": "35.70400", "2015-09-30": "31.63300", "2015-06-30": "30.61200", "2015-03-31": "26.63900", "2014-12-31": "29.64100", "2014-09-30": "32.10700", "2014-06-30": "11.35600", "2014-03-31": "9.93600", "2013-12-31": "15.27800", "2013-09-30": "12.76800", "2013-06-30": "14.28500", "2013-03-31": "11.86100", "2012-12-31": "14.79600", "2012-09-30": "13.58700", "2012-06-30": "11.68100", "2012-03-31": "13.25700", "2011-12-31": "10.72200", "2011-09-30": "10.71700", "2011-06-30": "8.78200", "2011-03-31": "6.52100", "2010-12-31": "4.20300", "2010-09-30": "2.19400", "2010-06-30": "2.80000", "2010-03-31": "-3.39200", "2009-12-31": "-16.84300", "2009-09-30": "-13.62600", "2009-06-30": "2.39600", "2009-03-31": "-12.86400", "2008-12-31": "1.83600", "2008-09-30": "4.04100", "2008-06-30": "3.93200", "2008-03-31": "12.32400", "2007-12-31": "3.24200", "2007-09-30": "5.92800", "2007-06-30": "10.97500", "2007-03-31": "11.51800", "2006-12-31": "13.70400", "2006-09-30": "11.38100", "2006-06-30": "11.63500", "2006-03-31": "10.05300", "2005-12-31": "9.05100", "2005-09-30": "10.57700", "2005-06-30": "9.17900", "2005-03-31": "8.99800"}, "Income After Taxes": {"2020-12-31": "150.73000", "2020-09-30": "124.87100", "2020-06-30": "52.92600", "2020-03-31": "-1851.94700", "2019-12-31": "83.75000", "2019-09-30": "84.50200", "2019-06-30": "111.81000", "2019-03-31": "74.03300", "2018-12-31": "80.31100", "2018-09-30": "90.98100", "2018-06-30": "65.99900", "2018-03-31": "78.97200", "2017-12-31": "75.28400", "2017-09-30": "63.80700", "2017-06-30": "57.21900", "2017-03-31": "46.00300", "2016-12-31": "66.40300", "2016-09-30": "61.80900", "2016-06-30": "54.28700", "2016-03-31": "47.56900", "2015-12-31": "63.01900", "2015-09-30": "57.60700", "2015-06-30": "54.78400", "2015-03-31": "47.12900", "2014-12-31": "52.58200", "2014-09-30": "58.88300", "2014-06-30": "17.54200", "2014-03-31": "18.65100", "2013-12-31": "25.20000", "2013-09-30": "23.47700", "2013-06-30": "26.25300", "2013-03-31": "23.36100", "2012-12-31": "27.95800", "2012-09-30": "25.15300", "2012-06-30": "23.27700", "2012-03-31": "25.50300", "2011-12-31": "21.38200", "2011-09-30": "21.86200", "2011-06-30": "17.78500", "2011-03-31": "13.46700", "2010-12-31": "8.15800", "2010-09-30": "8.19100", "2010-06-30": "3.46300", "2010-03-31": "8.51400", "2009-12-31": "-26.68200", "2009-09-30": "-7.14400", "2009-06-30": "-104.29100", "2009-03-31": "-15.24900", "2008-12-31": "3.83000", "2008-09-30": "12.38700", "2008-06-30": "10.15600", "2008-03-31": "24.67100", "2007-12-31": "9.51600", "2007-09-30": "13.17700", "2007-06-30": "19.91300", "2007-03-31": "20.66200", "2006-12-31": "24.53300", "2006-09-30": "22.85600", "2006-06-30": "19.63100", "2006-03-31": "17.42700", "2005-12-31": "18.78700", "2005-09-30": "19.92300", "2005-06-30": "16.00600", "2005-03-31": "15.01900"}, "Other Income": {"2020-12-31": "", "2020-09-30": "", "2020-06-30": "", "2020-03-31": "", "2019-12-31": "", "2019-09-30": "", "2019-06-30": "", "2019-03-31": "", "2018-12-31": "", "2018-09-30": "", "2018-06-30": "", "2018-03-31": "", "2017-12-31": "", "2017-09-30": "", "2017-06-30": "", "2017-03-31": "", "2016-12-31": "", "2016-09-30": "", "2016-06-30": "", "2016-03-31": "", "2015-12-31": "", "2015-09-30": "", "2015-06-30": "", "2015-03-31": "", "2014-12-31": "", "2014-09-30": "", "2014-06-30": "", "2014-03-31": "", "2013-12-31": "", "2013-09-30": "", "2013-06-30": "", "2013-03-31": "", "2012-12-31": "", "2012-09-30": "", "2012-06-30": "", "2012-03-31": "", "2011-12-31": "", "2011-09-30": "", "2011-06-30": "", "2011-03-31": "", "2010-12-31": "", "2010-09-30": "", "2010-06-30": "", "2010-03-31": "", "2009-12-31": "", "2009-09-30": "", "2009-06-30": "", "2009-03-31": "", "2008-12-31": "", "2008-09-30": "", "2008-06-30": "", "2008-03-31": "", "2007-12-31": "", "2007-09-30": "", "2007-06-30": "", "2007-03-31": "", "2006-12-31": "", "2006-09-30": "", "2006-06-30": "", "2006-03-31": "", "2005-12-31": "", "2005-09-30": "", "2005-06-30": "", "2005-03-31": ""}, "Income From Continuous Operations": {"2020-12-31": "150.73000", "2020-09-30": "124.87100", "2020-06-30": "52.92600", "2020-03-31": "-1851.94700", "2019-12-31": "83.75000", "2019-09-30": "84.50200", "2019-06-30": "111.81000", "2019-03-31": "74.03300", "2018-12-31": "80.31100", "2018-09-30": "90.98100", "2018-06-30": "65.99900", "2018-03-31": "78.97200", "2017-12-31": "75.28400", "2017-09-30": "63.80700", "2017-06-30": "57.21900", "2017-03-31": "46.00300", "2016-12-31": "66.40300", "2016-09-30": "61.80900", "2016-06-30": "54.28700", "2016-03-31": "47.56900", "2015-12-31": "63.01900", "2015-09-30": "57.60700", "2015-06-30": "54.78400", "2015-03-31": "47.12900", "2014-12-31": "52.58200", "2014-09-30": "58.88300", "2014-06-30": "17.54200", "2014-03-31": "18.65100", "2013-12-31": "25.20000", "2013-09-30": "23.47700", "2013-06-30": "26.25300", "2013-03-31": "23.36100", "2012-12-31": "27.95800", "2012-09-30": "25.15300", "2012-06-30": "23.27700", "2012-03-31": "25.50300", "2011-12-31": "21.38200", "2011-09-30": "21.86200", "2011-06-30": "17.78500", "2011-03-31": "13.46700", "2010-12-31": "8.15800", "2010-09-30": "8.19100", "2010-06-30": "3.46300", "2010-03-31": "8.51400", "2009-12-31": "-26.68200", "2009-09-30": "-7.14400", "2009-06-30": "-104.29100", "2009-03-31": "-15.24900", "2008-12-31": "3.83000", "2008-09-30": "12.38700", "2008-06-30": "10.15600", "2008-03-31": "24.67100", "2007-12-31": "9.51600", "2007-09-30": "13.17700", "2007-06-30": "19.91300", "2007-03-31": "20.66200", "2006-12-31": "24.53300", "2006-09-30": "22.85600", "2006-06-30": "19.63100", "2006-03-31": "17.42700", "2005-12-31": "18.78700", "2005-09-30": "19.92300", "2005-06-30": "16.00600", "2005-03-31": "15.01900"}, "Income From Discontinued Operations": {"2020-12-31": "", "2020-09-30": "", "2020-06-30": "", "2020-03-31": "", "2019-12-31": "", "2019-09-30": "", "2019-06-30": "", "2019-03-31": "", "2018-12-31": "", "2018-09-30": "", "2018-06-30": "", "2018-03-31": "", "2017-12-31": "", "2017-09-30": "", "2017-06-30": "", "2017-03-31": "", "2016-12-31": "", "2016-09-30": "", "2016-06-30": "", "2016-03-31": "", "2015-12-31": "", "2015-09-30": "", "2015-06-30": "", "2015-03-31": "", "2014-12-31": "", "2014-09-30": "", "2014-06-30": "", "2014-03-31": "", "2013-12-31": "", "2013-09-30": "", "2013-06-30": "", "2013-03-31": "", "2012-12-31": "", "2012-09-30": "", "2012-06-30": "", "2012-03-31": "", "2011-12-31": "", "2011-09-30": "", "2011-06-30": "", "2011-03-31": "", "2010-12-31": "", "2010-09-30": "", "2010-06-30": "", "2010-03-31": "", "2009-12-31": "", "2009-09-30": "", "2009-06-30": "", "2009-03-31": "", "2008-12-31": "", "2008-09-30": "", "2008-06-30": "", "2008-03-31": "", "2007-12-31": "", "2007-09-30": "", "2007-06-30": "", "2007-03-31": "", "2006-12-31": "", "2006-09-30": "", "2006-06-30": "", "2006-03-31": "", "2005-12-31": "", "2005-09-30": "", "2005-06-30": "", "2005-03-31": ""}, "Net Income": {"2020-12-31": "150.73000", "2020-09-30": "124.87100", "2020-06-30": "52.92600", "2020-03-31": "-1851.94700", "2019-12-31": "83.75000", "2019-09-30": "84.50200", "2019-06-30": "111.81000", "2019-03-31": "74.03300", "2018-12-31": "80.31100", "2018-09-30": "90.98100", "2018-06-30": "65.99900", "2018-03-31": "78.97200", "2017-12-31": "75.32400", "2017-09-30": "63.79300", "2017-06-30": "57.20500", "2017-03-31": "45.99100", "2016-12-31": "66.37200", "2016-09-30": "61.77800", "2016-06-30": "54.25500", "2016-03-31": "47.54000", "2015-12-31": "62.92300", "2015-09-30": "57.52300", "2015-06-30": "54.69100", "2015-03-31": "47.04500", "2014-12-31": "52.43600", "2014-09-30": "58.74100", "2014-06-30": "17.45900", "2014-03-31": "18.53800", "2013-12-31": "24.98800", "2013-09-30": "23.28100", "2013-06-30": "26.05600", "2013-03-31": "23.17800", "2012-12-31": "27.77500", "2012-09-30": "24.98300", "2012-06-30": "23.11500", "2012-03-31": "25.33600", "2011-12-31": "21.27900", "2011-09-30": "21.75700", "2011-06-30": "17.69900", "2011-03-31": "13.40500", "2010-12-31": "8.14000", "2010-09-30": "8.17300", "2010-06-30": "3.44700", "2010-03-31": "-3.69300", "2009-12-31": "-29.92400", "2009-09-30": "-10.37600", "2009-06-30": "-107.51400", "2009-03-31": "-18.44800", "2008-12-31": "2.12300", "2008-09-30": "12.35000", "2008-06-30": "10.12600", "2008-03-31": "24.67100", "2007-12-31": "9.32900", "2007-09-30": "13.17700", "2007-06-30": "19.91300", "2007-03-31": "20.66200", "2006-12-31": "24.53300", "2006-09-30": "22.85600", "2006-06-30": "19.63100", "2006-03-31": "17.42700", "2005-12-31": "18.78700", "2005-09-30": "19.92300", "2005-06-30": "16.00600", "2005-03-31": "15.01900"}, "EBITDA": {"2020-12-31": "", "2020-09-30": "", "2020-06-30": "", "2020-03-31": "", "2019-12-31": "", "2019-09-30": "", "2019-06-30": "", "2019-03-31": "", "2018-12-31": "", "2018-09-30": "", "2018-06-30": "", "2018-03-31": "", "2017-12-31": "", "2017-09-30": "", "2017-06-30": "", "2017-03-31": "", "2016-12-31": "", "2016-09-30": "", "2016-06-30": "", "2016-03-31": "", "2015-12-31": "", "2015-09-30": "", "2015-06-30": "", "2015-03-31": "", "2014-12-31": "", "2014-09-30": "", "2014-06-30": "", "2014-03-31": "", "2013-12-31": "", "2013-09-30": "", "2013-06-30": "", "2013-03-31": "", "2012-12-31": "", "2012-09-30": "", "2012-06-30": "", "2012-03-31": "", "2011-12-31": "", "2011-09-30": "", "2011-06-30": "", "2011-03-31": "", "2010-12-31": "", "2010-09-30": "", "2010-06-30": "", "2010-03-31": "", "2009-12-31": "", "2009-09-30": "", "2009-06-30": "", "2009-03-31": "", "2008-12-31": "", "2008-09-30": "", "2008-06-30": "", "2008-03-31": "", "2007-12-31": "", "2007-09-30": "", "2007-06-30": "", "2007-03-31": "", "2006-12-31": "", "2006-09-30": "", "2006-06-30": "", "2006-03-31": "", "2005-12-31": "", "2005-09-30": "", "2005-06-30": "", "2005-03-31": ""}, "EBIT": {"2020-12-31": "", "2020-09-30": "", "2020-06-30": "", "2020-03-31": "", "2019-12-31": "", "2019-09-30": "", "2019-06-30": "", "2019-03-31": "", "2018-12-31": "", "2018-09-30": "", "2018-06-30": "", "2018-03-31": "", "2017-12-31": "", "2017-09-30": "", "2017-06-30": "", "2017-03-31": "", "2016-12-31": "", "2016-09-30": "", "2016-06-30": "", "2016-03-31": "", "2015-12-31": "", "2015-09-30": "", "2015-06-30": "", "2015-03-31": "", "2014-12-31": "", "2014-09-30": "", "2014-06-30": "", "2014-03-31": "", "2013-12-31": "", "2013-09-30": "", "2013-06-30": "", "2013-03-31": "", "2012-12-31": "", "2012-09-30": "", "2012-06-30": "", "2012-03-31": "", "2011-12-31": "", "2011-09-30": "", "2011-06-30": "", "2011-03-31": "", "2010-12-31": "", "2010-09-30": "", "2010-06-30": "", "2010-03-31": "", "2009-12-31": "", "2009-09-30": "", "2009-06-30": "", "2009-03-31": "", "2008-12-31": "", "2008-09-30": "", "2008-06-30": "", "2008-03-31": "", "2007-12-31": "", "2007-09-30": "", "2007-06-30": "", "2007-03-31": "", "2006-12-31": "", "2006-09-30": "", "2006-06-30": "", "2006-03-31": "", "2005-12-31": "", "2005-09-30": "", "2005-06-30": "", "2005-03-31": ""}, "Basic Shares Outstanding": {"2020-12-31": "220.22500", "2020-09-30": "220.22100", "2020-06-30": "220.21000", "2020-03-31": "220.21600", "2019-12-31": "220.33900", "2019-09-30": "220.28500", "2019-06-30": "220.48700", "2019-03-31": "220.36600", "2018-12-31": "220.28000", "2018-09-30": "220.22400", "2018-06-30": "220.28300", "2018-03-31": "220.37000", "2017-12-31": "220.25100", "2017-09-30": "220.21500", "2017-06-30": "220.31000", "2017-03-31": "220.28700", "2016-12-31": "220.28200", "2016-09-30": "220.29100", "2016-06-30": "220.42100", "2016-03-31": "220.22700", "2015-12-31": "220.32700", "2015-09-30": "220.29700", "2015-06-30": "220.46300", "2015-03-31": "220.34900", "2014-12-31": "186.55000", "2014-09-30": "217.24500", "2014-06-30": "196.31200", "2014-03-31": "112.17000", "2013-12-31": "111.93800", "2013-09-30": "111.91200", "2013-06-30": "111.95400", "2013-03-31": "111.93700", "2012-12-31": "111.93500", "2012-09-30": "111.89900", "2012-06-30": "111.89700", "2012-03-31": "111.98900", "2011-12-31": "114.22000", "2011-09-30": "114.54000", "2011-06-30": "114.61100", "2011-03-31": "114.57500", "2010-12-31": "107.92200", "2010-09-30": "114.52800", "2010-06-30": "110.13500", "2010-03-31": "92.17600", "2009-12-31": "70.39900", "2009-09-30": "74.08500", "2009-06-30": "60.22100", "2009-03-31": "60.17600", "2008-12-31": "60.08400", "2008-09-30": "60.09700", "2008-06-30": "60.07500", "2008-03-31": "60.02900", "2007-12-31": "59.82800", "2007-09-30": "60.49000", "2007-06-30": "60.67900", "2007-03-31": "58.17600", "2006-12-31": "52.31100", "2006-09-30": "57.80200", "2006-06-30": "48.52900", "2006-03-31": "44.65800", "2005-12-31": "44.43800", "2005-09-30": "44.46800", "2005-06-30": "44.43600", "2005-03-31": "44.33100"}, "Shares Outstanding": {"2020-12-31": "220.66300", "2020-09-30": "220.41800", "2020-06-30": "220.32000", "2020-03-31": "220.21600", "2019-12-31": "220.65000", "2019-09-30": "220.58300", "2019-06-30": "220.71900", "2019-03-31": "220.65500", "2018-12-31": "220.73700", "2018-09-30": "220.62000", "2018-06-30": "220.64700", "2018-03-31": "220.82500", "2017-12-31": "220.83600", "2017-09-30": "220.75500", "2017-06-30": "220.75300", "2017-03-31": "220.77900", "2016-12-31": "220.90800", "2016-09-30": "220.75100", "2016-06-30": "220.90700", "2016-03-31": "221.05200", "2015-12-31": "221.04500", "2015-09-30": "220.90400", "2015-06-30": "221.15000", "2015-03-31": "221.05100", "2014-12-31": "187.54400", "2014-09-30": "218.94100", "2014-06-30": "197.63800", "2014-03-31": "112.36700", "2013-12-31": "112.17600", "2013-09-30": "112.19500", "2013-06-30": "112.14500", "2013-03-31": "112.11800", "2012-12-31": "112.15100", "2012-09-30": "112.15100", "2012-06-30": "112.07800", "2012-03-31": "112.16000", "2011-12-31": "114.40900", "2011-09-30": "114.69100", "2011-06-30": "114.78500", "2011-03-31": "114.74600", "2010-12-31": "108.15300", "2010-09-30": "114.76000", "2010-06-30": "114.73300", "2010-03-31": "92.17600", "2009-12-31": "70.39900", "2009-09-30": "74.08500", "2009-06-30": "60.22100", "2009-03-31": "60.17600", "2008-12-31": "60.42400", "2008-09-30": "60.42900", "2008-06-30": "60.39800", "2008-03-31": "60.37400", "2007-12-31": "60.40400", "2007-09-30": "61.06500", "2007-06-30": "60.67900", "2007-03-31": "58.17600", "2006-12-31": "53.05000", "2006-09-30": "57.80200", "2006-06-30": "48.99400", "2006-03-31": "45.02900", "2005-12-31": "45.01100", "2005-09-30": "45.02200", "2005-06-30": "44.98800", "2005-03-31": "44.96300"}, "Basic EPS": {"2020-12-31": "0.68000", "2020-09-30": "0.57000", "2020-06-30": "0.24000", "2020-03-31": "-8.41000", "2019-12-31": "0.38000", "2019-09-30": "0.38000", "2019-06-30": "0.51000", "2019-03-31": "0.34000", "2018-12-31": "0.37000", "2018-09-30": "0.41000", "2018-06-30": "0.30000", "2018-03-31": "0.36000", "2017-12-31": "0.34000", "2017-09-30": "0.29000", "2017-06-30": "0.26000", "2017-03-31": "0.21000", "2016-12-31": "0.29000", "2016-09-30": "0.28000", "2016-06-30": "0.25000", "2016-03-31": "0.22000", "2015-12-31": "0.29000", "2015-09-30": "0.26000", "2015-06-30": "0.25000", "2015-03-31": "0.21000", "2014-12-31": "0.26000", "2014-09-30": "0.27000", "2014-06-30": "0.09000", "2014-03-31": "0.17000", "2013-12-31": "0.22000", "2013-09-30": "0.21000", "2013-06-30": "0.23000", "2013-03-31": "0.21000", "2012-12-31": "0.24000", "2012-09-30": "0.22000", "2012-06-30": "0.21000", "2012-03-31": "0.23000", "2011-12-31": "0.19000", "2011-09-30": "0.19000", "2011-06-30": "0.15000", "2011-03-31": "0.12000", "2010-12-31": "0.09000", "2010-09-30": "0.07000", "2010-06-30": "0.03000", "2010-03-31": "-0.04000", "2009-12-31": "-0.12000", "2009-09-30": "-0.14000", "2009-06-30": "-1.79000", "2009-03-31": "-0.31000", "2008-12-31": "0.03000", "2008-09-30": "0.21000", "2008-06-30": "0.17000", "2008-03-31": "0.41000", "2007-12-31": "0.14000", "2007-09-30": "0.22000", "2007-06-30": "0.33000", "2007-03-31": "0.36000", "2006-12-31": "0.42000", "2006-09-30": "0.40000", "2006-06-30": "0.40000", "2006-03-31": "0.39000", "2005-12-31": "0.42000", "2005-09-30": "0.45000", "2005-06-30": "0.36000", "2005-03-31": "0.34000"}, "EPS - Earnings Per Share": {"2020-12-31": "0.68000", "2020-09-30": "0.57000", "2020-06-30": "0.24000", "2020-03-31": "-8.41000", "2019-12-31": "0.37000", "2019-09-30": "0.38000", "2019-06-30": "0.51000", "2019-03-31": "0.34000", "2018-12-31": "0.36000", "2018-09-30": "0.41000", "2018-06-30": "0.30000", "2018-03-31": "0.36000", "2017-12-31": "0.34000", "2017-09-30": "0.29000", "2017-06-30": "0.26000", "2017-03-31": "0.21000", "2016-12-31": "0.29000", "2016-09-30": "0.28000", "2016-06-30": "0.25000", "2016-03-31": "0.22000", "2015-12-31": "0.29000", "2015-09-30": "0.26000", "2015-06-30": "0.25000", "2015-03-31": "0.21000", "2014-12-31": "0.26000", "2014-09-30": "0.27000", "2014-06-30": "0.09000", "2014-03-31": "0.16000", "2013-12-31": "0.22000", "2013-09-30": "0.21000", "2013-06-30": "0.23000", "2013-03-31": "0.21000", "2012-12-31": "0.24000", "2012-09-30": "0.22000", "2012-06-30": "0.21000", "2012-03-31": "0.23000", "2011-12-31": "0.19000", "2011-09-30": "0.19000", "2011-06-30": "0.15000", "2011-03-31": "0.12000", "2010-12-31": "0.09000", "2010-09-30": "0.07000", "2010-06-30": "0.03000", "2010-03-31": "-0.04000", "2009-12-31": "-0.12000", "2009-09-30": "-0.14000", "2009-06-30": "-1.79000", "2009-03-31": "-0.31000", "2008-12-31": "0.04000", "2008-09-30": "0.20000", "2008-06-30": "0.17000", "2008-03-31": "0.41000", "2007-12-31": "0.15000", "2007-09-30": "0.22000", "2007-06-30": "0.32000", "2007-03-31": "0.35000", "2006-12-31": "0.41000", "2006-09-30": "0.39000", "2006-06-30": "0.40000", "2006-03-31": "0.39000", "2005-12-31": "0.42000", "2005-09-30": "0.44000", "2005-06-30": "0.36000", "2005-03-31": "0.33000"}}, "balance sheet": {"Cash On Hand": {"2020-12-31": "2656.25800", "2019-12-31": "1442.92100", "2018-12-31": "684.47800", "2017-12-31": "646.53500", "2016-12-31": "1460.39600", "2015-12-31": "783.31100", "2014-12-31": "1615.17000", "2013-12-31": "796.38100", "2012-12-31": "547.53410", "2011-12-31": "601.07500", "2010-12-31": "1007.14900", "2009-12-31": "607.68600", "2008-12-31": "206.66300", "2007-12-31": "194.90700", "2006-12-31": "339.85200", "2005-12-31": "162.35500"}, "Receivables": {"2020-12-31": "", "2019-12-31": "", "2018-12-31": "", "2017-12-31": "", "2016-12-31": "", "2015-12-31": "", "2014-12-31": "", "2013-12-31": "", "2012-12-31": "", "2011-12-31": "", "2010-12-31": "", "2009-12-31": "", "2008-12-31": "", "2007-12-31": "", "2006-12-31": "", "2005-12-31": ""}, "Inventory": {"2020-12-31": "", "2019-12-31": "", "2018-12-31": "", "2017-12-31": "", "2016-12-31": "", "2015-12-31": "", "2014-12-31": "", "2013-12-31": "", "2012-12-31": "", "2011-12-31": "", "2010-12-31": "", "2009-12-31": "", "2008-12-31": "", "2007-12-31": "", "2006-12-31": "", "2005-12-31": ""}, "Pre-Paid Expenses": {"2020-12-31": "", "2019-12-31": "", "2018-12-31": "", "2017-12-31": "", "2016-12-31": "", "2015-12-31": "", "2014-12-31": "", "2013-12-31": "", "2012-12-31": "", "2011-12-31": "", "2010-12-31": "", "2009-12-31": "", "2008-12-31": "", "2007-12-31": "", "2006-12-31": "", "2005-12-31": ""}, "Other Current Assets": {"2020-12-31": "", "2019-12-31": "", "2018-12-31": "", "2017-12-31": "", "2016-12-31": "", "2015-12-31": "", "2014-12-31": "", "2013-12-31": "", "2012-12-31": "", "2011-12-31": "", "2010-12-31": "", "2009-12-31": "", "2008-12-31": "", "2007-12-31": "", "2006-12-31": "", "2005-12-31": ""}, "Total Current Assets": {"2020-12-31": "24873.45000", "2019-12-31": "22994.41000", "2018-12-31": "21128.73000", "2017-12-31": "19784.64000", "2016-12-31": "19222.39000", "2015-12-31": "17882.80000", "2014-12-31": "17113.54000", "2013-12-31": "8534.12600", "2012-12-31": "7940.43300", "2011-12-31": "7120.75400", "2010-12-31": "7425.73900", "2009-12-31": "6533.01100", "2008-12-31": "6264.52700", "2007-12-31": "6178.68500", "2006-12-31": "5657.67700", "2005-12-31": "4049.16200"}, "Property, Plant, And Equipment": {"2020-12-31": "178.05000", "2019-12-31": "201.46000", "2018-12-31": "227.42300", "2017-12-31": "269.18200", "2016-12-31": "303.88200", "2015-12-31": "328.73400", "2014-12-31": "317.83400", "2013-12-31": "177.68000", "2012-12-31": "162.66700", "2011-12-31": "152.36600", "2010-12-31": "136.59900", "2009-12-31": "103.26600", "2008-12-31": "104.69400", "2007-12-31": "106.26700", "2006-12-31": "101.83000", "2005-12-31": "88.86500"}, "Long-Term Investments": {"2020-12-31": "2977.25800", "2019-12-31": "2864.40500", "2018-12-31": "3020.98200", "2017-12-31": "3113.08000", "2016-12-31": "2750.96400", "2015-12-31": "2574.09700", "2014-12-31": "2423.10000", "2013-12-31": "1827.22600", "2012-12-31": "2663.21300", "2011-12-31": "3205.87300", "2010-12-31": "2958.41700", "2009-12-31": "1816.88800", "2008-12-31": "1271.01500", "2007-12-31": "1072.03400", "2006-12-31": "739.20400", "2005-12-31": "694.80800"}, "Goodwill And Intangible Assets": {"2020-12-31": "108.98200", "2019-12-31": "1921.00700", "2018-12-31": "1980.64000", "2017-12-31": "1970.93200", "2016-12-31": "1967.51000", "2015-12-31": "1965.11800", "2014-12-31": "1960.21700", "2013-12-31": "824.44800", "2012-12-31": "712.75900", "2011-12-31": "695.40800", "2010-12-31": "696.42300", "2009-12-31": "652.25900", "2008-12-31": "766.03800", "2007-12-31": "774.99400", "2006-12-31": "689.44500", "2005-12-31": "419.39300"}, "Other Long-Term Assets": {"2020-12-31": "992.49900", "2019-12-31": "754.81200", "2018-12-31": "582.00200", "2017-12-31": "542.61600", "2016-12-31": "534.04800", "2015-12-31": "517.55000", "2014-12-31": "564.77300", "2013-12-31": "256.00500", "2012-12-31": "312.84300", "2011-12-31": "388.45700", "2010-12-31": "451.53200", "2009-12-31": "275.94800", "2008-12-31": "191.27600", "2007-12-31": "208.07300", "2006-12-31": "156.08000", "2005-12-31": "108.41100"}, "Total Long-Term Assets": {"2020-12-31": "4256.78900", "2019-12-31": "5741.68400", "2018-12-31": "5811.04700", "2017-12-31": "5895.81100", "2016-12-31": "5590.72600", "2015-12-31": "5523.58100", "2014-12-31": "5496.36600", "2013-12-31": "3101.98600", "2012-12-31": "3855.01000", "2011-12-31": "4442.10400", "2010-12-31": "4242.97100", "2009-12-31": "2848.36100", "2008-12-31": "2333.02300", "2007-12-31": "2161.36800", "2006-12-31": "1686.55900", "2005-12-31": "1311.47700"}, "Total Assets": {"2020-12-31": "29235.18000", "2019-12-31": "28846.81000", "2018-12-31": "26939.78000", "2017-12-31": "25680.45000", "2016-12-31": "24813.12000", "2015-12-31": "23406.38000", "2014-12-31": "22609.90000", "2013-12-31": "11636.11000", "2012-12-31": "11795.44000", "2011-12-31": "11562.86000", "2010-12-31": "11668.71000", "2009-12-31": "9381.37200", "2008-12-31": "8597.55000", "2007-12-31": "8340.05300", "2006-12-31": "7344.23600", "2005-12-31": "5360.63900"}, "Total Current Liabilities": {"2020-12-31": "24997.59000", "2019-12-31": "22792.81000", "2018-12-31": "21434.64000", "2017-12-31": "20242.60000", "2016-12-31": "19373.93000", "2015-12-31": "18011.75000", "2014-12-31": "17205.42000", "2013-12-31": "9342.54200", "2012-12-31": "9516.35100", "2011-12-31": "9361.29600", "2010-12-31": "9507.56300", "2009-12-31": "7485.61400", "2008-12-31": "6636.52300", "2007-12-31": "6695.12000", "2006-12-31": "5888.27900", "2005-12-31": "4400.13100"}, "Long Term Debt": {"2020-12-31": "1114.96700", "2019-12-31": "1269.94300", "2018-12-31": "1141.38200", "2017-12-31": "1180.12100", "2016-12-31": "1215.53700", "2015-12-31": "1245.48000", "2014-12-31": "1357.26500", "2013-12-31": "440.66700", "2012-12-31": "449.67100", "2011-12-31": "441.12500", "2010-12-31": "446.31400", "2009-12-31": "265.12800", "2008-12-31": "402.70600", "2007-12-31": "310.29300", "2006-12-31": "213.20100", "2005-12-31": "168.90900"}, "Other Non-Current Liabilities": {"2020-12-31": "299.01200", "2019-12-31": "297.78200", "2018-12-31": "281.47400", "2017-12-31": "266.43000", "2016-12-31": "306.85400", "2015-12-31": "299.81800", "2014-12-31": "269.59200", "2013-12-31": "125.47700", "2012-12-31": "105.38300", "2011-12-31": "88.02500", "2010-12-31": "72.25800", "2009-12-31": "64.11300", "2008-12-31": "71.31300", "2007-12-31": "94.70200", "2006-12-31": "86.54500", "2005-12-31": "53.33800"}, "Total Long Term Liabilities": {"2020-12-31": "1419.42000", "2019-12-31": "1620.65300", "2018-12-31": "1448.70200", "2017-12-31": "1468.48100", "2016-12-31": "1522.39100", "2015-12-31": "1545.29800", "2014-12-31": "1626.85700", "2013-12-31": "566.14400", "2012-12-31": "555.05400", "2011-12-31": "529.15000", "2010-12-31": "518.57200", "2009-12-31": "329.24100", "2008-12-31": "474.01900", "2007-12-31": "404.99500", "2006-12-31": "299.74600", "2005-12-31": "222.24700"}, "Total Liabilities": {"2020-12-31": "26530.60000", "2019-12-31": "24532.89000", "2018-12-31": "22883.34000", "2017-12-31": "21711.08000", "2016-12-31": "20896.32000", "2015-12-31": "19557.05000", "2014-12-31": "18832.28000", "2013-12-31": "9908.68600", "2012-12-31": "10071.40000", "2011-12-31": "9890.44500", "2010-12-31": "10026.14000", "2009-12-31": "7814.85500", "2008-12-31": "7110.54200", "2007-12-31": "7100.11500", "2006-12-31": "6188.02500", "2005-12-31": "4622.37800"}, "Common Stock Net": {"2020-12-31": "3514.59900", "2019-12-31": "3514.00000", "2018-12-31": "3512.87400", "2017-12-31": "3517.25800", "2016-12-31": "3515.29900", "2015-12-31": "3520.59100", "2014-12-31": "3519.31600", "2013-12-31": "1514.48500", "2012-12-31": "1512.40000", "2011-12-31": "1514.91300", "2010-12-31": "1540.92800", "2009-12-31": "1253.28800", "2008-12-31": "1005.82000", "2007-12-31": "988.78000", "2006-12-31": "930.86700", "2005-12-31": "564.57900"}, "Retained Earnings (Accumulated Deficit)": {"2020-12-31": "-932.76700", "2019-12-31": "770.36600", "2018-12-31": "602.48200", "2017-12-31": "477.10100", "2016-12-31": "422.83900", "2015-12-31": "331.30100", "2014-12-31": "246.24200", "2013-12-31": "217.91700", "2012-12-31": "187.29300", "2011-12-31": "123.72600", "2010-12-31": "76.70100", "2009-12-31": "83.93900", "2008-12-31": "264.93800", "2007-12-31": "251.54500", "2006-12-31": "234.78300", "2005-12-31": "183.59100"}, "Comprehensive Income": {"2020-12-31": "122.74500", "2019-12-31": "29.54900", "2018-12-31": "-58.91400", "2017-12-31": "-24.99200", "2016-12-31": "-21.34300", "2015-12-31": "-2.55800", "2014-12-31": "12.06800", "2013-12-31": "-4.97600", "2012-12-31": "24.34600", "2011-12-31": "33.77400", "2010-12-31": "24.94500", "2009-12-31": "24.95500", "2008-12-31": "14.07200", "2007-12-31": "-0.38700", "2006-12-31": "-9.43900", "2005-12-31": "-9.90900"}, "Other Share Holders Equity": {"2020-12-31": "", "2019-12-31": "", "2018-12-31": "", "2017-12-31": "", "2016-12-31": "", "2015-12-31": "", "2014-12-31": "", "2013-12-31": "", "2012-12-31": "", "2011-12-31": "", "2010-12-31": "", "2009-12-31": "", "2008-12-31": "", "2007-12-31": "", "2006-12-31": "", "2005-12-31": ""}, "Share Holder Equity": {"2020-12-31": "2704.57700", "2019-12-31": "4313.91500", "2018-12-31": "4056.44200", "2017-12-31": "3969.36700", "2016-12-31": "3916.79500", "2015-12-31": "3849.33400", "2014-12-31": "3777.62600", "2013-12-31": "1727.42600", "2012-12-31": "1724.03900", "2011-12-31": "1672.41300", "2010-12-31": "1642.57400", "2009-12-31": "1566.51700", "2008-12-31": "1487.00800", "2007-12-31": "1239.93800", "2006-12-31": "1156.21100", "2005-12-31": "738.26100"}, "Total Liabilities And Share Holders Equity": {"2020-12-31": "29235.18000", "2019-12-31": "28846.81000", "2018-12-31": "26939.78000", "2017-12-31": "25680.45000", "2016-12-31": "24813.12000", "2015-12-31": "23406.38000", "2014-12-31": "22609.90000", "2013-12-31": "11636.11000", "2012-12-31": "11795.44000", "2011-12-31": "11562.86000", "2010-12-31": "11668.71000", "2009-12-31": "9381.37200", "2008-12-31": "8597.55000", "2007-12-31": "8340.05300", "2006-12-31": "7344.23600", "2005-12-31": "5360.63900"}}, "balance sheet, quarterly": {"Cash On Hand": {"2020-12-31": "2656.25800", "2020-09-30": "2302.49600", "2020-06-30": "2346.23200", "2020-03-31": "1738.51300", "2019-12-31": "1442.92100", "2019-09-30": "1256.20800", "2019-06-30": "1100.14900", "2019-03-31": "966.13500", "2018-12-31": "684.47800", "2018-09-30": "941.71300", "2018-06-30": "867.30900", "2018-03-31": "632.48400", "2017-12-31": "646.53500", "2017-09-30": "857.48500", "2017-06-30": "627.43100", "2017-03-31": "695.88700", "2016-12-31": "1460.39600", "2016-09-30": "1477.30700", "2016-06-30": "915.55100", "2016-03-31": "922.71100", "2015-12-31": "783.31100", "2015-09-30": "967.12500", "2015-06-30": "889.95200", "2015-03-31": "1391.32600", "2014-12-31": "1615.17000", "2014-09-30": "1453.43700", "2014-06-30": "849.84000", "2014-03-31": "1089.60600", "2013-12-31": "796.38100", "2013-09-30": "701.10300", "2013-06-30": "808.85700", "2013-03-31": "721.37100", "2012-12-31": "547.53410", "2012-09-30": "499.65900", "2012-06-30": "667.07700", "2012-03-31": "541.47700", "2011-12-31": "601.07500", "2011-09-30": "922.19800", "2011-06-30": "618.40400", "2011-03-31": "642.53500", "2010-12-31": "1007.14900", "2010-09-30": "1066.19500", "2010-06-30": "972.32290", "2010-03-31": "1024.46100", "2009-12-31": "607.68600", "2009-09-30": "372.89700", "2009-06-30": "134.56300", "2009-03-31": "208.08500", "2008-12-31": "206.66300", "2008-09-30": "168.36900", "2008-06-30": "197.89800", "2008-03-31": "195.55800", "2007-12-31": "194.90700", "2007-09-30": "199.36500", "2007-06-30": "226.73300", "2007-03-31": "231.87300", "2006-12-31": "339.85200", "2006-09-30": "192.71600", "2006-06-30": "239.34000", "2006-03-31": "122.84200", "2005-12-31": "162.35500", "2005-09-30": "172.99500", "2005-06-30": "202.15100", "2005-03-31": "204.85100"}, "Receivables": {"2020-12-31": "", "2020-09-30": "", "2020-06-30": "", "2020-03-31": "", "2019-12-31": "", "2019-09-30": "", "2019-06-30": "", "2019-03-31": "", "2018-12-31": "", "2018-09-30": "", "2018-06-30": "", "2018-03-31": "", "2017-12-31": "", "2017-09-30": "", "2017-06-30": "", "2017-03-31": "", "2016-12-31": "", "2016-09-30": "", "2016-06-30": "", "2016-03-31": "", "2015-12-31": "", "2015-09-30": "", "2015-06-30": "", "2015-03-31": "", "2014-12-31": "", "2014-09-30": "", "2014-06-30": "", "2014-03-31": "", "2013-12-31": "", "2013-09-30": "", "2013-06-30": "", "2013-03-31": "", "2012-12-31": "", "2012-09-30": "", "2012-06-30": "", "2012-03-31": "", "2011-12-31": "", "2011-09-30": "", "2011-06-30": "", "2011-03-31": "", "2010-12-31": "", "2010-09-30": "", "2010-06-30": "", "2010-03-31": "", "2009-12-31": "", "2009-09-30": "", "2009-06-30": "", "2009-03-31": "", "2008-12-31": "", "2008-09-30": "", "2008-06-30": "", "2008-03-31": "", "2007-12-31": "", "2007-09-30": "", "2007-06-30": "", "2007-03-31": "", "2006-12-31": "", "2006-09-30": "", "2006-06-30": "", "2006-03-31": "", "2005-12-31": "", "2005-09-30": "", "2005-06-30": "", "2005-03-31": ""}, "Inventory": {"2020-12-31": "", "2020-09-30": "", "2020-06-30": "", "2020-03-31": "", "2019-12-31": "", "2019-09-30": "", "2019-06-30": "", "2019-03-31": "", "2018-12-31": "", "2018-09-30": "", "2018-06-30": "", "2018-03-31": "", "2017-12-31": "", "2017-09-30": "", "2017-06-30": "", "2017-03-31": "", "2016-12-31": "", "2016-09-30": "", "2016-06-30": "", "2016-03-31": "", "2015-12-31": "", "2015-09-30": "", "2015-06-30": "", "2015-03-31": "", "2014-12-31": "", "2014-09-30": "", "2014-06-30": "", "2014-03-31": "", "2013-12-31": "", "2013-09-30": "", "2013-06-30": "", "2013-03-31": "", "2012-12-31": "", "2012-09-30": "", "2012-06-30": "", "2012-03-31": "", "2011-12-31": "", "2011-09-30": "", "2011-06-30": "", "2011-03-31": "", "2010-12-31": "", "2010-09-30": "", "2010-06-30": "", "2010-03-31": "", "2009-12-31": "", "2009-09-30": "", "2009-06-30": "", "2009-03-31": "", "2008-12-31": "", "2008-09-30": "", "2008-06-30": "", "2008-03-31": "", "2007-12-31": "", "2007-09-30": "", "2007-06-30": "", "2007-03-31": "", "2006-12-31": "", "2006-09-30": "", "2006-06-30": "", "2006-03-31": "", "2005-12-31": "", "2005-09-30": "", "2005-06-30": "", "2005-03-31": ""}, "Pre-Paid Expenses": {"2020-12-31": "", "2020-09-30": "", "2020-06-30": "", "2020-03-31": "", "2019-12-31": "", "2019-09-30": "", "2019-06-30": "", "2019-03-31": "", "2018-12-31": "", "2018-09-30": "", "2018-06-30": "", "2018-03-31": "", "2017-12-31": "", "2017-09-30": "", "2017-06-30": "", "2017-03-31": "", "2016-12-31": "", "2016-09-30": "", "2016-06-30": "", "2016-03-31": "", "2015-12-31": "", "2015-09-30": "", "2015-06-30": "", "2015-03-31": "", "2014-12-31": "", "2014-09-30": "", "2014-06-30": "", "2014-03-31": "", "2013-12-31": "", "2013-09-30": "", "2013-06-30": "", "2013-03-31": "", "2012-12-31": "", "2012-09-30": "", "2012-06-30": "", "2012-03-31": "", "2011-12-31": "", "2011-09-30": "", "2011-06-30": "", "2011-03-31": "", "2010-12-31": "", "2010-09-30": "", "2010-06-30": "", "2010-03-31": "", "2009-12-31": "", "2009-09-30": "", "2009-06-30": "", "2009-03-31": "", "2008-12-31": "", "2008-09-30": "", "2008-06-30": "", "2008-03-31": "", "2007-12-31": "", "2007-09-30": "", "2007-06-30": "", "2007-03-31": "", "2006-12-31": "", "2006-09-30": "", "2006-06-30": "", "2006-03-31": "", "2005-12-31": "", "2005-09-30": "", "2005-06-30": "", "2005-03-31": ""}, "Other Current Assets": {"2020-12-31": "", "2020-09-30": "", "2020-06-30": "", "2020-03-31": "", "2019-12-31": "", "2019-09-30": "", "2019-06-30": "", "2019-03-31": "", "2018-12-31": "", "2018-09-30": "", "2018-06-30": "", "2018-03-31": "", "2017-12-31": "", "2017-09-30": "", "2017-06-30": "", "2017-03-31": "", "2016-12-31": "", "2016-09-30": "", "2016-06-30": "", "2016-03-31": "", "2015-12-31": "", "2015-09-30": "", "2015-06-30": "", "2015-03-31": "", "2014-12-31": "", "2014-09-30": "", "2014-06-30": "", "2014-03-31": "", "2013-12-31": "", "2013-09-30": "", "2013-06-30": "", "2013-03-31": "", "2012-12-31": "", "2012-09-30": "", "2012-06-30": "", "2012-03-31": "", "2011-12-31": "", "2011-09-30": "", "2011-06-30": "", "2011-03-31": "", "2010-12-31": "", "2010-09-30": "", "2010-06-30": "", "2010-03-31": "", "2009-12-31": "", "2009-09-30": "", "2009-06-30": "", "2009-03-31": "", "2008-12-31": "", "2008-09-30": "", "2008-06-30": "", "2008-03-31": "", "2007-12-31": "", "2007-09-30": "", "2007-06-30": "", "2007-03-31": "", "2006-12-31": "", "2006-09-30": "", "2006-06-30": "", "2006-03-31": "", "2005-12-31": "", "2005-09-30": "", "2005-06-30": "", "2005-03-31": ""}, "Total Current Assets": {"2020-12-31": "24873.45000", "2020-09-30": "25067.88000", "2020-06-30": "25266.34000", "2020-03-31": "23180.11000", "2019-12-31": "22994.41000", "2019-09-30": "22975.73000", "2019-06-30": "22259.10000", "2019-03-31": "21467.56000", "2018-12-31": "21128.73000", "2018-09-30": "20941.26000", "2018-06-30": "20794.89000", "2018-03-31": "20104.88000", "2017-12-31": "19784.64000", "2017-09-30": "19813.21000", "2017-06-30": "19263.06000", "2017-03-31": "18761.30000", "2016-12-31": "19222.39000", "2016-09-30": "19301.29000", "2016-06-30": "18692.43000", "2016-03-31": "18407.31000", "2015-12-31": "17882.80000", "2015-09-30": "17622.94000", "2015-06-30": "17156.78000", "2015-03-31": "17226.67000", "2014-12-31": "17113.54000", "2014-09-30": "16862.80000", "2014-06-30": "16208.77000", "2014-03-31": "8829.37400", "2013-12-31": "8534.12600", "2013-09-30": "8356.38900", "2013-06-30": "8103.19100", "2013-03-31": "7882.82500", "2012-12-31": "7940.43300", "2012-09-30": "7404.25200", "2012-06-30": "7451.46100", "2012-03-31": "7116.37300", "2011-12-31": "7120.75400", "2011-09-30": "7423.80500", "2011-06-30": "7015.25400", "2011-03-31": "6971.35000", "2010-12-31": "7425.73900", "2010-09-30": "7554.24000", "2010-06-30": "7490.37100", "2010-03-31": "7476.38500", "2009-12-31": "6533.01100", "2009-09-30": "6364.41700", "2009-06-30": "6183.01300", "2009-03-31": "6229.49200", "2008-12-31": "6264.52700", "2008-09-30": "6249.98900", "2008-06-30": "6248.35900", "2008-03-31": "6193.57700", "2007-12-31": "6178.68500", "2007-09-30": "6210.48600", "2007-06-30": "6156.71300", "2007-03-31": "5580.26200", "2006-12-31": "5657.67700", "2006-09-30": "5536.45400", "2006-06-30": "5508.66200", "2006-03-31": "4186.25000", "2005-12-31": "4049.16200", "2005-09-30": "3846.41400", "2005-06-30": "3789.94600", "2005-03-31": "3703.95000"}, "Property, Plant, And Equipment": {"2020-12-31": "178.05000", "2020-09-30": "185.10400", "2020-06-30": "192.04100", "2020-03-31": "195.39000", "2019-12-31": "201.46000", "2019-09-30": "203.39100", "2019-06-30": "210.28500", "2019-03-31": "217.59500", "2018-12-31": "227.42300", "2018-09-30": "237.45600", "2018-06-30": "245.95400", "2018-03-31": "259.35400", "2017-12-31": "269.18200", "2017-09-30": "276.31600", "2017-06-30": "288.85300", "2017-03-31": "293.13300", "2016-12-31": "303.88200", "2016-09-30": "306.28700", "2016-06-30": "312.64700", "2016-03-31": "322.82200", "2015-12-31": "328.73400", "2015-09-30": "330.30600", "2015-06-30": "331.20800", "2015-03-31": "322.92500", "2014-12-31": "317.83400", "2014-09-30": "314.36400", "2014-06-30": "310.40700", "2014-03-31": "180.19900", "2013-12-31": "177.68000", "2013-09-30": "173.87600", "2013-06-30": "170.14500", "2013-03-31": "161.91100", "2012-12-31": "162.66700", "2012-09-30": "154.28800", "2012-06-30": "154.95600", "2012-03-31": "153.55700", "2011-12-31": "152.36600", "2011-09-30": "146.88700", "2011-06-30": "145.19200", "2011-03-31": "139.53900", "2010-12-31": "136.59900", "2010-09-30": "133.72800", "2010-06-30": "128.58600", "2010-03-31": "101.68600", "2009-12-31": "103.26600", "2009-09-30": "101.88300", "2009-06-30": "103.55300", "2009-03-31": "103.71200", "2008-12-31": "104.69400", "2008-09-30": "105.34100", "2008-06-30": "104.86100", "2008-03-31": "104.50500", "2007-12-31": "106.26700", "2007-09-30": "107.18900", "2007-06-30": "108.65600", "2007-03-31": "100.18900", "2006-12-31": "101.83000", "2006-09-30": "99.25100", "2006-06-30": "100.04000", "2006-03-31": "88.85700", "2005-12-31": "88.86500", "2005-09-30": "88.57700", "2005-06-30": "88.32100", "2005-03-31": "87.07300"}, "Long-Term Investments": {"2020-12-31": "2977.25800", "2020-09-30": "2951.85000", "2020-06-30": "2922.89500", "2020-03-31": "2951.73700", "2019-12-31": "2864.40500", "2019-09-30": "2899.85900", "2019-06-30": "2744.87700", "2019-03-31": "2945.72200", "2018-12-31": "3020.98200", "2018-09-30": "2908.33500", "2018-06-30": "2900.30400", "2018-03-31": "2994.58200", "2017-12-31": "3113.08000", "2017-09-30": "3096.77200", "2017-06-30": "3182.09400", "2017-03-31": "3293.05100", "2016-12-31": "2750.96400", "2016-09-30": "2571.87600", "2016-06-30": "2533.99600", "2016-03-31": "2594.60500", "2015-12-31": "2574.09700", "2015-09-30": "2534.08100", "2015-06-30": "2608.96900", "2015-03-31": "2657.29200", "2014-12-31": "2423.10000", "2014-09-30": "2526.17600", "2014-06-30": "2716.68200", "2014-03-31": "1737.14300", "2013-12-31": "1827.22600", "2013-09-30": "1947.29200", "2013-06-30": "2119.60800", "2013-03-31": "2433.58900", "2012-12-31": "2663.21300", "2012-09-30": "2936.08500", "2012-06-30": "2870.29400", "2012-03-31": "3132.08700", "2011-12-31": "3205.87300", "2011-09-30": "3127.65000", "2011-06-30": "3215.85200", "2011-03-31": "3324.14800", "2010-12-31": "2958.41700", "2010-09-30": "2639.03600", "2010-06-30": "1973.99500", "2010-03-31": "1820.80200", "2009-12-31": "1816.88800", "2009-09-30": "1869.90400", "2009-06-30": "1488.17700", "2009-03-31": "1465.56700", "2008-12-31": "1271.01500", "2008-09-30": "999.89600", "2008-06-30": "1022.31400", "2008-03-31": "1089.44900", "2007-12-31": "1072.03400", "2007-09-30": "934.29600", "2007-06-30": "918.17300", "2007-03-31": "810.50900", "2006-12-31": "739.20400", "2006-09-30": "714.59000", "2006-06-30": "723.12400", "2006-03-31": "670.38400", "2005-12-31": "694.80800", "2005-09-30": "722.16600", "2005-06-30": "597.92800", "2005-03-31": "665.71900"}, "Goodwill And Intangible Assets": {"2020-12-31": "108.98200", "2020-09-30": "110.56900", "2020-06-30": "114.92400", "2020-03-31": "114.16000", "2019-12-31": "1921.00700", "2019-09-30": "1958.78400", "2019-06-30": "1948.58600", "2019-03-31": "1969.15700", "2018-12-31": "1980.64000", "2018-09-30": "1988.19500", "2018-06-30": "1980.91500", "2018-03-31": "1981.00000", "2017-12-31": "1970.93200", "2017-09-30": "1960.69500", "2017-06-30": "1962.99100", "2017-03-31": "1965.19200", "2016-12-31": "1967.51000", "2016-09-30": "1940.85000", "2016-06-30": "1940.36600", "2016-03-31": "1947.77100", "2015-12-31": "1965.11800", "2015-09-30": "1961.76800", "2015-06-30": "1966.96600", "2015-03-31": "1958.93200", "2014-12-31": "1960.21700", "2014-09-30": "1963.96700", "2014-06-30": "1956.86200", "2014-03-31": "824.70800", "2013-12-31": "824.44800", "2013-09-30": "819.94700", "2013-06-30": "721.16300", "2013-03-31": "716.22200", "2012-12-31": "712.75900", "2012-09-30": "698.09300", "2012-06-30": "697.30700", "2012-03-31": "696.22000", "2011-12-31": "695.40800", "2011-09-30": "695.06000", "2011-06-30": "696.02100", "2011-03-31": "696.52700", "2010-12-31": "696.42300", "2010-09-30": "694.34700", "2010-06-30": "699.34200", "2010-03-31": "692.88300", "2009-12-31": "652.25900", "2009-09-30": "653.31100", "2009-06-30": "653.71100", "2009-03-31": "765.20000", "2008-12-31": "766.03800", "2008-09-30": "770.99000", "2008-06-30": "773.31400", "2008-03-31": "771.91500", "2007-12-31": "774.99400", "2007-09-30": "776.68400", "2007-06-30": "777.67600", "2007-03-31": "687.37800", "2006-12-31": "689.44500", "2006-09-30": "691.14900", "2006-06-30": "694.33900", "2006-03-31": "419.35900", "2005-12-31": "419.39300", "2005-09-30": "417.78800", "2005-06-30": "416.34000", "2005-03-31": "418.86900"}, "Other Long-Term Assets": {"2020-12-31": "992.49900", "2020-09-30": "1014.71700", "2020-06-30": "1037.56000", "2020-03-31": "983.49800", "2019-12-31": "754.81200", "2019-09-30": "784.89800", "2019-06-30": "710.47900", "2019-03-31": "645.78200", "2018-12-31": "582.00200", "2018-09-30": "539.82400", "2018-06-30": "558.53900", "2018-03-31": "535.82800", "2017-12-31": "542.61600", "2017-09-30": "548.66600", "2017-06-30": "560.79000", "2017-03-31": "540.31200", "2016-12-31": "534.04800", "2016-09-30": "596.32400", "2016-06-30": "590.03000", "2016-03-31": "554.30800", "2015-12-31": "517.55000", "2015-09-30": "563.88810", "2015-06-30": "548.16100", "2015-03-31": "588.56510", "2014-12-31": "564.77300", "2014-09-30": "569.83900", "2014-06-30": "589.51700", "2014-03-31": "255.90900", "2013-12-31": "256.00500", "2013-09-30": "271.79300", "2013-06-30": "278.10100", "2013-03-31": "296.86300", "2012-12-31": "312.84300", "2012-09-30": "336.24600", "2012-06-30": "347.87900", "2012-03-31": "354.94100", "2011-12-31": "388.45700", "2011-09-30": "379.48100", "2011-06-30": "387.37300", "2011-03-31": "419.16400", "2010-12-31": "451.53200", "2010-09-30": "511.62000", "2010-06-30": "534.97400", "2010-03-31": "419.24600", "2009-12-31": "275.94800", "2009-09-30": "214.83100", "2009-06-30": "228.22300", "2009-03-31": "218.56200", "2008-12-31": "191.27600", "2008-09-30": "201.41700", "2008-06-30": "197.14100", "2008-03-31": "196.44600", "2007-12-31": "208.07300", "2007-09-30": "197.15600", "2007-06-30": "183.34000", "2007-03-31": "159.70000", "2006-12-31": "156.08000", "2006-09-30": "157.40400", "2006-06-30": "153.77800", "2006-03-31": "110.99400", "2005-12-31": "108.41100", "2005-09-30": "111.43700", "2005-06-30": "146.08000", "2005-03-31": "106.04300"}, "Total Long-Term Assets": {"2020-12-31": "4256.78900", "2020-09-30": "4262.24000", "2020-06-30": "4267.42000", "2020-03-31": "4244.78500", "2019-12-31": "5741.68400", "2019-09-30": "5846.93200", "2019-06-30": "5614.22700", "2019-03-31": "5778.25600", "2018-12-31": "5811.04700", "2018-09-30": "5673.81100", "2018-06-30": "5685.71200", "2018-03-31": "5770.76400", "2017-12-31": "5895.81100", "2017-09-30": "5882.44900", "2017-06-30": "5994.72800", "2017-03-31": "6100.15200", "2016-12-31": "5590.72600", "2016-09-30": "5442.92400", "2016-06-30": "5440.07700", "2016-03-31": "5528.37100", "2015-12-31": "5523.58100", "2015-09-30": "5539.36300", "2015-06-30": "5636.54900", "2015-03-31": "5726.49200", "2014-12-31": "5496.36600", "2014-09-30": "5625.25600", "2014-06-30": "5833.46100", "2014-03-31": "3009.35200", "2013-12-31": "3101.98600", "2013-09-30": "3212.90800", "2013-06-30": "3289.01700", "2013-03-31": "3608.58500", "2012-12-31": "3855.01000", "2012-09-30": "4124.71200", "2012-06-30": "4070.43600", "2012-03-31": "4336.80500", "2011-12-31": "4442.10400", "2011-09-30": "4349.07800", "2011-06-30": "4444.43800", "2011-03-31": "4579.37800", "2010-12-31": "4242.97100", "2010-09-30": "3978.73100", "2010-06-30": "3336.89700", "2010-03-31": "3034.61700", "2009-12-31": "2848.36100", "2009-09-30": "2839.92900", "2009-06-30": "2473.66400", "2009-03-31": "2553.04100", "2008-12-31": "2333.02300", "2008-09-30": "2077.64400", "2008-06-30": "2097.63000", "2008-03-31": "2162.31500", "2007-12-31": "2161.36800", "2007-09-30": "2015.32500", "2007-06-30": "1987.84500", "2007-03-31": "1757.77600", "2006-12-31": "1686.55900", "2006-09-30": "1662.39400", "2006-06-30": "1671.28100", "2006-03-31": "1289.59400", "2005-12-31": "1311.47700", "2005-09-30": "1339.96800", "2005-06-30": "1248.66900", "2005-03-31": "1277.70400"}, "Total Assets": {"2020-12-31": "29235.18000", "2020-09-30": "29437.44000", "2020-06-30": "29645.25000", "2020-03-31": "27540.38000", "2019-12-31": "28846.81000", "2019-09-30": "28930.86000", "2019-06-30": "27986.07000", "2019-03-31": "27355.63000", "2018-12-31": "26939.78000", "2018-09-30": "26615.07000", "2018-06-30": "26480.60000", "2018-03-31": "25875.64000", "2017-12-31": "25680.45000", "2017-09-30": "25695.66000", "2017-06-30": "25257.78000", "2017-03-31": "24861.46000", "2016-12-31": "24813.12000", "2016-09-30": "24744.21000", "2016-06-30": "24132.51000", "2016-03-31": "23935.69000", "2015-12-31": "23406.38000", "2015-09-30": "23162.30000", "2015-06-30": "22793.33000", "2015-03-31": "22953.16000", "2014-12-31": "22609.90000", "2014-09-30": "22488.06000", "2014-06-30": "22042.23000", "2014-03-31": "11838.73000", "2013-12-31": "11636.11000", "2013-09-30": "11569.30000", "2013-06-30": "11392.21000", "2013-03-31": "11491.41000", "2012-12-31": "11795.44000", "2012-09-30": "11528.96000", "2012-06-30": "11521.90000", "2012-03-31": "11453.18000", "2011-12-31": "11562.86000", "2011-09-30": "11772.88000", "2011-06-30": "11459.69000", "2011-03-31": "11550.73000", "2010-12-31": "11668.71000", "2010-09-30": "11532.97000", "2010-06-30": "10827.27000", "2010-03-31": "10511.00000", "2009-12-31": "9381.37200", "2009-09-30": "9204.34600", "2009-06-30": "8656.67700", "2009-03-31": "8782.53300", "2008-12-31": "8597.55000", "2008-09-30": "8327.63300", "2008-06-30": "8345.98900", "2008-03-31": "8355.89200", "2007-12-31": "8340.05300", "2007-09-30": "8225.81100", "2007-06-30": "8144.55800", "2007-03-31": "7338.03800", "2006-12-31": "7344.23600", "2006-09-30": "7198.84800", "2006-06-30": "7179.94300", "2006-03-31": "5475.84400", "2005-12-31": "5360.63900", "2005-09-30": "5186.38200", "2005-06-30": "5038.61500", "2005-03-31": "4981.65400"}, "Total Current Liabilities": {"2020-12-31": "24997.58000", "2020-09-30": "25057.81000", "2020-06-30": "25242.79000", "2020-03-31": "23045.62000", "2019-12-31": "22792.81000", "2019-09-30": "22731.45000", "2019-06-30": "22127.07000", "2019-03-31": "21532.84000", "2018-12-31": "21434.64000", "2018-09-30": "21179.75000", "2018-06-30": "21018.19000", "2018-03-31": "20398.84000", "2017-12-31": "20242.60000", "2017-09-30": "20173.45000", "2017-06-30": "19790.14000", "2017-03-31": "19471.57000", "2016-12-31": "19373.93000", "2016-09-30": "19228.24000", "2016-06-30": "18618.71000", "2016-03-31": "18488.18000", "2015-12-31": "18011.75000", "2015-09-30": "17790.75000", "2015-06-30": "17470.76000", "2015-03-31": "17543.77000", "2014-12-31": "17205.42000", "2014-09-30": "17066.98000", "2014-06-30": "16638.03000", "2014-03-31": "9536.06600", "2013-12-31": "9342.54200", "2013-09-30": "9282.55000", "2013-06-30": "9132.77200", "2013-03-31": "9214.46500", "2012-12-31": "9516.35100", "2012-09-30": "9260.97900", "2012-06-30": "9281.52100", "2012-03-31": "9241.81000", "2011-12-31": "9361.29600", "2011-09-30": "9550.77100", "2011-06-30": "9267.30100", "2011-03-31": "9386.09700", "2010-12-31": "9507.56300", "2010-09-30": "9356.67300", "2010-06-30": "8603.45900", "2010-03-31": "8249.26500", "2009-12-31": "7485.61400", "2009-09-30": "7265.85200", "2009-06-30": "6937.06300", "2009-03-31": "6842.80800", "2008-12-31": "6636.52300", "2008-09-30": "6585.84500", "2008-06-30": "6549.13500", "2008-03-31": "6606.53400", "2007-12-31": "6695.12000", "2007-09-30": "6591.10000", "2007-06-30": "6521.97800", "2007-03-31": "5879.33900", "2006-12-31": "5888.27900", "2006-09-30": "5715.80900", "2006-06-30": "5726.49000", "2006-03-31": "4502.63800", "2005-12-31": "4400.13100", "2005-09-30": "4238.51700", "2005-06-30": "4100.36900", "2005-03-31": "4009.38200"}, "Long Term Debt": {"2020-12-31": "1114.96700", "2020-09-30": "1331.89000", "2020-06-30": "1417.87700", "2020-03-31": "1480.55700", "2019-12-31": "1269.94300", "2019-09-30": "1463.02500", "2019-06-30": "1187.35000", "2019-03-31": "1315.20800", "2018-12-31": "1141.38200", "2018-09-30": "1123.39100", "2018-06-30": "1171.24600", "2018-03-31": "1169.17300", "2017-12-31": "1180.12100", "2017-09-30": "1219.87100", "2017-06-30": "1218.41200", "2017-03-31": "1216.76400", "2016-12-31": "1215.53700", "2016-09-30": "1263.80400", "2016-06-30": "1262.75200", "2016-03-31": "1261.47200", "2015-12-31": "1245.48000", "2015-09-30": "1244.35700", "2015-06-30": "1243.62600", "2015-03-31": "1317.82300", "2014-12-31": "1357.26500", "2014-09-30": "1406.32500", "2014-06-30": "1405.72900", "2014-03-31": "440.58200", "2013-12-31": "440.66700", "2013-09-30": "440.71400", "2013-06-30": "440.76200", "2013-03-31": "440.83700", "2012-12-31": "449.67100", "2012-09-30": "440.96300", "2012-06-30": "441.01600", "2012-03-31": "441.07600", "2011-12-31": "441.12500", "2011-09-30": "441.14600", "2011-06-30": "441.19000", "2011-03-31": "441.24500", "2010-12-31": "446.31400", "2010-09-30": "451.34800", "2010-06-30": "474.12200", "2010-03-31": "546.49900", "2009-12-31": "265.12800", "2009-09-30": "261.59000", "2009-06-30": "292.78100", "2009-03-31": "401.57000", "2008-12-31": "402.70600", "2008-09-30": "411.82000", "2008-06-30": "467.45900", "2008-03-31": "408.06900", "2007-12-31": "310.29300", "2007-09-30": "311.94100", "2007-06-30": "280.11600", "2007-03-31": "213.01700", "2006-12-31": "213.20100", "2006-09-30": "261.02700", "2006-06-30": "261.30300", "2006-03-31": "168.75400", "2005-12-31": "168.90900", "2005-09-30": "169.08300", "2005-06-30": "179.26600", "2005-03-31": "229.50700"}, "Other Non-Current Liabilities": {"2020-12-31": "299.01200", "2020-09-30": "308.46700", "2020-06-30": "304.91600", "2020-03-31": "331.57100", "2019-12-31": "297.78200", "2019-09-30": "262.88400", "2019-06-30": "263.65400", "2019-03-31": "231.53100", "2018-12-31": "281.47400", "2018-09-30": "285.62100", "2018-06-30": "282.82100", "2018-03-31": "254.47100", "2017-12-31": "266.43000", "2017-09-30": "265.65700", "2017-06-30": "256.09200", "2017-03-31": "241.97100", "2016-12-31": "306.85400", "2016-09-30": "331.95900", "2016-06-30": "348.88900", "2016-03-31": "307.40700", "2015-12-31": "299.81800", "2015-09-30": "291.64900", "2015-06-30": "274.76900", "2015-03-31": "290.59700", "2014-12-31": "269.59200", "2014-09-30": "262.24900", "2014-06-30": "269.41500", "2014-03-31": "127.60200", "2013-12-31": "125.47700", "2013-09-30": "120.03800", "2013-06-30": "103.32200", "2013-03-31": "101.84500", "2012-12-31": "105.38300", "2012-09-30": "112.92800", "2012-06-30": "102.52300", "2012-03-31": "83.24000", "2011-12-31": "88.02500", "2011-09-30": "85.84600", "2011-06-30": "76.88000", "2011-03-31": "71.95900", "2010-12-31": "72.25800", "2010-09-30": "73.23600", "2010-06-30": "95.63400", "2010-03-31": "68.38000", "2009-12-31": "64.11300", "2009-09-30": "70.75400", "2009-06-30": "70.41000", "2009-03-31": "68.31100", "2008-12-31": "71.31300", "2008-09-30": "82.90000", "2008-06-30": "85.16100", "2008-03-31": "84.49900", "2007-12-31": "94.70200", "2007-09-30": "89.58000", "2007-06-30": "86.42600", "2007-03-31": "77.32300", "2006-12-31": "86.54500", "2006-09-30": "80.33200", "2006-06-30": "79.05000", "2006-03-31": "53.67000", "2005-12-31": "53.33800", "2005-09-30": "52.01800", "2005-06-30": "44.24300", "2005-03-31": "45.81800"}, "Total Long Term Liabilities": {"2020-12-31": "1419.42000", "2020-09-30": "1653.59600", "2020-06-30": "1744.23200", "2020-03-31": "1863.18900", "2019-12-31": "1620.65300", "2019-09-30": "1792.96400", "2019-06-30": "1508.76100", "2019-03-31": "1591.94100", "2018-12-31": "1448.70200", "2018-09-30": "1431.42500", "2018-06-30": "1481.32200", "2018-03-31": "1462.92100", "2017-12-31": "1468.48100", "2017-09-30": "1536.95100", "2017-06-30": "1508.80000", "2017-03-31": "1458.73500", "2016-12-31": "1522.39100", "2016-09-30": "1595.76300", "2016-06-30": "1611.64100", "2016-03-31": "1568.87900", "2015-12-31": "1545.29800", "2015-09-30": "1536.00600", "2015-06-30": "1518.39500", "2015-03-31": "1608.42000", "2014-12-31": "1626.85700", "2014-09-30": "1668.57400", "2014-06-30": "1675.14400", "2014-03-31": "568.18400", "2013-12-31": "566.14400", "2013-09-30": "560.75200", "2013-06-30": "544.08400", "2013-03-31": "542.68200", "2012-12-31": "555.05400", "2012-09-30": "553.89100", "2012-06-30": "543.53900", "2012-03-31": "524.31600", "2011-12-31": "529.15000", "2011-09-30": "526.99200", "2011-06-30": "518.06990", "2011-03-31": "513.20400", "2010-12-31": "518.57200", "2010-09-30": "524.58400", "2010-06-30": "569.75600", "2010-03-31": "614.87900", "2009-12-31": "329.24100", "2009-09-30": "332.34400", "2009-06-30": "363.19100", "2009-03-31": "469.88100", "2008-12-31": "474.01900", "2008-09-30": "494.72000", "2008-06-30": "552.62000", "2008-03-31": "492.56800", "2007-12-31": "404.99500", "2007-09-30": "401.52100", "2007-06-30": "366.54200", "2007-03-31": "290.34000", "2006-12-31": "299.74600", "2006-09-30": "341.35900", "2006-06-30": "340.35300", "2006-03-31": "222.42400", "2005-12-31": "222.24700", "2005-09-30": "221.10100", "2005-06-30": "223.50900", "2005-03-31": "275.32500"}, "Total Liabilities": {"2020-12-31": "26530.60000", "2020-09-30": "26827.20000", "2020-06-30": "27106.91000", "2020-03-31": "25032.77000", "2019-12-31": "24532.89000", "2019-09-30": "24641.34000", "2019-06-30": "23757.57000", "2019-03-31": "23243.30000", "2018-12-31": "22883.34000", "2018-09-30": "22611.17000", "2018-06-30": "22499.51000", "2018-03-31": "21861.76000", "2017-12-31": "21711.08000", "2017-09-30": "21710.40000", "2017-06-30": "21298.94000", "2017-03-31": "20930.31000", "2016-12-31": "20896.32000", "2016-09-30": "20824.01000", "2016-06-30": "20230.35000", "2016-03-31": "20057.06000", "2015-12-31": "19557.05000", "2015-09-30": "19326.75000", "2015-06-30": "18989.15000", "2015-03-31": "19152.19000", "2014-12-31": "18832.28000", "2014-09-30": "18735.55000", "2014-06-30": "18313.17000", "2014-03-31": "10104.25000", "2013-12-31": "9908.68600", "2013-09-30": "9843.30200", "2013-06-30": "9676.85600", "2013-03-31": "9757.14700", "2012-12-31": "10071.40000", "2012-09-30": "9814.87100", "2012-06-30": "9825.06100", "2012-03-31": "9766.12600", "2011-12-31": "9890.44500", "2011-09-30": "10077.76000", "2011-06-30": "9785.37100", "2011-03-31": "9899.30100", "2010-12-31": "10026.14000", "2010-09-30": "9881.25700", "2010-06-30": "9173.21500", "2010-03-31": "8864.14400", "2009-12-31": "7814.85500", "2009-09-30": "7598.19600", "2009-06-30": "7300.25400", "2009-03-31": "7312.68900", "2008-12-31": "7110.54200", "2008-09-30": "7080.56500", "2008-06-30": "7101.75500", "2008-03-31": "7099.10200", "2007-12-31": "7100.11500", "2007-09-30": "6992.62100", "2007-06-30": "6888.52000", "2007-03-31": "6169.67900", "2006-12-31": "6188.02500", "2006-09-30": "6057.16800", "2006-06-30": "6066.84300", "2006-03-31": "4725.06200", "2005-12-31": "4622.37800", "2005-09-30": "4459.61800", "2005-06-30": "4323.87800", "2005-03-31": "4284.70700"}, "Common Stock Net": {"2020-12-31": "3514.59900", "2020-09-30": "3512.15300", "2020-06-30": "3510.14500", "2020-03-31": "3507.68000", "2019-12-31": "3514.00000", "2019-09-30": "3511.49300", "2019-06-30": "3514.39100", "2019-03-31": "3511.73100", "2018-12-31": "3512.87400", "2018-09-30": "3510.94900", "2018-06-30": "3509.14600", "2018-03-31": "3515.50600", "2017-12-31": "3517.25800", "2017-09-30": "3516.55800", "2017-06-30": "3514.09400", "2017-03-31": "3516.53700", "2016-12-31": "3515.29900", "2016-09-30": "3514.85800", "2016-06-30": "3517.24000", "2016-03-31": "3518.79200", "2015-12-31": "3520.59100", "2015-09-30": "3517.75100", "2015-06-30": "3517.55700", "2015-03-31": "3521.20100", "2014-12-31": "3519.31600", "2014-09-30": "3515.62100", "2014-06-30": "3512.50700", "2014-03-31": "1514.96900", "2013-12-31": "1514.48500", "2013-09-30": "1513.22500", "2013-06-30": "1512.65700", "2013-03-31": "1513.19700", "2012-12-31": "1512.40000", "2012-09-30": "1512.74400", "2012-06-30": "1511.63300", "2012-03-31": "1510.77400", "2011-12-31": "1514.91300", "2011-09-30": "1541.75300", "2011-06-30": "1540.93300", "2011-03-31": "1541.53900", "2010-12-31": "1540.92800", "2010-09-30": "1540.02900", "2010-06-30": "1538.79300", "2010-03-31": "1339.62700", "2009-12-31": "1253.28800", "2009-09-30": "1252.78600", "2009-06-30": "1006.66000", "2009-03-31": "1006.19900", "2008-12-31": "1005.82000", "2008-09-30": "992.40200", "2008-06-30": "990.95200", "2008-03-31": "989.76400", "2007-12-31": "988.78000", "2007-09-30": "987.54300", "2007-06-30": "1019.61800", "2007-03-31": "933.06400", "2006-12-31": "930.86700", "2006-09-30": "929.89300", "2006-06-30": "923.30900", "2006-03-31": "567.36900", "2005-12-31": "564.57900", "2005-09-30": "563.64000", "2005-06-30": "563.58200", "2005-03-31": "563.31900"}, "Retained Earnings (Accumulated Deficit)": {"2020-12-31": "-932.76700", "2020-09-30": "-1036.93100", "2020-06-30": "-1115.41400", "2020-03-31": "-1168.34000", "2019-12-31": "770.36600", "2019-09-30": "733.05900", "2019-06-30": "695.00300", "2019-03-31": "629.87700", "2018-12-31": "602.48200", "2018-09-30": "568.61900", "2018-06-30": "524.03100", "2018-03-31": "546.33000", "2017-12-31": "477.10100", "2017-09-30": "476.22600", "2017-06-30": "454.80200", "2017-03-31": "433.41700", "2016-12-31": "422.83900", "2016-09-30": "388.67800", "2016-06-30": "362.25800", "2016-03-31": "343.42100", "2015-12-31": "331.30100", "2015-09-30": "303.72900", "2015-06-30": "281.57300", "2015-03-31": "260.12800", "2014-12-31": "246.24200", "2014-09-30": "230.30200", "2014-06-30": "204.10900", "2014-03-31": "219.68600", "2013-12-31": "217.91700", "2013-09-30": "209.59700", "2013-06-30": "203.05800", "2013-03-31": "199.36200", "2012-12-31": "187.29300", "2012-09-30": "169.48000", "2012-06-30": "154.47400", "2012-03-31": "141.33900", "2011-12-31": "123.72600", "2011-09-30": "110.23700", "2011-06-30": "96.43400", "2011-03-31": "84.40500", "2010-12-31": "76.70100", "2010-09-30": "75.50200", "2010-06-30": "73.06200", "2010-03-31": "75.34400", "2009-12-31": "83.93900", "2009-09-30": "118.20400", "2009-06-30": "132.92300", "2009-03-31": "243.44700", "2008-12-31": "264.93800", "2008-09-30": "264.37900", "2008-06-30": "263.44600", "2008-03-31": "264.76700", "2007-12-31": "251.54500", "2007-09-30": "253.48700", "2007-06-30": "251.71500", "2007-03-31": "242.87000", "2006-12-31": "234.78300", "2006-09-30": "220.72600", "2006-06-30": "208.33500", "2006-03-31": "195.63900", "2005-12-31": "183.59100", "2005-09-30": "170.15300", "2005-06-30": "153.79400", "2005-03-31": "140.46200"}, "Comprehensive Income": {"2020-12-31": "122.74500", "2020-09-30": "135.02200", "2020-06-30": "143.60800", "2020-03-31": "168.27100", "2019-12-31": "29.54900", "2019-09-30": "44.96400", "2019-06-30": "19.11300", "2019-03-31": "-29.28200", "2018-12-31": "-58.91400", "2018-09-30": "-75.67500", "2018-06-30": "-52.09000", "2018-03-31": "-47.95400", "2017-12-31": "-24.99200", "2017-09-30": "-7.52400", "2017-06-30": "-10.05100", "2017-03-31": "-18.80400", "2016-12-31": "-21.34300", "2016-09-30": "16.67200", "2016-06-30": "22.66000", "2016-03-31": "16.41700", "2015-12-31": "-2.55800", "2015-09-30": "14.07200", "2015-06-30": "5.04900", "2015-03-31": "19.64100", "2014-12-31": "12.06800", "2014-09-30": "6.58500", "2014-06-30": "12.44400", "2014-03-31": "-0.17900", "2013-12-31": "-4.97600", "2013-09-30": "3.17300", "2013-06-30": "-0.36300", "2013-03-31": "21.70400", "2012-12-31": "24.34600", "2012-09-30": "31.86900", "2012-06-30": "30.72900", "2012-03-31": "34.93900", "2011-12-31": "33.77400", "2011-09-30": "43.13000", "2011-06-30": "36.95400", "2011-03-31": "25.48300", "2010-12-31": "24.94500", "2010-09-30": "36.18300", "2010-06-30": "42.19800", "2010-03-31": "33.59800", "2009-12-31": "24.95500", "2009-09-30": "31.38100", "2009-06-30": "13.60900", "2009-03-31": "17.50600", "2008-12-31": "14.07200", "2008-09-30": "-9.71300", "2008-06-30": "-10.16400", "2008-03-31": "2.25900", "2007-12-31": "-0.38700", "2007-09-30": "-7.84000", "2007-06-30": "-15.29500", "2007-03-31": "-7.57500", "2006-12-31": "-9.43900", "2006-09-30": "-8.93900", "2006-06-30": "-18.54400", "2006-03-31": "-12.22600", "2005-12-31": "-9.90900", "2005-09-30": "-7.02900", "2005-06-30": "-2.63900", "2005-03-31": "-6.83400"}, "Other Share Holders Equity": {"2020-12-31": "", "2020-09-30": "", "2020-06-30": "", "2020-03-31": "", "2019-12-31": "", "2019-09-30": "", "2019-06-30": "", "2019-03-31": "", "2018-12-31": "", "2018-09-30": "", "2018-06-30": "", "2018-03-31": "", "2017-12-31": "", "2017-09-30": "", "2017-06-30": "", "2017-03-31": "", "2016-12-31": "", "2016-09-30": "", "2016-06-30": "", "2016-03-31": "", "2015-12-31": "", "2015-09-30": "", "2015-06-30": "", "2015-03-31": "", "2014-12-31": "", "2014-09-30": "", "2014-06-30": "", "2014-03-31": "", "2013-12-31": "", "2013-09-30": "", "2013-06-30": "", "2013-03-31": "", "2012-12-31": "", "2012-09-30": "", "2012-06-30": "", "2012-03-31": "", "2011-12-31": "", "2011-09-30": "", "2011-06-30": "", "2011-03-31": "", "2010-12-31": "", "2010-09-30": "", "2010-06-30": "", "2010-03-31": "", "2009-12-31": "", "2009-09-30": "", "2009-06-30": "", "2009-03-31": "", "2008-12-31": "", "2008-09-30": "", "2008-06-30": "", "2008-03-31": "", "2007-12-31": "", "2007-09-30": "", "2007-06-30": "", "2007-03-31": "", "2006-12-31": "", "2006-09-30": "", "2006-06-30": "", "2006-03-31": "", "2005-12-31": "", "2005-09-30": "", "2005-06-30": "", "2005-03-31": ""}, "Share Holder Equity": {"2020-12-31": "2704.57700", "2020-09-30": "2610.24400", "2020-06-30": "2538.33900", "2020-03-31": "2507.61100", "2019-12-31": "4313.91500", "2019-09-30": "4289.51600", "2019-06-30": "4228.50700", "2019-03-31": "4112.32600", "2018-12-31": "4056.44200", "2018-09-30": "4003.89300", "2018-06-30": "3981.08700", "2018-03-31": "4013.88200", "2017-12-31": "3969.36700", "2017-09-30": "3985.26000", "2017-06-30": "3958.84500", "2017-03-31": "3931.15000", "2016-12-31": "3916.79500", "2016-09-30": "3920.20800", "2016-06-30": "3902.15800", "2016-03-31": "3878.63000", "2015-12-31": "3849.33400", "2015-09-30": "3835.55200", "2015-06-30": "3804.17900", "2015-03-31": "3800.97000", "2014-12-31": "3777.62600", "2014-09-30": "3752.50800", "2014-06-30": "3729.06000", "2014-03-31": "1734.47600", "2013-12-31": "1727.42600", "2013-09-30": "1725.99500", "2013-06-30": "1715.35200", "2013-03-31": "1734.26300", "2012-12-31": "1724.03900", "2012-09-30": "1714.09300", "2012-06-30": "1696.83600", "2012-03-31": "1687.05200", "2011-12-31": "1672.41300", "2011-09-30": "1695.12000", "2011-06-30": "1674.32100", "2011-03-31": "1651.42700", "2010-12-31": "1642.57400", "2010-09-30": "1651.71400", "2010-06-30": "1654.05300", "2010-03-31": "1646.85800", "2009-12-31": "1566.51700", "2009-09-30": "1606.15000", "2009-06-30": "1356.42300", "2009-03-31": "1469.84400", "2008-12-31": "1487.00800", "2008-09-30": "1247.06800", "2008-06-30": "1244.23400", "2008-03-31": "1256.79000", "2007-12-31": "1239.93800", "2007-09-30": "1233.19000", "2007-06-30": "1256.03800", "2007-03-31": "1168.35900", "2006-12-31": "1156.21100", "2006-09-30": "1141.68000", "2006-06-30": "1113.10000", "2006-03-31": "750.78200", "2005-12-31": "738.26100", "2005-09-30": "726.76400", "2005-06-30": "714.73700", "2005-03-31": "696.94700"}, "Total Liabilities And Share Holders Equity": {"2020-12-31": "29235.18000", "2020-09-30": "29437.44000", "2020-06-30": "29645.25000", "2020-03-31": "27540.38000", "2019-12-31": "28846.81000", "2019-09-30": "28930.86000", "2019-06-30": "27986.07000", "2019-03-31": "27355.63000", "2018-12-31": "26939.78000", "2018-09-30": "26615.07000", "2018-06-30": "26480.60000", "2018-03-31": "25875.64000", "2017-12-31": "25680.45000", "2017-09-30": "25695.66000", "2017-06-30": "25257.78000", "2017-03-31": "24861.46000", "2016-12-31": "24813.12000", "2016-09-30": "24744.21000", "2016-06-30": "24132.51000", "2016-03-31": "23935.69000", "2015-12-31": "23406.38000", "2015-09-30": "23162.30000", "2015-06-30": "22793.33000", "2015-03-31": "22953.16000", "2014-12-31": "22609.90000", "2014-09-30": "22488.06000", "2014-06-30": "22042.23000", "2014-03-31": "11838.73000", "2013-12-31": "11636.11000", "2013-09-30": "11569.30000", "2013-06-30": "11392.21000", "2013-03-31": "11491.41000", "2012-12-31": "11795.44000", "2012-09-30": "11528.96000", "2012-06-30": "11521.90000", "2012-03-31": "11453.18000", "2011-12-31": "11562.86000", "2011-09-30": "11772.88000", "2011-06-30": "11459.69000", "2011-03-31": "11550.73000", "2010-12-31": "11668.71000", "2010-09-30": "11532.97000", "2010-06-30": "10827.27000", "2010-03-31": "10511.00000", "2009-12-31": "9381.37200", "2009-09-30": "9204.34600", "2009-06-30": "8656.67700", "2009-03-31": "8782.53300", "2008-12-31": "8597.55000", "2008-09-30": "8327.63300", "2008-06-30": "8345.98900", "2008-03-31": "8355.89200", "2007-12-31": "8340.05300", "2007-09-30": "8225.81100", "2007-06-30": "8144.55800", "2007-03-31": "7338.03800", "2006-12-31": "7344.23600", "2006-09-30": "7198.84800", "2006-06-30": "7179.94300", "2006-03-31": "5475.84400", "2005-12-31": "5360.63900", "2005-09-30": "5186.38200", "2005-06-30": "5038.61500", "2005-03-31": "4981.65400"}}, "cash flow statement": {"Net Income/Loss": {"2020-12-31": "0.00000", "2019-12-31": "354.09500", "2018-12-31": "316.26300", "2017-12-31": "242.31300", "2016-12-31": "230.06800", "2015-12-31": "222.53900", "2014-12-31": "147.65800", "2013-12-31": "98.29100", "2012-12-31": "101.89100", "2011-12-31": "74.49600", "2010-12-31": "28.32600", "2009-12-31": "-153.36600", "2008-12-31": "51.04400", "2007-12-31": "63.26800", "2006-12-31": "84.44700", "2005-12-31": "69.73500"}, "Total Depreciation And Amortization - Cash Flow": {"2020-12-31": "", "2019-12-31": "69.73500", "2018-12-31": "62.26200", "2017-12-31": "87.30800", "2016-12-31": "83.14100", "2015-12-31": "75.13700", "2014-12-31": "60.03100", "2013-12-31": "56.29900", "2012-12-31": "61.12200", "2011-12-31": "49.23700", "2010-12-31": "29.66300", "2009-12-31": "132.90200", "2008-12-31": "9.96500", "2007-12-31": "12.39200", "2006-12-31": "12.43200", "2005-12-31": "13.44700"}, "Other Non-Cash Items": {"2020-12-31": "", "2019-12-31": "0.87000", "2018-12-31": "74.55200", "2017-12-31": "132.26800", "2016-12-31": "170.98000", "2015-12-31": "154.41800", "2014-12-31": "152.89000", "2013-12-31": "50.94000", "2012-12-31": "63.63200", "2011-12-31": "85.92100", "2010-12-31": "140.74500", "2009-12-31": "217.83200", "2008-12-31": "128.22100", "2007-12-31": "38.82800", "2006-12-31": "-3.16800", "2005-12-31": "11.55800"}, "Total Non-Cash Items": {"2020-12-31": "", "2019-12-31": "70.60500", "2018-12-31": "136.81400", "2017-12-31": "219.57600", "2016-12-31": "254.12100", "2015-12-31": "229.55500", "2014-12-31": "212.92100", "2013-12-31": "107.23900", "2012-12-31": "124.75400", "2011-12-31": "135.15800", "2010-12-31": "170.40800", "2009-12-31": "350.73400", "2008-12-31": "138.18600", "2007-12-31": "51.22000", "2006-12-31": "9.26400", "2005-12-31": "25.00500"}, "Change In Accounts Receivable": {"2020-12-31": "", "2019-12-31": "-357.43700", "2018-12-31": "85.22310", "2017-12-31": "109.78800", "2016-12-31": "-39.18700", "2015-12-31": "-98.85290", "2014-12-31": "17.66000", "2013-12-31": "212.72400", "2012-12-31": "-218.03400", "2011-12-31": "-23.06500", "2010-12-31": "-42.50000", "2009-12-31": "-11.58600", "2008-12-31": "-9.74800", "2007-12-31": "1.77700", "2006-12-31": "-6.55100", "2005-12-31": "10.59100"}, "Change In Inventories": {"2020-12-31": "", "2019-12-31": "-16.70200", "2018-12-31": "0.90000", "2017-12-31": "-1.29100", "2016-12-31": "-1.37800", "2015-12-31": "0.41300", "2014-12-31": "0.45200", "2013-12-31": "-2.21100", "2012-12-31": "-1.43800", "2011-12-31": "0.71500", "2010-12-31": "-0.75100", "2009-12-31": "-0.28600", "2008-12-31": "0.85000", "2007-12-31": "1.36700", "2006-12-31": "-1.13200", "2005-12-31": "0.97600"}, "Change In Accounts Payable": {"2020-12-31": "", "2019-12-31": "", "2018-12-31": "", "2017-12-31": "", "2016-12-31": "", "2015-12-31": "", "2014-12-31": "", "2013-12-31": "", "2012-12-31": "", "2011-12-31": "", "2010-12-31": "", "2009-12-31": "", "2008-12-31": "", "2007-12-31": "", "2006-12-31": "", "2005-12-31": ""}, "Change In Assets/Liabilities": {"2020-12-31": "", "2019-12-31": "-131.04000", "2018-12-31": "-33.95600", "2017-12-31": "-54.87900", "2016-12-31": "-28.45700", "2015-12-31": "23.08600", "2014-12-31": "-21.12100", "2013-12-31": "1.88900", "2012-12-31": "17.44200", "2011-12-31": "-4.95200", "2010-12-31": "43.16600", "2009-12-31": "-92.27000", "2008-12-31": "-33.78600", "2007-12-31": "-37.99400", "2006-12-31": "31.96700", "2005-12-31": "-6.11600"}, "Total Change In Assets/Liabilities": {"2020-12-31": "", "2019-12-31": "-505.17900", "2018-12-31": "52.16710", "2017-12-31": "53.61800", "2016-12-31": "-69.02200", "2015-12-31": "-75.35390", "2014-12-31": "-3.00900", "2013-12-31": "212.40200", "2012-12-31": "-202.03000", "2011-12-31": "-27.30200", "2010-12-31": "-0.08500", "2009-12-31": "-104.14200", "2008-12-31": "-42.68400", "2007-12-31": "-34.85000", "2006-12-31": "24.28400", "2005-12-31": "5.45100"}, "Cash Flow From Operating Activities": {"2020-12-31": "", "2019-12-31": "-80.47900", "2018-12-31": "505.24400", "2017-12-31": "515.50700", "2016-12-31": "415.16700", "2015-12-31": "376.74000", "2014-12-31": "357.57000", "2013-12-31": "417.93200", "2012-12-31": "24.61500", "2011-12-31": "182.35200", "2010-12-31": "198.64900", "2009-12-31": "93.22600", "2008-12-31": "146.54600", "2007-12-31": "79.63800", "2006-12-31": "117.99500", "2005-12-31": "100.19100"}, "Net Change In Property, Plant, And Equipment": {"2020-12-31": "", "2019-12-31": "-12.67600", "2018-12-31": "-8.98900", "2017-12-31": "-4.27800", "2016-12-31": "-30.31300", "2015-12-31": "-69.34100", "2014-12-31": "-59.51400", "2013-12-31": "-34.22400", "2012-12-31": "-20.78800", "2011-12-31": "-33.05300", "2010-12-31": "-46.32200", "2009-12-31": "-10.96900", "2008-12-31": "-10.38000", "2007-12-31": "-3.74700", "2006-12-31": "-13.35000", "2005-12-31": "-11.96200"}, "Net Change In Intangible Assets": {"2020-12-31": "", "2019-12-31": "34.40100", "2018-12-31": "", "2017-12-31": "", "2016-12-31": "", "2015-12-31": "", "2014-12-31": "", "2013-12-31": "", "2012-12-31": "", "2011-12-31": "", "2010-12-31": "", "2009-12-31": "", "2008-12-31": "", "2007-12-31": "", "2006-12-31": "", "2005-12-31": ""}, "Net Acquisitions/Divestitures": {"2020-12-31": "", "2019-12-31": "-44.64600", "2018-12-31": "-35.21900", "2017-12-31": "", "2016-12-31": "", "2015-12-31": "", "2014-12-31": "-10.69000", "2013-12-31": "-149.65800", "2012-12-31": "39.32800", "2011-12-31": "", "2010-12-31": "179.04600", "2009-12-31": "178.90500", "2008-12-31": "", "2007-12-31": "78.72900", "2006-12-31": "36.95000", "2005-12-31": ""}, "Net Change In Short-term Investments": {"2020-12-31": "", "2019-12-31": "", "2018-12-31": "", "2017-12-31": "", "2016-12-31": "", "2015-12-31": "", "2014-12-31": "", "2013-12-31": "", "2012-12-31": "", "2011-12-31": "", "2010-12-31": "", "2009-12-31": "", "2008-12-31": "", "2007-12-31": "", "2006-12-31": "", "2005-12-31": ""}, "Net Change In Long-Term Investments": {"2020-12-31": "", "2019-12-31": "296.91000", "2018-12-31": "-5.38500", "2017-12-31": "-391.28300", "2016-12-31": "-230.42700", "2015-12-31": "-195.52490", "2014-12-31": "881.96800", "2013-12-31": "754.66000", "2012-12-31": "489.02800", "2011-12-31": "-261.45200", "2010-12-31": "-1087.40700", "2009-12-31": "-534.55200", "2008-12-31": "-175.29990", "2007-12-31": "-226.38600", "2006-12-31": "42.27600", "2005-12-31": "-6.24600"}, "Net Change In Investments - Total": {"2020-12-31": "", "2019-12-31": "296.91000", "2018-12-31": "-5.38500", "2017-12-31": "-391.28300", "2016-12-31": "-230.42700", "2015-12-31": "-195.52490", "2014-12-31": "881.96800", "2013-12-31": "754.66000", "2012-12-31": "489.02800", "2011-12-31": "-261.45200", "2010-12-31": "-1087.40700", "2009-12-31": "-534.55200", "2008-12-31": "-175.29990", "2007-12-31": "-226.38600", "2006-12-31": "42.27600", "2005-12-31": "-6.24600"}, "Investing Activities - Other": {"2020-12-31": "", "2019-12-31": "-824.14000", "2018-12-31": "-1449.59200", "2017-12-31": "-1601.86200", "2016-12-31": "-651.82400", "2015-12-31": "-1492.04500", "2014-12-31": "-569.62400", "2013-12-31": "-294.54100", "2012-12-31": "-384.17900", "2011-12-31": "-88.23900", "2010-12-31": "398.25200", "2009-12-31": "-82.57100", "2008-12-31": "-191.82700", "2007-12-31": "-274.65900", "2006-12-31": "-412.91300", "2005-12-31": "-455.74900"}, "Cash Flow From Investing Activities": {"2020-12-31": "", "2019-12-31": "-550.15100", "2018-12-31": "-1499.18500", "2017-12-31": "-1997.42300", "2016-12-31": "-912.56400", "2015-12-31": "-1756.91100", "2014-12-31": "242.14000", "2013-12-31": "276.23700", "2012-12-31": "123.38900", "2011-12-31": "-382.74400", "2010-12-31": "-556.43100", "2009-12-31": "-449.18700", "2008-12-31": "-377.50700", "2007-12-31": "-426.06300", "2006-12-31": "-347.03700", "2005-12-31": "-473.95700"}, "Net Long-Term Debt": {"2020-12-31": "", "2019-12-31": "155.00000", "2018-12-31": "-61.25000", "2017-12-31": "-49.99800", "2016-12-31": "-35.01400", "2015-12-31": "-114.99800", "2014-12-31": "-97.00300", "2013-12-31": "-220.49100", "2012-12-31": "-55.40400", "2011-12-31": "-4.99300", "2010-12-31": "-165.78900", "2009-12-31": "-130.19100", "2008-12-31": "132.71600", "2007-12-31": "-10.76900", "2006-12-31": "-52.63400", "2005-12-31": "-85.18800"}, "Net Current Debt": {"2020-12-31": "", "2019-12-31": "14.15700", "2018-12-31": "2.85200", "2017-12-31": "-58.64900", "2016-12-31": "48.38800", "2015-12-31": "-8.76100", "2014-12-31": "-496.30700", "2013-12-31": "87.80700", "2012-12-31": "12.47000", "2011-12-31": "50.84600", "2010-12-31": "28.57900", "2009-12-31": "-2.40800", "2008-12-31": "-58.20600", "2007-12-31": "57.80900", "2006-12-31": "-65.88000", "2005-12-31": "25.59800"}, "Debt Issuance/Retirement Net - Total": {"2020-12-31": "", "2019-12-31": "169.15700", "2018-12-31": "-58.39800", "2017-12-31": "-108.64700", "2016-12-31": "13.37400", "2015-12-31": "-123.75900", "2014-12-31": "-593.31000", "2013-12-31": "-132.68400", "2012-12-31": "-42.93400", "2011-12-31": "45.85300", "2010-12-31": "-137.21000", "2009-12-31": "-132.59900", "2008-12-31": "74.51000", "2007-12-31": "47.04000", "2006-12-31": "-118.51400", "2005-12-31": "-59.59000"}, "Net Common Equity Issued/Repurchased": {"2020-12-31": "", "2019-12-31": "-7.24700", "2018-12-31": "-11.89700", "2017-12-31": "-7.65300", "2016-12-31": "-15.08200", "2015-12-31": "-13.10800", "2014-12-31": "2.18500", "2013-12-31": "-2.96200", "2012-12-31": "-6.45500", "2011-12-31": "-29.44600", "2010-12-31": "86.00600", "2009-12-31": "245.82400", "2008-12-31": "13.35800", "2007-12-31": "-87.33600", "2006-12-31": "9.23600", "2005-12-31": "0.85000"}, "Net Total Equity Issued/Repurchased": {"2020-12-31": "", "2019-12-31": "-7.24700", "2018-12-31": "-11.89700", "2017-12-31": "-7.65300", "2016-12-31": "-15.08200", "2015-12-31": "-13.10800", "2014-12-31": "2.18500", "2013-12-31": "-2.96200", "2012-12-31": "-6.45500", "2011-12-31": "-29.44600", "2010-12-31": "70.11400", "2009-12-31": "245.82400", "2008-12-31": "215.28500", "2007-12-31": "-87.33600", "2006-12-31": "9.23600", "2005-12-31": "0.85000"}, "Total Common And Preferred Stock Dividends Paid": {"2020-12-31": "", "2019-12-31": "-185.10100", "2018-12-31": "-173.91400", "2017-12-31": "-145.39800", "2016-12-31": "-141.07400", "2015-12-31": "-134.61800", "2014-12-31": "-99.23300", "2013-12-31": "-50.76800", "2012-12-31": "-46.20100", "2011-12-31": "-25.31700", "2010-12-31": "-24.31200", "2009-12-31": "-24.13800", "2008-12-31": "-45.79600", "2007-12-31": "-43.46100", "2006-12-31": "-28.13100", "2005-12-31": "-11.55700"}, "Financial Activities - Other": {"2020-12-31": "", "2019-12-31": "1393.94000", "2018-12-31": "1226.50700", "2017-12-31": "928.46200", "2016-12-31": "1315.88600", "2015-12-31": "820.21000", "2014-12-31": "905.39600", "2013-12-31": "-261.11900", "2012-12-31": "-107.39300", "2011-12-31": "-196.05700", "2010-12-31": "847.90200", "2009-12-31": "667.61100", "2008-12-31": "-0.43200", "2007-12-31": "286.60400", "2006-12-31": "540.34500", "2005-12-31": "487.61000"}, "Cash Flow From Financial Activities": {"2020-12-31": "", "2019-12-31": "1370.74900", "2018-12-31": "982.29800", "2017-12-31": "666.76400", "2016-12-31": "1173.10400", "2015-12-31": "548.72500", "2014-12-31": "215.03800", "2013-12-31": "-447.53300", "2012-12-31": "-202.98300", "2011-12-31": "-204.96700", "2010-12-31": "756.49400", "2009-12-31": "756.69800", "2008-12-31": "243.56700", "2007-12-31": "202.84700", "2006-12-31": "402.93600", "2005-12-31": "417.31300"}, "Net Cash Flow": {"2020-12-31": "", "2019-12-31": "740.11900", "2018-12-31": "-11.64300", "2017-12-31": "-815.15200", "2016-12-31": "675.70700", "2015-12-31": "-831.44600", "2014-12-31": "814.74800", "2013-12-31": "246.63600", "2012-12-31": "-54.97900", "2011-12-31": "-405.35900", "2010-12-31": "398.71200", "2009-12-31": "400.73700", "2008-12-31": "12.60600", "2007-12-31": "-143.57800", "2006-12-31": "173.89400", "2005-12-31": "43.54700"}, "Stock-Based Compensation": {"2020-12-31": "", "2019-12-31": "8.37300", "2018-12-31": "7.51300", "2017-12-31": "9.61200", "2016-12-31": "9.79000", "2015-12-31": "14.38300", "2014-12-31": "15.29200", "2013-12-31": "5.01700", "2012-12-31": "4.04100", "2011-12-31": "3.78500", "2010-12-31": "3.50500", "2009-12-31": "2.18800", "2008-12-31": "3.89300", "2007-12-31": "2.68400", "2006-12-31": "1.93200", "2005-12-31": "0.69300"}, "Common Stock Dividends Paid": {"2020-12-31": "", "2019-12-31": "-185.10100", "2018-12-31": "-173.91400", "2017-12-31": "-145.39800", "2016-12-31": "-141.07400", "2015-12-31": "-134.61800", "2014-12-31": "-99.23300", "2013-12-31": "-50.76800", "2012-12-31": "-46.20100", "2011-12-31": "-25.31700", "2010-12-31": "-20.62600", "2009-12-31": "-13.39900", "2008-12-31": "-45.79600", "2007-12-31": "-43.46100", "2006-12-31": "-28.13100", "2005-12-31": "-11.55700"}}, "cash flow statement, quarterly": {"Net Income/Loss": {"2020-12-31": 1674.15, "2020-09-30": 124.871, "2020-06-30": 52.926, "2020-03-31": "-1851.94700", "2019-12-31": 83.75, "2019-09-30": 84.502, "2019-06-30": 111.81, "2019-03-31": "74.03300", "2018-12-31": 80.311, "2018-09-30": 90.981, "2018-06-30": 65.999, "2018-03-31": "78.97200", "2017-12-31": 75.251, "2017-09-30": 63.807, "2017-06-30": 57.252, "2017-03-31": "46.00300", "2016-12-31": 66.403, "2016-09-30": 61.809, "2016-06-30": 54.287, "2016-03-31": "47.56900", "2015-12-31": 63.019, "2015-09-30": 57.607, "2015-06-30": 54.784, "2015-03-31": "47.12900", "2014-12-31": 52.582, "2014-09-30": 58.883, "2014-06-30": 17.542, "2014-03-31": "18.65100", "2013-12-31": 25.2, "2013-09-30": 23.477, "2013-06-30": 26.253, "2013-03-31": "23.36100", "2012-12-31": 27.958, "2012-09-30": 25.153, "2012-06-30": 23.277, "2012-03-31": "25.50300", "2011-12-31": 21.382, "2011-09-30": 21.862, "2011-06-30": 17.785, "2011-03-31": "13.46700", "2010-12-31": 8.158, "2010-09-30": 8.191, "2010-06-30": 3.463, "2010-03-31": "8.51400", "2009-12-31": -26.682, "2009-09-30": -7.144, "2009-06-30": -104.291, "2009-03-31": "-15.24900", "2008-12-31": 3.83, "2008-09-30": 12.387, "2008-06-30": 10.156, "2008-03-31": "24.67100", "2007-12-31": 9.516, "2007-09-30": 13.177, "2007-06-30": 19.913, "2007-03-31": "20.66200", "2006-12-31": 24.533, "2006-09-30": 22.856, "2006-06-30": 19.631, "2006-03-31": "17.42700", "2005-12-31": 18.787, "2005-09-30": 19.923, "2005-06-30": 16.006, "2005-03-31": "15.01900"}, "Total Depreciation And Amortization - Cash Flow": {"2020-12-31": -1834.341, "2020-09-30": 16.568, "2020-06-30": 19.524, "2020-03-31": "1798.24900", "2019-12-31": 17.017, "2019-09-30": 17.78, "2019-06-30": 21.555, "2019-03-31": "13.38300", "2018-12-31": 6.762, "2018-09-30": 9.339, "2018-06-30": 26.311, "2018-03-31": "19.85000", "2017-12-31": 21.154, "2017-09-30": 22.08, "2017-06-30": 22.334, "2017-03-31": "21.74000", "2016-12-31": 21.991, "2016-09-30": 20.835, "2016-06-30": 20.743, "2016-03-31": "19.57200", "2015-12-31": 19.286, "2015-09-30": 19.429, "2015-06-30": 19.327, "2015-03-31": "17.09500", "2014-12-31": 17.412, "2014-09-30": 18.755, "2014-06-30": 15.584, "2014-03-31": "8.28000", "2013-12-31": 15.023, "2013-09-30": 11.869, "2013-06-30": 13.868, "2013-03-31": "15.53900", "2012-12-31": 16.251, "2012-09-30": 15.144, "2012-06-30": 14.963, "2012-03-31": "14.76400", "2011-12-31": 15.201, "2011-09-30": 11.451, "2011-06-30": 10.443, "2011-03-31": "12.14200", "2010-12-31": 8.312, "2010-09-30": 6.969, "2010-06-30": 7.538, "2010-03-31": "6.84400", "2009-12-31": 7.314, "2009-09-30": 5.862, "2009-06-30": 116.703, "2009-03-31": "3.02300", "2008-12-31": 3.127, "2008-09-30": -0.681, "2008-06-30": 3.913, "2008-03-31": "3.60600", "2007-12-31": 2.945, "2007-09-30": 3.332, "2007-06-30": 3.289, "2007-03-31": "2.82600", "2006-12-31": 3.022, "2006-09-30": 3.843, "2006-06-30": 2.026, "2006-03-31": "3.54100", "2005-12-31": 4.348, "2005-09-30": 2.974, "2005-06-30": 3.085, "2005-03-31": "3.04000"}, "Other Non-Cash Items": {"2020-12-31": -204.167, "2020-09-30": 0.546, "2020-06-30": 83.764, "2020-03-31": "119.85700", "2019-12-31": 17.947, "2019-09-30": 31.774, "2019-06-30": -60.383, "2019-03-31": "11.53200", "2018-12-31": 33.29, "2018-09-30": 12.913, "2018-06-30": 14.243, "2018-03-31": "14.10600", "2017-12-31": 90.628, "2017-09-30": 14.943, "2017-06-30": 12.137, "2017-03-31": "14.56000", "2016-12-31": 130.673, "2016-09-30": 16.365, "2016-06-30": 14.9, "2016-03-31": "9.04200", "2015-12-31": 106.775, "2015-09-30": 11.127, "2015-06-30": 17.994, "2015-03-31": "18.52200", "2014-12-31": 96.541, "2014-09-30": 19.061, "2014-06-30": 25.712, "2014-03-31": "11.57600", "2013-12-31": 18.357, "2013-09-30": 8.798, "2013-06-30": 9.014, "2013-03-31": "14.77100", "2012-12-31": 20.744, "2012-09-30": 18.409, "2012-06-30": 13.135, "2012-03-31": "11.34400", "2011-12-31": 19.613, "2011-09-30": 17.57, "2011-06-30": 24.42, "2011-03-31": "24.31800", "2010-12-31": 37.725, "2010-09-30": 35.437, "2010-06-30": 29.305, "2010-03-31": "38.27800", "2009-12-31": 60.419, "2009-09-30": 60.982, "2009-06-30": 34.159, "2009-03-31": "62.27200", "2008-12-31": 45.517, "2008-09-30": 41.232, "2008-06-30": 28.946, "2008-03-31": "12.52600", "2007-12-31": 12.729, "2007-09-30": 21.129, "2007-06-30": 4.602, "2007-03-31": "0.36800", "2006-12-31": -6.099, "2006-09-30": 2.688, "2006-06-30": 0.547, "2006-03-31": "-0.30400", "2005-12-31": 8.809, "2005-09-30": 0.236, "2005-06-30": 0.22, "2005-03-31": "2.29300"}, "Total Non-Cash Items": {"2020-12-31": -2038.508, "2020-09-30": 17.114, "2020-06-30": 103.288, "2020-03-31": "1918.10600", "2019-12-31": 34.964, "2019-09-30": 49.554, "2019-06-30": -38.828, "2019-03-31": "24.91500", "2018-12-31": 40.052, "2018-09-30": 22.252, "2018-06-30": 40.554, "2018-03-31": "33.95600", "2017-12-31": 111.782, "2017-09-30": 37.023, "2017-06-30": 34.471, "2017-03-31": "36.30000", "2016-12-31": 152.664, "2016-09-30": 37.2, "2016-06-30": 35.643, "2016-03-31": "28.61400", "2015-12-31": 126.061, "2015-09-30": 30.556, "2015-06-30": 37.321, "2015-03-31": "35.61700", "2014-12-31": 113.953, "2014-09-30": 37.816, "2014-06-30": 41.296, "2014-03-31": "19.85600", "2013-12-31": 33.38, "2013-09-30": 20.667, "2013-06-30": 22.882, "2013-03-31": "30.31000", "2012-12-31": 36.995, "2012-09-30": 33.553, "2012-06-30": 28.098, "2012-03-31": "26.10800", "2011-12-31": 34.814, "2011-09-30": 29.021, "2011-06-30": 34.863, "2011-03-31": "36.46000", "2010-12-31": 46.037, "2010-09-30": 42.406, "2010-06-30": 36.843, "2010-03-31": "45.12200", "2009-12-31": 67.733, "2009-09-30": 66.844, "2009-06-30": 150.862, "2009-03-31": "65.29500", "2008-12-31": 48.644, "2008-09-30": 40.551, "2008-06-30": 32.859, "2008-03-31": "16.13200", "2007-12-31": 15.674, "2007-09-30": 24.461, "2007-06-30": 7.891, "2007-03-31": "3.19400", "2006-12-31": -3.077, "2006-09-30": 6.531, "2006-06-30": 2.573, "2006-03-31": "3.23700", "2005-12-31": 13.157, "2005-09-30": 3.21, "2005-06-30": 3.305, "2005-03-31": "5.33300"}, "Change In Accounts Receivable": {"2020-12-31": 167.6749, "2020-09-30": -83.1399, "2020-06-30": -125.4921, "2020-03-31": "40.95710", "2019-12-31": -163.0121, "2019-09-30": -0.139, "2019-06-30": -119.6759, "2019-03-31": "-74.61000", "2018-12-31": 120.5921, "2018-09-30": 140.3329, "2018-06-30": -134.2509, "2018-03-31": "-41.45100", "2017-12-31": 154.2641, "2017-09-30": 24.62, "2017-06-30": -82.5871, "2017-03-31": "13.49100", "2016-12-31": -93.2831, "2016-09-30": -14.2279, "2016-06-30": 110.708, "2016-03-31": "-42.38400", "2015-12-31": 30.4171, "2015-09-30": 12.586, "2015-06-30": -15.443, "2015-03-31": "-126.41300", "2014-12-31": -26.733, "2014-09-30": 130.158, "2014-06-30": -116.806, "2014-03-31": "31.04100", "2013-12-31": 9.329, "2013-09-30": 60.001, "2013-06-30": -42.895, "2013-03-31": "186.28900", "2012-12-31": -90.843, "2012-09-30": -16.275, "2012-06-30": -82.49, "2012-03-31": "-28.42600", "2011-12-31": -4.396, "2011-09-30": -33.879, "2011-06-30": -7.761, "2011-03-31": "22.97100", "2010-12-31": -18.219, "2010-09-30": -17.884, "2010-06-30": -6.046, "2010-03-31": "-0.35100", "2009-12-31": -10.101, "2009-09-30": 29.107, "2009-06-30": -18.934, "2009-03-31": "-11.65800", "2008-12-31": -8.294, "2008-09-30": -1.417, "2008-06-30": 26.773, "2008-03-31": "-26.81000", "2007-12-31": 6.724, "2007-09-30": -3.791, "2007-06-30": -0.744, "2007-03-31": "-0.41200", "2006-12-31": 1.432, "2006-09-30": 12.467, "2006-06-30": -17.664, "2006-03-31": "-2.78600", "2005-12-31": 8.92, "2005-09-30": 1.181, "2005-06-30": -7.903, "2005-03-31": "8.39300"}, "Change In Inventories": {"2020-12-31": 1.662, "2020-09-30": -1.662, "2020-06-30": 0, "2020-03-31": "", "2019-12-31": -15.485, "2019-09-30": -1.217, "2019-06-30": 0, "2019-03-31": "", "2018-12-31": 1.023, "2018-09-30": -0.123, "2018-06-30": 0.107, "2018-03-31": "-0.10700", "2017-12-31": -0.336, "2017-09-30": -0.955, "2017-06-30": 0.277, "2017-03-31": "-0.27700", "2016-12-31": -0.098, "2016-09-30": -0.678, "2016-06-30": -0.397, "2016-03-31": "-0.20500", "2015-12-31": -0.077, "2015-09-30": 0.496, "2015-06-30": 0.447, "2015-03-31": "-0.45300", "2014-12-31": -0.272, "2014-09-30": -0.312, "2014-06-30": -0.424, "2014-03-31": "1.46000", "2013-12-31": -1.946, "2013-09-30": -0.149, "2013-06-30": -0.68, "2013-03-31": "0.56400", "2012-12-31": -0.694, "2012-09-30": 0.248, "2012-06-30": -0.145, "2012-03-31": "-0.84700", "2011-12-31": 0.172, "2011-09-30": 0.543, "2011-06-30": -0.452, "2011-03-31": "0.45200", "2010-12-31": -0.869, "2010-09-30": -0.412, "2010-06-30": 0.304, "2010-03-31": "0.22600", "2009-12-31": -0.361, "2009-09-30": 0.335, "2009-06-30": -0.762, "2009-03-31": "0.50200", "2008-12-31": -0.456, "2008-09-30": 0.556, "2008-06-30": 0.292, "2008-03-31": "0.45800", "2007-12-31": 1.307, "2007-09-30": -1.054, "2007-06-30": -0.08, "2007-03-31": "1.19400", "2006-12-31": -1.096, "2006-09-30": -0.306, "2006-06-30": 0.041, "2006-03-31": "0.22900", "2005-12-31": 0.229, "2005-09-30": 0.573, "2005-06-30": -0.053, "2005-03-31": "0.22700"}, "Change In Accounts Payable": {"2020-12-31": 0, "2020-09-30": 0, "2020-06-30": 0, "2020-03-31": "", "2019-12-31": 0, "2019-09-30": 0, "2019-06-30": 0, "2019-03-31": "", "2018-12-31": 0, "2018-09-30": 0, "2018-06-30": 0, "2018-03-31": "", "2017-12-31": 0, "2017-09-30": 0, "2017-06-30": 0, "2017-03-31": "", "2016-12-31": 0, "2016-09-30": 0, "2016-06-30": 0, "2016-03-31": "", "2015-12-31": 0, "2015-09-30": 0, "2015-06-30": 0, "2015-03-31": "", "2014-12-31": 0, "2014-09-30": 0, "2014-06-30": 0, "2014-03-31": "", "2013-12-31": 0, "2013-09-30": 0, "2013-06-30": 0, "2013-03-31": "", "2012-12-31": 0, "2012-09-30": 0, "2012-06-30": 0, "2012-03-31": "", "2011-12-31": 0, "2011-09-30": 0, "2011-06-30": 0, "2011-03-31": "", "2010-12-31": 0, "2010-09-30": 0, "2010-06-30": 0, "2010-03-31": "", "2009-12-31": 0, "2009-09-30": 0, "2009-06-30": 0, "2009-03-31": "", "2008-12-31": 0, "2008-09-30": 0, "2008-06-30": 0, "2008-03-31": "", "2007-12-31": 0, "2007-09-30": 0, "2007-06-30": 0, "2007-03-31": "", "2006-12-31": 0, "2006-09-30": 0, "2006-06-30": 0, "2006-03-31": "", "2005-12-31": 0, "2005-09-30": 0, "2005-06-30": 0, "2005-03-31": ""}, "Change In Assets/Liabilities": {"2020-12-31": 275.971, "2020-09-30": 6.043, "2020-06-30": -56.177, "2020-03-31": "-225.83700", "2019-12-31": 57.179, "2019-09-30": -92.807, "2019-06-30": -17.457, "2019-03-31": "-77.95500", "2018-12-31": -55.335, "2018-09-30": 15.785, "2018-06-30": 7.974, "2018-03-31": "-2.38000", "2017-12-31": -75.971, "2017-09-30": 41.522, "2017-06-30": 15.205, "2017-03-31": "-35.63500", "2016-12-31": -97.652, "2016-09-30": 9.758, "2016-06-30": 50.191, "2016-03-31": "9.24600", "2015-12-31": -60.439, "2015-09-30": 33.732, "2015-06-30": 29.113, "2015-03-31": "20.68000", "2014-12-31": -56.055, "2014-09-30": 24.479, "2014-06-30": 10.823, "2014-03-31": "-0.36800", "2013-12-31": -7.347, "2013-09-30": 12.367, "2013-06-30": 2.653, "2013-03-31": "-5.78400", "2012-12-31": 8.969, "2012-09-30": 1.814, "2012-06-30": -1.802, "2012-03-31": "8.46100", "2011-12-31": -12.269, "2011-09-30": -2.578, "2011-06-30": 9.777, "2011-03-31": "0.11800", "2010-12-31": 24.7, "2010-09-30": -18.429, "2010-06-30": 32.732, "2010-03-31": "4.16300", "2009-12-31": -41.833, "2009-09-30": -9.158, "2009-06-30": -12.422, "2009-03-31": "-28.85700", "2008-12-31": -17.65, "2008-09-30": -22.294, "2008-06-30": -3.571, "2008-03-31": "9.72900", "2007-12-31": -10.295, "2007-09-30": -7.854, "2007-06-30": -7.93, "2007-03-31": "-11.91500", "2006-12-31": 11.707, "2006-09-30": -15.823, "2006-06-30": 38.348, "2006-03-31": "-2.26500", "2005-12-31": -5.623, "2005-09-30": 46.09, "2005-06-30": -46.873, "2005-03-31": "0.29000"}, "Total Change In Assets/Liabilities": {"2020-12-31": 445.3079, "2020-09-30": -78.7589, "2020-06-30": -181.6691, "2020-03-31": "-184.87990", "2019-12-31": -121.3181, "2019-09-30": -94.163, "2019-06-30": -137.1329, "2019-03-31": "-152.56500", "2018-12-31": 66.2801, "2018-09-30": 155.9949, "2018-06-30": -126.1699, "2018-03-31": "-43.93800", "2017-12-31": 77.9571, "2017-09-30": 65.187, "2017-06-30": -67.1051, "2017-03-31": "-22.42100", "2016-12-31": -191.0331, "2016-09-30": -5.1479, "2016-06-30": 160.502, "2016-03-31": "-33.34300", "2015-12-31": -30.0989, "2015-09-30": 46.814, "2015-06-30": 14.1171, "2015-03-31": "-106.18610", "2014-12-31": -83.06, "2014-09-30": 154.325, "2014-06-30": -106.407, "2014-03-31": "32.13300", "2013-12-31": 0.036, "2013-09-30": 72.219, "2013-06-30": -40.922, "2013-03-31": "181.06900", "2012-12-31": -82.568, "2012-09-30": -14.213, "2012-06-30": -84.437, "2012-03-31": "-20.81200", "2011-12-31": -16.493, "2011-09-30": -35.914, "2011-06-30": 1.564, "2011-03-31": "23.54100", "2010-12-31": 5.612, "2010-09-30": -36.725, "2010-06-30": 26.99, "2010-03-31": "4.03800", "2009-12-31": -52.295, "2009-09-30": 20.284, "2009-06-30": -32.118, "2009-03-31": "-40.01300", "2008-12-31": -26.4, "2008-09-30": -23.155, "2008-06-30": 23.494, "2008-03-31": "-16.62300", "2007-12-31": -2.264, "2007-09-30": -12.699, "2007-06-30": -8.754, "2007-03-31": "-11.13300", "2006-12-31": 12.043, "2006-09-30": -3.662, "2006-06-30": 20.725, "2006-03-31": "-4.82200", "2005-12-31": 3.526, "2005-09-30": 47.844, "2005-06-30": -54.829, "2005-03-31": "8.91000"}, "Cash Flow From Operating Activities": {"2020-12-31": 80.95, "2020-09-30": 63.226, "2020-06-30": -25.455, "2020-03-31": "-118.72100", "2019-12-31": -2.604, "2019-09-30": 39.893, "2019-06-30": -64.151, "2019-03-31": "-53.61700", "2018-12-31": 186.643, "2018-09-30": 269.228, "2018-06-30": -19.617, "2018-03-31": "68.99000", "2017-12-31": 264.99, "2017-09-30": 166.017, "2017-06-30": 24.618, "2017-03-31": "59.88200", "2016-12-31": 28.034, "2016-09-30": 93.861, "2016-06-30": 250.432, "2016-03-31": "42.84000", "2015-12-31": 158.981, "2015-09-30": 134.977, "2015-06-30": 106.222, "2015-03-31": "-23.44000", "2014-12-31": 83.475, "2014-09-30": 251.024, "2014-06-30": -47.569, "2014-03-31": "70.64000", "2013-12-31": 58.616, "2013-09-30": 116.363, "2013-06-30": 8.213, "2013-03-31": "234.74000", "2012-12-31": -17.615, "2012-09-30": 44.493, "2012-06-30": -33.062, "2012-03-31": "30.79900", "2011-12-31": 39.703, "2011-09-30": 14.969, "2011-06-30": 54.212, "2011-03-31": "73.46800", "2010-12-31": 59.807, "2010-09-30": 13.872, "2010-06-30": 67.296, "2010-03-31": "57.67400", "2009-12-31": -11.244, "2009-09-30": 79.984, "2009-06-30": 14.453, "2009-03-31": "10.03300", "2008-12-31": 26.074, "2008-09-30": 29.783, "2008-06-30": 66.509, "2008-03-31": "24.18000", "2007-12-31": 22.926, "2007-09-30": 24.939, "2007-06-30": 19.05, "2007-03-31": "12.72300", "2006-12-31": 33.499, "2006-09-30": 25.725, "2006-06-30": 42.929, "2006-03-31": "15.84200", "2005-12-31": 35.608, "2005-09-30": 70.568, "2005-06-30": -34.648, "2005-03-31": "28.66300"}, "Net Change In Property, Plant, And Equipment": {"2020-12-31": 11.526, "2020-09-30": -2.355, "2020-06-30": -5.228, "2020-03-31": "-3.94300", "2019-12-31": -4.446, "2019-09-30": -2.843, "2019-06-30": -3.022, "2019-03-31": "-2.36500", "2018-12-31": -3.303, "2018-09-30": -2.866, "2018-06-30": -2.358, "2018-03-31": "-0.46200", "2017-12-31": 9.853, "2017-09-30": -2.987, "2017-06-30": -4.207, "2017-03-31": "-6.93700", "2016-12-31": -7.74, "2016-09-30": -7.001, "2016-06-30": -5.473, "2016-03-31": "-10.09900", "2015-12-31": -11.252, "2015-09-30": -15.509, "2015-06-30": -22.54, "2015-03-31": "-20.04000", "2014-12-31": -17.676, "2014-09-30": -19.234, "2014-06-30": -14.472, "2014-03-31": "-8.13200", "2013-12-31": -8.979, "2013-09-30": -8.87, "2013-06-30": -11.321, "2013-03-31": "-5.05400", "2012-12-31": -5.333, "2012-09-30": -4.766, "2012-06-30": -5.479, "2012-03-31": "-5.21000", "2011-12-31": -10.115, "2011-09-30": -6.241, "2011-06-30": -8.886, "2011-03-31": "-7.81100", "2010-12-31": -6.444, "2010-09-30": -7.287, "2010-06-30": -30.135, "2010-03-31": "-2.45600", "2009-12-31": -3.326, "2009-09-30": -2.594, "2009-06-30": -2.626, "2009-03-31": "-2.42300", "2008-12-31": -2.41, "2008-09-30": -2.592, "2008-06-30": -3.548, "2008-03-31": "-1.83000", "2007-12-31": -1.064, "2007-09-30": -1.728, "2007-06-30": 1.595, "2007-03-31": "-2.55000", "2006-12-31": -5.347, "2006-09-30": -2.363, "2006-06-30": -3.08, "2006-03-31": "-2.56000", "2005-12-31": -2.608, "2005-09-30": -2.428, "2005-06-30": -3.391, "2005-03-31": "-3.53500"}, "Net Change In Intangible Assets": {"2020-12-31": 0, "2020-09-30": 0, "2020-06-30": 0, "2020-03-31": "", "2019-12-31": 34.401, "2019-09-30": 0, "2019-06-30": 0, "2019-03-31": "", "2018-12-31": 0, "2018-09-30": 0, "2018-06-30": 0, "2018-03-31": "", "2017-12-31": 0, "2017-09-30": 0, "2017-06-30": 0, "2017-03-31": "", "2016-12-31": 0, "2016-09-30": 0, "2016-06-30": 0, "2016-03-31": "", "2015-12-31": 0, "2015-09-30": 0, "2015-06-30": 0, "2015-03-31": "", "2014-12-31": 0, "2014-09-30": 0, "2014-06-30": 0, "2014-03-31": "", "2013-12-31": 0, "2013-09-30": 0, "2013-06-30": 0, "2013-03-31": "", "2012-12-31": 0, "2012-09-30": 0, "2012-06-30": 0, "2012-03-31": "", "2011-12-31": 0, "2011-09-30": 0, "2011-06-30": 0, "2011-03-31": "", "2010-12-31": 0, "2010-09-30": 0, "2010-06-30": 0, "2010-03-31": "", "2009-12-31": 0, "2009-09-30": 0, "2009-06-30": 0, "2009-03-31": "", "2008-12-31": 0, "2008-09-30": 0, "2008-06-30": 0, "2008-03-31": "", "2007-12-31": 0, "2007-09-30": 0, "2007-06-30": 0, "2007-03-31": "", "2006-12-31": 0, "2006-09-30": 0, "2006-06-30": 0, "2006-03-31": "", "2005-12-31": 0, "2005-09-30": 0, "2005-06-30": 0, "2005-03-31": ""}, "Net Acquisitions/Divestitures": {"2020-12-31": 81.172, "2020-09-30": -81.172, "2020-06-30": 0, "2020-03-31": "", "2019-12-31": 0, "2019-09-30": 0, "2019-06-30": 0, "2019-03-31": "-44.64600", "2018-12-31": 0, "2018-09-30": -35.219, "2018-06-30": 0, "2018-03-31": "", "2017-12-31": 0, "2017-09-30": 0, "2017-06-30": 0, "2017-03-31": "", "2016-12-31": 0, "2016-09-30": 0, "2016-06-30": 0, "2016-03-31": "", "2015-12-31": 0, "2015-09-30": 0, "2015-06-30": 0, "2015-03-31": "", "2014-12-31": 0, "2014-09-30": 3.07, "2014-06-30": -13.76, "2014-03-31": "", "2013-12-31": 0, "2013-09-30": -149.658, "2013-06-30": 0, "2013-03-31": "", "2012-12-31": 39.328, "2012-09-30": 0, "2012-06-30": 0, "2012-03-31": "", "2011-12-31": 0, "2011-09-30": 0, "2011-06-30": 0, "2011-03-31": "", "2010-12-31": 0, "2010-09-30": 0, "2010-06-30": 66.06, "2010-03-31": "112.98600", "2009-12-31": 0, "2009-09-30": 0, "2009-06-30": 0, "2009-03-31": "178.90500", "2008-12-31": 0, "2008-09-30": 0, "2008-06-30": 0, "2008-03-31": "", "2007-12-31": 0, "2007-09-30": 0.011, "2007-06-30": 78.718, "2007-03-31": "", "2006-12-31": 0, "2006-09-30": 0, "2006-06-30": 36.95, "2006-03-31": "", "2005-12-31": 0, "2005-09-30": 0, "2005-06-30": 0, "2005-03-31": ""}, "Net Change In Short-term Investments": {"2020-12-31": 0, "2020-09-30": 0, "2020-06-30": 0, "2020-03-31": "", "2019-12-31": 0, "2019-09-30": 0, "2019-06-30": 0, "2019-03-31": "", "2018-12-31": 0, "2018-09-30": 0, "2018-06-30": 0, "2018-03-31": "", "2017-12-31": 0, "2017-09-30": 0, "2017-06-30": 0, "2017-03-31": "", "2016-12-31": 0, "2016-09-30": 0, "2016-06-30": 0, "2016-03-31": "", "2015-12-31": 0, "2015-09-30": 0, "2015-06-30": 0, "2015-03-31": "", "2014-12-31": 0, "2014-09-30": 0, "2014-06-30": 0, "2014-03-31": "", "2013-12-31": 0, "2013-09-30": 0, "2013-06-30": 0, "2013-03-31": "", "2012-12-31": 0, "2012-09-30": 0, "2012-06-30": 0, "2012-03-31": "", "2011-12-31": 0, "2011-09-30": 0, "2011-06-30": 0, "2011-03-31": "", "2010-12-31": 0, "2010-09-30": 0, "2010-06-30": 0, "2010-03-31": "", "2009-12-31": 0, "2009-09-30": 0, "2009-06-30": 0, "2009-03-31": "", "2008-12-31": 0, "2008-09-30": 0, "2008-06-30": 0, "2008-03-31": "", "2007-12-31": 0, "2007-09-30": 0, "2007-06-30": 0, "2007-03-31": "", "2006-12-31": 0, "2006-09-30": 0, "2006-06-30": 0, "2006-03-31": "", "2005-12-31": 0, "2005-09-30": 0, "2005-06-30": 0, "2005-03-31": ""}, "Net Change In Long-Term Investments": {"2020-12-31": -5.877, "2020-09-30": -34.607, "2020-06-30": 23.521, "2020-03-31": "16.96300", "2019-12-31": 14.1671, "2019-09-30": -136.6831, "2019-06-30": 313.022, "2019-03-31": "106.40400", "2018-12-31": -66.741, "2018-09-30": -33.959, "2018-06-30": 76.373, "2018-03-31": "18.94200", "2017-12-31": -45.2711, "2017-09-30": 81.788, "2017-06-30": 117.0231, "2017-03-31": "-544.82300", "2016-12-31": -248.476, "2016-09-30": -53.939, "2016-06-30": 65.447, "2016-03-31": "6.54100", "2015-12-31": -69.8999, "2015-09-30": 83.657, "2015-06-30": 18.21, "2015-03-31": "-227.49200", "2014-12-31": 107.517, "2014-09-30": 175.071, "2014-06-30": 505.3, "2014-03-31": "94.08000", "2013-12-31": 101.995, "2013-09-30": 170.713, "2013-06-30": 267.768, "2013-03-31": "214.18400", "2012-12-31": 254.238, "2012-09-30": -75.114, "2012-06-30": 244.773, "2012-03-31": "65.13100", "2011-12-31": -105.364, "2011-09-30": 92.091, "2011-06-30": 125.791, "2011-03-31": "-373.97000", "2010-12-31": -346.642, "2010-09-30": -677.604, "2010-06-30": -116.996, "2010-03-31": "53.83500", "2009-12-31": 38.125, "2009-09-30": -354.824, "2009-06-30": -32.425, "2009-03-31": "-185.42800", "2008-12-31": -232.0039, "2008-09-30": 20.082, "2008-06-30": 46.159, "2008-03-31": "-9.53700", "2007-12-31": -124.753, "2007-09-30": -3.426, "2007-06-30": -29.75, "2007-03-31": "-68.45700", "2006-12-31": -25.506, "2006-09-30": 27.847, "2006-06-30": 19.233, "2006-03-31": "20.70200", "2005-12-31": 22.452, "2005-09-30": -131.959, "2005-06-30": 76.497, "2005-03-31": "26.76400"}, "Net Change In Investments - Total": {"2020-12-31": -5.877, "2020-09-30": -34.607, "2020-06-30": 23.521, "2020-03-31": "16.96300", "2019-12-31": 14.1671, "2019-09-30": -136.6831, "2019-06-30": 313.022, "2019-03-31": "106.40400", "2018-12-31": -66.741, "2018-09-30": -33.959, "2018-06-30": 76.373, "2018-03-31": "18.94200", "2017-12-31": -45.2711, "2017-09-30": 81.788, "2017-06-30": 117.0231, "2017-03-31": "-544.82300", "2016-12-31": -248.476, "2016-09-30": -53.939, "2016-06-30": 65.447, "2016-03-31": "6.54100", "2015-12-31": -69.8999, "2015-09-30": 83.657, "2015-06-30": 18.21, "2015-03-31": "-227.49200", "2014-12-31": 107.517, "2014-09-30": 175.071, "2014-06-30": 505.3, "2014-03-31": "94.08000", "2013-12-31": 101.995, "2013-09-30": 170.713, "2013-06-30": 267.768, "2013-03-31": "214.18400", "2012-12-31": 254.238, "2012-09-30": -75.114, "2012-06-30": 244.773, "2012-03-31": "65.13100", "2011-12-31": -105.364, "2011-09-30": 92.091, "2011-06-30": 125.791, "2011-03-31": "-373.97000", "2010-12-31": -346.642, "2010-09-30": -677.604, "2010-06-30": -116.996, "2010-03-31": "53.83500", "2009-12-31": 38.125, "2009-09-30": -354.824, "2009-06-30": -32.425, "2009-03-31": "-185.42800", "2008-12-31": -232.0039, "2008-09-30": 20.082, "2008-06-30": 46.159, "2008-03-31": "-9.53700", "2007-12-31": -124.753, "2007-09-30": -3.426, "2007-06-30": -29.75, "2007-03-31": "-68.45700", "2006-12-31": -25.506, "2006-09-30": 27.847, "2006-06-30": 19.233, "2006-03-31": "20.70200", "2005-12-31": 22.452, "2005-09-30": -131.959, "2005-06-30": 76.497, "2005-03-31": "26.76400"}, "Investing Activities - Other": {"2020-12-31": 1282.881, "2020-09-30": 241.793, "2020-06-30": -1437.246, "2020-03-31": "-87.42800", "2019-12-31": 314.594, "2019-09-30": -580.68, "2019-06-30": -552.2, "2019-03-31": "-5.85400", "2018-12-31": -581.935, "2018-09-30": -224.927, "2018-06-30": -388.039, "2018-03-31": "-254.69100", "2017-12-31": -418.394, "2017-09-30": -363.621, "2017-06-30": -485.797, "2017-03-31": "-334.05000", "2016-12-31": 152.232, "2016-09-30": -41.801, "2016-06-30": -410.212, "2016-03-31": "-352.04300", "2015-12-31": -448.221, "2015-09-30": -410.45, "2015-06-30": -414.9, "2015-03-31": "-218.47400", "2014-12-31": -71.396, "2014-09-30": -201.545, "2014-06-30": -258.726, "2014-03-31": "-37.95700", "2013-12-31": -100.198, "2013-09-30": -157.982, "2013-06-30": -77.788, "2013-03-31": "41.42700", "2012-12-31": -151.449, "2012-09-30": -101.284, "2012-06-30": -112.521, "2012-03-31": "-18.92500", "2011-12-31": -20.219, "2011-09-30": -74.863, "2011-06-30": -69.528, "2011-03-31": "76.37100", "2010-12-31": 90.135, "2010-09-30": 39.634, "2010-06-30": 122.438, "2010-03-31": "146.04500", "2009-12-31": -1.83, "2009-09-30": -22.672, "2009-06-30": -42.379, "2009-03-31": "-15.69000", "2008-12-31": -7.261, "2008-09-30": -71.72, "2008-06-30": -100.821, "2008-03-31": "-12.02500", "2007-12-31": 7.142, "2007-09-30": -107.659, "2007-06-30": -145.327, "2007-03-31": "-28.81500", "2006-12-31": 25.49, "2006-09-30": -87.072, "2006-06-30": -178.883, "2006-03-31": "-172.44800", "2005-12-31": -224.376, "2005-09-30": -85.515, "2005-06-30": -81.824, "2005-03-31": "-64.03400"}, "Cash Flow From Investing Activities": {"2020-12-31": 1369.702, "2020-09-30": 123.659, "2020-06-30": -1418.953, "2020-03-31": "-74.40800", "2019-12-31": 358.716, "2019-09-30": -720.206, "2019-06-30": -242.2, "2019-03-31": "53.53900", "2018-12-31": -651.979, "2018-09-30": -296.971, "2018-06-30": -314.024, "2018-03-31": "-236.21100", "2017-12-31": -453.812, "2017-09-30": -284.82, "2017-06-30": -372.981, "2017-03-31": "-885.81000", "2016-12-31": -103.984, "2016-09-30": -102.741, "2016-06-30": -350.238, "2016-03-31": "-355.60100", "2015-12-31": -529.373, "2015-09-30": -342.302, "2015-06-30": -419.23, "2015-03-31": "-466.00600", "2014-12-31": 18.445, "2014-09-30": -42.638, "2014-06-30": 218.342, "2014-03-31": "47.99100", "2013-12-31": -7.182, "2013-09-30": -145.797, "2013-06-30": 178.659, "2013-03-31": "250.55700", "2012-12-31": 136.784, "2012-09-30": -181.164, "2012-06-30": 126.773, "2012-03-31": "40.99600", "2011-12-31": -135.698, "2011-09-30": 10.987, "2011-06-30": 47.377, "2011-03-31": "-305.41000", "2010-12-31": -262.951, "2010-09-30": -645.257, "2010-06-30": 41.367, "2010-03-31": "310.41000", "2009-12-31": 32.969, "2009-09-30": -380.09, "2009-06-30": -77.43, "2009-03-31": "-24.63600", "2008-12-31": -241.675, "2008-09-30": -54.23, "2008-06-30": -58.21, "2008-03-31": "-23.39200", "2007-12-31": -118.675, "2007-09-30": -112.802, "2007-06-30": -94.764, "2007-03-31": "-99.82200", "2006-12-31": -5.363, "2006-09-30": -61.588, "2006-06-30": -125.78, "2006-03-31": "-154.30600", "2005-12-31": -204.532, "2005-09-30": -219.902, "2005-06-30": -8.718, "2005-03-31": "-40.80500"}, "Net Long-Term Debt": {"2020-12-31": -90, "2020-09-30": -100, "2020-06-30": -100, "2020-03-31": "290.00000", "2019-12-31": -200, "2019-09-30": 285, "2019-06-30": -110.67, "2019-03-31": "180.67000", "2018-12-31": 0, "2018-09-30": -50, "2018-06-30": -0.139, "2018-03-31": "-11.11100", "2017-12-31": -49.998, "2017-09-30": 0, "2017-06-30": 0, "2017-03-31": "", "2016-12-31": -50, "2016-09-30": 0.001, "2016-06-30": -0.015, "2016-03-31": "15.00000", "2015-12-31": 0.001, "2015-09-30": 0, "2015-06-30": -75, "2015-03-31": "-39.99900", "2014-12-31": -50, "2014-09-30": 0.001, "2014-06-30": -47.004, "2014-03-31": "", "2013-12-31": -0.523, "2013-09-30": -211.204, "2013-06-30": 0, "2013-03-31": "-8.76400", "2012-12-31": -55.404, "2012-09-30": 0, "2012-06-30": 0, "2012-03-31": "", "2011-12-31": 0.007, "2011-09-30": 0, "2011-06-30": 0, "2011-03-31": "-5.00000", "2010-12-31": -3.821, "2010-09-30": -23.249, "2010-06-30": -72.323, "2010-03-31": "-66.39600", "2009-12-31": -0.051, "2009-09-30": -30.047, "2009-06-30": -100.041, "2009-03-31": "-0.05200", "2008-12-31": -0.142, "2008-09-30": -30.05, "2008-06-30": 62.951, "2008-03-31": "99.95700", "2007-12-31": -1.048, "2007-09-30": 34.178, "2007-06-30": -41.86, "2007-03-31": "-2.03900", "2006-12-31": -47.547, "2006-09-30": 0.018, "2006-06-30": -5.032, "2006-03-31": "-0.07300", "2005-12-31": -0.041, "2005-09-30": -9.992, "2005-06-30": -50.104, "2005-03-31": "-25.05100"}, "Net Current Debt": {"2020-12-31": -76.72, "2020-09-30": -10.386, "2020-06-30": 52.169, "2020-03-31": "34.93700", "2019-12-31": 14.591, "2019-09-30": -11.335, "2019-06-30": 19.108, "2019-03-31": "-8.20700", "2018-12-31": 10.176, "2018-09-30": 13.309, "2018-06-30": -18.318, "2018-03-31": "-2.31500", "2017-12-31": -27.243, "2017-09-30": -8.647, "2017-06-30": 25.909, "2017-03-31": "-48.66800", "2016-12-31": 43.485, "2016-09-30": -50.771, "2016-06-30": 35.031, "2016-03-31": "20.64300", "2015-12-31": -19.162, "2015-09-30": -1.989, "2015-06-30": 4.509, "2015-03-31": "7.88100", "2014-12-31": -26.046, "2014-09-30": 24.342, "2014-06-30": -532.204, "2014-03-31": "37.60100", "2013-12-31": 9.572, "2013-09-30": 38.863, "2013-06-30": 33.637, "2013-03-31": "5.73500", "2012-12-31": -23.976, "2012-09-30": 11.71, "2012-06-30": 22.696, "2012-03-31": "2.04000", "2011-12-31": -21.756, "2011-09-30": 25.472, "2011-06-30": 27.464, "2011-03-31": "19.66600", "2010-12-31": 18.426, "2010-09-30": 10.618, "2010-06-30": 2.672, "2010-03-31": "-3.13700", "2009-12-31": -4.851, "2009-09-30": -72.327, "2009-06-30": 72.084, "2009-03-31": "2.68600", "2008-12-31": -44.586, "2008-09-30": -97.052, "2008-06-30": 95.93, "2008-03-31": "-12.49800", "2007-12-31": 32.911, "2007-09-30": -34.67, "2007-06-30": 59.119, "2007-03-31": "0.44900", "2006-12-31": -17.486, "2006-09-30": -196.249, "2006-06-30": -11.27, "2006-03-31": "159.12500", "2005-12-31": -31.686, "2005-09-30": 18.102, "2005-06-30": 71.737, "2005-03-31": "-32.55500"}, "Debt Issuance/Retirement Net - Total": {"2020-12-31": -166.72, "2020-09-30": -110.386, "2020-06-30": -47.831, "2020-03-31": "324.93700", "2019-12-31": -185.409, "2019-09-30": 273.665, "2019-06-30": -91.562, "2019-03-31": "172.46300", "2018-12-31": 10.176, "2018-09-30": -36.691, "2018-06-30": -18.457, "2018-03-31": "-13.42600", "2017-12-31": -77.241, "2017-09-30": -8.647, "2017-06-30": 25.909, "2017-03-31": "-48.66800", "2016-12-31": -6.515, "2016-09-30": -50.77, "2016-06-30": 35.016, "2016-03-31": "35.64300", "2015-12-31": -19.161, "2015-09-30": -1.989, "2015-06-30": -70.491, "2015-03-31": "-32.11800", "2014-12-31": -76.046, "2014-09-30": 24.343, "2014-06-30": -579.208, "2014-03-31": "37.60100", "2013-12-31": 9.049, "2013-09-30": -172.341, "2013-06-30": 33.637, "2013-03-31": "-3.02900", "2012-12-31": -79.38, "2012-09-30": 11.71, "2012-06-30": 22.696, "2012-03-31": "2.04000", "2011-12-31": -21.749, "2011-09-30": 25.472, "2011-06-30": 27.464, "2011-03-31": "14.66600", "2010-12-31": 14.605, "2010-09-30": -12.631, "2010-06-30": -69.651, "2010-03-31": "-69.53300", "2009-12-31": -4.902, "2009-09-30": -102.374, "2009-06-30": -27.957, "2009-03-31": "2.63400", "2008-12-31": -44.728, "2008-09-30": -127.102, "2008-06-30": 158.881, "2008-03-31": "87.45900", "2007-12-31": 31.863, "2007-09-30": -0.492, "2007-06-30": 17.259, "2007-03-31": "-1.59000", "2006-12-31": -65.033, "2006-09-30": -196.231, "2006-06-30": -16.302, "2006-03-31": "159.05200", "2005-12-31": -31.727, "2005-09-30": 8.11, "2005-06-30": 21.633, "2005-03-31": "-57.60600"}, "Net Common Equity Issued/Repurchased": {"2020-12-31": 8.628, "2020-09-30": -0.017, "2020-06-30": -0.038, "2020-03-31": "-8.57300", "2019-12-31": -0.04, "2019-09-30": -5.248, "2019-06-30": -0.062, "2019-03-31": "-1.89700", "2018-12-31": -0.069, "2018-09-30": -0.337, "2018-06-30": -7.91, "2018-03-31": "-3.58100", "2017-12-31": -2.224, "2017-09-30": 0.051, "2017-06-30": -3.914, "2017-03-31": "-1.56600", "2016-12-31": -1.826, "2016-09-30": -4.66, "2016-06-30": -3.57, "2016-03-31": "-5.02600", "2015-12-31": -0.268, "2015-09-30": -3.091, "2015-06-30": -7.551, "2015-03-31": "-2.19800", "2014-12-31": 4.086, "2014-09-30": -0.477, "2014-06-30": 0.078, "2014-03-31": "-1.50200", "2013-12-31": -0.769, "2013-09-30": -0.228, "2013-06-30": -1.571, "2013-03-31": "-0.39400", "2012-12-31": -1.401, "2012-09-30": 0.102, "2012-06-30": -0.164, "2012-03-31": "-4.99200", "2011-12-31": -27.695, "2011-09-30": -0.1, "2011-06-30": -1.375, "2011-03-31": "-0.27600", "2010-12-31": -4.475, "2010-09-30": 0.036, "2010-06-30": 0.045, "2010-03-31": "90.40000", "2009-12-31": 0.022, "2009-09-30": 245.738, "2009-06-30": 0.174, "2009-03-31": "-0.11000", "2008-12-31": 12.445, "2008-09-30": 0.278, "2008-06-30": 0.229, "2008-03-31": "0.40600", "2007-12-31": 1.025, "2007-09-30": -32.705, "2007-06-30": -57.022, "2007-03-31": "1.36600", "2006-12-31": 0.339, "2006-09-30": 5.846, "2006-06-30": 1.712, "2006-03-31": "1.33900", "2005-12-31": 0.489, "2005-09-30": -2.091, "2005-06-30": -0.259, "2005-03-31": "2.71100"}, "Net Total Equity Issued/Repurchased": {"2020-12-31": 8.628, "2020-09-30": -0.017, "2020-06-30": -0.038, "2020-03-31": "-8.57300", "2019-12-31": -0.04, "2019-09-30": -5.248, "2019-06-30": -0.062, "2019-03-31": "-1.89700", "2018-12-31": -0.069, "2018-09-30": -0.337, "2018-06-30": -7.91, "2018-03-31": "-3.58100", "2017-12-31": -2.224, "2017-09-30": 0.051, "2017-06-30": -3.914, "2017-03-31": "-1.56600", "2016-12-31": -1.826, "2016-09-30": -4.66, "2016-06-30": -3.57, "2016-03-31": "-5.02600", "2015-12-31": -0.268, "2015-09-30": -3.091, "2015-06-30": -7.551, "2015-03-31": "-2.19800", "2014-12-31": 4.086, "2014-09-30": -0.477, "2014-06-30": 0.078, "2014-03-31": "-1.50200", "2013-12-31": -0.769, "2013-09-30": -0.228, "2013-06-30": -1.571, "2013-03-31": "-0.39400", "2012-12-31": -1.401, "2012-09-30": 0.102, "2012-06-30": -0.164, "2012-03-31": "-4.99200", "2011-12-31": -27.695, "2011-09-30": -0.1, "2011-06-30": -1.375, "2011-03-31": "-0.27600", "2010-12-31": -4.475, "2010-09-30": 0.036, "2010-06-30": 0.045, "2010-03-31": "74.50800", "2009-12-31": 0.022, "2009-09-30": 245.738, "2009-06-30": 0.174, "2009-03-31": "-0.11000", "2008-12-31": 214.372, "2008-09-30": 0.278, "2008-06-30": 0.229, "2008-03-31": "0.40600", "2007-12-31": 1.025, "2007-09-30": -32.705, "2007-06-30": -57.022, "2007-03-31": "1.36600", "2006-12-31": 0.339, "2006-09-30": 5.846, "2006-06-30": 1.712, "2006-03-31": "1.33900", "2005-12-31": 0.489, "2005-09-30": -2.091, "2005-06-30": -0.259, "2005-03-31": "2.71100"}, "Total Common And Preferred Stock Dividends Paid": {"2020-12-31": 138.731, "2020-09-30": -46.246, "2020-06-30": -46.237, "2020-03-31": "-46.24800", "2019-12-31": -46.245, "2019-09-30": -46.305, "2019-06-30": -46.297, "2019-03-31": "-46.25400", "2018-12-31": -46.252, "2018-09-30": -44.012, "2018-06-30": -44.016, "2018-03-31": "-39.63400", "2017-12-31": -39.65, "2017-09-30": -35.241, "2017-06-30": -35.264, "2017-03-31": "-35.24300", "2016-12-31": -35.25, "2016-09-30": -35.296, "2016-06-30": -35.247, "2016-03-31": "-35.28100", "2015-12-31": -35.285, "2015-09-30": -33.098, "2015-06-30": -33.126, "2015-03-31": "-33.10900", "2014-12-31": -32.676, "2014-09-30": -32.674, "2014-06-30": -16.947, "2014-03-31": "-16.93600", "2013-12-31": -16.931, "2013-09-30": -16.906, "2013-06-30": -16.931, "2013-03-31": "", "2012-12-31": -20.282, "2012-09-30": -10.142, "2012-06-30": -7.887, "2012-03-31": "-7.89000", "2011-12-31": -8.057, "2011-09-30": -5.754, "2011-06-30": -5.763, "2011-03-31": "-5.74300", "2010-12-31": -5.744, "2010-09-30": -5.749, "2010-06-30": -5.74, "2010-03-31": "-7.07900", "2009-12-31": -7.025, "2009-09-30": -5.698, "2009-06-30": -5.69, "2009-03-31": "-5.72500", "2008-12-31": -11.46, "2008-09-30": -11.462, "2008-06-30": -11.438, "2008-03-31": "-11.43600", "2007-12-31": -11.406, "2007-09-30": -11.069, "2007-06-30": -10.51, "2007-03-31": "-10.47600", "2006-12-31": -10.467, "2006-09-30": -6.932, "2006-06-30": -5.38, "2006-03-31": "-5.35200", "2005-12-31": -3.558, "2005-09-30": -5.327, "2005-06-30": -0.003, "2005-03-31": "-2.66900"}, "Financial Activities - Other": {"2020-12-31": -2288.262, "2020-09-30": -74.783, "2020-06-30": 2145.072, "2020-03-31": "217.97300", "2019-12-31": 46.894, "2019-09-30": 615.854, "2019-06-30": 575.255, "2019-03-31": "155.93700", "2018-12-31": 244.859, "2018-09-30": 185.03, "2018-06-30": 637.847, "2018-03-31": "158.77100", "2017-12-31": 96.651, "2017-09-30": 392.242, "2017-06-30": 292.95, "2017-03-31": "146.61900", "2016-12-31": 102.532, "2016-09-30": 660.684, "2016-06-30": 96.05, "2016-03-31": "456.62000", "2015-12-31": 241.215, "2015-09-30": 323.172, "2015-06-30": -76.751, "2015-03-31": "332.57400", "2014-12-31": 164.177, "2014-09-30": 403.712, "2014-06-30": 180.616, "2014-03-31": "156.89100", "2013-12-31": 50.549, "2013-09-30": 111.006, "2013-06-30": -115.201, "2013-03-31": "-307.47300", "2012-12-31": 29.075, "2012-09-30": -32.169, "2012-06-30": 17.099, "2012-03-31": "-121.39800", "2011-12-31": -167.455, "2011-09-30": 258.261, "2011-06-30": -145.996, "2011-03-31": "-140.86700", "2010-12-31": 138.843, "2010-09-30": 743.189, "2010-06-30": -85.151, "2010-03-31": "51.02100", "2009-12-31": 224.608, "2009-09-30": 401.109, "2009-06-30": 22.166, "2009-03-31": "19.72800", "2008-12-31": 95.255, "2008-09-30": 133.76, "2008-06-30": -153.339, "2008-03-31": "-76.10800", "2007-12-31": 71.116, "2007-09-30": 103.707, "2007-06-30": 120.767, "2007-03-31": "-8.98600", "2006-12-31": 190.639, "2006-09-30": 186.25, "2006-06-30": 219.315, "2006-03-31": "-55.85900", "2005-12-31": 193.309, "2005-09-30": 120.059, "2005-06-30": 19.242, "2005-03-31": "155.00000"}, "Cash Flow From Financial Activities": {"2020-12-31": -2307.623, "2020-09-30": -231.432, "2020-06-30": 2050.966, "2020-03-31": "488.08900", "2019-12-31": -184.8, "2019-09-30": 837.966, "2019-06-30": 437.334, "2019-03-31": "280.24900", "2018-12-31": 208.714, "2018-09-30": 103.99, "2018-06-30": 567.464, "2018-03-31": "102.13000", "2017-12-31": -22.464, "2017-09-30": 348.405, "2017-06-30": 279.681, "2017-03-31": "61.14200", "2016-12-31": 58.941, "2016-09-30": 569.958, "2016-06-30": 92.249, "2016-03-31": "451.95600", "2015-12-31": 186.501, "2015-09-30": 284.994, "2015-06-30": -187.919, "2015-03-31": "265.14900", "2014-12-31": 59.541, "2014-09-30": 394.904, "2014-06-30": -415.461, "2014-03-31": "176.05400", "2013-12-31": 41.898, "2013-09-30": -78.469, "2013-06-30": -100.066, "2013-03-31": "-310.89600", "2012-12-31": -71.988, "2012-09-30": -30.499, "2012-06-30": 31.744, "2012-03-31": "-132.24000", "2011-12-31": -224.956, "2011-09-30": 277.879, "2011-06-30": -125.67, "2011-03-31": "-132.22000", "2010-12-31": 143.229, "2010-09-30": 724.845, "2010-06-30": -160.497, "2010-03-31": "48.91700", "2009-12-31": 212.703, "2009-09-30": 538.775, "2009-06-30": -11.307, "2009-03-31": "16.52700", "2008-12-31": 253.439, "2008-09-30": -4.526, "2008-06-30": -5.667, "2008-03-31": "0.32100", "2007-12-31": 92.598, "2007-09-30": 59.441, "2007-06-30": 70.494, "2007-03-31": "-19.68600", "2006-12-31": 115.478, "2006-09-30": -11.067, "2006-06-30": 199.345, "2006-03-31": "99.18000", "2005-12-31": 158.513, "2005-09-30": 120.751, "2005-06-30": 40.613, "2005-03-31": "97.43600"}, "Net Cash Flow": {"2020-12-31": -856.971, "2020-09-30": -44.547, "2020-06-30": 606.558, "2020-03-31": "294.96000", "2019-12-31": 171.312, "2019-09-30": 157.653, "2019-06-30": 130.983, "2019-03-31": "280.17100", "2018-12-31": -256.622, "2018-09-30": 76.247, "2018-06-30": 233.823, "2018-03-31": "-65.09100", "2017-12-31": -211.286, "2017-09-30": 229.602, "2017-06-30": -68.682, "2017-03-31": "-764.78600", "2016-12-31": -17.009, "2016-09-30": 561.078, "2016-06-30": -7.557, "2016-03-31": "139.19500", "2015-12-31": -183.891, "2015-09-30": 77.669, "2015-06-30": -500.927, "2015-03-31": "-224.29700", "2014-12-31": 161.461, "2014-09-30": 603.29, "2014-06-30": -244.688, "2014-03-31": "294.68500", "2013-12-31": 93.332, "2013-09-30": -107.903, "2013-06-30": 86.806, "2013-03-31": "174.40100", "2012-12-31": 47.181, "2012-09-30": -167.17, "2012-06-30": 125.455, "2012-03-31": "-60.44500", "2011-12-31": -320.951, "2011-09-30": 303.835, "2011-06-30": -24.081, "2011-03-31": "-364.16200", "2010-12-31": -59.915, "2010-09-30": 93.46, "2010-06-30": -51.834, "2010-03-31": "417.00100", "2009-12-31": 234.428, "2009-09-30": 238.669, "2009-06-30": -74.284, "2009-03-31": "1.92400", "2008-12-31": 37.838, "2008-09-30": -28.973, "2008-06-30": 2.632, "2008-03-31": "1.10900", "2007-12-31": -3.151, "2007-09-30": -28.422, "2007-06-30": -5.22, "2007-03-31": "-106.78500", "2006-12-31": 143.614, "2006-09-30": -46.93, "2006-06-30": 116.494, "2006-03-31": "-39.28400", "2005-12-31": -10.411, "2005-09-30": -28.583, "2005-06-30": -2.753, "2005-03-31": "85.29400"}, "Stock-Based Compensation": {"2020-12-31": -6.781, "2020-09-30": 2.025, "2020-06-30": 2.503, "2020-03-31": "2.25300", "2019-12-31": 2.547, "2019-09-30": 2.35, "2019-06-30": 2.722, "2019-03-31": "0.75400", "2018-12-31": 1.994, "2018-09-30": 2.14, "2018-06-30": 1.55, "2018-03-31": "1.82900", "2017-12-31": 2.924, "2017-09-30": 2.413, "2017-06-30": 1.471, "2017-03-31": "2.80400", "2016-12-31": 2.267, "2016-09-30": 2.278, "2016-06-30": 2.018, "2016-03-31": "3.22700", "2015-12-31": 3.108, "2015-09-30": 3.29, "2015-06-30": 4.552, "2015-03-31": "3.43300", "2014-12-31": 3.695, "2014-09-30": 2.915, "2014-06-30": 7.148, "2014-03-31": "1.53400", "2013-12-31": 1.486, "2013-09-30": 1.309, "2013-06-30": 1.037, "2013-03-31": "1.18500", "2012-12-31": 1.06, "2012-09-30": 1.039, "2012-06-30": 1.026, "2012-03-31": "0.91600", "2011-12-31": 0.855, "2011-09-30": 0.943, "2011-06-30": 0.868, "2011-03-31": "1.11900", "2010-12-31": 0.878, "2010-09-30": 1.202, "2010-06-30": 0.799, "2010-03-31": "0.62600", "2009-12-31": 0.493, "2009-09-30": 0.391, "2009-06-30": 0.388, "2009-03-31": "0.91600", "2008-12-31": 0.978, "2008-09-30": 1.17, "2008-06-30": 1.01, "2008-03-31": "0.73500", "2007-12-31": 0.088, "2007-09-30": 0.783, "2007-06-30": 1.246, "2007-03-31": "0.56700", "2006-12-31": 0.369, "2006-09-30": 0.544, "2006-06-30": 0.549, "2006-03-31": "0.47000", "2005-12-31": 0.693, "2005-09-30": 0, "2005-06-30": 0, "2005-03-31": ""}, "Common Stock Dividends Paid": {"2020-12-31": 138.731, "2020-09-30": -46.246, "2020-06-30": -46.237, "2020-03-31": "-46.24800", "2019-12-31": -46.245, "2019-09-30": -46.305, "2019-06-30": -46.297, "2019-03-31": "-46.25400", "2018-12-31": -46.252, "2018-09-30": -44.012, "2018-06-30": -44.016, "2018-03-31": "-39.63400", "2017-12-31": -39.65, "2017-09-30": -35.241, "2017-06-30": -35.264, "2017-03-31": "-35.24300", "2016-12-31": -35.25, "2016-09-30": -35.296, "2016-06-30": -35.247, "2016-03-31": "-35.28100", "2015-12-31": -35.285, "2015-09-30": -33.098, "2015-06-30": -33.126, "2015-03-31": "-33.10900", "2014-12-31": -32.676, "2014-09-30": -32.674, "2014-06-30": -16.947, "2014-03-31": "-16.93600", "2013-12-31": -16.931, "2013-09-30": -16.906, "2013-06-30": -16.931, "2013-03-31": "", "2012-12-31": -20.282, "2012-09-30": -10.142, "2012-06-30": -7.887, "2012-03-31": "-7.89000", "2011-12-31": -8.057, "2011-09-30": -5.754, "2011-06-30": -5.763, "2011-03-31": "-5.74300", "2010-12-31": -5.744, "2010-09-30": -5.745, "2010-06-30": -4.79, "2010-03-31": "-4.34700", "2009-12-31": -4.348, "2009-09-30": -3.02, "2009-06-30": -3.013, "2009-03-31": "-3.01800", "2008-12-31": -11.46, "2008-09-30": -11.462, "2008-06-30": -11.438, "2008-03-31": "-11.43600", "2007-12-31": -11.406, "2007-09-30": -11.069, "2007-06-30": -10.51, "2007-03-31": "-10.47600", "2006-12-31": -10.467, "2006-09-30": -6.932, "2006-06-30": -5.38, "2006-03-31": "-5.35200", "2005-12-31": -3.558, "2005-09-30": -5.327, "2005-06-30": -0.003, "2005-03-31": "-2.66900"}}, "financial ratios": {"Current Ratio": {"2019-12-31": "", "2018-12-31": "", "2017-12-31": "", "2016-12-31": "", "2015-12-31": "", "2014-12-31": "", "2013-12-31": "", "2012-12-31": "", "2011-12-31": "", "2010-12-31": "", "2009-12-31": "", "2008-12-31": "", "2007-12-31": "", "2006-12-31": "", "2005-12-31": ""}, "Long-term Debt / Capital": {"2019-12-31": "0.22740", "2018-12-31": "0.21960", "2017-12-31": "0.22920", "2016-12-31": "0.23680", "2015-12-31": "0.24450", "2014-12-31": "0.26430", "2013-12-31": "0.20330", "2012-12-31": "0.20690", "2011-12-31": "0.20870", "2010-12-31": "0.21370", "2009-12-31": "0.14470", "2008-12-31": "0.21310", "2007-12-31": "0.20020", "2006-12-31": "0.15570", "2005-12-31": "0.18620"}, "Debt/Equity Ratio": {"2019-12-31": "0.36650", "2018-12-31": "0.35460", "2017-12-31": "0.37140", "2016-12-31": "0.40050", "2015-12-31": "0.40270", "2014-12-31": "0.44220", "2013-12-31": "0.38530", "2012-12-31": "0.34030", "2011-12-31": "0.33830", "2010-12-31": "0.31660", "2009-12-31": "0.19810", "2008-12-31": "0.30280", "2007-12-31": "0.33560", "2006-12-31": "0.22590", "2005-12-31": "0.38300"}, "Gross Margin": {"2019-12-31": "", "2018-12-31": "", "2017-12-31": "", "2016-12-31": "", "2015-12-31": "", "2014-12-31": "", "2013-12-31": "", "2012-12-31": "", "2011-12-31": "", "2010-12-31": "", "2009-12-31": "", "2008-12-31": "", "2007-12-31": "", "2006-12-31": "", "2005-12-31": ""}, "Operating Margin": {"2019-12-31": "", "2018-12-31": "", "2017-12-31": "", "2016-12-31": "", "2015-12-31": "", "2014-12-31": "", "2013-12-31": "", "2012-12-31": "", "2011-12-31": "", "2010-12-31": "", "2009-12-31": "", "2008-12-31": "", "2007-12-31": "", "2006-12-31": "", "2005-12-31": ""}, "EBIT Margin": {"2019-12-31": "", "2018-12-31": "", "2017-12-31": "", "2016-12-31": "", "2015-12-31": "", "2014-12-31": "", "2013-12-31": "", "2012-12-31": "", "2011-12-31": "", "2010-12-31": "", "2009-12-31": "", "2008-12-31": "", "2007-12-31": "", "2006-12-31": "", "2005-12-31": ""}, "EBITDA Margin": {"2019-12-31": "", "2018-12-31": "", "2017-12-31": "", "2016-12-31": "", "2015-12-31": "", "2014-12-31": "", "2013-12-31": "", "2012-12-31": "", "2011-12-31": "", "2010-12-31": "", "2009-12-31": "", "2008-12-31": "", "2007-12-31": "", "2006-12-31": "", "2005-12-31": ""}, "Pre-Tax Profit Margin": {"2019-12-31": "39.47180", "2018-12-31": "36.37100", "2017-12-31": "31.82030", "2016-12-31": "32.87400", "2015-12-31": "31.25110", "2014-12-31": "25.21950", "2013-12-31": "29.48560", "2012-12-31": "30.14620", "2011-12-31": "24.70810", "2010-12-31": "9.69990", "2009-12-31": "-104.97190", "2008-12-31": "25.25550", "2007-12-31": "30.71670", "2006-12-31": "41.90070", "2005-12-31": "42.23950"}, "Net Profit Margin": {"2019-12-31": "29.80740", "2018-12-31": "27.21360", "2017-12-31": "22.09040", "2016-12-31": "20.93900", "2015-12-31": "20.00250", "2014-12-31": "16.08880", "2013-12-31": "18.85410", "2012-12-31": "19.65740", "2011-12-31": "16.46790", "2010-12-31": "4.56620", "2009-12-31": "-89.82280", "2008-12-31": "17.00450", "2007-12-31": "20.41110", "2006-12-31": "26.96530", "2005-12-31": "27.39050"}, "Asset Turnover": {"2019-12-31": "0.04120", "2018-12-31": "0.04310", "2017-12-31": "0.04270", "2016-12-31": "0.04430", "2015-12-31": "0.04750", "2014-12-31": "0.04050", "2013-12-31": "0.04440", "2012-12-31": "0.04360", "2011-12-31": "0.03890", "2010-12-31": "0.03020", "2009-12-31": "0.01970", "2008-12-31": "0.03370", "2007-12-31": "0.03710", "2006-12-31": "0.04260", "2005-12-31": "0.04750"}, "Inventory Turnover Ratio": {"2019-12-31": "", "2018-12-31": "", "2017-12-31": "", "2016-12-31": "", "2015-12-31": "", "2014-12-31": "", "2013-12-31": "", "2012-12-31": "", "2011-12-31": "", "2010-12-31": "", "2009-12-31": "", "2008-12-31": "", "2007-12-31": "", "2006-12-31": "", "2005-12-31": ""}, "Receiveable Turnover": {"2019-12-31": "", "2018-12-31": "", "2017-12-31": "", "2016-12-31": "", "2015-12-31": "", "2014-12-31": "", "2013-12-31": "", "2012-12-31": "", "2011-12-31": "", "2010-12-31": "", "2009-12-31": "", "2008-12-31": "", "2007-12-31": "", "2006-12-31": "", "2005-12-31": ""}, "Days Sales In Receivables": {"2019-12-31": "", "2018-12-31": "", "2017-12-31": "", "2016-12-31": "", "2015-12-31": "", "2014-12-31": "", "2013-12-31": "", "2012-12-31": "", "2011-12-31": "", "2010-12-31": "", "2009-12-31": "", "2008-12-31": "", "2007-12-31": "", "2006-12-31": "", "2005-12-31": ""}, "ROE - Return On Equity": {"2019-12-31": "8.20820", "2018-12-31": "7.79660", "2017-12-31": "6.10460", "2016-12-31": "5.87390", "2015-12-31": "5.78120", "2014-12-31": "3.90880", "2013-12-31": "5.69000", "2012-12-31": "5.91000", "2011-12-31": "4.45440", "2010-12-31": "1.72450", "2009-12-31": "-11.25890", "2008-12-31": "3.97280", "2007-12-31": "5.10250", "2006-12-31": "7.30380", "2005-12-31": "9.44580"}, "Return On Tangible Equity": {"2019-12-31": "14.79770", "2018-12-31": "15.23570", "2017-12-31": "12.12510", "2016-12-31": "11.80270", "2015-12-31": "11.81070", "2014-12-31": "8.12460", "2013-12-31": "10.88520", "2012-12-31": "10.07550", "2011-12-31": "7.62490", "2010-12-31": "2.99380", "2009-12-31": "-16.77490", "2008-12-31": "7.07990", "2007-12-31": "13.60770", "2006-12-31": "18.09190", "2005-12-31": "21.86950"}, "ROA - Return On Assets": {"2019-12-31": "1.22750", "2018-12-31": "1.17400", "2017-12-31": "0.94360", "2016-12-31": "0.92720", "2015-12-31": "0.95080", "2014-12-31": "0.65310", "2013-12-31": "0.84470", "2012-12-31": "0.86380", "2011-12-31": "0.64430", "2010-12-31": "0.24280", "2009-12-31": "-1.63480", "2008-12-31": "0.59370", "2007-12-31": "0.75860", "2006-12-31": "1.14980", "2005-12-31": "1.30090"}, "ROI - Return On Investment": {"2019-12-31": "6.34140", "2018-12-31": "6.08450", "2017-12-31": "4.70560", "2016-12-31": "4.48270", "2015-12-31": "4.36800", "2014-12-31": "2.87560", "2013-12-31": "4.53350", "2012-12-31": "4.68740", "2011-12-31": "3.52470", "2010-12-31": "1.35600", "2009-12-31": "-8.37310", "2008-12-31": "2.70110", "2007-12-31": "4.08120", "2006-12-31": "6.16670", "2005-12-31": "7.68710"}, "Book Value Per Share": {"2019-12-31": "19.58830", "2018-12-31": "18.41700", "2017-12-31": "18.03040", "2016-12-31": "17.78930", "2015-12-31": "17.48340", "2014-12-31": "17.15850", "2013-12-31": "15.42720", "2012-12-31": "15.40830", "2011-12-31": "14.91030", "2010-12-31": "14.34100", "2009-12-31": "18.05030", "2008-12-31": "24.72330", "2007-12-31": "20.67250", "2006-12-31": "19.90720", "2005-12-31": "16.56930"}, "Operating Cash Flow Per Share": {"2019-12-31": -2.6536, "2018-12-31": -0.0454, "2017-12-31": 0.4549, "2016-12-31": 0.175, "2015-12-31": -0.2022, "2014-12-31": -1.8191, "2013-12-31": 3.5062, "2012-12-31": -1.3744, "2011-12-31": -0.2428, "2010-12-31": 0.5124, "2009-12-31": -1.101, "2008-12-31": 1.1069, "2007-12-31": -0.9058, "2006-12-31": -0.0017, "2005-12-31": 2.2259}, "Free Cash Flow Per Share": {"2019-12-31": -2.6704, "2018-12-31": -0.0668, "2017-12-31": 0.5729, "2016-12-31": 0.3514, "2015-12-31": -0.1986, "2014-12-31": -1.8313, "2013-12-31": 3.3865, "2012-12-31": -1.2709, "2011-12-31": -0.1034, "2010-12-31": 0.24, "2009-12-31": -1.0851, "2008-12-31": 0.9971, "2007-12-31": -0.7162, "2006-12-31": 0.0124, "2005-12-31": 1.9602}}, "financial ratios, quarterly": {"Current Ratio": {"2020-09-30": "", "2020-06-30": "", "2020-03-31": "", "2019-12-31": "", "2019-09-30": "", "2019-06-30": "", "2019-03-31": "", "2018-12-31": "", "2018-09-30": "", "2018-06-30": "", "2018-03-31": "", "2017-12-31": "", "2017-09-30": "", "2017-06-30": "", "2017-03-31": "", "2016-12-31": "", "2016-09-30": "", "2016-06-30": "", "2016-03-31": "", "2015-12-31": "", "2015-09-30": "", "2015-06-30": "", "2015-03-31": "", "2014-12-31": "", "2014-09-30": "", "2014-06-30": "", "2014-03-31": "", "2013-12-31": "", "2013-09-30": "", "2013-06-30": "", "2013-03-31": "", "2012-12-31": "", "2012-09-30": "", "2012-06-30": "", "2012-03-31": "", "2011-12-31": "", "2011-09-30": "", "2011-06-30": "", "2011-03-31": "", "2010-12-31": "", "2010-09-30": "", "2010-06-30": "", "2010-03-31": "", "2009-12-31": "", "2009-09-30": "", "2009-06-30": "", "2009-03-31": "", "2008-12-31": "", "2008-09-30": "", "2008-06-30": "", "2008-03-31": "", "2007-12-31": "", "2007-09-30": "", "2007-06-30": "", "2007-03-31": "", "2006-12-31": "", "2006-09-30": "", "2006-06-30": "", "2006-03-31": "", "2005-12-31": "", "2005-09-30": "", "2005-06-30": "", "2005-03-31": ""}, "Long-term Debt / Capital": {"2020-09-30": "0.33790", "2020-06-30": "0.35840", "2020-03-31": "0.37120", "2019-12-31": "0.22740", "2019-09-30": "0.25430", "2019-06-30": "0.21920", "2019-03-31": "0.24230", "2018-12-31": "0.21960", "2018-09-30": "0.21910", "2018-06-30": "0.22730", "2018-03-31": "0.22560", "2017-12-31": "0.22920", "2017-09-30": "0.23440", "2017-06-30": "0.23530", "2017-03-31": "0.23640", "2016-12-31": "0.23680", "2016-09-30": "0.24380", "2016-06-30": "0.24450", "2016-03-31": "0.24540", "2015-12-31": "0.24450", "2015-09-30": "0.24500", "2015-06-30": "0.24640", "2015-03-31": "0.25740", "2014-12-31": "0.26430", "2014-09-30": "0.27260", "2014-06-30": "0.27380", "2014-03-31": "0.20260", "2013-12-31": "0.20330", "2013-09-30": "0.20340", "2013-06-30": "0.20440", "2013-03-31": "0.20270", "2012-12-31": "0.20690", "2012-09-30": "0.20460", "2012-06-30": "0.20630", "2012-03-31": "0.20730", "2011-12-31": "0.20870", "2011-09-30": "0.20650", "2011-06-30": "0.20860", "2011-03-31": "0.21090", "2010-12-31": "0.21370", "2010-09-30": "0.21460", "2010-06-30": "0.22280", "2010-03-31": "0.24920", "2009-12-31": "0.14470", "2009-09-30": "0.14010", "2009-06-30": "0.17750", "2009-03-31": "0.21460", "2008-12-31": "0.21310", "2008-09-30": "0.24830", "2008-06-30": "0.27310", "2008-03-31": "0.24510", "2007-12-31": "0.20020", "2007-09-30": "0.20190", "2007-06-30": "0.18230", "2007-03-31": "0.15420", "2006-12-31": "0.15570", "2006-09-30": "0.18610", "2006-06-30": "0.19010", "2006-03-31": "0.18350", "2005-12-31": "0.18620", "2005-09-30": "0.18870", "2005-06-30": "0.20050", "2005-03-31": "0.24770"}, "Debt/Equity Ratio": {"2020-09-30": "0.65890", "2020-06-30": "0.71550", "2020-03-31": "0.72850", "2019-12-31": "0.36650", "2019-09-30": "0.41020", "2019-06-30": "0.35360", "2019-03-31": "0.39010", "2018-12-31": "0.35460", "2018-09-30": "0.35220", "2018-06-30": "0.36290", "2018-03-31": "0.36400", "2017-12-31": "0.37140", "2017-09-30": "0.38680", "2017-06-30": "0.39120", "2017-03-31": "0.38690", "2016-12-31": "0.40050", "2016-09-30": "0.40130", "2016-06-30": "0.41590", "2016-03-31": "0.40910", "2015-12-31": "0.40270", "2015-09-30": "0.40880", "2015-06-30": "0.41250", "2015-03-31": "0.43120", "2014-12-31": "0.44220", "2014-09-30": "0.46520", "2014-06-30": "0.46140", "2014-03-31": "0.40530", "2013-12-31": "0.38530", "2013-09-30": "0.38010", "2013-06-30": "0.35980", "2013-03-31": "0.33650", "2012-12-31": "0.34030", "2012-09-30": "0.35120", "2012-06-30": "0.34790", "2012-03-31": "0.33650", "2011-12-31": "0.33830", "2011-09-30": "0.34660", "2011-06-30": "0.33570", "2011-03-31": "0.32380", "2010-12-31": "0.31660", "2010-09-30": "0.30680", "2010-06-30": "0.31370", "2010-03-31": "0.35740", "2009-12-31": "0.19810", "2009-09-30": "0.19400", "2009-06-30": "0.30610", "2009-03-31": "0.30740", "2008-12-31": "0.30280", "2008-09-30": "0.40410", "2008-06-30": "0.52780", "2008-03-31": "0.39890", "2007-12-31": "0.33560", "2007-09-30": "0.31210", "2007-06-30": "0.30860", "2007-03-31": "0.22380", "2006-12-31": "0.22590", "2006-09-30": "0.28600", "2006-06-30": "0.46990", "2006-03-31": "0.58840", "2005-12-31": "0.38300", "2005-09-30": "0.43290", "2005-06-30": "0.42910", "2005-03-31": "0.40920"}, "Gross Margin": {"2020-09-30": "", "2020-06-30": "", "2020-03-31": "", "2019-12-31": "", "2019-09-30": "", "2019-06-30": "", "2019-03-31": "", "2018-12-31": "", "2018-09-30": "", "2018-06-30": "", "2018-03-31": "", "2017-12-31": "", "2017-09-30": "", "2017-06-30": "", "2017-03-31": "", "2016-12-31": "", "2016-09-30": "", "2016-06-30": "", "2016-03-31": "", "2015-12-31": "", "2015-09-30": "", "2015-06-30": "", "2015-03-31": "", "2014-12-31": "", "2014-09-30": "", "2014-06-30": "", "2014-03-31": "", "2013-12-31": "", "2013-09-30": "", "2013-06-30": "", "2013-03-31": "", "2012-12-31": "", "2012-09-30": "", "2012-06-30": "", "2012-03-31": "", "2011-12-31": "", "2011-09-30": "", "2011-06-30": "", "2011-03-31": "", "2010-12-31": "", "2010-09-30": "", "2010-06-30": "", "2010-03-31": "", "2009-12-31": "", "2009-09-30": "", "2009-06-30": "", "2009-03-31": "", "2008-12-31": "", "2008-09-30": "", "2008-06-30": "", "2008-03-31": "", "2007-12-31": "", "2007-09-30": "", "2007-06-30": "", "2007-03-31": "", "2006-12-31": "", "2006-09-30": "", "2006-06-30": "", "2006-03-31": "", "2005-12-31": "", "2005-09-30": "", "2005-06-30": "", "2005-03-31": ""}, "Operating Margin": {"2020-09-30": "", "2020-06-30": "", "2020-03-31": "", "2019-12-31": "", "2019-09-30": "", "2019-06-30": "", "2019-03-31": "", "2018-12-31": "", "2018-09-30": "", "2018-06-30": "", "2018-03-31": "", "2017-12-31": "", "2017-09-30": "", "2017-06-30": "", "2017-03-31": "", "2016-12-31": "", "2016-09-30": "", "2016-06-30": "", "2016-03-31": "", "2015-12-31": "", "2015-09-30": "", "2015-06-30": "", "2015-03-31": "", "2014-12-31": "", "2014-09-30": "", "2014-06-30": "", "2014-03-31": "", "2013-12-31": "", "2013-09-30": "", "2013-06-30": "", "2013-03-31": "", "2012-12-31": "", "2012-09-30": "", "2012-06-30": "", "2012-03-31": "", "2011-12-31": "", "2011-09-30": "", "2011-06-30": "", "2011-03-31": "", "2010-12-31": "", "2010-09-30": "", "2010-06-30": "", "2010-03-31": "", "2009-12-31": "", "2009-09-30": "", "2009-06-30": "", "2009-03-31": "", "2008-12-31": "", "2008-09-30": "", "2008-06-30": "", "2008-03-31": "", "2007-12-31": "", "2007-09-30": "", "2007-06-30": "", "2007-03-31": "", "2006-12-31": "", "2006-09-30": "", "2006-06-30": "", "2006-03-31": "", "2005-12-31": "", "2005-09-30": "", "2005-06-30": "", "2005-03-31": ""}, "EBIT Margin": {"2020-09-30": "", "2020-06-30": "", "2020-03-31": "", "2019-12-31": "", "2019-09-30": "", "2019-06-30": "", "2019-03-31": "", "2018-12-31": "", "2018-09-30": "", "2018-06-30": "", "2018-03-31": "", "2017-12-31": "", "2017-09-30": "", "2017-06-30": "", "2017-03-31": "", "2016-12-31": "", "2016-09-30": "", "2016-06-30": "", "2016-03-31": "", "2015-12-31": "", "2015-09-30": "", "2015-06-30": "", "2015-03-31": "", "2014-12-31": "", "2014-09-30": "", "2014-06-30": "", "2014-03-31": "", "2013-12-31": "", "2013-09-30": "", "2013-06-30": "", "2013-03-31": "", "2012-12-31": "", "2012-09-30": "", "2012-06-30": "", "2012-03-31": "", "2011-12-31": "", "2011-09-30": "", "2011-06-30": "", "2011-03-31": "", "2010-12-31": "", "2010-09-30": "", "2010-06-30": "", "2010-03-31": "", "2009-12-31": "", "2009-09-30": "", "2009-06-30": "", "2009-03-31": "", "2008-12-31": "", "2008-09-30": "", "2008-06-30": "", "2008-03-31": "", "2007-12-31": "", "2007-09-30": "", "2007-06-30": "", "2007-03-31": "", "2006-12-31": "", "2006-09-30": "", "2006-06-30": "", "2006-03-31": "", "2005-12-31": "", "2005-09-30": "", "2005-06-30": "", "2005-03-31": ""}, "EBITDA Margin": {"2020-09-30": "", "2020-06-30": "", "2020-03-31": "", "2019-12-31": "", "2019-09-30": "", "2019-06-30": "", "2019-03-31": "", "2018-12-31": "", "2018-09-30": "", "2018-06-30": "", "2018-03-31": "", "2017-12-31": "", "2017-09-30": "", "2017-06-30": "", "2017-03-31": "", "2016-12-31": "", "2016-09-30": "", "2016-06-30": "", "2016-03-31": "", "2015-12-31": "", "2015-09-30": "", "2015-06-30": "", "2015-03-31": "", "2014-12-31": "", "2014-09-30": "", "2014-06-30": "", "2014-03-31": "", "2013-12-31": "", "2013-09-30": "", "2013-06-30": "", "2013-03-31": "", "2012-12-31": "", "2012-09-30": "", "2012-06-30": "", "2012-03-31": "", "2011-12-31": "", "2011-09-30": "", "2011-06-30": "", "2011-03-31": "", "2010-12-31": "", "2010-09-30": "", "2010-06-30": "", "2010-03-31": "", "2009-12-31": "", "2009-09-30": "", "2009-06-30": "", "2009-03-31": "", "2008-12-31": "", "2008-09-30": "", "2008-06-30": "", "2008-03-31": "", "2007-12-31": "", "2007-09-30": "", "2007-06-30": "", "2007-03-31": "", "2006-12-31": "", "2006-09-30": "", "2006-06-30": "", "2006-03-31": "", "2005-12-31": "", "2005-09-30": "", "2005-06-30": "", "2005-03-31": ""}, "Pre-Tax Profit Margin": {"2020-09-30": "45.47380", "2020-06-30": "24.48670", "2020-03-31": "-1291.01900", "2019-12-31": "37.67040", "2019-09-30": "37.60920", "2019-06-30": "45.26790", "2019-03-31": "36.38640", "2018-12-31": "37.80520", "2018-09-30": "40.64060", "2018-06-30": "30.94990", "2018-03-31": "35.79920", "2017-12-31": "31.27770", "2017-09-30": "34.57820", "2017-06-30": "32.64340", "2017-03-31": "28.42550", "2016-12-31": "36.41880", "2016-09-30": "34.71000", "2016-06-30": "31.01610", "2016-03-31": "28.91510", "2015-12-31": "34.68420", "2015-09-30": "32.75660", "2015-06-30": "29.72220", "2015-03-31": "27.69200", "2014-12-31": "30.10960", "2014-09-30": "33.26290", "2014-06-30": "11.89080", "2014-03-31": "22.85040", "2013-12-31": "29.79790", "2013-09-30": "27.48980", "2013-06-30": "31.55470", "2013-03-31": "29.11290", "2012-12-31": "30.36510", "2012-09-30": "30.81600", "2012-06-30": "28.67900", "2012-03-31": "30.65100", "2011-12-31": "27.33580", "2011-09-30": "27.42270", "2011-06-30": "24.20150", "2011-03-31": "19.18440", "2010-12-31": "12.33330", "2010-09-30": "10.86810", "2010-06-30": "7.72290", "2010-03-31": "6.83000", "2009-12-31": "-150.21560", "2009-09-30": "-43.65370", "2009-06-30": "-132.83490", "2009-03-31": "-88.30020", "2008-12-31": "9.14310", "2008-09-30": "21.92800", "2008-06-30": "20.60340", "2008-03-31": "43.79040", "2007-12-31": "18.21790", "2007-09-30": "26.53550", "2007-06-30": "36.41040", "2007-03-31": "39.15220", "2006-12-31": "43.81110", "2006-09-30": "40.31540", "2006-06-30": "41.96270", "2006-03-31": "41.34820", "2005-12-31": "42.20760", "2005-09-30": "45.12970", "2005-06-30": "40.88080", "2005-03-31": "40.39730"}, "Net Profit Margin": {"2020-09-30": "35.79650", "2020-06-30": "21.97030", "2020-03-31": "-1312.55300", "2019-12-31": "28.45630", "2019-09-30": "28.71700", "2019-06-30": "33.91950", "2019-03-31": "27.44600", "2018-12-31": "27.98470", "2018-09-30": "30.12170", "2018-06-30": "23.30210", "2018-03-31": "27.24190", "2017-12-31": "26.85070", "2017-09-30": "22.15750", "2017-06-30": "20.93860", "2017-03-31": "18.01610", "2016-12-31": "23.00140", "2016-09-30": "22.26150", "2016-06-30": "19.85410", "2016-03-31": "18.36730", "2015-12-31": "22.10660", "2015-09-30": "21.11450", "2015-06-30": "19.03530", "2015-03-31": "17.66040", "2014-12-31": "19.20180", "2014-09-30": "21.47380", "2014-06-30": "7.18390", "2014-03-31": "14.81800", "2013-12-31": "18.39490", "2013-09-30": "17.65730", "2013-06-30": "20.28190", "2013-03-31": "19.15790", "2012-12-31": "19.72660", "2012-09-30": "19.87290", "2012-06-30": "18.96320", "2012-03-31": "20.03540", "2011-12-31": "18.11860", "2011-09-30": "18.31350", "2011-06-30": "16.12310", "2011-03-31": "12.86600", "2010-12-31": "8.12170", "2010-09-30": "8.55320", "2010-06-30": "4.25050", "2010-03-31": "-4.92450", "2009-12-31": "-103.27510", "2009-09-30": "-21.80790", "2009-06-30": "-140.16010", "2009-03-31": "-57.94330", "2008-12-31": "3.42590", "2008-09-30": "16.48470", "2008-06-30": "14.80910", "2008-03-31": "29.20270", "2007-12-31": "13.32140", "2007-09-30": "18.30190", "2007-06-30": "23.47320", "2007-03-31": "25.13870", "2006-12-31": "28.10940", "2006-09-30": "26.91380", "2006-06-30": "26.34720", "2006-03-31": "26.22180", "2005-12-31": "28.48460", "2005-09-30": "29.47930", "2005-06-30": "25.98120", "2005-03-31": "25.26240"}, "Asset Turnover": {"2020-09-30": "0.01190", "2020-06-30": "0.00810", "2020-03-31": "0.00510", "2019-12-31": "0.01020", "2019-09-30": "0.01020", "2019-06-30": "0.01180", "2019-03-31": "0.00990", "2018-12-31": "0.01070", "2018-09-30": "0.01130", "2018-06-30": "0.01070", "2018-03-31": "0.01120", "2017-12-31": "0.01090", "2017-09-30": "0.01120", "2017-06-30": "0.01080", "2017-03-31": "0.01030", "2016-12-31": "0.01160", "2016-09-30": "0.01120", "2016-06-30": "0.01130", "2016-03-31": "0.01080", "2015-12-31": "0.01220", "2015-09-30": "0.01180", "2015-06-30": "0.01260", "2015-03-31": "0.01160", "2014-12-31": "0.01210", "2014-09-30": "0.01220", "2014-06-30": "0.01100", "2014-03-31": "0.01060", "2013-12-31": "0.01170", "2013-09-30": "0.01140", "2013-06-30": "0.01130", "2013-03-31": "0.01050", "2012-12-31": "0.01190", "2012-09-30": "0.01090", "2012-06-30": "0.01060", "2012-03-31": "0.01100", "2011-12-31": "0.01020", "2011-09-30": "0.01010", "2011-06-30": "0.00960", "2011-03-31": "0.00900", "2010-12-31": "0.00860", "2010-09-30": "0.00830", "2010-06-30": "0.00750", "2010-03-31": "0.00710", "2009-12-31": "0.00310", "2009-09-30": "0.00520", "2009-06-30": "0.00890", "2009-03-31": "0.00360", "2008-12-31": "0.00720", "2008-09-30": "0.00900", "2008-06-30": "0.00820", "2008-03-31": "0.01010", "2007-12-31": "0.00840", "2007-09-30": "0.00880", "2007-06-30": "0.01040", "2007-03-31": "0.01120", "2006-12-31": "0.01190", "2006-09-30": "0.01180", "2006-06-30": "0.01040", "2006-03-31": "0.01210", "2005-12-31": "0.01230", "2005-09-30": "0.01300", "2005-06-30": "0.01220", "2005-03-31": "0.01190"}, "Inventory Turnover Ratio": {"2020-09-30": "", "2020-06-30": "", "2020-03-31": "", "2019-12-31": "", "2019-09-30": "", "2019-06-30": "", "2019-03-31": "", "2018-12-31": "", "2018-09-30": "", "2018-06-30": "", "2018-03-31": "", "2017-12-31": "", "2017-09-30": "", "2017-06-30": "", "2017-03-31": "", "2016-12-31": "", "2016-09-30": "", "2016-06-30": "", "2016-03-31": "", "2015-12-31": "", "2015-09-30": "", "2015-06-30": "", "2015-03-31": "", "2014-12-31": "", "2014-09-30": "", "2014-06-30": "", "2014-03-31": "", "2013-12-31": "", "2013-09-30": "", "2013-06-30": "", "2013-03-31": "", "2012-12-31": "", "2012-09-30": "", "2012-06-30": "", "2012-03-31": "", "2011-12-31": "", "2011-09-30": "", "2011-06-30": "", "2011-03-31": "", "2010-12-31": "", "2010-09-30": "", "2010-06-30": "", "2010-03-31": "", "2009-12-31": "", "2009-09-30": "", "2009-06-30": "", "2009-03-31": "", "2008-12-31": "", "2008-09-30": "", "2008-06-30": "", "2008-03-31": "", "2007-12-31": "", "2007-09-30": "", "2007-06-30": "", "2007-03-31": "", "2006-12-31": "", "2006-09-30": "", "2006-06-30": "", "2006-03-31": "", "2005-12-31": "", "2005-09-30": "", "2005-06-30": "", "2005-03-31": ""}, "Receiveable Turnover": {"2020-09-30": "", "2020-06-30": "", "2020-03-31": "", "2019-12-31": "", "2019-09-30": "", "2019-06-30": "", "2019-03-31": "", "2018-12-31": "", "2018-09-30": "", "2018-06-30": "", "2018-03-31": "", "2017-12-31": "", "2017-09-30": "", "2017-06-30": "", "2017-03-31": "", "2016-12-31": "", "2016-09-30": "", "2016-06-30": "", "2016-03-31": "", "2015-12-31": "", "2015-09-30": "", "2015-06-30": "", "2015-03-31": "", "2014-12-31": "", "2014-09-30": "", "2014-06-30": "", "2014-03-31": "", "2013-12-31": "", "2013-09-30": "", "2013-06-30": "", "2013-03-31": "", "2012-12-31": "", "2012-09-30": "", "2012-06-30": "", "2012-03-31": "", "2011-12-31": "", "2011-09-30": "", "2011-06-30": "", "2011-03-31": "", "2010-12-31": "", "2010-09-30": "", "2010-06-30": "", "2010-03-31": "", "2009-12-31": "", "2009-09-30": "", "2009-06-30": "", "2009-03-31": "", "2008-12-31": "", "2008-09-30": "", "2008-06-30": "", "2008-03-31": "", "2007-12-31": "", "2007-09-30": "", "2007-06-30": "", "2007-03-31": "", "2006-12-31": "", "2006-09-30": "", "2006-06-30": "", "2006-03-31": "", "2005-12-31": "", "2005-09-30": "", "2005-06-30": "", "2005-03-31": ""}, "Days Sales In Receivables": {"2020-09-30": "", "2020-06-30": "", "2020-03-31": "", "2019-12-31": "", "2019-09-30": "", "2019-06-30": "", "2019-03-31": "", "2018-12-31": "", "2018-09-30": "", "2018-06-30": "", "2018-03-31": "", "2017-12-31": "", "2017-09-30": "", "2017-06-30": "", "2017-03-31": "", "2016-12-31": "", "2016-09-30": "", "2016-06-30": "", "2016-03-31": "", "2015-12-31": "", "2015-09-30": "", "2015-06-30": "", "2015-03-31": "", "2014-12-31": "", "2014-09-30": "", "2014-06-30": "", "2014-03-31": "", "2013-12-31": "", "2013-09-30": "", "2013-06-30": "", "2013-03-31": "", "2012-12-31": "", "2012-09-30": "", "2012-06-30": "", "2012-03-31": "", "2011-12-31": "", "2011-09-30": "", "2011-06-30": "", "2011-03-31": "", "2010-12-31": "", "2010-09-30": "", "2010-06-30": "", "2010-03-31": "", "2009-12-31": "", "2009-09-30": "", "2009-06-30": "", "2009-03-31": "", "2008-12-31": "", "2008-09-30": "", "2008-06-30": "", "2008-03-31": "", "2007-12-31": "", "2007-09-30": "", "2007-06-30": "", "2007-03-31": "", "2006-12-31": "", "2006-09-30": "", "2006-06-30": "", "2006-03-31": "", "2005-12-31": "", "2005-09-30": "", "2005-06-30": "", "2005-03-31": ""}, "ROE - Return On Equity": {"2020-09-30": "4.78390", "2020-06-30": "2.08510", "2020-03-31": "-73.85300", "2019-12-31": "1.94140", "2019-09-30": "1.97000", "2019-06-30": "2.64420", "2019-03-31": "1.80030", "2018-12-31": "1.97980", "2018-09-30": "2.27230", "2018-06-30": "1.65780", "2018-03-31": "1.96750", "2017-12-31": "1.89660", "2017-09-30": "1.60110", "2017-06-30": "1.44530", "2017-03-31": "1.17020", "2016-12-31": "1.69530", "2016-09-30": "1.57670", "2016-06-30": "1.39120", "2016-03-31": "1.22640", "2015-12-31": "1.63710", "2015-09-30": "1.50190", "2015-06-30": "1.44010", "2015-03-31": "1.23990", "2014-12-31": "1.39190", "2014-09-30": "1.56920", "2014-06-30": "0.47040", "2014-03-31": "1.07530", "2013-12-31": "1.45880", "2013-09-30": "1.36020", "2013-06-30": "1.53050", "2013-03-31": "1.34700", "2012-12-31": "1.62170", "2012-09-30": "1.46740", "2012-06-30": "1.37180", "2012-03-31": "1.51170", "2011-12-31": "1.27850", "2011-09-30": "1.28970", "2011-06-30": "1.06220", "2011-03-31": "0.81550", "2010-12-31": "0.49670", "2010-09-30": "0.49590", "2010-06-30": "0.20940", "2010-03-31": "0.58780", "2009-12-31": "-1.95880", "2009-09-30": "-0.50940", "2009-06-30": "-9.04370", "2009-03-31": "-1.20340", "2008-12-31": "0.29810", "2008-09-30": "0.99330", "2008-06-30": "0.81620", "2008-03-31": "1.96300", "2007-12-31": "0.76750", "2007-09-30": "1.06850", "2007-06-30": "1.58540", "2007-03-31": "1.76850", "2006-12-31": "2.12180", "2006-09-30": "2.00200", "2006-06-30": "1.76360", "2006-03-31": "2.32120", "2005-12-31": "2.54480", "2005-09-30": "2.74130", "2005-06-30": "2.23940", "2005-03-31": "2.15500"}, "Return On Tangible Equity": {"2020-09-30": "4.99550", "2020-06-30": "2.18390", "2020-03-31": "-77.37560", "2019-12-31": "3.49990", "2019-09-30": "3.62560", "2019-06-30": "4.90410", "2019-03-31": "3.45440", "2018-12-31": "3.86890", "2018-09-30": "4.51360", "2018-06-30": "3.29970", "2018-03-31": "3.88470", "2017-12-31": "3.76710", "2017-09-30": "3.15160", "2017-06-30": "2.86690", "2017-03-31": "2.34000", "2016-12-31": "3.40650", "2016-09-30": "3.12270", "2016-06-30": "2.76720", "2016-03-31": "2.46360", "2015-12-31": "3.34460", "2015-09-30": "3.07440", "2015-06-30": "2.98190", "2015-03-31": "2.55850", "2014-12-31": "2.89320", "2014-09-30": "3.29220", "2014-06-30": "0.98980", "2014-03-31": "2.05010", "2013-12-31": "2.79080", "2013-09-30": "2.59110", "2013-06-30": "2.64060", "2013-03-31": "2.29470", "2012-12-31": "2.76460", "2012-09-30": "2.47570", "2012-06-30": "2.32880", "2012-03-31": "2.57390", "2011-12-31": "2.18850", "2011-09-30": "2.18610", "2011-06-30": "1.81790", "2011-03-31": "1.41030", "2010-12-31": "0.86220", "2010-09-30": "0.85560", "2010-06-30": "0.36270", "2010-03-31": "0.89250", "2009-12-31": "-2.91840", "2009-09-30": "-0.74980", "2009-06-30": "-14.84120", "2009-03-31": "-2.16410", "2008-12-31": "0.53120", "2008-09-30": "2.60190", "2008-06-30": "2.15660", "2008-03-31": "5.08810", "2007-12-31": "2.04670", "2007-09-30": "2.88650", "2007-06-30": "4.16270", "2007-03-31": "4.29580", "2006-12-31": "5.25600", "2006-09-30": "5.07310", "2006-06-30": "4.68790", "2006-03-31": "5.25820", "2005-12-31": "5.89180", "2005-09-30": "6.44810", "2005-06-30": "5.36400", "2005-03-31": "5.40100"}, "ROA - Return On Assets": {"2020-09-30": "0.42420", "2020-06-30": "0.17850", "2020-03-31": "-6.72450", "2019-12-31": "0.29030", "2019-09-30": "0.29210", "2019-06-30": "0.39950", "2019-03-31": "0.27060", "2018-12-31": "0.29810", "2018-09-30": "0.34180", "2018-06-30": "0.24920", "2018-03-31": "0.30520", "2017-12-31": "0.29320", "2017-09-30": "0.24830", "2017-06-30": "0.22650", "2017-03-31": "0.18500", "2016-12-31": "0.26760", "2016-09-30": "0.24980", "2016-06-30": "0.22500", "2016-03-31": "0.19870", "2015-12-31": "0.26920", "2015-09-30": "0.24870", "2015-06-30": "0.24040", "2015-03-31": "0.20530", "2014-12-31": "0.23260", "2014-09-30": "0.26180", "2014-06-30": "0.07960", "2014-03-31": "0.15750", "2013-12-31": "0.21660", "2013-09-30": "0.20290", "2013-06-30": "0.23040", "2013-03-31": "0.20330", "2012-12-31": "0.23700", "2012-09-30": "0.21820", "2012-06-30": "0.20200", "2012-03-31": "0.22270", "2011-12-31": "0.18490", "2011-09-30": "0.18570", "2011-06-30": "0.15520", "2011-03-31": "0.11660", "2010-12-31": "0.06990", "2010-09-30": "0.07100", "2010-06-30": "0.03200", "2010-03-31": "0.08100", "2009-12-31": "-0.28440", "2009-09-30": "-0.07760", "2009-06-30": "-1.20470", "2009-03-31": "-0.17360", "2008-12-31": "0.04450", "2008-09-30": "0.14870", "2008-06-30": "0.12170", "2008-03-31": "0.29530", "2007-12-31": "0.11410", "2007-09-30": "0.16020", "2007-06-30": "0.24450", "2007-03-31": "0.28160", "2006-12-31": "0.33400", "2006-09-30": "0.31750", "2006-06-30": "0.27340", "2006-03-31": "0.31830", "2005-12-31": "0.35050", "2005-09-30": "0.38410", "2005-06-30": "0.31770", "2005-03-31": "0.30150"}, "ROI - Return On Investment": {"2020-09-30": "3.16760", "2020-06-30": "1.33780", "2020-03-31": "-46.43600", "2019-12-31": "1.49990", "2019-09-30": "1.46900", "2019-06-30": "2.06450", "2019-03-31": "1.36400", "2018-12-31": "1.54510", "2018-09-30": "1.77440", "2018-06-30": "1.28100", "2018-03-31": "1.52370", "2017-12-31": "1.46200", "2017-09-30": "1.22580", "2017-06-30": "1.10520", "2017-03-31": "0.89360", "2016-12-31": "1.29380", "2016-09-30": "1.19230", "2016-06-30": "1.05110", "2016-03-31": "0.92540", "2015-12-31": "1.23690", "2015-09-30": "1.13400", "2015-06-30": "1.08530", "2015-03-31": "0.92070", "2014-12-31": "1.02400", "2014-09-30": "1.14140", "2014-06-30": "0.34160", "2014-03-31": "0.85750", "2013-12-31": "1.16230", "2013-09-30": "1.08350", "2013-06-30": "1.21760", "2013-03-31": "1.07400", "2012-12-31": "1.28620", "2012-09-30": "1.16720", "2012-06-30": "1.08880", "2012-03-31": "1.19840", "2011-12-31": "1.01170", "2011-09-30": "1.02340", "2011-06-30": "0.84070", "2011-03-31": "0.64350", "2010-12-31": "0.39050", "2010-09-30": "0.38950", "2010-06-30": "0.16270", "2010-03-31": "0.38820", "2009-12-31": "-1.45670", "2009-09-30": "-0.38250", "2009-06-30": "-6.32370", "2009-03-31": "-0.81480", "2008-12-31": "0.20270", "2008-09-30": "0.74670", "2008-06-30": "0.59330", "2008-03-31": "1.48190", "2007-12-31": "0.61380", "2007-09-30": "0.85280", "2007-06-30": "1.29630", "2007-03-31": "1.49580", "2006-12-31": "1.79150", "2006-09-30": "1.62940", "2006-06-30": "1.42830", "2006-03-31": "1.89520", "2005-12-31": "2.07090", "2005-09-30": "2.22390", "2005-06-30": "1.79040", "2005-03-31": "1.62110"}, "Book Value Per Share": {"2020-09-30": "11.85280", "2020-06-30": "11.52640", "2020-03-31": "11.38920", "2019-12-31": "19.58830", "2019-09-30": "19.47900", "2019-06-30": "19.17700", "2019-03-31": "18.65360", "2018-12-31": "18.41700", "2018-09-30": "18.17990", "2018-06-30": "18.07900", "2018-03-31": "18.20680", "2017-12-31": "18.03040", "2017-09-30": "18.09630", "2017-06-30": "17.97800", "2017-03-31": "17.84060", "2016-12-31": "17.78930", "2016-09-30": "17.80240", "2016-06-30": "17.69830", "2016-03-31": "17.61640", "2015-12-31": "17.48340", "2015-09-30": "17.41720", "2015-06-30": "17.26980", "2015-03-31": "17.24160", "2014-12-31": "17.15850", "2014-09-30": "17.27180", "2014-06-30": "17.16950", "2014-03-31": "15.44230", "2013-12-31": "15.42720", "2013-09-30": "15.42040", "2013-06-30": "15.33070", "2013-03-31": "15.48990", "2012-12-31": "15.40830", "2012-09-30": "15.31600", "2012-06-30": "15.16510", "2012-03-31": "15.07740", "2011-12-31": "14.91030", "2011-09-30": "14.79950", "2011-06-30": "14.61820", "2011-03-31": "14.40510", "2010-12-31": "14.34100", "2010-09-30": "14.42140", "2010-06-30": "14.44270", "2010-03-31": "17.23970", "2009-12-31": "18.05030", "2009-09-30": "18.50810", "2009-06-30": "22.51810", "2009-03-31": "24.41680", "2008-12-31": "24.72330", "2008-09-30": "20.74160", "2008-06-30": "20.70690", "2008-03-31": "20.92560", "2007-12-31": "20.67250", "2007-09-30": "20.59990", "2007-06-30": "20.48470", "2007-03-31": "20.06660", "2006-12-31": "19.90720", "2006-09-30": "19.67430", "2006-06-30": "19.30720", "2006-03-31": "16.78810", "2005-12-31": "16.56930", "2005-09-30": "16.34060", "2005-06-30": "16.07850", "2005-03-31": "15.68460"}, "Operating Cash Flow Per Share": {"2020-09-30": 0.2871, "2020-06-30": -0.1153, "2020-03-31": "-0.53910", "2019-12-31": -0.0117, "2019-09-30": 0.1806, "2019-06-30": -0.2906, "2019-03-31": "-0.24300", "2018-12-31": 0.8448, "2018-09-30": 1.2203, "2018-06-30": -0.0886, "2018-03-31": "0.31240", "2017-12-31": 1.1995, "2017-09-30": 0.752, "2017-06-30": 0.1116, "2017-03-31": "0.27120", "2016-12-31": 0.1257, "2016-09-30": 0.4261, "2016-06-30": 1.1338, "2016-03-31": "0.19380", "2015-12-31": 0.7186, "2015-09-30": 0.6115, "2015-06-30": 0.4803, "2015-03-31": "-0.10600", "2014-12-31": 0.6547, "2014-09-30": 1.1352, "2014-06-30": -0.512, "2014-03-31": "0.62870", "2013-12-31": 0.5231, "2013-09-30": 1.0362, "2013-06-30": 0.0727, "2013-03-31": "2.09370", "2012-12-31": -0.157, "2012-09-30": 0.3967, "2012-06-30": -0.2948, "2012-03-31": "0.27460", "2011-12-31": 0.3501, "2011-09-30": 0.1315, "2011-06-30": 0.472, "2011-03-31": "0.64030", "2010-12-31": 0.6269, "2010-09-30": 0.1206, "2010-06-30": 0.4635, "2010-03-31": "0.62570", "2009-12-31": -0.0858, "2009-09-30": 1.0035, "2009-06-30": 0.2399, "2009-03-31": "0.16670", "2008-12-31": 0.4317, "2008-09-30": 0.4921, "2008-06-30": 1.101, "2008-03-31": "0.40050", "2007-12-31": 0.3897, "2007-09-30": 0.4051, "2007-06-30": 0.3049, "2007-03-31": "0.21870", "2006-12-31": 0.7624, "2006-09-30": 0.2622, "2006-06-30": 0.8478, "2006-03-31": "0.35180", "2005-12-31": 0.7914, "2005-09-30": 1.5675, "2005-06-30": -0.7705, "2005-03-31": "0.63750"}, "Free Cash Flow Per Share": {"2020-09-30": 0.2765, "2020-06-30": -0.139, "2020-03-31": "-0.55700", "2019-12-31": -0.0318, "2019-09-30": 0.1676, "2019-06-30": -0.3043, "2019-03-31": "-0.25370", "2018-12-31": 0.8299, "2018-09-30": 1.2073, "2018-06-30": -0.0993, "2018-03-31": "0.31030", "2017-12-31": 1.2442, "2017-09-30": 0.7385, "2017-06-30": 0.0925, "2017-03-31": "0.23980", "2016-12-31": 0.0906, "2016-09-30": 0.3944, "2016-06-30": 1.109, "2016-03-31": "0.14810", "2015-12-31": 0.6679, "2015-09-30": 0.541, "2015-06-30": 0.3785, "2015-03-31": "-0.19670", "2014-12-31": 0.5285, "2014-09-30": 1.0584, "2014-06-30": -0.5539, "2014-03-31": "0.55630", "2013-12-31": 0.443, "2013-09-30": 0.9572, "2013-06-30": -0.0282, "2013-03-31": "2.04860", "2012-12-31": -0.2046, "2012-09-30": 0.3543, "2012-06-30": -0.3437, "2012-03-31": "0.22810", "2011-12-31": 0.2612, "2011-09-30": 0.0769, "2011-06-30": 0.3947, "2011-03-31": "0.57220", "2010-12-31": 0.546, "2010-09-30": 0.0572, "2010-06-30": 0.2062, "2010-03-31": "0.59900", "2009-12-31": -0.1386, "2009-09-30": 0.9842, "2009-06-30": 0.1963, "2009-03-31": "0.12650", "2008-12-31": 0.3918, "2008-09-30": 0.4492, "2008-06-30": 1.0423, "2008-03-31": "0.37020", "2007-12-31": 0.3716, "2007-09-30": 0.3769, "2007-06-30": 0.333, "2007-03-31": "0.17490", "2006-12-31": 0.6492, "2006-09-30": 0.239, "2006-06-30": 0.7894, "2006-03-31": "0.29500", "2005-12-31": 0.7335, "2005-09-30": 1.5137, "2005-06-30": -0.8459, "2005-03-31": "0.55890"}}, "revenue": {"Umpqua Holdings Annual Revenue (Millions of US $)": {"2020": "$1,425", "2019": "$1,471", "2018": "$1,347", "2017": "$1,222", "2016": "$1,206", "2015": "$1,206", "2014": "$1,004", "2013": "$566", "2012": "$593", "2011": "$586", "2010": "$565", "2009": "$497", "2008": "$550", "2007": "$553", "2006": "$460", "2005": "$330"}, "Umpqua Holdings Quarterly Revenue (Millions of US $)": {"2020-12-31": "$379", "2020-09-30": "$374", "2020-06-30": "$362", "2020-03-31": "$309", "2019-12-31": "$366", "2019-09-30": "$374", "2019-06-30": "$403", "2019-03-31": "$328", "2018-12-31": "$344", "2018-09-30": "$349", "2018-06-30": "$327", "2018-03-31": "$328", "2017-12-31": "$315", "2017-09-30": "$320", "2017-06-30": "$303", "2017-03-31": "$284", "2016-12-31": "$319", "2016-09-30": "$307", "2016-06-30": "$300", "2016-03-31": "$280", "2015-12-31": "$305", "2015-09-30": "$295", "2015-06-30": "$313", "2015-03-31": "$293", "2014-12-31": "$292", "2014-09-30": "$302", "2014-06-30": "$270", "2014-03-31": "$139", "2013-12-31": "$147", "2013-09-30": "$142", "2013-06-30": "$139", "2013-03-31": "$138", "2012-12-31": "$160", "2012-09-30": "$148", "2012-06-30": "$143", "2012-03-31": "$143", "2011-12-31": "$140", "2011-09-30": "$151", "2011-06-30": "$148", "2011-03-31": "$146", "2010-12-31": "$146", "2010-09-30": "$145", "2010-06-30": "$134", "2010-03-31": "$139", "2009-12-31": "$121", "2009-09-30": "$125", "2009-06-30": "$132", "2009-03-31": "$120", "2008-12-31": "$128", "2008-09-30": "$146", "2008-06-30": "$131", "2008-03-31": "$145", "2007-12-31": "$141", "2007-09-30": "$146", "2007-06-30": "$138", "2007-03-31": "$128", "2006-12-31": "$131", "2006-09-30": "$128", "2006-06-30": "$108", "2006-03-31": "$93", "2005-12-31": "$88", "2005-09-30": "$87", "2005-06-30": "$80", "2005-03-31": "$75"}}, "gross-profit": {"Umpqua Holdings Annual Gross Profit (Millions of US $)": {"2020": "$1,295", "2019": "$1,260", "2018": "$1,218", "2017": "$1,144", "2016": "$1,140", "2015": "$1,147", "2014": "$955", "2013": "$528", "2012": "$544", "2011": "$513", "2010": "$471", "2009": "$394", "2008": "$397", "2007": "$351", "2006": "$316", "2005": "$257"}, "Umpqua Holdings Quarterly Gross Profit (Millions of US $)": {"2020-12-31": "$359", "2020-09-30": "$348", "2020-06-30": "$328", "2020-03-31": "$259", "2019-12-31": "$311", "2019-09-30": "$317", "2019-06-30": "$349", "2019-03-31": "$283", "2018-12-31": "$304", "2018-09-30": "$314", "2018-06-30": "$297", "2018-03-31": "$304", "2017-12-31": "$293", "2017-09-30": "$300", "2017-06-30": "$284", "2017-03-31": "$267", "2016-12-31": "$302", "2016-09-30": "$291", "2016-06-30": "$284", "2016-03-31": "$264", "2015-12-31": "$289", "2015-09-30": "$281", "2015-06-30": "$299", "2015-03-31": "$279", "2014-12-31": "$278", "2014-09-30": "$288", "2014-06-30": "$258", "2014-03-31": "$131", "2013-12-31": "$138", "2013-09-30": "$133", "2013-06-30": "$128", "2013-03-31": "$128", "2012-12-31": "$149", "2012-09-30": "$136", "2012-06-30": "$130", "2012-03-31": "$130", "2011-12-31": "$125", "2011-09-30": "$132", "2011-06-30": "$129", "2011-03-31": "$126", "2010-12-31": "$122", "2010-09-30": "$120", "2010-06-30": "$111", "2010-03-31": "$117", "2009-12-31": "$98", "2009-09-30": "$100", "2009-06-30": "$106", "2009-03-31": "$91", "2008-12-31": "$94", "2008-09-30": "$110", "2008-06-30": "$94", "2008-03-31": "$100", "2007-12-31": "$88", "2007-09-30": "$92", "2007-06-30": "$88", "2007-03-31": "$82", "2006-12-31": "$87", "2006-09-30": "$87", "2006-06-30": "$75", "2006-03-31": "$66", "2005-12-31": "$66", "2005-09-30": "$68", "2005-06-30": "$63", "2005-03-31": "$60"}}, "operating-income": {"Umpqua Holdings Annual Operating Income (Millions of US $)": {"2020": "$-1,456", "2019": "$469", "2018": "$423", "2017": "$358", "2016": "$376", "2015": "$393", "2014": "$313", "2013": "$161", "2012": "$158", "2011": "$112", "2010": "$41", "2009": "$-194", "2008": "$73", "2007": "$98", "2006": "$136", "2005": "$108"}, "Umpqua Holdings Quarterly Operating Income (Millions of US $)": {"2020-12-31": "$148", "2020-09-30": "$159", "2020-06-30": "$59", "2020-03-31": "$-1,822", "2019-12-31": "$115", "2019-09-30": "$111", "2019-06-30": "$149", "2019-03-31": "$98", "2018-12-31": "$108", "2018-09-30": "$123", "2018-06-30": "$88", "2018-03-31": "$104", "2017-12-31": "$88", "2017-09-30": "$106", "2017-06-30": "$91", "2017-03-31": "$74", "2016-12-31": "$108", "2016-09-30": "$98", "2016-06-30": "$91", "2016-03-31": "$78", "2015-12-31": "$102", "2015-09-30": "$95", "2015-06-30": "$107", "2015-03-31": "$88", "2014-12-31": "$92", "2014-09-30": "$100", "2014-06-30": "$86", "2014-03-31": "$35", "2013-12-31": "$42", "2013-09-30": "$41", "2013-06-30": "$41", "2013-03-31": "$37", "2012-12-31": "$45", "2012-09-30": "$39", "2012-06-30": "$35", "2012-03-31": "$39", "2011-12-31": "$32", "2011-09-30": "$33", "2011-06-30": "$27", "2011-03-31": "$20", "2010-12-31": "$13", "2010-09-30": "$12", "2010-06-30": "$8", "2010-03-31": "$7", "2009-12-31": "$-44", "2009-09-30": "$-21", "2009-06-30": "$-102", "2009-03-31": "$-28", "2008-12-31": "$6", "2008-09-30": "$16", "2008-06-30": "$14", "2008-03-31": "$37", "2007-12-31": "$13", "2007-09-30": "$19", "2007-06-30": "$33", "2007-03-31": "$33", "2006-12-31": "$39", "2006-09-30": "$37", "2006-06-30": "$33", "2006-03-31": "$28", "2005-12-31": "$28", "2005-09-30": "$31", "2005-06-30": "$25", "2005-03-31": "$24"}}, "ebitda": {"Umpqua Holdings Annual EBITDA (Millions of US $)": {"2019": "$", "2018": "$", "2017": "$", "2016": "$", "2015": "$", "2014": "$", "2013": "$", "2012": "$", "2011": "$", "2010": "$", "2009": "$", "2008": "$", "2007": "$", "2006": "$", "2005": "$"}, "Umpqua Holdings Quarterly EBITDA (Millions of US $)": {"2020-09-30": "", "2020-06-30": "", "2020-03-31": "", "2019-12-31": "", "2019-09-30": "", "2019-06-30": "", "2019-03-31": "", "2018-12-31": "", "2018-09-30": "", "2018-06-30": "", "2018-03-31": "", "2017-12-31": "", "2017-09-30": "", "2017-06-30": "", "2017-03-31": "", "2016-12-31": "", "2016-09-30": "", "2016-06-30": "", "2016-03-31": "", "2015-12-31": "", "2015-09-30": "", "2015-06-30": "", "2015-03-31": "", "2014-12-31": "", "2014-09-30": "", "2014-06-30": "", "2014-03-31": "", "2013-12-31": "", "2013-09-30": "", "2013-06-30": "", "2013-03-31": "", "2012-12-31": "", "2012-09-30": "", "2012-06-30": "", "2012-03-31": "", "2011-12-31": "", "2011-09-30": "", "2011-06-30": "", "2011-03-31": "", "2010-12-31": "", "2010-09-30": "", "2010-06-30": "", "2010-03-31": "", "2009-12-31": "", "2009-09-30": "", "2009-06-30": "", "2009-03-31": "", "2008-12-31": "", "2008-09-30": "", "2008-06-30": "", "2008-03-31": "", "2007-12-31": "", "2007-09-30": "", "2007-06-30": "", "2007-03-31": "", "2006-12-31": "", "2006-09-30": "", "2006-06-30": "", "2006-03-31": "", "2005-12-31": "", "2005-09-30": "", "2005-06-30": "", "2005-03-31": ""}}, "net-income": {"Umpqua Holdings Annual Net Income (Millions of US $)": {"2020": "$-1,523", "2019": "$354", "2018": "$316", "2017": "$242", "2016": "$230", "2015": "$222", "2014": "$147", "2013": "$98", "2012": "$101", "2011": "$74", "2010": "$16", "2009": "$-166", "2008": "$49", "2007": "$63", "2006": "$84", "2005": "$70"}, "Umpqua Holdings Quarterly Net Income (Millions of US $)": {"2020-12-31": "$151", "2020-09-30": "$125", "2020-06-30": "$53", "2020-03-31": "$-1,852", "2019-12-31": "$84", "2019-09-30": "$85", "2019-06-30": "$112", "2019-03-31": "$74", "2018-12-31": "$80", "2018-09-30": "$91", "2018-06-30": "$66", "2018-03-31": "$79", "2017-12-31": "$75", "2017-09-30": "$64", "2017-06-30": "$57", "2017-03-31": "$46", "2016-12-31": "$66", "2016-09-30": "$62", "2016-06-30": "$54", "2016-03-31": "$48", "2015-12-31": "$63", "2015-09-30": "$58", "2015-06-30": "$55", "2015-03-31": "$47", "2014-12-31": "$52", "2014-09-30": "$59", "2014-06-30": "$17", "2014-03-31": "$19", "2013-12-31": "$25", "2013-09-30": "$23", "2013-06-30": "$26", "2013-03-31": "$23", "2012-12-31": "$28", "2012-09-30": "$25", "2012-06-30": "$23", "2012-03-31": "$25", "2011-12-31": "$21", "2011-09-30": "$22", "2011-06-30": "$18", "2011-03-31": "$13", "2010-12-31": "$8", "2010-09-30": "$8", "2010-06-30": "$3", "2010-03-31": "$-4", "2009-12-31": "$-30", "2009-09-30": "$-10", "2009-06-30": "$-108", "2009-03-31": "$-18", "2008-12-31": "$2", "2008-09-30": "$12", "2008-06-30": "$10", "2008-03-31": "$25", "2007-12-31": "$9", "2007-09-30": "$13", "2007-06-30": "$20", "2007-03-31": "$21", "2006-12-31": "$25", "2006-09-30": "$23", "2006-06-30": "$20", "2006-03-31": "$17", "2005-12-31": "$19", "2005-09-30": "$20", "2005-06-30": "$16", "2005-03-31": "$15"}}, "eps-earnings-per-share-diluted": {"Umpqua Holdings Annual EPS": {"2020": "$-6.92", "2019": "$1.60", "2018": "$1.43", "2017": "$1.10", "2016": "$1.04", "2015": "$1.01", "2014": "$0.78", "2013": "$0.87", "2012": "$0.90", "2011": "$0.65", "2010": "$0.15", "2009": "$-2.36", "2008": "$0.82", "2007": "$1.04", "2006": "$1.59", "2005": "$1.55"}, "Umpqua Holdings Quarterly EPS": {"2020-12-31": "$0.68", "2020-09-30": "$0.57", "2020-06-30": "$0.24", "2020-03-31": "$-8.41", "2019-12-31": "$0.37", "2019-09-30": "$0.38", "2019-06-30": "$0.51", "2019-03-31": "$0.34", "2018-12-31": "$0.36", "2018-09-30": "$0.41", "2018-06-30": "$0.30", "2018-03-31": "$0.36", "2017-12-31": "$0.34", "2017-09-30": "$0.29", "2017-06-30": "$0.26", "2017-03-31": "$0.21", "2016-12-31": "$0.29", "2016-09-30": "$0.28", "2016-06-30": "$0.25", "2016-03-31": "$0.22", "2015-12-31": "$0.29", "2015-09-30": "$0.26", "2015-06-30": "$0.25", "2015-03-31": "$0.21", "2014-12-31": "$0.26", "2014-09-30": "$0.27", "2014-06-30": "$0.09", "2014-03-31": "$0.16", "2013-12-31": "$0.22", "2013-09-30": "$0.21", "2013-06-30": "$0.23", "2013-03-31": "$0.21", "2012-12-31": "$0.24", "2012-09-30": "$0.22", "2012-06-30": "$0.21", "2012-03-31": "$0.23", "2011-12-31": "$0.19", "2011-09-30": "$0.19", "2011-06-30": "$0.15", "2011-03-31": "$0.12", "2010-12-31": "$0.09", "2010-09-30": "$0.07", "2010-06-30": "$0.03", "2010-03-31": "$-0.04", "2009-12-31": "$-0.12", "2009-09-30": "$-0.14", "2009-06-30": "$-1.79", "2009-03-31": "$-0.31", "2008-12-31": "$0.04", "2008-09-30": "$0.20", "2008-06-30": "$0.17", "2008-03-31": "$0.41", "2007-12-31": "$0.15", "2007-09-30": "$0.22", "2007-06-30": "$0.32", "2007-03-31": "$0.35", "2006-12-31": "$0.41", "2006-09-30": "$0.39", "2006-06-30": "$0.40", "2006-03-31": "$0.39", "2005-12-31": "$0.42", "2005-09-30": "$0.44", "2005-06-30": "$0.36", "2005-03-31": "$0.33"}}, "shares-outstanding": {"Umpqua Holdings Annual Shares Outstanding (Millions of Shares)": {"2020": "220", "2019": "221", "2018": "221", "2017": "221", "2016": "221", "2015": "221", "2014": "188", "2013": "112", "2012": "112", "2011": "114", "2010": "108", "2009": "70", "2008": "60", "2007": "60", "2006": "53", "2005": "45"}, "Umpqua Holdings Quarterly Shares Outstanding (Millions of Shares)": {"2020-12-31": "221", "2020-09-30": "220", "2020-06-30": "220", "2020-03-31": "220", "2019-12-31": "221", "2019-09-30": "221", "2019-06-30": "221", "2019-03-31": "221", "2018-12-31": "221", "2018-09-30": "221", "2018-06-30": "221", "2018-03-31": "221", "2017-12-31": "221", "2017-09-30": "221", "2017-06-30": "221", "2017-03-31": "221", "2016-12-31": "221", "2016-09-30": "221", "2016-06-30": "221", "2016-03-31": "221", "2015-12-31": "221", "2015-09-30": "221", "2015-06-30": "221", "2015-03-31": "221", "2014-12-31": "188", "2014-09-30": "219", "2014-06-30": "198", "2014-03-31": "112", "2013-12-31": "112", "2013-09-30": "112", "2013-06-30": "112", "2013-03-31": "112", "2012-12-31": "112", "2012-09-30": "112", "2012-06-30": "112", "2012-03-31": "112", "2011-12-31": "114", "2011-09-30": "115", "2011-06-30": "115", "2011-03-31": "115", "2010-12-31": "108", "2010-09-30": "115", "2010-06-30": "115", "2010-03-31": "92", "2009-12-31": "70", "2009-09-30": "74", "2009-06-30": "60", "2009-03-31": "60", "2008-12-31": "60", "2008-09-30": "60", "2008-06-30": "60", "2008-03-31": "60", "2007-12-31": "60", "2007-09-30": "61", "2007-06-30": "61", "2007-03-31": "58", "2006-12-31": "53", "2006-09-30": "58", "2006-06-30": "49", "2006-03-31": "45", "2005-12-31": "45", "2005-09-30": "45", "2005-06-30": "45", "2005-03-31": "45"}}, "total-assets": {"Umpqua Holdings Annual Total Assets (Millions of US $)": {"2019": "$28,847", "2018": "$26,940", "2017": "$25,680", "2016": "$24,813", "2015": "$23,406", "2014": "$22,610", "2013": "$11,636", "2012": "$11,795", "2011": "$11,563", "2010": "$11,669", "2009": "$9,381", "2008": "$8,598", "2007": "$8,340", "2006": "$7,344", "2005": "$5,361"}, "Umpqua Holdings Quarterly Total Assets (Millions of US $)": {"2020-09-30": "$29,437", "2020-06-30": "$29,645", "2020-03-31": "$27,540", "2019-12-31": "$28,847", "2019-09-30": "$28,931", "2019-06-30": "$27,986", "2019-03-31": "$27,356", "2018-12-31": "$26,940", "2018-09-30": "$26,615", "2018-06-30": "$26,481", "2018-03-31": "$25,876", "2017-12-31": "$25,680", "2017-09-30": "$25,696", "2017-06-30": "$25,258", "2017-03-31": "$24,861", "2016-12-31": "$24,813", "2016-09-30": "$24,744", "2016-06-30": "$24,133", "2016-03-31": "$23,936", "2015-12-31": "$23,406", "2015-09-30": "$23,162", "2015-06-30": "$22,793", "2015-03-31": "$22,953", "2014-12-31": "$22,610", "2014-09-30": "$22,488", "2014-06-30": "$22,042", "2014-03-31": "$11,839", "2013-12-31": "$11,636", "2013-09-30": "$11,569", "2013-06-30": "$11,392", "2013-03-31": "$11,491", "2012-12-31": "$11,795", "2012-09-30": "$11,529", "2012-06-30": "$11,522", "2012-03-31": "$11,453", "2011-12-31": "$11,563", "2011-09-30": "$11,773", "2011-06-30": "$11,460", "2011-03-31": "$11,551", "2010-12-31": "$11,669", "2010-09-30": "$11,533", "2010-06-30": "$10,827", "2010-03-31": "$10,511", "2009-12-31": "$9,381", "2009-09-30": "$9,204", "2009-06-30": "$8,657", "2009-03-31": "$8,783", "2008-12-31": "$8,598", "2008-09-30": "$8,328", "2008-06-30": "$8,346", "2008-03-31": "$8,356", "2007-12-31": "$8,340", "2007-09-30": "$8,226", "2007-06-30": "$8,145", "2007-03-31": "$7,338", "2006-12-31": "$7,344", "2006-09-30": "$7,199", "2006-06-30": "$7,180", "2006-03-31": "$5,476", "2005-12-31": "$5,361", "2005-09-30": "$5,186", "2005-06-30": "$5,039", "2005-03-31": "$4,982"}}, "cash-on-hand": {"Umpqua Holdings Annual Cash on Hand (Millions of US $)": {"2019": "$1,443", "2018": "$684", "2017": "$647", "2016": "$1,460", "2015": "$783", "2014": "$1,615", "2013": "$796", "2012": "$548", "2011": "$601", "2010": "$1,007", "2009": "$608", "2008": "$207", "2007": "$195", "2006": "$340", "2005": "$162"}, "Umpqua Holdings Quarterly Cash on Hand (Millions of US $)": {"2020-09-30": "$2,302", "2020-06-30": "$2,346", "2020-03-31": "$1,739", "2019-12-31": "$1,443", "2019-09-30": "$1,256", "2019-06-30": "$1,100", "2019-03-31": "$966", "2018-12-31": "$684", "2018-09-30": "$942", "2018-06-30": "$867", "2018-03-31": "$632", "2017-12-31": "$647", "2017-09-30": "$857", "2017-06-30": "$627", "2017-03-31": "$696", "2016-12-31": "$1,460", "2016-09-30": "$1,477", "2016-06-30": "$916", "2016-03-31": "$923", "2015-12-31": "$783", "2015-09-30": "$967", "2015-06-30": "$890", "2015-03-31": "$1,391", "2014-12-31": "$1,615", "2014-09-30": "$1,453", "2014-06-30": "$850", "2014-03-31": "$1,090", "2013-12-31": "$796", "2013-09-30": "$701", "2013-06-30": "$809", "2013-03-31": "$721", "2012-12-31": "$548", "2012-09-30": "$500", "2012-06-30": "$667", "2012-03-31": "$541", "2011-12-31": "$601", "2011-09-30": "$922", "2011-06-30": "$618", "2011-03-31": "$643", "2010-12-31": "$1,007", "2010-09-30": "$1,066", "2010-06-30": "$972", "2010-03-31": "$1,024", "2009-12-31": "$608", "2009-09-30": "$373", "2009-06-30": "$135", "2009-03-31": "$208", "2008-12-31": "$207", "2008-09-30": "$168", "2008-06-30": "$198", "2008-03-31": "$196", "2007-12-31": "$195", "2007-09-30": "$199", "2007-06-30": "$227", "2007-03-31": "$232", "2006-12-31": "$340", "2006-09-30": "$193", "2006-06-30": "$239", "2006-03-31": "$123", "2005-12-31": "$162", "2005-09-30": "$173", "2005-06-30": "$202", "2005-03-31": "$205"}}, "long-term-debt": {"Umpqua Holdings Annual Long Term Debt (Millions of US $)": {"2019": "$1,270", "2018": "$1,141", "2017": "$1,180", "2016": "$1,216", "2015": "$1,245", "2014": "$1,357", "2013": "$441", "2012": "$450", "2011": "$441", "2010": "$446", "2009": "$265", "2008": "$403", "2007": "$310", "2006": "$213", "2005": "$169"}, "Umpqua Holdings Quarterly Long Term Debt (Millions of US $)": {"2020-09-30": "$1,332", "2020-06-30": "$1,418", "2020-03-31": "$1,481", "2019-12-31": "$1,270", "2019-09-30": "$1,463", "2019-06-30": "$1,187", "2019-03-31": "$1,315", "2018-12-31": "$1,141", "2018-09-30": "$1,123", "2018-06-30": "$1,171", "2018-03-31": "$1,169", "2017-12-31": "$1,180", "2017-09-30": "$1,220", "2017-06-30": "$1,218", "2017-03-31": "$1,217", "2016-12-31": "$1,216", "2016-09-30": "$1,264", "2016-06-30": "$1,263", "2016-03-31": "$1,261", "2015-12-31": "$1,245", "2015-09-30": "$1,244", "2015-06-30": "$1,244", "2015-03-31": "$1,318", "2014-12-31": "$1,357", "2014-09-30": "$1,406", "2014-06-30": "$1,406", "2014-03-31": "$441", "2013-12-31": "$441", "2013-09-30": "$441", "2013-06-30": "$441", "2013-03-31": "$441", "2012-12-31": "$450", "2012-09-30": "$441", "2012-06-30": "$441", "2012-03-31": "$441", "2011-12-31": "$441", "2011-09-30": "$441", "2011-06-30": "$441", "2011-03-31": "$441", "2010-12-31": "$446", "2010-09-30": "$451", "2010-06-30": "$474", "2010-03-31": "$546", "2009-12-31": "$265", "2009-09-30": "$262", "2009-06-30": "$293", "2009-03-31": "$402", "2008-12-31": "$403", "2008-09-30": "$412", "2008-06-30": "$467", "2008-03-31": "$408", "2007-12-31": "$310", "2007-09-30": "$312", "2007-06-30": "$280", "2007-03-31": "$213", "2006-12-31": "$213", "2006-09-30": "$261", "2006-06-30": "$261", "2006-03-31": "$169", "2005-12-31": "$169", "2005-09-30": "$169", "2005-06-30": "$179", "2005-03-31": "$230"}}, "total-liabilities": {"Umpqua Holdings Annual Total Liabilities (Millions of US $)": {"2019": "$24,533", "2018": "$22,883", "2017": "$21,711", "2016": "$20,896", "2015": "$19,557", "2014": "$18,832", "2013": "$9,909", "2012": "$10,071", "2011": "$9,890", "2010": "$10,026", "2009": "$7,815", "2008": "$7,111", "2007": "$7,100", "2006": "$6,188", "2005": "$4,622"}, "Umpqua Holdings Quarterly Total Liabilities (Millions of US $)": {"2020-09-30": "$26,827", "2020-06-30": "$27,107", "2020-03-31": "$25,033", "2019-12-31": "$24,533", "2019-09-30": "$24,641", "2019-06-30": "$23,758", "2019-03-31": "$23,243", "2018-12-31": "$22,883", "2018-09-30": "$22,611", "2018-06-30": "$22,500", "2018-03-31": "$21,862", "2017-12-31": "$21,711", "2017-09-30": "$21,710", "2017-06-30": "$21,299", "2017-03-31": "$20,930", "2016-12-31": "$20,896", "2016-09-30": "$20,824", "2016-06-30": "$20,230", "2016-03-31": "$20,057", "2015-12-31": "$19,557", "2015-09-30": "$19,327", "2015-06-30": "$18,989", "2015-03-31": "$19,152", "2014-12-31": "$18,832", "2014-09-30": "$18,736", "2014-06-30": "$18,313", "2014-03-31": "$10,104", "2013-12-31": "$9,909", "2013-09-30": "$9,843", "2013-06-30": "$9,677", "2013-03-31": "$9,757", "2012-12-31": "$10,071", "2012-09-30": "$9,815", "2012-06-30": "$9,825", "2012-03-31": "$9,766", "2011-12-31": "$9,890", "2011-09-30": "$10,078", "2011-06-30": "$9,785", "2011-03-31": "$9,899", "2010-12-31": "$10,026", "2010-09-30": "$9,881", "2010-06-30": "$9,173", "2010-03-31": "$8,864", "2009-12-31": "$7,815", "2009-09-30": "$7,598", "2009-06-30": "$7,300", "2009-03-31": "$7,313", "2008-12-31": "$7,111", "2008-09-30": "$7,081", "2008-06-30": "$7,102", "2008-03-31": "$7,099", "2007-12-31": "$7,100", "2007-09-30": "$6,993", "2007-06-30": "$6,889", "2007-03-31": "$6,170", "2006-12-31": "$6,188", "2006-09-30": "$6,057", "2006-06-30": "$6,067", "2006-03-31": "$4,725", "2005-12-31": "$4,622", "2005-09-30": "$4,460", "2005-06-30": "$4,324", "2005-03-31": "$4,285"}}, "total-share-holder-equity": {"Umpqua Holdings Annual Share Holder Equity (Millions of US $)": {"2019": "$4,314", "2018": "$4,056", "2017": "$3,969", "2016": "$3,917", "2015": "$3,849", "2014": "$3,778", "2013": "$1,727", "2012": "$1,724", "2011": "$1,672", "2010": "$1,643", "2009": "$1,567", "2008": "$1,487", "2007": "$1,240", "2006": "$1,156", "2005": "$738"}, "Umpqua Holdings Quarterly Share Holder Equity (Millions of US $)": {"2020-09-30": "$2,610", "2020-06-30": "$2,538", "2020-03-31": "$2,508", "2019-12-31": "$4,314", "2019-09-30": "$4,290", "2019-06-30": "$4,229", "2019-03-31": "$4,112", "2018-12-31": "$4,056", "2018-09-30": "$4,004", "2018-06-30": "$3,981", "2018-03-31": "$4,014", "2017-12-31": "$3,969", "2017-09-30": "$3,985", "2017-06-30": "$3,959", "2017-03-31": "$3,931", "2016-12-31": "$3,917", "2016-09-30": "$3,920", "2016-06-30": "$3,902", "2016-03-31": "$3,879", "2015-12-31": "$3,849", "2015-09-30": "$3,836", "2015-06-30": "$3,804", "2015-03-31": "$3,801", "2014-12-31": "$3,778", "2014-09-30": "$3,753", "2014-06-30": "$3,729", "2014-03-31": "$1,734", "2013-12-31": "$1,727", "2013-09-30": "$1,726", "2013-06-30": "$1,715", "2013-03-31": "$1,734", "2012-12-31": "$1,724", "2012-09-30": "$1,714", "2012-06-30": "$1,697", "2012-03-31": "$1,687", "2011-12-31": "$1,672", "2011-09-30": "$1,695", "2011-06-30": "$1,674", "2011-03-31": "$1,651", "2010-12-31": "$1,643", "2010-09-30": "$1,652", "2010-06-30": "$1,654", "2010-03-31": "$1,647", "2009-12-31": "$1,567", "2009-09-30": "$1,606", "2009-06-30": "$1,356", "2009-03-31": "$1,470", "2008-12-31": "$1,487", "2008-09-30": "$1,247", "2008-06-30": "$1,244", "2008-03-31": "$1,257", "2007-12-31": "$1,240", "2007-09-30": "$1,233", "2007-06-30": "$1,256", "2007-03-31": "$1,168", "2006-12-31": "$1,156", "2006-09-30": "$1,142", "2006-06-30": "$1,113", "2006-03-31": "$751", "2005-12-31": "$738", "2005-09-30": "$727", "2005-06-30": "$715", "2005-03-31": "$697"}}, "profit-margins": {"current": "21.08%"}, "gross margin": {"2020-12-31": "90.87%", "2020-09-30": "88.31%", "2020-06-30": "86.11%", "2020-03-31": "85.12%", "2019-12-31": "85.66%", "2019-09-30": "86.47%", "2019-06-30": "87.78%", "2019-03-31": "88.87%", "2018-12-31": "90.43%", "2018-09-30": "91.58%", "2018-06-30": "92.56%", "2018-03-31": "93.29%", "2017-12-31": "93.62%", "2017-09-30": "94.05%", "2017-06-30": "94.31%", "2017-03-31": "94.55%", "2016-12-31": "94.61%", "2016-09-30": "94.63%", "2016-06-30": "94.75%", "2016-03-31": "94.97%", "2015-12-31": "95.19%", "2015-09-30": "95.31%", "2015-06-30": "95.33%", "2015-03-31": "95.33%", "2014-12-31": "95.21%", "2014-09-30": "94.99%", "2014-06-30": "94.56%", "2014-03-31": "93.47%", "2013-12-31": "93.11%", "2013-09-30": "92.92%", "2013-06-30": "92.48%", "2013-03-31": "92.19%", "2012-12-31": "91.75%", "2012-09-30": "90.77%", "2012-06-30": "89.60%", "2012-03-31": "88.66%", "2011-12-31": "87.52%", "2011-09-30": "86.13%", "2011-06-30": "84.96%", "2011-03-31": "83.89%", "2010-12-31": "83.33%", "2010-09-30": "82.75%", "2010-06-30": "82.08%", "2010-03-31": "81.43%", "2009-12-31": "79.32%", "2009-09-30": "77.43%", "2009-06-30": "76.24%", "2009-03-31": "74.10%", "2008-12-31": "72.36%", "2008-09-30": "69.63%", "2008-06-30": "66.43%", "2008-03-31": "64.56%", "2007-12-31": "63.29%", "2007-09-30": "64.27%", "2007-06-30": "65.52%", "2007-03-31": "66.87%", "2006-12-31": "68.48%", "2006-09-30": "70.50%", "2006-06-30": "73.14%", "2006-03-31": "75.57%", "2005-12-31": "77.88%"}, "operating margin": {"2020-12-31": "-102.25%", "2020-09-30": "-105.53%", "2020-06-30": "-108.93%", "2020-03-31": "-99.66%", "2019-12-31": "32.15%", "2019-09-30": "32.16%", "2019-06-30": "33.57%", "2019-03-31": "30.93%", "2018-12-31": "31.38%", "2018-09-30": "30.55%", "2018-06-30": "29.92%", "2018-03-31": "30.73%", "2017-12-31": "29.38%", "2017-09-30": "30.91%", "2017-06-30": "30.59%", "2017-03-31": "30.66%", "2016-12-31": "31.09%", "2016-09-30": "30.96%", "2016-06-30": "31.02%", "2016-03-31": "32.02%", "2015-12-31": "32.50%", "2015-09-30": "32.02%", "2015-06-30": "32.25%", "2015-03-31": "31.63%", "2014-12-31": "31.21%", "2014-09-30": "30.65%", "2014-06-30": "29.23%", "2014-03-31": "28.04%", "2013-12-31": "28.45%", "2013-09-30": "28.32%", "2013-06-30": "27.69%", "2013-03-31": "26.49%", "2012-12-31": "26.60%", "2012-09-30": "25.26%", "2012-06-30": "24.09%", "2012-03-31": "22.51%", "2011-12-31": "19.15%", "2011-09-30": "15.74%", "2011-06-30": "12.31%", "2011-03-31": "9.28%", "2010-12-31": "7.09%", "2010-09-30": "-3.15%", "2010-06-30": "-9.63%", "2010-03-31": "-30.95%", "2009-12-31": "-39.16%", "2009-09-30": "-28.71%", "2009-06-30": "-20.53%", "2009-03-31": "1.52%", "2008-12-31": "13.27%", "2008-09-30": "14.21%", "2008-06-30": "14.74%", "2008-03-31": "17.89%", "2007-12-31": "17.72%", "2007-09-30": "22.84%", "2007-06-30": "27.05%", "2007-03-31": "28.69%", "2006-12-31": "29.78%", "2006-09-30": "30.22%", "2006-06-30": "31.91%", "2006-03-31": "32.18%", "2005-12-31": "32.73%"}, "ebitda margin": {"2020-09-30": "0.00%", "2020-06-30": "0.00%", "2020-03-31": "0.00%", "2019-12-31": "0.00%", "2019-09-30": "0.00%", "2019-06-30": "0.00%", "2019-03-31": "0.00%", "2018-12-31": "0.00%", "2018-09-30": "0.00%", "2018-06-30": "0.00%", "2018-03-31": "0.00%", "2017-12-31": "0.00%", "2017-09-30": "0.00%", "2017-06-30": "0.00%", "2017-03-31": "0.00%", "2016-12-31": "0.00%", "2016-09-30": "0.00%", "2016-06-30": "0.00%", "2016-03-31": "0.00%", "2015-12-31": "0.00%", "2015-09-30": "0.00%", "2015-06-30": "0.00%", "2015-03-31": "0.00%", "2014-12-31": "0.00%", "2014-09-30": "0.00%", "2014-06-30": "0.00%", "2014-03-31": "0.00%", "2013-12-31": "0.00%", "2013-09-30": "0.00%", "2013-06-30": "0.00%", "2013-03-31": "0.00%", "2012-12-31": "0.00%", "2012-09-30": "0.00%", "2012-06-30": "0.00%", "2012-03-31": "0.00%", "2011-12-31": "0.00%", "2011-09-30": "0.00%", "2011-06-30": "0.00%", "2011-03-31": "0.00%", "2010-12-31": "0.00%", "2010-09-30": "0.00%", "2010-06-30": "0.00%", "2010-03-31": "0.00%", "2009-12-31": "0.00%", "2009-09-30": "0.00%", "2009-06-30": "0.00%", "2009-03-31": "0.00%", "2008-12-31": "0.00%", "2008-09-30": "0.00%", "2008-06-30": "0.00%", "2008-03-31": "0.00%", "2007-12-31": "0.00%", "2007-09-30": "0.00%", "2007-06-30": "0.00%", "2007-03-31": "0.00%", "2006-12-31": "0.00%", "2006-09-30": "0.00%", "2006-06-30": "0.00%", "2006-03-31": "0.00%", "2005-12-31": "0.00%"}, "pre tax profit margin": {"2020-12-31": "-102.25%", "2020-09-30": "-105.81%", "2020-06-30": "-109.21%", "2020-03-31": "-99.93%", "2019-12-31": "31.88%", "2019-09-30": "32.16%", "2019-06-30": "33.57%", "2019-03-31": "30.93%", "2018-12-31": "31.38%", "2018-09-30": "30.55%", "2018-06-30": "29.46%", "2018-03-31": "30.09%", "2017-12-31": "28.64%", "2017-09-30": "29.93%", "2017-06-30": "29.93%", "2017-03-31": "29.67%", "2016-12-31": "29.93%", "2016-09-30": "29.78%", "2016-06-30": "29.49%", "2016-03-31": "29.17%", "2015-12-31": "28.77%", "2015-09-30": "27.66%", "2015-06-30": "27.67%", "2015-03-31": "23.85%", "2014-12-31": "23.03%", "2014-09-30": "22.03%", "2014-06-30": "19.20%", "2014-03-31": "25.75%", "2013-12-31": "26.86%", "2013-09-30": "26.77%", "2013-06-30": "27.01%", "2013-03-31": "25.81%", "2012-12-31": "26.26%", "2012-09-30": "25.26%", "2012-06-30": "24.09%", "2012-03-31": "22.51%", "2011-12-31": "19.15%", "2011-09-30": "15.57%", "2011-06-30": "11.79%", "2011-03-31": "8.41%", "2010-12-31": "5.85%", "2010-09-30": "-4.27%", "2010-06-30": "-10.40%", "2010-03-31": "-31.33%", "2009-12-31": "-39.16%", "2009-09-30": "-28.71%", "2009-06-30": "-20.53%", "2009-03-31": "1.52%", "2008-12-31": "13.27%", "2008-09-30": "14.21%", "2008-06-30": "14.74%", "2008-03-31": "17.54%", "2007-12-31": "17.18%", "2007-09-30": "22.10%", "2007-06-30": "25.71%", "2007-03-31": "27.27%", "2006-12-31": "28.26%", "2006-09-30": "28.78%", "2006-06-30": "31.12%", "2006-03-31": "31.90%", "2005-12-31": "32.73%"}, "net profit margin": {"2020-12-31": "-106.95%", "2020-09-30": "-112.69%", "2020-06-30": "-115.52%", "2020-03-31": "-108.20%", "2019-12-31": "24.13%", "2019-09-30": "24.22%", "2019-06-30": "25.07%", "2019-03-31": "23.07%", "2018-12-31": "23.44%", "2018-09-30": "23.58%", "2018-06-30": "22.02%", "2018-03-31": "21.72%", "2017-12-31": "19.80%", "2017-09-30": "19.00%", "2017-06-30": "19.04%", "2017-03-31": "18.84%", "2016-12-31": "19.07%", "2016-09-30": "19.04%", "2016-06-30": "18.90%", "2016-03-31": "18.78%", "2015-12-31": "18.49%", "2015-09-30": "17.77%", "2015-06-30": "17.75%", "2015-03-31": "15.13%", "2014-12-31": "14.66%", "2014-09-30": "13.99%", "2014-06-30": "12.03%", "2014-03-31": "16.40%", "2013-12-31": "17.14%", "2013-09-30": "17.27%", "2013-06-30": "17.44%", "2013-03-31": "16.81%", "2012-12-31": "17.00%", "2012-09-30": "16.38%", "2012-06-30": "15.77%", "2012-03-31": "14.78%", "2011-12-31": "12.65%", "2011-09-30": "10.32%", "2011-06-30": "8.03%", "2011-03-31": "5.60%", "2010-12-31": "2.66%", "2010-09-30": "-4.27%", "2010-06-30": "-7.90%", "2010-03-31": "-29.40%", "2009-12-31": "-33.33%", "2009-09-30": "-26.53%", "2009-06-30": "-21.29%", "2009-03-31": "1.14%", "2008-12-31": "8.91%", "2008-09-30": "9.95%", "2008-06-30": "10.12%", "2008-03-31": "11.75%", "2007-12-31": "11.39%", "2007-09-30": "14.55%", "2007-06-30": "16.95%", "2007-03-31": "17.98%", "2006-12-31": "18.48%", "2006-09-30": "18.94%", "2006-06-30": "20.21%", "2006-03-31": "20.69%", "2005-12-31": "21.21%"}, "pe ratio": {"current": "11.62", "2021-02-05": "23.24", "2020-12-31": "22.26", "2020-09-30": "9.87", "2020-06-30": "11.83", "2020-03-31": "9.25", "2019-12-31": "10.43", "2019-09-30": "9.71", "2019-06-30": "9.49", "2019-03-31": "10.63", "2018-12-31": "10.04", "2018-09-30": "12.79", "2018-06-30": "15.10", "2018-03-31": "14.75", "2017-12-31": "15.95", "2017-09-30": "15.82", "2017-06-30": "14.75", "2017-03-31": "14.26", "2016-12-31": "14.82", "2016-09-30": "12.00", "2016-06-30": "12.45", "2016-03-31": "12.62", "2015-12-31": "12.65", "2015-09-30": "13.51", "2015-06-30": "14.62", "2015-03-31": "16.58", "2014-12-31": "17.12", "2014-09-30": "16.87", "2014-06-30": "19.77", "2014-03-31": "16.95", "2013-12-31": "16.47", "2013-09-30": "13.39", "2013-06-30": "12.14", "2013-03-31": "10.81", "2012-12-31": "9.33", "2012-09-30": "10.85", "2012-06-30": "11.40", "2012-03-31": "12.58", "2011-12-31": "13.37", "2011-09-30": "11.57", "2011-06-30": "19.52", "2011-03-31": "27.16", "2010-12-31": "59.63", "2010-09-30": "0.00", "2010-06-30": "0.00", "2010-03-31": "0.00", "2009-12-31": "0.00", "2009-09-30": "0.00", "2009-06-30": "47.18", "2009-03-31": "28.67", "2008-12-31": "11.25", "2008-09-30": "9.99", "2008-06-30": "8.23", "2008-03-31": "8.96", "2007-12-31": "9.25", "2007-09-30": "9.55", "2007-06-30": "9.85", "2007-03-31": "10.56", "2006-12-31": "11.24"}, "price sales": {"2021-02-05": "2.44", "2020-12-31": "2.34", "2020-09-30": "1.63", "2020-06-30": "1.61", "2020-03-31": "1.60", "2019-12-31": "2.52", "2019-09-30": "2.35", "2019-06-30": "2.38", "2019-03-31": "2.47", "2018-12-31": "2.35", "2018-09-30": "3.11", "2018-06-30": "3.41", "2018-03-31": "3.27", "2017-12-31": "3.26", "2017-09-30": "3.02", "2017-06-30": "2.85", "2017-03-31": "2.73", "2016-12-31": "2.88", "2016-09-30": "2.31", "2016-06-30": "2.38", "2016-03-31": "2.39", "2015-12-31": "2.34", "2015-09-30": "2.30", "2015-06-30": "2.50", "2015-03-31": "2.39", "2014-12-31": "2.38", "2014-09-30": "2.39", "2014-06-30": "2.63", "2014-03-31": "2.79", "2013-12-31": "2.84", "2013-09-30": "2.34", "2013-06-30": "2.12", "2013-03-31": "1.83", "2012-12-31": "1.61", "2012-09-30": "1.81", "2012-06-30": "1.84", "2012-03-31": "1.87", "2011-12-31": "1.70", "2011-09-30": "1.17", "2011-06-30": "1.55", "2011-03-31": "1.56", "2010-12-31": "1.58", "2010-09-30": "1.37", "2010-06-30": "1.28", "2010-03-31": "1.26", "2009-12-31": "1.19", "2009-09-30": "0.89", "2009-06-30": "0.60", "2009-03-31": "0.69", "2008-12-31": "1.05", "2008-09-30": "1.04", "2008-06-30": "0.85", "2008-03-31": "1.06", "2007-12-31": "1.06", "2007-09-30": "1.34", "2007-06-30": "1.59", "2007-03-31": "1.81", "2006-12-31": "2.01"}, "price book": {"current": "1.29", "2021-02-05": "1.33", "2020-09-30": "0.88", "2020-06-30": "0.89", "2020-03-31": "0.93", "2019-12-31": "0.86", "2019-09-30": "0.79", "2019-06-30": "0.80", "2019-03-31": "0.81", "2018-12-31": "0.78", "2018-09-30": "1.02", "2018-06-30": "1.10", "2018-03-31": "1.03", "2017-12-31": "1.00", "2017-09-30": "0.93", "2017-06-30": "0.87", "2017-03-31": "0.84", "2016-12-31": "0.88", "2016-09-30": "0.70", "2016-06-30": "0.72", "2016-03-31": "0.73", "2015-12-31": "0.73", "2015-09-30": "0.74", "2015-06-30": "0.82", "2015-03-31": "0.78", "2014-12-31": "0.77", "2014-09-30": "0.73", "2014-06-30": "0.79", "2014-03-31": "0.91", "2013-12-31": "0.93", "2013-09-30": "0.78", "2013-06-30": "0.72", "2013-03-31": "0.62", "2012-12-31": "0.55", "2012-09-30": "0.60", "2012-06-30": "0.62", "2012-03-31": "0.63", "2011-12-31": "0.58", "2011-09-30": "0.41", "2011-06-30": "0.55", "2011-03-31": "0.55", "2010-12-31": "0.58", "2010-09-30": "0.54", "2010-06-30": "0.54", "2010-03-31": "0.52", "2009-12-31": "0.50", "2009-09-30": "0.38", "2009-06-30": "0.23", "2009-03-31": "0.25", "2008-12-31": "0.39", "2008-09-30": "0.47", "2008-06-30": "0.38", "2008-03-31": "0.48", "2007-12-31": "0.47", "2007-09-30": "0.61", "2007-06-30": "0.71", "2007-03-31": "0.82", "2006-12-31": "0.90", "2006-09-30": "0.88", "2006-06-30": "0.80", "2006-03-31": "1.02"}, "price fcf": {"2021-02-05": "", "2020-09-30": "$-0.45", "2020-06-30": "$-0.56", "2020-03-31": "$-0.73", "2019-12-31": "$-0.42", "2019-09-30": "$0.44", "2019-06-30": "$1.48", "2019-03-31": "$1.68", "2018-12-31": "$2.25", "2018-09-30": "$2.66", "2018-06-30": "$2.19", "2018-03-31": "$2.39", "2017-12-31": "$2.32", "2017-09-30": "$1.16", "2017-06-30": "$0.82", "2017-03-31": "$1.83", "2016-12-31": "$1.74", "2016-09-30": "$2.32", "2016-06-30": "$2.47", "2016-03-31": "$1.74", "2015-12-31": "$1.39", "2015-09-30": "$1.25", "2015-06-30": "$1.77", "2015-03-31": "$0.84", "2014-12-31": "$1.59", "2014-09-30": "$1.50", "2014-06-30": "$1.40", "2014-03-31": "$1.93", "2013-12-31": "$3.42", "2013-09-30": "$2.77", "2013-06-30": "$2.17", "2013-03-31": "$1.85", "2012-12-31": "$0.03", "2012-09-30": "$0.50", "2012-06-30": "$0.22", "2012-03-31": "$0.96", "2011-12-31": "$1.31", "2011-09-30": "$1.59", "2011-06-30": "$1.57", "2011-03-31": "$1.38", "2010-12-31": "$1.41", "2010-09-30": "$0.72", "2010-06-30": "$1.65", "2010-03-31": "$1.64", "2009-12-31": "$1.17", "2009-09-30": "$1.70", "2009-06-30": "$1.16", "2009-03-31": "$2.01", "2008-12-31": "$2.25", "2008-09-30": "$2.23", "2008-06-30": "$2.16", "2008-03-31": "$1.45", "2007-12-31": "$1.26", "2007-09-30": "$1.53", "2007-06-30": "$1.40", "2007-03-31": "$1.85", "2006-12-31": "$1.97"}, "net worth": {"value": "$3.48B"}, "current ratio": {"2020-12-31": "1.00", "2020-09-30": "1.00", "2020-06-30": "1.00", "2020-03-31": "1.01", "2019-12-31": "1.01", "2019-09-30": "1.01", "2019-06-30": "1.01", "2019-03-31": "1.00", "2018-12-31": "0.99", "2018-09-30": "0.99", "2018-06-30": "0.99", "2018-03-31": "0.99", "2017-12-31": "0.98", "2017-09-30": "0.98", "2017-06-30": "0.97", "2017-03-31": "0.96", "2016-12-31": "0.99", "2016-09-30": "1.00", "2016-06-30": "1.00", "2016-03-31": "1.00", "2015-12-31": "0.99", "2015-09-30": "0.99", "2015-06-30": "0.98", "2015-03-31": "0.98", "2014-12-31": "1.00", "2014-09-30": "0.99", "2014-06-30": "0.97", "2014-03-31": "0.93", "2013-12-31": "0.91", "2013-09-30": "0.90", "2013-06-30": "0.89", "2013-03-31": "0.86", "2012-12-31": "0.83", "2012-09-30": "0.80", "2012-06-30": "0.80", "2012-03-31": "0.77", "2011-12-31": "0.76", "2011-09-30": "0.78", "2011-06-30": "0.76", "2011-03-31": "0.74", "2010-12-31": "0.78", "2010-09-30": "0.81", "2010-06-30": "0.87", "2010-03-31": "0.91", "2009-12-31": "0.87", "2009-09-30": "0.88", "2009-06-30": "0.89", "2009-03-31": "0.91", "2008-12-31": "0.94", "2008-09-30": "0.95", "2008-06-30": "0.95", "2008-03-31": "0.94", "2007-12-31": "0.92", "2007-09-30": "0.94", "2007-06-30": "0.94", "2007-03-31": "0.95", "2006-12-31": "0.96", "2006-09-30": "0.97", "2006-06-30": "0.96", "2006-03-31": "0.93", "2005-12-31": "0.92", "2005-09-30": "0.91", "2005-06-30": "0.92", "2005-03-31": "0.92"}, "quick ratio": {"2020-12-31": "0.00", "2020-09-30": "0.00", "2020-06-30": "0.00", "2020-03-31": "0.00", "2019-12-31": "0.00", "2019-09-30": "0.00", "2019-06-30": "0.00", "2019-03-31": "0.00", "2018-12-31": "0.00", "2018-09-30": "0.00", "2018-06-30": "0.00", "2018-03-31": "0.00", "2017-12-31": "0.00", "2017-09-30": "0.00", "2017-06-30": "0.00", "2017-03-31": "0.00", "2016-12-31": "0.00", "2016-09-30": "0.00", "2016-06-30": "0.00", "2016-03-31": "0.00", "2015-12-31": "0.00", "2015-09-30": "0.00", "2015-06-30": "0.00", "2015-03-31": "0.00", "2014-12-31": "0.00", "2014-09-30": "0.00", "2014-06-30": "0.00", "2014-03-31": "0.00", "2013-12-31": "0.00", "2013-09-30": "0.00", "2013-06-30": "0.00", "2013-03-31": "0.00", "2012-12-31": "0.00", "2012-09-30": "0.00", "2012-06-30": "0.00", "2012-03-31": "0.00", "2011-12-31": "0.00", "2011-09-30": "0.00", "2011-06-30": "0.00", "2011-03-31": "0.00", "2010-12-31": "0.00", "2010-09-30": "0.00", "2010-06-30": "0.00", "2010-03-31": "0.00", "2009-12-31": "0.00", "2009-09-30": "0.00", "2009-06-30": "0.00", "2009-03-31": "0.00", "2008-12-31": "0.00", "2008-09-30": "0.00", "2008-06-30": "0.00", "2008-03-31": "0.00", "2007-12-31": "0.00", "2007-09-30": "0.00", "2007-06-30": "0.00", "2007-03-31": "0.00", "2006-12-31": "0.00", "2006-09-30": "0.00", "2006-06-30": "0.00", "2006-03-31": "0.00", "2005-12-31": "0.00", "2005-09-30": "0.00", "2005-06-30": "0.00", "2005-03-31": "0.00"}, "debt equity ratio": {"current": "0.41", "2020-12-31": "9.81", "2020-09-30": "10.28", "2020-06-30": "10.68", "2020-03-31": "9.98", "2019-12-31": "5.69", "2019-09-30": "5.75", "2019-06-30": "5.62", "2019-03-31": "5.65", "2018-12-31": "5.64", "2018-09-30": "5.65", "2018-06-30": "5.65", "2018-03-31": "5.45", "2017-12-31": "5.47", "2017-09-30": "5.45", "2017-06-30": "5.38", "2017-03-31": "5.32", "2016-12-31": "5.34", "2016-09-30": "5.31", "2016-06-30": "5.18", "2016-03-31": "5.17", "2015-12-31": "5.08", "2015-09-30": "5.04", "2015-06-30": "4.99", "2015-03-31": "5.04", "2014-12-31": "4.99", "2014-09-30": "4.99", "2014-06-30": "4.91", "2014-03-31": "5.83", "2013-12-31": "5.74", "2013-09-30": "5.70", "2013-06-30": "5.64", "2013-03-31": "5.63", "2012-12-31": "5.84", "2012-09-30": "5.73", "2012-06-30": "5.79", "2012-03-31": "5.79", "2011-12-31": "5.91", "2011-09-30": "5.95", "2011-06-30": "5.84", "2011-03-31": "5.99", "2010-12-31": "6.10", "2010-09-30": "5.98", "2010-06-30": "5.55", "2010-03-31": "5.38", "2009-12-31": "4.99", "2009-09-30": "4.73", "2009-06-30": "5.38", "2009-03-31": "4.98", "2008-12-31": "4.78", "2008-09-30": "5.68", "2008-06-30": "5.71", "2008-03-31": "5.65", "2007-12-31": "5.73", "2007-09-30": "5.67", "2007-06-30": "5.48", "2007-03-31": "5.28", "2006-12-31": "5.35", "2006-09-30": "5.31", "2006-06-30": "5.45", "2006-03-31": "6.29", "2005-12-31": "6.26", "2005-09-30": "6.14", "2005-06-30": "6.05", "2005-03-31": "6.15"}, "return on equity": {"2020-12-31": "-58.80%", "2020-09-30": "-53.13%", "2020-06-30": "-47.77%", "2020-03-31": "-40.96%", "2019-12-31": "8.38%", "2019-09-30": "8.41%", "2019-06-30": "8.71%", "2019-03-31": "7.70%", "2018-12-31": "7.87%", "2018-09-30": "7.79%", "2018-06-30": "7.12%", "2018-03-31": "6.91%", "2017-12-31": "6.11%", "2017-09-30": "5.90%", "2017-06-30": "5.88%", "2017-03-31": "5.82%", "2016-12-31": "5.89%", "2016-09-30": "5.84%", "2016-06-30": "5.77%", "2016-03-31": "5.83%", "2015-12-31": "5.83%", "2015-09-30": "5.57%", "2015-06-30": "5.63%", "2015-03-31": "4.65%", "2014-12-31": "4.53%", "2014-09-30": "4.39%", "2014-06-30": "3.77%", "2014-03-31": "5.39%", "2013-12-31": "5.62%", "2013-09-30": "5.80%", "2013-06-30": "5.92%", "2013-03-31": "5.77%", "2012-12-31": "5.92%", "2012-09-30": "5.55%", "2012-06-30": "5.39%", "2012-03-31": "5.11%", "2011-12-31": "4.42%", "2011-09-30": "3.66%", "2011-06-30": "2.84%", "2011-03-31": "1.94%", "2010-12-31": "0.91%", "2010-09-30": "-1.41%", "2010-06-30": "-2.53%", "2010-03-31": "-9.84%", "2009-12-31": "-11.07%", "2009-09-30": "-9.06%", "2009-06-30": "-8.06%", "2009-03-31": "0.44%", "2008-12-31": "3.74%", "2008-09-30": "4.49%", "2008-06-30": "4.58%", "2008-03-31": "5.38%", "2007-12-31": "5.15%", "2007-09-30": "6.57%", "2007-06-30": "7.54%", "2007-03-31": "7.77%", "2006-12-31": "8.17%", "2006-09-30": "8.44%", "2006-06-30": "9.13%", "2006-03-31": "9.83%", "2005-12-31": "9.73%"}, "return on assets": {"2020-12-31": "-5.26%", "2020-09-30": "-5.51%", "2020-06-30": "-5.67%", "2020-03-31": "-5.55%", "2019-12-31": "1.26%", "2019-09-30": "1.26%", "2019-06-30": "1.31%", "2019-03-31": "1.16%", "2018-12-31": "1.19%", "2018-09-30": "1.19%", "2018-06-30": "1.10%", "2018-03-31": "1.07%", "2017-12-31": "0.95%", "2017-09-30": "0.93%", "2017-06-30": "0.93%", "2017-03-31": "0.93%", "2016-12-31": "0.94%", "2016-09-30": "0.94%", "2016-06-30": "0.94%", "2016-03-31": "0.96%", "2015-12-31": "0.97%", "2015-09-30": "0.93%", "2015-06-30": "0.94%", "2015-03-31": "0.78%", "2014-12-31": "0.74%", "2014-09-30": "0.71%", "2014-06-30": "0.59%", "2014-03-31": "0.80%", "2013-12-31": "0.84%", "2013-09-30": "0.86%", "2013-06-30": "0.88%", "2013-03-31": "0.85%", "2012-12-31": "0.87%", "2012-09-30": "0.82%", "2012-06-30": "0.79%", "2012-03-31": "0.74%", "2011-12-31": "0.64%", "2011-09-30": "0.53%", "2011-06-30": "0.41%", "2011-03-31": "0.28%", "2010-12-31": "0.13%", "2010-09-30": "-0.22%", "2010-06-30": "-0.41%", "2010-03-31": "-1.61%", "2009-12-31": "-1.84%", "2009-09-30": "-1.52%", "2009-06-30": "-1.30%", "2009-03-31": "0.07%", "2008-12-31": "0.58%", "2008-09-30": "0.67%", "2008-06-30": "0.69%", "2008-03-31": "0.81%", "2007-12-31": "0.79%", "2007-09-30": "1.02%", "2007-06-30": "1.19%", "2007-03-31": "1.23%", "2006-12-31": "1.25%", "2006-09-30": "1.25%", "2006-06-30": "1.31%", "2006-03-31": "1.37%", "2005-12-31": "1.36%"}, "return on investments": {"2020-12-31": "-37.08%", "2020-09-30": "-34.09%", "2020-06-30": "-31.89%", "2020-03-31": "-27.91%", "2019-12-31": "8.53%", "2019-09-30": "8.55%", "2019-06-30": "9.03%", "2019-03-31": "7.98%", "2018-12-31": "8.19%", "2018-09-30": "7.82%", "2018-06-30": "7.46%", "2018-03-31": "7.51%", "2017-12-31": "6.94%", "2017-09-30": "7.34%", "2017-06-30": "7.19%", "2017-03-31": "7.19%", "2016-12-31": "7.27%", "2016-09-30": "7.17%", "2016-06-30": "7.15%", "2016-03-31": "7.50%", "2015-12-31": "7.71%", "2015-09-30": "7.50%", "2015-06-30": "7.57%", "2015-03-31": "7.12%", "2014-12-31": "7.11%", "2014-09-30": "7.19%", "2014-06-30": "7.01%", "2014-03-31": "7.34%", "2013-12-31": "7.43%", "2013-09-30": "7.56%", "2013-06-30": "7.48%", "2013-03-31": "7.22%", "2012-12-31": "7.35%", "2012-09-30": "6.80%", "2012-06-30": "6.53%", "2012-03-31": "6.17%", "2011-12-31": "5.30%", "2011-09-30": "4.41%", "2011-06-30": "3.43%", "2011-03-31": "2.52%", "2010-12-31": "1.88%", "2010-09-30": "-0.82%", "2010-06-30": "-2.49%", "2010-03-31": "-8.49%", "2009-12-31": "-10.80%", "2009-09-30": "-7.97%", "2009-06-30": "-6.11%", "2009-03-31": "0.45%", "2008-12-31": "4.22%", "2008-09-30": "4.86%", "2008-06-30": "5.13%", "2008-03-31": "6.48%", "2007-12-31": "6.52%", "2007-09-30": "8.51%", "2007-06-30": "9.98%", "2007-03-31": "10.28%", "2006-12-31": "10.82%", "2006-09-30": "10.95%", "2006-06-30": "11.72%", "2006-03-31": "12.39%", "2005-12-31": "11.92%"}, "return on tangible equity": {"2020-09-30": "-65.51%", "2020-06-30": "-68.34%", "2020-03-31": "-66.87%", "2019-12-31": "15.52%", "2019-09-30": "15.90%", "2019-06-30": "16.77%", "2019-03-31": "15.11%", "2018-12-31": "15.56%", "2018-09-30": "15.46%", "2018-06-30": "14.10%", "2018-03-31": "13.66%", "2017-12-31": "12.12%", "2017-09-30": "11.74%", "2017-06-30": "11.71%", "2017-03-31": "11.61%", "2016-12-31": "11.76%", "2016-09-30": "11.71%", "2016-06-30": "11.66%", "2016-03-31": "11.91%", "2015-12-31": "11.99%", "2015-09-30": "11.51%", "2015-06-30": "11.70%", "2015-03-31": "9.70%", "2014-12-31": "9.35%", "2014-09-30": "8.93%", "2014-06-30": "7.48%", "2014-03-31": "10.02%", "2013-12-31": "10.15%", "2013-09-30": "10.18%", "2013-06-30": "10.10%", "2013-03-31": "9.79%", "2012-12-31": "10.05%", "2012-09-30": "9.44%", "2012-06-30": "9.17%", "2012-03-31": "8.72%", "2011-12-31": "7.57%", "2011-09-30": "6.29%", "2011-06-30": "4.90%", "2011-03-31": "3.36%", "2010-12-31": "1.57%", "2010-09-30": "-2.43%", "2010-06-30": "-4.34%", "2010-03-31": "-17.25%", "2009-12-31": "-20.27%", "2009-09-30": "-17.39%", "2009-06-30": "-17.20%", "2009-03-31": "1.01%", "2008-12-31": "9.10%", "2008-09-30": "11.81%", "2008-06-30": "12.14%", "2008-03-31": "14.22%", "2007-12-31": "13.40%", "2007-09-30": "16.78%", "2007-06-30": "18.97%", "2007-03-31": "19.58%", "2006-12-31": "20.38%", "2006-09-30": "20.79%", "2006-06-30": "22.06%", "2006-03-31": "22.91%", "2005-12-31": "23.26%"}, "dividend yield history": {"last payout": "$0.84", "last yield": "5.32%"}}