{"ticker": "UTHR", "price": {"title": "United Therapeutics Historical Annual Stock Price Data", "value": 169.72, "historical": {"2021": {"Average Stock Price": "165.9213", "Year Open": "153.9400", "Year High": "172.8200", "Year Low": "153.9400", "Year Close": "169.7200", "Annual % Change": "11.81%"}, "2020": {"Average Stock Price": "112.2631", "Year Open": "87.6600", "Year High": "151.7900", "Year Low": "79.3900", "Year Close": "151.7900", "Annual % Change": "72.33%"}, "2019": {"Average Stock Price": "94.3843", "Year Open": "107.6500", "Year High": "126.8400", "Year Low": "74.8500", "Year Close": "88.0800", "Annual % Change": "-19.12%"}, "2018": {"Average Stock Price": "119.0494", "Year Open": "151.9400", "Year High": "151.9400", "Year Low": "101.1400", "Year Close": "108.9000", "Annual % Change": "-26.39%"}, "2017": {"Average Stock Price": "132.6931", "Year Open": "143.9900", "Year High": "168.4200", "Year Low": "114.6000", "Year Close": "147.9500", "Annual % Change": "3.15%"}, "2016": {"Average Stock Price": "121.3932", "Year Open": "155.5400", "Year High": "155.5400", "Year Low": "98.3300", "Year Close": "143.4300", "Annual % Change": "-8.42%"}, "2015": {"Average Stock Price": "159.5798", "Year Open": "127.7300", "Year High": "188.5600", "Year Low": "119.5700", "Year Close": "156.6100", "Annual % Change": "20.94%"}, "2014": {"Average Stock Price": "107.7093", "Year Open": "110.9000", "Year High": "136.1600", "Year Low": "86.1400", "Year Close": "129.4900", "Annual % Change": "14.51%"}, "2013": {"Average Stock Price": "71.3023", "Year Open": "53.8300", "Year High": "114.5100", "Year Low": "51.6400", "Year Close": "113.0800", "Annual % Change": "111.68%"}, "2012": {"Average Stock Price": "49.7618", "Year Open": "47.8200", "Year High": "58.9100", "Year Low": "40.4200", "Year Close": "53.4200", "Annual % Change": "13.06%"}, "2011": {"Average Stock Price": "55.0255", "Year Open": "64.3600", "Year High": "70.7000", "Year Low": "37.2100", "Year Close": "47.2500", "Annual % Change": "-25.26%"}, "2010": {"Average Stock Price": "55.3641", "Year Open": "53.4400", "Year High": "64.2400", "Year Low": "46.2200", "Year Close": "63.2200", "Annual % Change": "20.08%"}, "2009": {"Average Stock Price": "40.0159", "Year Open": "32.0550", "Year High": "52.8800", "Year Low": "27.8550", "Year Close": "52.6500", "Annual % Change": "68.35%"}, "2008": {"Average Stock Price": "45.0498", "Year Open": "49.5450", "Year High": "57.9900", "Year Low": "24.5050", "Year Close": "31.2750", "Annual % Change": "-35.94%"}, "2007": {"Average Stock Price": "34.1974", "Year Open": "26.6100", "Year High": "54.3100", "Year Low": "23.9350", "Year Close": "48.8250", "Annual % Change": "79.60%"}, "2006": {"Average Stock Price": "29.1066", "Year Open": "34.2450", "Year High": "35.6650", "Year Low": "23.9800", "Year Close": "27.1850", "Annual % Change": "-21.34%"}, "2005": {"Average Stock Price": "28.5426", "Year Open": "22.0250", "Year High": "38.9100", "Year Low": "20.6850", "Year Close": "34.5600", "Annual % Change": "53.09%"}, "2004": {"Average Stock Price": "14.2425", "Year Open": "11.7400", "Year High": "23.3650", "Year Low": "10.2550", "Year Close": "22.5750", "Annual % Change": "96.73%"}, "2003": {"Average Stock Price": "9.6692", "Year Open": "8.5500", "Year High": "12.3250", "Year Low": "7.3500", "Year Close": "11.4750", "Annual % Change": "37.43%"}, "2002": {"Average Stock Price": "6.7554", "Year Open": "5.1250", "Year High": "8.8050", "Year Low": "4.5500", "Year Close": "8.3500", "Annual % Change": "60.42%"}, "2001": {"Average Stock Price": "6.2087", "Year Open": "7.0650", "Year High": "9.0000", "Year Low": "4.3800", "Year Close": "5.2050", "Annual % Change": "-29.42%"}, "2000": {"Average Stock Price": "35.8716", "Year Open": "26.5650", "Year High": "64.2500", "Year Low": "6.5300", "Year Close": "7.3750", "Annual % Change": "-67.93%"}}}, "market cap": {"value": "$7.54B"}, "income statement": {"Revenue": {"2019-12-31": "1448.80000", "2018-12-31": "1627.80000", "2017-12-31": "1725.30000", "2016-12-31": "1598.80000", "2015-12-31": "1465.80000", "2014-12-31": "1288.50000", "2013-12-31": "1116.98400", "2012-12-31": "916.07600", "2011-12-31": "743.18300", "2010-12-31": "592.89900", "2009-12-31": "358.88000", "2008-12-31": "281.49700", "2007-12-31": "210.94300", "2006-12-31": "159.63200", "2005-12-31": "115.91500"}, "Cost Of Goods Sold": {"2019-12-31": "117.60000", "2018-12-31": "198.70000", "2017-12-31": "105.70000", "2016-12-31": "72.70000", "2015-12-31": "69.00000", "2014-12-31": "125.90000", "2013-12-31": "131.12700", "2012-12-31": "119.29700", "2011-12-31": "88.90400", "2010-12-31": "67.67400", "2009-12-31": "40.86100", "2008-12-31": "30.06600", "2007-12-31": "22.26100", "2006-12-31": "17.02800", "2005-12-31": "12.31500"}, "Gross Profit": {"2019-12-31": "1331.20000", "2018-12-31": "1429.10000", "2017-12-31": "1619.60000", "2016-12-31": "1526.10000", "2015-12-31": "1396.80000", "2014-12-31": "1162.60000", "2013-12-31": "985.85700", "2012-12-31": "796.77900", "2011-12-31": "654.27900", "2010-12-31": "525.22500", "2009-12-31": "318.01900", "2008-12-31": "251.43100", "2007-12-31": "188.68200", "2006-12-31": "142.60400", "2005-12-31": "103.60000"}, "Research And Development Expenses": {"2019-12-31": "1182.60000", "2018-12-31": "357.90000", "2017-12-31": "264.60000", "2016-12-31": "147.60000", "2015-12-31": "245.10000", "2014-12-31": "242.50000", "2013-12-31": "299.34800", "2012-12-31": "173.38700", "2011-12-31": "180.01500", "2010-12-31": "165.30600", "2009-12-31": "120.36800", "2008-12-31": "239.18100", "2007-12-31": "83.35200", "2006-12-31": "57.57000", "2005-12-31": "36.05200"}, "SG&A Expenses": {"2019-12-31": "336.20000", "2018-12-31": "265.80000", "2017-12-31": "330.10000", "2016-12-31": "316.80000", "2015-12-31": "452.70000", "2014-12-31": "381.30000", "2013-12-31": "394.01000", "2012-12-31": "201.74600", "2011-12-31": "156.48200", "2010-12-31": "188.60600", "2009-12-31": "171.89400", "2008-12-31": "94.30600", "2007-12-31": "99.02700", "2006-12-31": "56.05200", "2005-12-31": "24.65500"}, "Other Operating Income Or Expenses": {"2019-12-31": "0.00000", "2018-12-31": "0.00000", "2017-12-31": "-210.00000", "2016-12-31": "0.00000", "2015-12-31": "", "2014-12-31": "", "2013-12-31": "", "2012-12-31": "", "2011-12-31": "", "2010-12-31": "", "2009-12-31": "", "2008-12-31": "", "2007-12-31": "", "2006-12-31": "", "2005-12-31": ""}, "Operating Expenses": {"2019-12-31": "1636.40000", "2018-12-31": "822.40000", "2017-12-31": "910.40000", "2016-12-31": "537.10000", "2015-12-31": "766.80000", "2014-12-31": "749.70000", "2013-12-31": "824.48500", "2012-12-31": "494.43000", "2011-12-31": "425.40100", "2010-12-31": "421.58600", "2009-12-31": "333.12300", "2008-12-31": "363.55300", "2007-12-31": "204.64000", "2006-12-31": "130.65000", "2005-12-31": "73.02200"}, "Operating Income": {"2019-12-31": "-187.59990", "2018-12-31": "805.40010", "2017-12-31": "814.90000", "2016-12-31": "1061.70000", "2015-12-31": "699.00000", "2014-12-31": "538.80000", "2013-12-31": "292.49900", "2012-12-31": "421.64600", "2011-12-31": "317.78200", "2010-12-31": "171.31300", "2009-12-31": "25.75700", "2008-12-31": "-82.05600", "2007-12-31": "6.30300", "2006-12-31": "28.98200", "2005-12-31": "42.89300"}, "Total Non-Operating Income/Expense": {"2019-12-31": "22.60000", "2018-12-31": "-46.50000", "2017-12-31": "-45.40000", "2016-12-31": "-1.50000", "2015-12-31": "345.40000", "2014-12-31": "-13.60000", "2013-12-31": "-13.59600", "2012-12-31": "19.02500", "2011-12-31": "-18.66500", "2010-12-31": "-16.16200", "2009-12-31": "-7.13400", "2008-12-31": "-1.66500", "2007-12-31": "-1.82600", "2006-12-31": "10.92600", "2005-12-31": "4.62900"}, "Pre-Tax Income": {"2019-12-31": "-165.00000", "2018-12-31": "758.90000", "2017-12-31": "769.50000", "2016-12-31": "1060.20000", "2015-12-31": "1044.40000", "2014-12-31": "525.20000", "2013-12-31": "278.90300", "2012-12-31": "440.67100", "2011-12-31": "299.11700", "2010-12-31": "155.15100", "2009-12-31": "18.62300", "2008-12-31": "-83.72100", "2007-12-31": "4.47700", "2006-12-31": "39.90800", "2005-12-31": "47.52200"}, "Income Taxes": {"2019-12-31": "-60.50000", "2018-12-31": "169.70000", "2017-12-31": "351.60000", "2016-12-31": "346.50000", "2015-12-31": "392.80000", "2014-12-31": "185.10000", "2013-12-31": "104.34300", "2012-12-31": "136.22900", "2011-12-31": "81.87400", "2010-12-31": "43.94500", "2009-12-31": "-0.69500", "2008-12-31": "-34.39400", "2007-12-31": "-7.87600", "2006-12-31": "-34.05700", "2005-12-31": "-17.49400"}, "Income After Taxes": {"2019-12-31": "-104.50000", "2018-12-31": "589.20000", "2017-12-31": "417.90000", "2016-12-31": "713.70000", "2015-12-31": "651.60000", "2014-12-31": "340.10000", "2013-12-31": "174.56000", "2012-12-31": "304.44200", "2011-12-31": "217.24300", "2010-12-31": "111.20600", "2009-12-31": "19.31800", "2008-12-31": "-49.32700", "2007-12-31": "12.35300", "2006-12-31": "73.96500", "2005-12-31": "65.01600"}, "Other Income": {"2019-12-31": "", "2018-12-31": "", "2017-12-31": "", "2016-12-31": "", "2015-12-31": "", "2014-12-31": "", "2013-12-31": "", "2012-12-31": "", "2011-12-31": "", "2010-12-31": "", "2009-12-31": "", "2008-12-31": "", "2007-12-31": "", "2006-12-31": "", "2005-12-31": ""}, "Income From Continuous Operations": {"2019-12-31": "-104.50000", "2018-12-31": "589.20000", "2017-12-31": "417.90000", "2016-12-31": "713.70000", "2015-12-31": "651.60000", "2014-12-31": "340.10000", "2013-12-31": "174.56000", "2012-12-31": "304.44200", "2011-12-31": "217.24300", "2010-12-31": "111.20600", "2009-12-31": "19.31800", "2008-12-31": "-49.32700", "2007-12-31": "12.35300", "2006-12-31": "73.96500", "2005-12-31": "65.01600"}, "Income From Discontinued Operations": {"2019-12-31": "", "2018-12-31": "", "2017-12-31": "", "2016-12-31": "", "2015-12-31": "", "2014-12-31": "", "2013-12-31": "", "2012-12-31": "", "2011-12-31": "0.62500", "2010-12-31": "-5.29000", "2009-12-31": "0.14400", "2008-12-31": "", "2007-12-31": "", "2006-12-31": "", "2005-12-31": ""}, "Net Income": {"2019-12-31": "-104.50000", "2018-12-31": "589.20000", "2017-12-31": "417.90000", "2016-12-31": "713.70000", "2015-12-31": "651.60000", "2014-12-31": "340.10000", "2013-12-31": "174.56000", "2012-12-31": "304.44200", "2011-12-31": "217.86800", "2010-12-31": "105.91600", "2009-12-31": "19.46200", "2008-12-31": "-49.32700", "2007-12-31": "12.35300", "2006-12-31": "73.96500", "2005-12-31": "65.01600"}, "EBITDA": {"2019-12-31": "-141.69990", "2018-12-31": "841.30010", "2017-12-31": "845.90000", "2016-12-31": "1093.30000", "2015-12-31": "731.90000", "2014-12-31": "571.00010", "2013-12-31": "340.86000", "2012-12-31": "464.45900", "2011-12-31": "362.15000", "2010-12-31": "208.64600", "2009-12-31": "54.41600", "2008-12-31": "-63.84900", "2007-12-31": "19.36600", "2006-12-31": "30.44600", "2005-12-31": "45.30700"}, "EBIT": {"2019-12-31": "-187.59990", "2018-12-31": "805.40010", "2017-12-31": "814.90000", "2016-12-31": "1061.70000", "2015-12-31": "699.00000", "2014-12-31": "538.80000", "2013-12-31": "292.49900", "2012-12-31": "421.64600", "2011-12-31": "317.78200", "2010-12-31": "171.31300", "2009-12-31": "25.75700", "2008-12-31": "-82.05600", "2007-12-31": "6.30300", "2006-12-31": "28.98200", "2005-12-31": "42.89300"}, "Basic Shares Outstanding": {"2019-12-31": "43.80000", "2018-12-31": "43.50000", "2017-12-31": "44.00000", "2016-12-31": "43.80000", "2015-12-31": "46.00000", "2014-12-31": "48.20000", "2013-12-31": "50.07600", "2012-12-31": "52.09300", "2011-12-31": "57.16300", "2010-12-31": "56.14200", "2009-12-31": "53.31400", "2008-12-31": "45.80200", "2007-12-31": "42.44800", "2006-12-31": "46.02000", "2005-12-31": "45.65000"}, "Shares Outstanding": {"2019-12-31": "43.80000", "2018-12-31": "44.00000", "2017-12-31": "44.90000", "2016-12-31": "46.80000", "2015-12-31": "51.20000", "2014-12-31": "54.20000", "2013-12-31": "53.23100", "2012-12-31": "53.28000", "2011-12-31": "59.39500", "2010-12-31": "59.51600", "2009-12-31": "56.13300", "2008-12-31": "45.80200", "2007-12-31": "44.90200", "2006-12-31": "48.27600", "2005-12-31": "50.41200"}, "Basic EPS": {"2019-12-31": "-2.39000", "2018-12-31": "13.54000", "2017-12-31": "9.50000", "2016-12-31": "16.29000", "2015-12-31": "14.17000", "2014-12-31": "7.06000", "2013-12-31": "3.49000", "2012-12-31": "5.84000", "2011-12-31": "3.81000", "2010-12-31": "1.89000", "2009-12-31": "0.37000", "2008-12-31": "-1.08000", "2007-12-31": "0.29000", "2006-12-31": "1.60500", "2005-12-31": "1.42500"}, "EPS - Earnings Per Share": {"2019-12-31": "-2.39000", "2018-12-31": "13.39000", "2017-12-31": "9.31000", "2016-12-31": "15.25000", "2015-12-31": "12.72000", "2014-12-31": "6.28000", "2013-12-31": "3.28000", "2012-12-31": "5.71000", "2011-12-31": "3.67000", "2010-12-31": "1.78000", "2009-12-31": "0.35000", "2008-12-31": "-1.08000", "2007-12-31": "0.28000", "2006-12-31": "1.53000", "2005-12-31": "1.29000"}}, "income statement, quarterly": {"Revenue": {"2020-09-30": "380.10000", "2020-06-30": "362.00000", "2020-03-31": "356.30000", "2019-12-31": "311.10010", "2019-09-30": "401.50000", "2019-06-30": "373.60000", "2019-03-31": "362.60000", "2018-12-31": "381.40010", "2018-09-30": "412.70000", "2018-06-30": "444.50000", "2018-03-31": "389.20000", "2017-12-31": "464.70010", "2017-09-30": "445.50000", "2017-06-30": "444.60000", "2017-03-31": "370.50000", "2016-12-31": "409.00010", "2016-09-30": "408.20000", "2016-06-30": "412.60000", "2016-03-31": "369.00000", "2015-12-31": "404.90010", "2015-09-30": "386.20000", "2015-06-30": "347.20000", "2015-03-31": "327.50000", "2014-12-31": "346.34500", "2014-09-30": "329.95000", "2014-06-30": "322.80200", "2014-03-31": "289.40300", "2013-12-31": "289.01710", "2013-09-30": "302.22500", "2013-06-30": "280.60600", "2013-03-31": "245.13600", "2012-12-31": "243.81700", "2012-09-30": "242.46800", "2012-06-30": "225.57700", "2012-03-31": "204.21400", "2011-12-31": "195.17800", "2011-09-30": "201.74200", "2011-06-30": "183.75100", "2011-03-31": "162.51200", "2010-12-31": "160.72300", "2010-09-30": "168.57500", "2010-06-30": "134.72100", "2010-03-31": "128.88000", "2009-12-31": "97.95500", "2009-09-30": "97.21500", "2009-06-30": "83.98000", "2009-03-31": "79.73000", "2008-12-31": "75.86200", "2008-09-30": "75.03200", "2008-06-30": "68.55600", "2008-03-31": "62.04700", "2007-12-31": "59.89800", "2007-09-30": "59.04500", "2007-06-30": "51.83100", "2007-03-31": "40.16900", "2006-12-31": "45.82600", "2006-09-30": "40.39700", "2006-06-30": "40.24500", "2006-03-31": "33.16400", "2005-12-31": "29.64100", "2005-09-30": "33.01000", "2005-06-30": "30.05700", "2005-03-31": "23.20700"}, "Cost Of Goods Sold": {"2020-09-30": "24.00000", "2020-06-30": "25.90000", "2020-03-31": "23.40000", "2019-12-31": "28.80000", "2019-09-30": "33.00000", "2019-06-30": "26.70000", "2019-03-31": "29.10000", "2018-12-31": "31.90000", "2018-09-30": "51.90000", "2018-06-30": "61.70000", "2018-03-31": "53.20000", "2017-12-31": "53.00000", "2017-09-30": "19.50000", "2017-06-30": "18.90000", "2017-03-31": "14.30000", "2016-12-31": "28.40000", "2016-09-30": "23.60000", "2016-06-30": "20.00000", "2016-03-31": "0.70000", "2015-12-31": "25.30000", "2015-09-30": "6.90000", "2015-06-30": "16.00000", "2015-03-31": "20.80000", "2014-12-31": "15.78800", "2014-09-30": "40.80300", "2014-06-30": "38.70900", "2014-03-31": "30.60000", "2013-12-31": "38.77800", "2013-09-30": "30.71600", "2013-06-30": "32.32000", "2013-03-31": "29.31300", "2012-12-31": "37.66500", "2012-09-30": "27.96800", "2012-06-30": "29.63300", "2012-03-31": "24.03100", "2011-12-31": "25.32700", "2011-09-30": "22.67600", "2011-06-30": "21.16200", "2011-03-31": "19.73900", "2010-12-31": "17.37200", "2010-09-30": "20.15500", "2010-06-30": "15.26100", "2010-03-31": "14.88600", "2009-12-31": "9.03600", "2009-09-30": "12.75500", "2009-06-30": "10.08400", "2009-03-31": "8.98600", "2008-12-31": "8.10700", "2008-09-30": "7.74100", "2008-06-30": "7.33200", "2008-03-31": "6.88600", "2007-12-31": "6.35700", "2007-09-30": "6.16600", "2007-06-30": "5.34200", "2007-03-31": "4.39600", "2006-12-31": "4.75300", "2006-09-30": "4.15400", "2006-06-30": "4.24400", "2006-03-31": "3.87700", "2005-12-31": "3.15300", "2005-09-30": "3.43200", "2005-06-30": "3.17500", "2005-03-31": "2.55500"}, "Gross Profit": {"2020-09-30": "356.10000", "2020-06-30": "336.10000", "2020-03-31": "332.90000", "2019-12-31": "282.30010", "2019-09-30": "368.50000", "2019-06-30": "346.90000", "2019-03-31": "333.50000", "2018-12-31": "349.50010", "2018-09-30": "360.80000", "2018-06-30": "382.80000", "2018-03-31": "336.00000", "2017-12-31": "411.70010", "2017-09-30": "426.00000", "2017-06-30": "425.70000", "2017-03-31": "356.20000", "2016-12-31": "380.60010", "2016-09-30": "384.60000", "2016-06-30": "392.60000", "2016-03-31": "368.30000", "2015-12-31": "379.60010", "2015-09-30": "379.30000", "2015-06-30": "331.20000", "2015-03-31": "306.70000", "2014-12-31": "330.55700", "2014-09-30": "289.14700", "2014-06-30": "284.09300", "2014-03-31": "258.80300", "2013-12-31": "250.23910", "2013-09-30": "271.50900", "2013-06-30": "248.28600", "2013-03-31": "215.82300", "2012-12-31": "206.15200", "2012-09-30": "214.50000", "2012-06-30": "195.94400", "2012-03-31": "180.18300", "2011-12-31": "169.85100", "2011-09-30": "179.06600", "2011-06-30": "162.58900", "2011-03-31": "142.77300", "2010-12-31": "143.35100", "2010-09-30": "148.42000", "2010-06-30": "119.46000", "2010-03-31": "113.99400", "2009-12-31": "88.91900", "2009-09-30": "84.46000", "2009-06-30": "73.89600", "2009-03-31": "70.74400", "2008-12-31": "67.75500", "2008-09-30": "67.29100", "2008-06-30": "61.22400", "2008-03-31": "55.16100", "2007-12-31": "53.54100", "2007-09-30": "52.87900", "2007-06-30": "46.48900", "2007-03-31": "35.77300", "2006-12-31": "41.07300", "2006-09-30": "36.24300", "2006-06-30": "36.00100", "2006-03-31": "29.28700", "2005-12-31": "26.48800", "2005-09-30": "29.57800", "2005-06-30": "26.88200", "2005-03-31": "20.65200"}, "Research And Development Expenses": {"2020-09-30": "68.70000", "2020-06-30": "89.70000", "2020-03-31": "73.20000", "2019-12-31": "113.60000", "2019-09-30": "85.70000", "2019-06-30": "85.90000", "2019-03-31": "897.40000", "2018-12-31": "138.80000", "2018-09-30": "101.10000", "2018-06-30": "82.30000", "2018-03-31": "35.70000", "2017-12-31": "113.60000", "2017-09-30": "55.00000", "2017-06-30": "59.80000", "2017-03-31": "36.20000", "2016-12-31": "66.90000", "2016-09-30": "45.90000", "2016-06-30": "35.20000", "2016-03-31": "-0.40000", "2015-12-31": "75.90000", "2015-09-30": "9.60000", "2015-06-30": "49.40000", "2015-03-31": "110.20000", "2014-12-31": "71.43400", "2014-09-30": "118.87600", "2014-06-30": "39.74200", "2014-03-31": "12.44800", "2013-12-31": "121.55200", "2013-09-30": "72.74900", "2013-06-30": "54.61700", "2013-03-31": "50.43000", "2012-12-31": "37.47600", "2012-09-30": "65.15500", "2012-06-30": "37.09900", "2012-03-31": "33.65700", "2011-12-31": "48.63500", "2011-09-30": "59.43300", "2011-06-30": "24.24000", "2011-03-31": "47.70700", "2010-12-31": "61.51100", "2010-09-30": "40.33700", "2010-06-30": "28.58700", "2010-03-31": "34.87100", "2009-12-31": "39.21200", "2009-09-30": "31.55100", "2009-06-30": "28.64600", "2009-03-31": "20.95900", "2008-12-31": "179.75100", "2008-09-30": "19.21300", "2008-06-30": "19.14100", "2008-03-31": "21.07600", "2007-12-31": "17.70900", "2007-09-30": "19.55900", "2007-06-30": "17.97000", "2007-03-31": "28.11400", "2006-12-31": "18.33700", "2006-09-30": "11.91900", "2006-06-30": "12.61400", "2006-03-31": "14.70000", "2005-12-31": "9.46200", "2005-09-30": "9.42300", "2005-06-30": "8.69400", "2005-03-31": "8.47300"}, "SG&A Expenses": {"2020-09-30": "66.30000", "2020-06-30": "105.90000", "2020-03-31": "93.00000", "2019-12-31": "105.20000", "2019-09-30": "99.40000", "2019-06-30": "39.60000", "2019-03-31": "92.00000", "2018-12-31": "79.20000", "2018-09-30": "110.10000", "2018-06-30": "83.10000", "2018-03-31": "-6.60000", "2017-12-31": "159.10000", "2017-09-30": "47.20000", "2017-06-30": "67.40000", "2017-03-31": "56.40000", "2016-12-31": "139.50000", "2016-09-30": "100.10000", "2016-06-30": "72.20000", "2016-03-31": "5.00000", "2015-12-31": "148.70000", "2015-09-30": "-17.30000", "2015-06-30": "110.00000", "2015-03-31": "211.30000", "2014-12-31": "80.54700", "2014-09-30": "202.50700", "2014-06-30": "68.03100", "2014-03-31": "30.21500", "2013-12-31": "157.17800", "2013-09-30": "94.11100", "2013-06-30": "71.36500", "2013-03-31": "71.35600", "2012-12-31": "40.07300", "2012-09-30": "68.62600", "2012-06-30": "53.25800", "2012-03-31": "39.78900", "2011-12-31": "57.70700", "2011-09-30": "16.65600", "2011-06-30": "23.85600", "2011-03-31": "58.26300", "2010-12-31": "66.48200", "2010-09-30": "45.59300", "2010-06-30": "29.65400", "2010-03-31": "46.87700", "2009-12-31": "52.13300", "2009-09-30": "41.17200", "2009-06-30": "49.37100", "2009-03-31": "29.21800", "2008-12-31": "21.86400", "2008-09-30": "30.01800", "2008-06-30": "23.09300", "2008-03-31": "19.33100", "2007-12-31": "44.22600", "2007-09-30": "19.16300", "2007-06-30": "20.47400", "2007-03-31": "15.16400", "2006-12-31": "21.21100", "2006-09-30": "12.89100", "2006-06-30": "11.87100", "2006-03-31": "10.07900", "2005-12-31": "6.67000", "2005-09-30": "5.62000", "2005-06-30": "7.02500", "2005-03-31": "5.34000"}, "Other Operating Income Or Expenses": {"2020-09-30": "", "2020-06-30": "", "2020-03-31": "", "2019-12-31": "", "2019-09-30": "", "2019-06-30": "", "2019-03-31": "", "2018-12-31": "", "2018-09-30": "", "2018-06-30": "", "2018-03-31": "", "2017-12-31": "", "2017-09-30": "", "2017-06-30": "-210.00000", "2017-03-31": "", "2016-12-31": "", "2016-09-30": "", "2016-06-30": "0.00000", "2016-03-31": "", "2015-12-31": "", "2015-09-30": "", "2015-06-30": "", "2015-03-31": "", "2014-12-31": "", "2014-09-30": "", "2014-06-30": "", "2014-03-31": "", "2013-12-31": "", "2013-09-30": "", "2013-06-30": "", "2013-03-31": "", "2012-12-31": "", "2012-09-30": "", "2012-06-30": "", "2012-03-31": "", "2011-12-31": "", "2011-09-30": "", "2011-06-30": "", "2011-03-31": "", "2010-12-31": "", "2010-09-30": "", "2010-06-30": "", "2010-03-31": "", "2009-12-31": "", "2009-09-30": "", "2009-06-30": "", "2009-03-31": "", "2008-12-31": "", "2008-09-30": "", "2008-06-30": "", "2008-03-31": "", "2007-12-31": "", "2007-09-30": "", "2007-06-30": "", "2007-03-31": "", "2006-12-31": "", "2006-09-30": "", "2006-06-30": "", "2006-03-31": "-2.02400", "2005-12-31": "", "2005-09-30": "", "2005-06-30": "", "2005-03-31": ""}, "Operating Expenses": {"2020-09-30": "159.00000", "2020-06-30": "221.50000", "2020-03-31": "189.60000", "2019-12-31": "247.59990", "2019-09-30": "218.10000", "2019-06-30": "152.20000", "2019-03-31": "1018.50000", "2018-12-31": "249.89990", "2018-09-30": "263.10000", "2018-06-30": "227.10000", "2018-03-31": "82.30000", "2017-12-31": "325.70000", "2017-09-30": "121.70000", "2017-06-30": "356.10000", "2017-03-31": "106.90000", "2016-12-31": "234.80000", "2016-09-30": "169.60000", "2016-06-30": "127.40000", "2016-03-31": "5.30000", "2015-12-31": "249.90010", "2015-09-30": "-0.80000", "2015-06-30": "175.40000", "2015-03-31": "342.30000", "2014-12-31": "167.76900", "2014-09-30": "362.18600", "2014-06-30": "146.48200", "2014-03-31": "73.26300", "2013-12-31": "317.50800", "2013-09-30": "197.57600", "2013-06-30": "158.30200", "2013-03-31": "151.09900", "2012-12-31": "115.21400", "2012-09-30": "161.74900", "2012-06-30": "119.99000", "2012-03-31": "97.47700", "2011-12-31": "131.66900", "2011-09-30": "98.76500", "2011-06-30": "69.25800", "2011-03-31": "125.70900", "2010-12-31": "145.36500", "2010-09-30": "106.08500", "2010-06-30": "73.50200", "2010-03-31": "96.63400", "2009-12-31": "100.38100", "2009-09-30": "85.47800", "2009-06-30": "88.10100", "2009-03-31": "59.16300", "2008-12-31": "209.72200", "2008-09-30": "56.97200", "2008-06-30": "49.56600", "2008-03-31": "47.29300", "2007-12-31": "68.29200", "2007-09-30": "44.88800", "2007-06-30": "43.78600", "2007-03-31": "47.67400", "2006-12-31": "42.27700", "2006-09-30": "28.96400", "2006-06-30": "28.72900", "2006-03-31": "30.68000", "2005-12-31": "19.28500", "2005-09-30": "18.47500", "2005-06-30": "18.89400", "2005-03-31": "16.36800"}, "Operating Income": {"2020-09-30": "221.10000", "2020-06-30": "140.50000", "2020-03-31": "166.70000", "2019-12-31": "63.50020", "2019-09-30": "183.40000", "2019-06-30": "221.40000", "2019-03-31": "-655.90000", "2018-12-31": "131.50020", "2018-09-30": "149.60000", "2018-06-30": "217.40000", "2018-03-31": "306.90000", "2017-12-31": "139.00010", "2017-09-30": "323.80000", "2017-06-30": "88.50000", "2017-03-31": "263.60000", "2016-12-31": "174.20010", "2016-09-30": "238.60000", "2016-06-30": "285.20000", "2016-03-31": "363.70000", "2015-12-31": "155.00000", "2015-09-30": "387.00000", "2015-06-30": "171.80000", "2015-03-31": "-14.80000", "2014-12-31": "178.57600", "2014-09-30": "-32.23600", "2014-06-30": "176.32000", "2014-03-31": "216.14000", "2013-12-31": "-28.49090", "2013-09-30": "104.64900", "2013-06-30": "122.30400", "2013-03-31": "94.03700", "2012-12-31": "128.60300", "2012-09-30": "80.71900", "2012-06-30": "105.58700", "2012-03-31": "106.73700", "2011-12-31": "63.50900", "2011-09-30": "102.97700", "2011-06-30": "114.49300", "2011-03-31": "36.80300", "2010-12-31": "15.35800", "2010-09-30": "62.49000", "2010-06-30": "61.21900", "2010-03-31": "32.24600", "2009-12-31": "-2.42600", "2009-09-30": "11.73700", "2009-06-30": "-4.12100", "2009-03-31": "20.56700", "2008-12-31": "-133.86000", "2008-09-30": "18.06000", "2008-06-30": "18.99000", "2008-03-31": "14.75400", "2007-12-31": "-8.39400", "2007-09-30": "14.15700", "2007-06-30": "8.04500", "2007-03-31": "-7.50500", "2006-12-31": "3.54900", "2006-09-30": "11.43300", "2006-06-30": "11.51600", "2006-03-31": "2.48400", "2005-12-31": "10.35600", "2005-09-30": "14.53500", "2005-06-30": "11.16300", "2005-03-31": "6.83900"}, "Total Non-Operating Income/Expense": {"2020-09-30": "-2.10000", "2020-06-30": "-6.60000", "2020-03-31": "4.90000", "2019-12-31": "4.80000", "2019-09-30": "-16.50000", "2019-06-30": "29.00000", "2019-03-31": "5.30000", "2018-12-31": "-39.60000", "2018-09-30": "-9.50000", "2018-06-30": "0.50000", "2018-03-31": "2.10000", "2017-12-31": "2.00000", "2017-09-30": "-3.10000", "2017-06-30": "-44.30000", "2017-03-31": "", "2016-12-31": "-2.70000", "2016-09-30": "0.50000", "2016-06-30": "0.50000", "2016-03-31": "0.20000", "2015-12-31": "1.00000", "2015-09-30": "349.80000", "2015-06-30": "-3.40000", "2015-03-31": "-2.00000", "2014-12-31": "-3.79200", "2014-09-30": "-3.59700", "2014-06-30": "-3.28700", "2014-03-31": "-2.92400", "2013-12-31": "-3.13900", "2013-09-30": "-3.47000", "2013-06-30": "-3.78500", "2013-03-31": "-3.20200", "2012-12-31": "-3.65100", "2012-09-30": "27.77400", "2012-06-30": "-2.29700", "2012-03-31": "-2.80100", "2011-12-31": "-4.32500", "2011-09-30": "-4.72100", "2011-06-30": "-4.87900", "2011-03-31": "-4.74000", "2010-12-31": "-4.54200", "2010-09-30": "-4.14700", "2010-06-30": "-3.90800", "2010-03-31": "-3.56500", "2009-12-31": "-2.45000", "2009-09-30": "-2.69100", "2009-06-30": "-1.42200", "2009-03-31": "-0.57100", "2008-12-31": "-1.35600", "2008-09-30": "-0.80500", "2008-06-30": "-0.02300", "2008-03-31": "0.51900", "2007-12-31": "-8.83000", "2007-09-30": "2.85800", "2007-06-30": "0.86700", "2007-03-31": "3.27900", "2006-12-31": "4.24000", "2006-09-30": "2.66700", "2006-06-30": "2.31800", "2006-03-31": "1.70100", "2005-12-31": "1.56100", "2005-09-30": "1.22800", "2005-06-30": "1.01800", "2005-03-31": "0.82200"}, "Pre-Tax Income": {"2020-09-30": "219.00000", "2020-06-30": "133.90000", "2020-03-31": "171.60000", "2019-12-31": "68.30000", "2019-09-30": "166.90000", "2019-06-30": "250.40000", "2019-03-31": "-650.60000", "2018-12-31": "91.90010", "2018-09-30": "140.10000", "2018-06-30": "217.90000", "2018-03-31": "309.00000", "2017-12-31": "141.00000", "2017-09-30": "320.70000", "2017-06-30": "44.20000", "2017-03-31": "263.60000", "2016-12-31": "171.50000", "2016-09-30": "239.10000", "2016-06-30": "285.70000", "2016-03-31": "363.90000", "2015-12-31": "156.00000", "2015-09-30": "736.80000", "2015-06-30": "168.40000", "2015-03-31": "-16.80000", "2014-12-31": "174.78400", "2014-09-30": "-35.83300", "2014-06-30": "173.03300", "2014-03-31": "213.21600", "2013-12-31": "-31.63000", "2013-09-30": "101.17900", "2013-06-30": "118.51900", "2013-03-31": "90.83500", "2012-12-31": "124.95200", "2012-09-30": "108.49300", "2012-06-30": "103.29000", "2012-03-31": "103.93600", "2011-12-31": "59.18400", "2011-09-30": "98.25600", "2011-06-30": "109.61400", "2011-03-31": "32.06300", "2010-12-31": "10.81600", "2010-09-30": "58.34300", "2010-06-30": "57.31100", "2010-03-31": "28.68100", "2009-12-31": "-4.87600", "2009-09-30": "9.04600", "2009-06-30": "-5.54300", "2009-03-31": "19.99600", "2008-12-31": "-135.21600", "2008-09-30": "17.25500", "2008-06-30": "18.96700", "2008-03-31": "15.27300", "2007-12-31": "-17.22400", "2007-09-30": "17.01500", "2007-06-30": "8.91200", "2007-03-31": "-4.22600", "2006-12-31": "7.78900", "2006-09-30": "14.10000", "2006-06-30": "13.83400", "2006-03-31": "4.18500", "2005-12-31": "11.91700", "2005-09-30": "15.76300", "2005-06-30": "12.18100", "2005-03-31": "7.66100"}, "Income Taxes": {"2020-09-30": "47.80000", "2020-06-30": "26.80000", "2020-03-31": "33.90000", "2019-12-31": "15.70000", "2019-09-30": "34.50000", "2019-06-30": "45.30000", "2019-03-31": "-156.00000", "2018-12-31": "26.60000", "2018-09-30": "33.60000", "2018-06-30": "45.00000", "2018-03-31": "64.50000", "2017-12-31": "122.00000", "2017-09-30": "44.40000", "2017-06-30": "100.20000", "2017-03-31": "85.00000", "2016-12-31": "61.20000", "2016-09-30": "77.30000", "2016-06-30": "79.60000", "2016-03-31": "128.40000", "2015-12-31": "51.40000", "2015-09-30": "272.40000", "2015-06-30": "69.20000", "2015-03-31": "-0.20000", "2014-12-31": "58.82300", "2014-09-30": "-10.59600", "2014-06-30": "61.18100", "2014-03-31": "75.69200", "2013-12-31": "-1.31600", "2013-09-30": "38.49400", "2013-06-30": "38.65500", "2013-03-31": "28.51000", "2012-12-31": "41.69700", "2012-09-30": "30.38200", "2012-06-30": "30.97400", "2012-03-31": "33.17600", "2011-12-31": "16.06400", "2011-09-30": "17.64100", "2011-06-30": "35.72300", "2011-03-31": "12.44600", "2010-12-31": "-3.36900", "2010-09-30": "18.21700", "2010-06-30": "19.34500", "2010-03-31": "9.75200", "2009-12-31": "-1.40400", "2009-09-30": "-2.89100", "2009-06-30": "-3.19900", "2009-03-31": "6.79900", "2008-12-31": "-52.92100", "2008-09-30": "6.28500", "2008-06-30": "6.90500", "2008-03-31": "5.33700", "2007-12-31": "-11.70400", "2007-09-30": "2.16700", "2007-06-30": "3.10600", "2007-03-31": "-1.44500", "2006-12-31": "-47.71800", "2006-09-30": "5.62200", "2006-06-30": "6.16100", "2006-03-31": "1.87800", "2005-12-31": "", "2005-09-30": "", "2005-06-30": "", "2005-03-31": ""}, "Income After Taxes": {"2020-09-30": "171.20000", "2020-06-30": "107.10000", "2020-03-31": "137.70000", "2019-12-31": "52.60000", "2019-09-30": "132.40000", "2019-06-30": "205.10000", "2019-03-31": "-494.60000", "2018-12-31": "65.30000", "2018-09-30": "106.50000", "2018-06-30": "172.90000", "2018-03-31": "244.50000", "2017-12-31": "19.00000", "2017-09-30": "276.30000", "2017-06-30": "-56.00000", "2017-03-31": "178.60000", "2016-12-31": "110.30000", "2016-09-30": "161.80000", "2016-06-30": "206.10000", "2016-03-31": "235.50000", "2015-12-31": "104.60000", "2015-09-30": "464.40000", "2015-06-30": "99.20000", "2015-03-31": "-16.60000", "2014-12-31": "115.96100", "2014-09-30": "-25.23700", "2014-06-30": "111.85200", "2014-03-31": "137.52400", "2013-12-31": "-30.31400", "2013-09-30": "62.68500", "2013-06-30": "79.86400", "2013-03-31": "62.32500", "2012-12-31": "83.25500", "2012-09-30": "78.11100", "2012-06-30": "72.31600", "2012-03-31": "70.76000", "2011-12-31": "43.12000", "2011-09-30": "80.61500", "2011-06-30": "73.89100", "2011-03-31": "19.61700", "2010-12-31": "14.18500", "2010-09-30": "40.12600", "2010-06-30": "37.96600", "2010-03-31": "18.92900", "2009-12-31": "-3.47200", "2009-09-30": "11.93700", "2009-06-30": "-2.34400", "2009-03-31": "13.19700", "2008-12-31": "-82.29500", "2008-09-30": "10.97000", "2008-06-30": "12.06200", "2008-03-31": "9.93600", "2007-12-31": "-5.52000", "2007-09-30": "14.84800", "2007-06-30": "5.80600", "2007-03-31": "-2.78100", "2006-12-31": "55.50700", "2006-09-30": "8.47800", "2006-06-30": "7.67300", "2006-03-31": "2.30700", "2005-12-31": "29.41100", "2005-09-30": "15.76300", "2005-06-30": "12.18100", "2005-03-31": "7.66100"}, "Other Income": {"2020-09-30": "", "2020-06-30": "", "2020-03-31": "", "2019-12-31": "", "2019-09-30": "", "2019-06-30": "", "2019-03-31": "", "2018-12-31": "", "2018-09-30": "", "2018-06-30": "", "2018-03-31": "", "2017-12-31": "", "2017-09-30": "", "2017-06-30": "", "2017-03-31": "", "2016-12-31": "", "2016-09-30": "", "2016-06-30": "", "2016-03-31": "", "2015-12-31": "", "2015-09-30": "", "2015-06-30": "", "2015-03-31": "", "2014-12-31": "", "2014-09-30": "", "2014-06-30": "", "2014-03-31": "", "2013-12-31": "", "2013-09-30": "", "2013-06-30": "", "2013-03-31": "", "2012-12-31": "", "2012-09-30": "", "2012-06-30": "", "2012-03-31": "", "2011-12-31": "", "2011-09-30": "", "2011-06-30": "", "2011-03-31": "", "2010-12-31": "", "2010-09-30": "", "2010-06-30": "", "2010-03-31": "", "2009-12-31": "", "2009-09-30": "", "2009-06-30": "", "2009-03-31": "", "2008-12-31": "", "2008-09-30": "", "2008-06-30": "", "2008-03-31": "", "2007-12-31": "", "2007-09-30": "", "2007-06-30": "", "2007-03-31": "", "2006-12-31": "", "2006-09-30": "", "2006-06-30": "", "2006-03-31": "", "2005-12-31": "", "2005-09-30": "", "2005-06-30": "", "2005-03-31": ""}, "Income From Continuous Operations": {"2020-09-30": "171.20000", "2020-06-30": "107.10000", "2020-03-31": "137.70000", "2019-12-31": "52.60000", "2019-09-30": "132.40000", "2019-06-30": "205.10000", "2019-03-31": "-494.60000", "2018-12-31": "65.30000", "2018-09-30": "106.50000", "2018-06-30": "172.90000", "2018-03-31": "244.50000", "2017-12-31": "19.00000", "2017-09-30": "276.30000", "2017-06-30": "-56.00000", "2017-03-31": "178.60000", "2016-12-31": "110.30000", "2016-09-30": "161.80000", "2016-06-30": "206.10000", "2016-03-31": "235.50000", "2015-12-31": "104.60000", "2015-09-30": "464.40000", "2015-06-30": "99.20000", "2015-03-31": "-16.60000", "2014-12-31": "115.96100", "2014-09-30": "-25.23700", "2014-06-30": "111.85200", "2014-03-31": "137.52400", "2013-12-31": "-30.31400", "2013-09-30": "62.68500", "2013-06-30": "79.86400", "2013-03-31": "62.32500", "2012-12-31": "83.25500", "2012-09-30": "78.11100", "2012-06-30": "72.31600", "2012-03-31": "70.76000", "2011-12-31": "43.12000", "2011-09-30": "80.61500", "2011-06-30": "73.89100", "2011-03-31": "19.61700", "2010-12-31": "14.18500", "2010-09-30": "40.12600", "2010-06-30": "37.96600", "2010-03-31": "18.92900", "2009-12-31": "-3.47200", "2009-09-30": "11.93700", "2009-06-30": "-2.34400", "2009-03-31": "13.19700", "2008-12-31": "-82.29500", "2008-09-30": "10.97000", "2008-06-30": "12.06200", "2008-03-31": "9.93600", "2007-12-31": "-5.52000", "2007-09-30": "14.84800", "2007-06-30": "5.80600", "2007-03-31": "-2.78100", "2006-12-31": "55.50700", "2006-09-30": "8.47800", "2006-06-30": "7.67300", "2006-03-31": "2.30700", "2005-12-31": "29.41100", "2005-09-30": "15.76300", "2005-06-30": "12.18100", "2005-03-31": "7.66100"}, "Income From Discontinued Operations": {"2020-09-30": "", "2020-06-30": "", "2020-03-31": "", "2019-12-31": "", "2019-09-30": "", "2019-06-30": "", "2019-03-31": "", "2018-12-31": "", "2018-09-30": "", "2018-06-30": "", "2018-03-31": "", "2017-12-31": "", "2017-09-30": "", "2017-06-30": "", "2017-03-31": "", "2016-12-31": "", "2016-09-30": "", "2016-06-30": "", "2016-03-31": "", "2015-12-31": "", "2015-09-30": "", "2015-06-30": "", "2015-03-31": "", "2014-12-31": "", "2014-09-30": "", "2014-06-30": "", "2014-03-31": "", "2013-12-31": "", "2013-09-30": "", "2013-06-30": "", "2013-03-31": "", "2012-12-31": "", "2012-09-30": "", "2012-06-30": "", "2012-03-31": "", "2011-12-31": "0.06900", "2011-09-30": "3.78300", "2011-06-30": "", "2011-03-31": "-3.22700", "2010-12-31": "-4.64100", "2010-09-30": "-0.39000", "2010-06-30": "-0.25900", "2010-03-31": "", "2009-12-31": "", "2009-09-30": "", "2009-06-30": "", "2009-03-31": "", "2008-12-31": "", "2008-09-30": "", "2008-06-30": "", "2008-03-31": "", "2007-12-31": "", "2007-09-30": "", "2007-06-30": "", "2007-03-31": "", "2006-12-31": "", "2006-09-30": "", "2006-06-30": "", "2006-03-31": "", "2005-12-31": "", "2005-09-30": "", "2005-06-30": "", "2005-03-31": ""}, "Net Income": {"2020-09-30": "171.20000", "2020-06-30": "107.10000", "2020-03-31": "137.70000", "2019-12-31": "52.60000", "2019-09-30": "132.40000", "2019-06-30": "205.10000", "2019-03-31": "-494.60000", "2018-12-31": "65.30000", "2018-09-30": "106.50000", "2018-06-30": "172.90000", "2018-03-31": "244.50000", "2017-12-31": "19.00000", "2017-09-30": "276.30000", "2017-06-30": "-56.00000", "2017-03-31": "178.60000", "2016-12-31": "110.30000", "2016-09-30": "161.80000", "2016-06-30": "206.10000", "2016-03-31": "235.50000", "2015-12-31": "104.60000", "2015-09-30": "464.40000", "2015-06-30": "99.20000", "2015-03-31": "-16.60000", "2014-12-31": "115.96100", "2014-09-30": "-25.23700", "2014-06-30": "111.85200", "2014-03-31": "137.52400", "2013-12-31": "-30.31400", "2013-09-30": "62.68500", "2013-06-30": "79.86400", "2013-03-31": "62.32500", "2012-12-31": "83.25500", "2012-09-30": "78.11100", "2012-06-30": "72.31600", "2012-03-31": "70.76000", "2011-12-31": "43.18900", "2011-09-30": "84.39800", "2011-06-30": "73.89100", "2011-03-31": "16.39000", "2010-12-31": "9.54400", "2010-09-30": "39.73600", "2010-06-30": "37.70700", "2010-03-31": "18.92900", "2009-12-31": "-3.32800", "2009-09-30": "11.93700", "2009-06-30": "-2.34400", "2009-03-31": "13.19700", "2008-12-31": "-82.29500", "2008-09-30": "10.97000", "2008-06-30": "12.06200", "2008-03-31": "9.93600", "2007-12-31": "-5.52000", "2007-09-30": "14.84800", "2007-06-30": "5.80600", "2007-03-31": "-2.78100", "2006-12-31": "55.50700", "2006-09-30": "8.47800", "2006-06-30": "7.67300", "2006-03-31": "2.30700", "2005-12-31": "29.41100", "2005-09-30": "15.76300", "2005-06-30": "12.18100", "2005-03-31": "7.66100"}, "EBITDA": {"2020-09-30": "232.90000", "2020-06-30": "153.10000", "2020-03-31": "179.10000", "2019-12-31": "76.00020", "2019-09-30": "196.10000", "2019-06-30": "231.80000", "2019-03-31": "-645.60000", "2018-12-31": "142.00020", "2018-09-30": "159.00000", "2018-06-30": "225.50000", "2018-03-31": "314.80000", "2017-12-31": "146.70010", "2017-09-30": "331.50000", "2017-06-30": "96.20000", "2017-03-31": "271.50000", "2016-12-31": "182.00020", "2016-09-30": "246.80000", "2016-06-30": "293.10000", "2016-03-31": "371.40000", "2015-12-31": "162.90000", "2015-09-30": "388.80000", "2015-06-30": "183.70000", "2015-03-31": "-3.50000", "2014-12-31": "173.30000", "2014-09-30": "-19.48600", "2014-06-30": "188.61200", "2014-03-31": "228.57400", "2013-12-31": "-16.11390", "2013-09-30": "116.51000", "2013-06-30": "134.17300", "2013-03-31": "106.29100", "2012-12-31": "139.35600", "2012-09-30": "91.60100", "2012-06-30": "116.05900", "2012-03-31": "117.44300", "2011-12-31": "75.18700", "2011-09-30": "113.56400", "2011-06-30": "125.15100", "2011-03-31": "48.24800", "2010-12-31": "24.52500", "2010-09-30": "72.35400", "2010-06-30": "70.47200", "2010-03-31": "41.29500", "2009-12-31": "6.74300", "2009-09-30": "18.65700", "2009-06-30": "2.29200", "2009-03-31": "26.72400", "2008-12-31": "-128.71300", "2008-09-30": "22.76700", "2008-06-30": "23.43000", "2008-03-31": "18.66700", "2007-12-31": "5.30900", "2007-09-30": "13.88600", "2007-06-30": "7.50500", "2007-03-31": "-7.33400", "2006-12-31": "3.57300", "2006-09-30": "11.83400", "2006-06-30": "12.01800", "2006-03-31": "3.02100", "2005-12-31": "10.97400", "2005-09-30": "15.12700", "2005-06-30": "11.77700", "2005-03-31": "7.42900"}, "EBIT": {"2020-09-30": "221.10000", "2020-06-30": "140.50000", "2020-03-31": "166.70000", "2019-12-31": "63.50020", "2019-09-30": "183.40000", "2019-06-30": "221.40000", "2019-03-31": "-655.90000", "2018-12-31": "131.50000", "2018-09-30": "149.60000", "2018-06-30": "217.40000", "2018-03-31": "306.90000", "2017-12-31": "139.00000", "2017-09-30": "323.80000", "2017-06-30": "88.50000", "2017-03-31": "263.60000", "2016-12-31": "174.20010", "2016-09-30": "238.60000", "2016-06-30": "285.20000", "2016-03-31": "363.70000", "2015-12-31": "155.00000", "2015-09-30": "387.00000", "2015-06-30": "171.80000", "2015-03-31": "-14.80000", "2014-12-31": "178.57600", "2014-09-30": "-32.23600", "2014-06-30": "176.32000", "2014-03-31": "216.14000", "2013-12-31": "-28.49100", "2013-09-30": "104.64900", "2013-06-30": "122.30400", "2013-03-31": "94.03700", "2012-12-31": "128.60300", "2012-09-30": "80.71900", "2012-06-30": "105.58700", "2012-03-31": "106.73700", "2011-12-31": "63.50900", "2011-09-30": "102.97700", "2011-06-30": "114.49300", "2011-03-31": "36.80300", "2010-12-31": "15.35800", "2010-09-30": "62.49000", "2010-06-30": "61.21900", "2010-03-31": "32.24600", "2009-12-31": "-2.42600", "2009-09-30": "11.73700", "2009-06-30": "-4.12100", "2009-03-31": "20.56700", "2008-12-31": "-133.86000", "2008-09-30": "18.06000", "2008-06-30": "18.99000", "2008-03-31": "14.75400", "2007-12-31": "-8.39400", "2007-09-30": "14.15700", "2007-06-30": "8.04500", "2007-03-31": "-7.50500", "2006-12-31": "3.54900", "2006-09-30": "11.43300", "2006-06-30": "11.51600", "2006-03-31": "2.48400", "2005-12-31": "10.35600", "2005-09-30": "14.53500", "2005-06-30": "11.16300", "2005-03-31": "6.83900"}, "Basic Shares Outstanding": {"2020-09-30": "44.40000", "2020-06-30": "44.10000", "2020-03-31": "43.90000", "2019-12-31": "43.80000", "2019-09-30": "43.90000", "2019-06-30": "43.80000", "2019-03-31": "43.70000", "2018-12-31": "43.50000", "2018-09-30": "43.60000", "2018-06-30": "43.10000", "2018-03-31": "43.30000", "2017-12-31": "44.00000", "2017-09-30": "43.40000", "2017-06-30": "44.90000", "2017-03-31": "44.50000", "2016-12-31": "43.80000", "2016-09-30": "43.20000", "2016-06-30": "44.30000", "2016-03-31": "45.40000", "2015-12-31": "46.00000", "2015-09-30": "45.50000", "2015-06-30": "46.10000", "2015-03-31": "46.70000", "2014-12-31": "48.20000", "2014-09-30": "47.29700", "2014-06-30": "47.61700", "2014-03-31": "50.40200", "2013-12-31": "50.07600", "2013-09-30": "50.01400", "2013-06-30": "49.80000", "2013-03-31": "50.20900", "2012-12-31": "52.09300", "2012-09-30": "51.51400", "2012-06-30": "52.74700", "2012-03-31": "53.63100", "2011-12-31": "57.16300", "2011-09-30": "58.32100", "2011-06-30": "58.18000", "2011-03-31": "57.75300", "2010-12-31": "56.14200", "2010-09-30": "56.53600", "2010-06-30": "56.04700", "2010-03-31": "54.76900", "2009-12-31": "53.31400", "2009-09-30": "53.45500", "2009-06-30": "52.98200", "2009-03-31": "52.88000", "2008-12-31": "45.80200", "2008-09-30": "45.86800", "2008-06-30": "45.20000", "2008-03-31": "44.66600", "2007-12-31": "42.44800", "2007-09-30": "42.17400", "2007-06-30": "41.67400", "2007-03-31": "42.60600", "2006-12-31": "46.02000", "2006-09-30": "46.39200", "2006-06-30": "47.18200", "2006-03-31": "46.74800", "2005-12-31": "45.65000", "2005-09-30": "45.82600", "2005-06-30": "45.38800", "2005-03-31": "44.98000"}, "Shares Outstanding": {"2020-09-30": "44.60000", "2020-06-30": "44.40000", "2020-03-31": "44.10000", "2019-12-31": "43.80000", "2019-09-30": "44.00000", "2019-06-30": "44.00000", "2019-03-31": "43.70000", "2018-12-31": "44.00000", "2018-09-30": "44.00000", "2018-06-30": "43.40000", "2018-03-31": "43.90000", "2017-12-31": "44.90000", "2017-09-30": "44.10000", "2017-06-30": "44.90000", "2017-03-31": "45.90000", "2016-12-31": "46.80000", "2016-09-30": "46.20000", "2016-06-30": "46.90000", "2016-03-31": "48.70000", "2015-12-31": "51.20000", "2015-09-30": "50.20000", "2015-06-30": "51.90000", "2015-03-31": "46.70000", "2014-12-31": "54.20000", "2014-09-30": "47.29700", "2014-06-30": "53.25200", "2014-03-31": "56.65700", "2013-12-31": "53.23100", "2013-09-30": "53.68800", "2013-06-30": "52.64800", "2013-03-31": "52.37600", "2012-12-31": "53.28000", "2012-09-30": "53.59000", "2012-06-30": "53.94200", "2012-03-31": "55.00900", "2011-12-31": "59.39500", "2011-09-30": "61.21000", "2011-06-30": "62.75600", "2011-03-31": "62.62300", "2010-12-31": "59.51600", "2010-09-30": "60.21600", "2010-06-30": "60.39300", "2010-03-31": "60.01900", "2009-12-31": "56.13300", "2009-09-30": "57.65300", "2009-06-30": "52.98200", "2009-03-31": "54.30400", "2008-12-31": "45.80200", "2008-09-30": "50.96400", "2008-06-30": "48.65600", "2008-03-31": "48.15200", "2007-12-31": "44.90200", "2007-09-30": "44.88600", "2007-06-30": "44.04000", "2007-03-31": "42.60600", "2006-12-31": "48.27600", "2006-09-30": "49.83400", "2006-06-30": "50.68800", "2006-03-31": "51.21800", "2005-12-31": "50.41200", "2005-09-30": "51.41600", "2005-06-30": "49.99400", "2005-03-31": "49.07600"}, "Basic EPS": {"2020-09-30": "3.86000", "2020-06-30": "2.43000", "2020-03-31": "3.14000", "2019-12-31": "1.23000", "2019-09-30": "3.02000", "2019-06-30": "4.68000", "2019-03-31": "-11.32000", "2018-12-31": "1.44000", "2018-09-30": "2.44000", "2018-06-30": "4.01000", "2018-03-31": "5.65000", "2017-12-31": "0.37000", "2017-09-30": "6.37000", "2017-06-30": "-1.25000", "2017-03-31": "4.01000", "2016-12-31": "2.70000", "2016-09-30": "3.75000", "2016-06-30": "4.65000", "2016-03-31": "5.19000", "2015-12-31": "2.18000", "2015-09-30": "10.20000", "2015-06-30": "2.15000", "2015-03-31": "-0.36000", "2014-12-31": "2.51000", "2014-09-30": "-0.53000", "2014-06-30": "2.35000", "2014-03-31": "2.73000", "2013-12-31": "-0.60000", "2013-09-30": "1.25000", "2013-06-30": "1.60000", "2013-03-31": "1.24000", "2012-12-31": "1.63000", "2012-09-30": "1.52000", "2012-06-30": "1.37000", "2012-03-31": "1.32000", "2011-12-31": "0.81000", "2011-09-30": "1.45000", "2011-06-30": "1.27000", "2011-03-31": "0.28000", "2010-12-31": "0.17000", "2010-09-30": "0.70000", "2010-06-30": "0.67000", "2010-03-31": "0.35000", "2009-12-31": "-0.06000", "2009-09-30": "0.22000", "2009-06-30": "-0.04000", "2009-03-31": "0.25000", "2008-12-31": "-1.80500", "2008-09-30": "0.24000", "2008-06-30": "0.26500", "2008-03-31": "0.22000", "2007-12-31": "-0.13500", "2007-09-30": "0.35000", "2007-06-30": "0.14000", "2007-03-31": "-0.06500", "2006-12-31": "1.20500", "2006-09-30": "0.18500", "2006-06-30": "0.16500", "2006-03-31": "0.05000", "2005-12-31": "0.64000", "2005-09-30": "0.34500", "2005-06-30": "0.27000", "2005-03-31": "0.17000"}, "EPS - Earnings Per Share": {"2020-09-30": "3.84000", "2020-06-30": "2.41000", "2020-03-31": "3.12000", "2019-12-31": "1.26000", "2019-09-30": "3.01000", "2019-06-30": "4.66000", "2019-03-31": "-11.32000", "2018-12-31": "1.42000", "2018-09-30": "2.42000", "2018-06-30": "3.98000", "2018-03-31": "5.57000", "2017-12-31": "0.40000", "2017-09-30": "6.27000", "2017-06-30": "-1.25000", "2017-03-31": "3.89000", "2016-12-31": "2.52000", "2016-09-30": "3.50000", "2016-06-30": "4.39000", "2016-03-31": "4.84000", "2015-12-31": "1.93000", "2015-09-30": "9.24000", "2015-06-30": "1.91000", "2015-03-31": "-0.36000", "2014-12-31": "2.28000", "2014-09-30": "-0.53000", "2014-06-30": "2.10000", "2014-03-31": "2.43000", "2013-12-31": "-0.60000", "2013-09-30": "1.17000", "2013-06-30": "1.52000", "2013-03-31": "1.19000", "2012-12-31": "1.62000", "2012-09-30": "1.46000", "2012-06-30": "1.34000", "2012-03-31": "1.29000", "2011-12-31": "0.85000", "2011-09-30": "1.38000", "2011-06-30": "1.18000", "2011-03-31": "0.26000", "2010-12-31": "0.18000", "2010-09-30": "0.66000", "2010-06-30": "0.62000", "2010-03-31": "0.32000", "2009-12-31": "-0.06000", "2009-09-30": "0.21000", "2009-06-30": "-0.04000", "2009-03-31": "0.24000", "2008-12-31": "-1.75500", "2008-09-30": "0.22000", "2008-06-30": "0.25000", "2008-03-31": "0.20500", "2007-12-31": "-0.11500", "2007-09-30": "0.33000", "2007-06-30": "0.13000", "2007-03-31": "-0.06500", "2006-12-31": "1.16500", "2006-09-30": "0.17000", "2006-06-30": "0.15000", "2006-03-31": "0.04500", "2005-12-31": "0.58500", "2005-09-30": "0.30500", "2005-06-30": "0.24500", "2005-03-31": "0.15500"}}, "balance sheet": {"Cash On Hand": {"2019-12-31": "1485.90000", "2018-12-31": "1415.90000", "2017-12-31": "927.40000", "2016-12-31": "1050.80000", "2015-12-31": "953.80000", "2014-12-31": "695.53900", "2013-12-31": "693.90300", "2012-12-31": "479.20500", "2011-12-31": "403.47900", "2010-12-31": "627.08300", "2009-12-31": "229.49200", "2008-12-31": "236.04800", "2007-12-31": "290.05200", "2006-12-31": "227.74900", "2005-12-31": "125.48400"}, "Receivables": {"2019-12-31": "151.40000", "2018-12-31": "175.70000", "2017-12-31": "297.10000", "2016-12-31": "214.50000", "2015-12-31": "192.80000", "2014-12-31": "162.28700", "2013-12-31": "126.29700", "2012-12-31": "116.62600", "2011-12-31": "88.68000", "2010-12-31": "73.70700", "2009-12-31": "50.62600", "2008-12-31": "30.60000", "2007-12-31": "29.66200", "2006-12-31": "25.64500", "2005-12-31": "18.98600"}, "Inventory": {"2019-12-31": "93.40000", "2018-12-31": "101.00000", "2017-12-31": "107.90000", "2016-12-31": "100.00000", "2015-12-31": "81.30000", "2014-12-31": "66.92700", "2013-12-31": "47.75800", "2012-12-31": "37.25400", "2011-12-31": "45.98100", "2010-12-31": "35.52000", "2009-12-31": "26.36000", "2008-12-31": "14.37200", "2007-12-31": "13.21100", "2006-12-31": "12.04700", "2005-12-31": "11.26300"}, "Pre-Paid Expenses": {"2019-12-31": "", "2018-12-31": "", "2017-12-31": "", "2016-12-31": "", "2015-12-31": "", "2014-12-31": "", "2013-12-31": "", "2012-12-31": "", "2011-12-31": "9.92800", "2010-12-31": "8.75200", "2009-12-31": "8.19900", "2008-12-31": "11.60000", "2007-12-31": "5.94800", "2006-12-31": "9.24200", "2005-12-31": "6.38400"}, "Other Current Assets": {"2019-12-31": "133.80000", "2018-12-31": "75.40000", "2017-12-31": "115.50000", "2016-12-31": "59.50000", "2015-12-31": "47.40000", "2014-12-31": "32.83600", "2013-12-31": "46.42400", "2012-12-31": "35.38500", "2011-12-31": "6.18800", "2010-12-31": "6.84000", "2009-12-31": "2.63800", "2008-12-31": "", "2007-12-31": "", "2006-12-31": "", "2005-12-31": "0.02900"}, "Total Current Assets": {"2019-12-31": "1864.50000", "2018-12-31": "1768.00000", "2017-12-31": "1447.90000", "2016-12-31": "1424.80000", "2015-12-31": "1275.30000", "2014-12-31": "957.58900", "2013-12-31": "914.38200", "2012-12-31": "668.47000", "2011-12-31": "562.45500", "2010-12-31": "764.48700", "2009-12-31": "324.50700", "2008-12-31": "297.44700", "2007-12-31": "352.46100", "2006-12-31": "277.37400", "2005-12-31": "166.75700"}, "Property, Plant, And Equipment": {"2019-12-31": "738.50000", "2018-12-31": "699.70000", "2017-12-31": "545.70000", "2016-12-31": "489.30000", "2015-12-31": "495.80000", "2014-12-31": "478.42100", "2013-12-31": "464.95000", "2012-12-31": "453.68500", "2011-12-31": "366.04600", "2010-12-31": "306.04400", "2009-12-31": "303.85900", "2008-12-31": "222.71700", "2007-12-31": "69.35400", "2006-12-31": "34.68100", "2005-12-31": "21.80200"}, "Long-Term Investments": {"2019-12-31": "767.50000", "2018-12-31": "442.60000", "2017-12-31": "502.70000", "2016-12-31": "2.30000", "2015-12-31": "38.00000", "2014-12-31": "122.65800", "2013-12-31": "448.13400", "2012-12-31": "311.10300", "2011-12-31": "349.02200", "2010-12-31": "137.97100", "2009-12-31": "188.60400", "2008-12-31": "146.02500", "2007-12-31": "53.93500", "2006-12-31": "80.10200", "2005-12-31": "73.78800"}, "Goodwill And Intangible Assets": {"2019-12-31": "158.30000", "2018-12-31": "170.80000", "2017-12-31": "45.60000", "2016-12-31": "33.80000", "2015-12-31": "28.40000", "2014-12-31": "29.46500", "2013-12-31": "14.11500", "2012-12-31": "16.40800", "2011-12-31": "22.08700", "2010-12-31": "9.86100", "2009-12-31": "18.41800", "2008-12-31": "7.83800", "2007-12-31": "8.42700", "2006-12-31": "10.60500", "2005-12-31": "12.95200"}, "Other Long-Term Assets": {"2019-12-31": "154.60000", "2018-12-31": "224.20000", "2017-12-31": "224.10000", "2016-12-31": "197.10000", "2015-12-31": "154.20000", "2014-12-31": "97.94800", "2013-12-31": "53.26800", "2012-12-31": "26.78200", "2011-12-31": "27.72400", "2010-12-31": "11.13700", "2009-12-31": "15.18700", "2008-12-31": "21.66500", "2007-12-31": "9.14100", "2006-12-31": "8.90100", "2005-12-31": "0.98800"}, "Total Long-Term Assets": {"2019-12-31": "2048.90000", "2018-12-31": "1633.00000", "2017-12-31": "1431.50000", "2016-12-31": "900.79990", "2015-12-31": "909.10000", "2014-12-31": "926.82100", "2013-12-31": "1173.18500", "2012-12-31": "958.12500", "2011-12-31": "955.62400", "2010-12-31": "667.14800", "2009-12-31": "727.03700", "2008-12-31": "577.08700", "2007-12-31": "234.55700", "2006-12-31": "199.59700", "2005-12-31": "124.65600"}, "Total Assets": {"2019-12-31": "3913.40000", "2018-12-31": "3401.00000", "2017-12-31": "2879.40000", "2016-12-31": "2325.60000", "2015-12-31": "2184.40000", "2014-12-31": "1884.41000", "2013-12-31": "2087.56700", "2012-12-31": "1626.59500", "2011-12-31": "1518.07900", "2010-12-31": "1431.63500", "2009-12-31": "1051.54400", "2008-12-31": "874.53400", "2007-12-31": "587.01800", "2006-12-31": "476.97100", "2005-12-31": "291.41300"}, "Total Current Liabilities": {"2019-12-31": "463.00000", "2018-12-31": "276.60000", "2017-12-31": "444.70000", "2016-12-31": "332.50000", "2015-12-31": "440.70000", "2014-12-31": "504.31000", "2013-12-31": "687.67400", "2012-12-31": "176.75500", "2011-12-31": "212.57700", "2010-12-31": "428.68600", "2009-12-31": "330.18700", "2008-12-31": "57.69300", "2007-12-31": "272.76000", "2006-12-31": "19.25000", "2005-12-31": "14.52300"}, "Long Term Debt": {"2019-12-31": "600.00000", "2018-12-31": "250.00000", "2017-12-31": "250.00000", "2016-12-31": "", "2015-12-31": "", "2014-12-31": "", "2013-12-31": "", "2012-12-31": "275.01000", "2011-12-31": "265.63200", "2010-12-31": "68.92900", "2009-12-31": "30.32700", "2008-12-31": "234.95200", "2007-12-31": "", "2006-12-31": "250.01500", "2005-12-31": "0.00800"}, "Other Non-Current Liabilities": {"2019-12-31": "70.00000", "2018-12-31": "85.80000", "2017-12-31": "82.90000", "2016-12-31": "141.80000", "2015-12-31": "155.10000", "2014-12-31": "137.74400", "2013-12-31": "140.61900", "2012-12-31": "90.84900", "2011-12-31": "91.38200", "2010-12-31": "50.13400", "2009-12-31": "38.02100", "2008-12-31": "26.55500", "2007-12-31": "18.46800", "2006-12-31": "3.10000", "2005-12-31": "1.78000"}, "Total Long Term Liabilities": {"2019-12-31": "670.00000", "2018-12-31": "335.80000", "2017-12-31": "332.90000", "2016-12-31": "141.80000", "2015-12-31": "155.10000", "2014-12-31": "137.74400", "2013-12-31": "140.61900", "2012-12-31": "365.85900", "2011-12-31": "357.01400", "2010-12-31": "119.06300", "2009-12-31": "68.34800", "2008-12-31": "261.50700", "2007-12-31": "18.46800", "2006-12-31": "253.11500", "2005-12-31": "1.78800"}, "Total Liabilities": {"2019-12-31": "1133.00000", "2018-12-31": "612.40000", "2017-12-31": "777.60000", "2016-12-31": "474.30000", "2015-12-31": "595.80000", "2014-12-31": "642.05400", "2013-12-31": "828.29300", "2012-12-31": "542.61400", "2011-12-31": "569.59100", "2010-12-31": "547.74900", "2009-12-31": "398.53500", "2008-12-31": "319.20000", "2007-12-31": "291.22800", "2006-12-31": "272.36500", "2005-12-31": "16.31100"}, "Common Stock Net": {"2019-12-31": "0.70000", "2018-12-31": "0.70000", "2017-12-31": "0.70000", "2016-12-31": "0.70000", "2015-12-31": "0.70000", "2014-12-31": "0.66000", "2013-12-31": "0.63000", "2012-12-31": "0.62100", "2011-12-31": "0.61500", "2010-12-31": "0.60000", "2009-12-31": "0.56700", "2008-12-31": "0.27600", "2007-12-31": "0.26600", "2006-12-31": "0.24600", "2005-12-31": "0.23900"}, "Retained Earnings (Accumulated Deficit)": {"2019-12-31": "3325.20000", "2018-12-31": "3434.80000", "2017-12-31": "2845.60000", "2016-12-31": "2433.50000", "2015-12-31": "1719.80000", "2014-12-31": "1068.11400", "2013-12-31": "728.04000", "2012-12-31": "553.48000", "2011-12-31": "249.03800", "2010-12-31": "31.17000", "2009-12-31": "-74.74600", "2008-12-31": "-93.92700", "2007-12-31": "-21.50100", "2006-12-31": "-41.36000", "2005-12-31": "-115.32500"}, "Comprehensive Income": {"2019-12-31": "-14.20000", "2018-12-31": "-7.90000", "2017-12-31": "-19.60000", "2016-12-31": "-16.80000", "2015-12-31": "-20.40000", "2014-12-31": "-16.73400", "2013-12-31": "-13.18300", "2012-12-31": "-14.95700", "2011-12-31": "-10.88500", "2010-12-31": "-9.17500", "2009-12-31": "-4.31400", "2008-12-31": "-5.91300", "2007-12-31": "0.31700", "2006-12-31": "1.47600", "2005-12-31": "3.59300"}, "Other Share Holders Equity": {"2019-12-31": "", "2018-12-31": "", "2017-12-31": "", "2016-12-31": "", "2015-12-31": "", "2014-12-31": "", "2013-12-31": "", "2012-12-31": "", "2011-12-31": "", "2010-12-31": "", "2009-12-31": "", "2008-12-31": "", "2007-12-31": "", "2006-12-31": "", "2005-12-31": ""}, "Share Holder Equity": {"2019-12-31": "2780.40000", "2018-12-31": "2788.60000", "2017-12-31": "2101.80000", "2016-12-31": "1851.30000", "2015-12-31": "1588.60000", "2014-12-31": "1242.35600", "2013-12-31": "1259.27400", "2012-12-31": "1083.98100", "2011-12-31": "948.48800", "2010-12-31": "883.88600", "2009-12-31": "653.00900", "2008-12-31": "555.33400", "2007-12-31": "295.79000", "2006-12-31": "204.60600", "2005-12-31": "275.10200"}, "Total Liabilities And Share Holders Equity": {"2019-12-31": "3913.40000", "2018-12-31": "3401.00000", "2017-12-31": "2879.40000", "2016-12-31": "2325.60000", "2015-12-31": "2184.40000", "2014-12-31": "1884.41000", "2013-12-31": "2087.56700", "2012-12-31": "1626.59500", "2011-12-31": "1518.07900", "2010-12-31": "1431.63500", "2009-12-31": "1051.54400", "2008-12-31": "874.53400", "2007-12-31": "587.01800", "2006-12-31": "476.97100", "2005-12-31": "291.41300"}}, "balance sheet, quarterly": {"Cash On Hand": {"2020-09-30": "1580.50000", "2020-06-30": "1560.70000", "2020-03-31": "1544.50000", "2019-12-31": "1485.90000", "2019-09-30": "1570.00000", "2019-06-30": "1786.20000", "2019-03-31": "1605.10000", "2018-12-31": "1415.90000", "2018-09-30": "1237.60000", "2018-06-30": "1213.00000", "2018-03-31": "1256.80000", "2017-12-31": "927.40000", "2017-09-30": "1210.70000", "2017-06-30": "1115.20000", "2017-03-31": "1156.30000", "2016-12-31": "1050.80000", "2016-09-30": "1032.60000", "2016-06-30": "944.70000", "2016-03-31": "975.10000", "2015-12-31": "953.80000", "2015-09-30": "921.83500", "2015-06-30": "440.13300", "2015-03-31": "656.86500", "2014-12-31": "695.53900", "2014-09-30": "767.66300", "2014-06-30": "567.58000", "2014-03-31": "760.49200", "2013-12-31": "693.90300", "2013-09-30": "716.84200", "2013-06-30": "696.59090", "2013-03-31": "670.64200", "2012-12-31": "479.20500", "2012-09-30": "503.45700", "2012-06-30": "392.36800", "2012-03-31": "408.96600", "2011-12-31": "403.47900", "2011-09-30": "694.59800", "2011-06-30": "730.21900", "2011-03-31": "683.41000", "2010-12-31": "627.08300", "2010-09-30": "461.73900", "2010-06-30": "379.47500", "2010-03-31": "293.37000", "2009-12-31": "229.49200", "2009-09-30": "235.49600", "2009-06-30": "219.88500", "2009-03-31": "185.79300", "2008-12-31": "236.04800", "2008-09-30": "231.91500", "2008-06-30": "214.46900", "2008-03-31": "265.16000", "2007-12-31": "290.05200", "2007-09-30": "237.07800", "2007-06-30": "198.36800", "2007-03-31": "171.21500", "2006-12-31": "227.74900", "2006-09-30": "143.56400", "2006-06-30": "166.35600", "2006-03-31": "147.94100", "2005-12-31": "125.48400", "2005-09-30": "112.65700", "2005-06-30": "95.22300", "2005-03-31": "89.81200"}, "Receivables": {"2020-09-30": "152.30000", "2020-06-30": "172.00000", "2020-03-31": "149.60000", "2019-12-31": "151.40000", "2019-09-30": "183.60000", "2019-06-30": "181.00000", "2019-03-31": "159.80000", "2018-12-31": "175.70000", "2018-09-30": "215.20000", "2018-06-30": "251.30000", "2018-03-31": "211.10000", "2017-12-31": "297.10000", "2017-09-30": "251.80000", "2017-06-30": "273.90000", "2017-03-31": "188.00000", "2016-12-31": "214.50000", "2016-09-30": "224.60000", "2016-06-30": "238.10000", "2016-03-31": "194.80000", "2015-12-31": "192.80000", "2015-09-30": "179.64200", "2015-06-30": "169.21400", "2015-03-31": "156.15300", "2014-12-31": "162.28700", "2014-09-30": "139.90300", "2014-06-30": "212.90200", "2014-03-31": "131.77100", "2013-12-31": "126.29700", "2013-09-30": "130.64200", "2013-06-30": "131.56500", "2013-03-31": "101.34700", "2012-12-31": "116.62600", "2012-09-30": "108.94900", "2012-06-30": "98.58400", "2012-03-31": "89.15000", "2011-12-31": "88.68000", "2011-09-30": "87.39000", "2011-06-30": "82.52700", "2011-03-31": "65.41500", "2010-12-31": "73.70700", "2010-09-30": "75.56900", "2010-06-30": "83.51400", "2010-03-31": "63.51000", "2009-12-31": "50.62600", "2009-09-30": "48.96800", "2009-06-30": "37.39800", "2009-03-31": "52.00700", "2008-12-31": "30.60000", "2008-09-30": "39.90900", "2008-06-30": "33.41800", "2008-03-31": "29.62000", "2007-12-31": "29.66200", "2007-09-30": "28.57300", "2007-06-30": "27.35300", "2007-03-31": "23.06600", "2006-12-31": "25.64500", "2006-09-30": "20.61900", "2006-06-30": "22.56400", "2006-03-31": "19.70000", "2005-12-31": "18.98600", "2005-09-30": "20.19800", "2005-06-30": "16.60400", "2005-03-31": "14.67800"}, "Inventory": {"2020-09-30": "87.90000", "2020-06-30": "89.70000", "2020-03-31": "92.00000", "2019-12-31": "93.40000", "2019-09-30": "94.10000", "2019-06-30": "96.90000", "2019-03-31": "96.20000", "2018-12-31": "101.00000", "2018-09-30": "101.00000", "2018-06-30": "102.70000", "2018-03-31": "101.50000", "2017-12-31": "107.90000", "2017-09-30": "114.40000", "2017-06-30": "114.10000", "2017-03-31": "106.90000", "2016-12-31": "100.00000", "2016-09-30": "92.40000", "2016-06-30": "89.10000", "2016-03-31": "87.60000", "2015-12-31": "81.30000", "2015-09-30": "80.84400", "2015-06-30": "77.24900", "2015-03-31": "72.46500", "2014-12-31": "66.92700", "2014-09-30": "63.66900", "2014-06-30": "58.03300", "2014-03-31": "51.71700", "2013-12-31": "47.75800", "2013-09-30": "49.61700", "2013-06-30": "44.71300", "2013-03-31": "39.74300", "2012-12-31": "37.25400", "2012-09-30": "46.84800", "2012-06-30": "46.63100", "2012-03-31": "45.76000", "2011-12-31": "45.98100", "2011-09-30": "45.79700", "2011-06-30": "41.26000", "2011-03-31": "38.07600", "2010-12-31": "35.52000", "2010-09-30": "33.42200", "2010-06-30": "30.24300", "2010-03-31": "25.81900", "2009-12-31": "26.36000", "2009-09-30": "24.81400", "2009-06-30": "16.50400", "2009-03-31": "15.10600", "2008-12-31": "14.37200", "2008-09-30": "13.25100", "2008-06-30": "15.29200", "2008-03-31": "13.33000", "2007-12-31": "13.21100", "2007-09-30": "12.18300", "2007-06-30": "12.79600", "2007-03-31": "12.32300", "2006-12-31": "12.04700", "2006-09-30": "11.82200", "2006-06-30": "11.01700", "2006-03-31": "10.52400", "2005-12-31": "11.26300", "2005-09-30": "10.27600", "2005-06-30": "9.81200", "2005-03-31": "9.10100"}, "Pre-Paid Expenses": {"2020-09-30": "", "2020-06-30": "", "2020-03-31": "", "2019-12-31": "", "2019-09-30": "", "2019-06-30": "", "2019-03-31": "", "2018-12-31": "", "2018-09-30": "", "2018-06-30": "", "2018-03-31": "", "2017-12-31": "", "2017-09-30": "", "2017-06-30": "", "2017-03-31": "", "2016-12-31": "", "2016-09-30": "", "2016-06-30": "", "2016-03-31": "", "2015-12-31": "", "2015-09-30": "", "2015-06-30": "", "2015-03-31": "", "2014-12-31": "", "2014-09-30": "", "2014-06-30": "", "2014-03-31": "", "2013-12-31": "", "2013-09-30": "", "2013-06-30": "11.14700", "2013-03-31": "12.44300", "2012-12-31": "", "2012-09-30": "13.34200", "2012-06-30": "", "2012-03-31": "", "2011-12-31": "9.92800", "2011-09-30": "9.76200", "2011-06-30": "10.15700", "2011-03-31": "12.27600", "2010-12-31": "8.75200", "2010-09-30": "7.69200", "2010-06-30": "9.39200", "2010-03-31": "8.64700", "2009-12-31": "8.19900", "2009-09-30": "8.13700", "2009-06-30": "9.18800", "2009-03-31": "9.98900", "2008-12-31": "11.60000", "2008-09-30": "7.00000", "2008-06-30": "4.92600", "2008-03-31": "6.23700", "2007-12-31": "5.94800", "2007-09-30": "6.25900", "2007-06-30": "5.62700", "2007-03-31": "8.18100", "2006-12-31": "9.24200", "2006-09-30": "3.35300", "2006-06-30": "5.26600", "2006-03-31": "4.53300", "2005-12-31": "6.38400", "2005-09-30": "3.11500", "2005-06-30": "3.35700", "2005-03-31": "3.83500"}, "Other Current Assets": {"2020-09-30": "47.50000", "2020-06-30": "72.00000", "2020-03-31": "60.20000", "2019-12-31": "133.80000", "2019-09-30": "85.70000", "2019-06-30": "75.70000", "2019-03-31": "81.40000", "2018-12-31": "75.40000", "2018-09-30": "54.90000", "2018-06-30": "57.20000", "2018-03-31": "64.20000", "2017-12-31": "115.50000", "2017-09-30": "62.30000", "2017-06-30": "60.50000", "2017-03-31": "52.90000", "2016-12-31": "59.50000", "2016-09-30": "36.40000", "2016-06-30": "43.50000", "2016-03-31": "42.10000", "2015-12-31": "47.40000", "2015-09-30": "46.20200", "2015-06-30": "142.44300", "2015-03-31": "108.60800", "2014-12-31": "32.83600", "2014-09-30": "107.25000", "2014-06-30": "43.09300", "2014-03-31": "46.28800", "2013-12-31": "46.42400", "2013-09-30": "35.64100", "2013-06-30": "5.01300", "2013-03-31": "5.83800", "2012-12-31": "35.38500", "2012-09-30": "37.39000", "2012-06-30": "24.82500", "2012-03-31": "21.84400", "2011-12-31": "6.18800", "2011-09-30": "6.27700", "2011-06-30": "11.03700", "2011-03-31": "9.35800", "2010-12-31": "6.84000", "2010-09-30": "8.28500", "2010-06-30": "2.98500", "2010-03-31": "", "2009-12-31": "2.63800", "2009-09-30": "", "2009-06-30": "", "2009-03-31": "", "2008-12-31": "", "2008-09-30": "", "2008-06-30": "", "2008-03-31": "", "2007-12-31": "", "2007-09-30": "", "2007-06-30": "", "2007-03-31": "", "2006-12-31": "", "2006-09-30": "", "2006-06-30": "", "2006-03-31": "0.05000", "2005-12-31": "0.02900", "2005-09-30": "0.64500", "2005-06-30": "1.63500", "2005-03-31": "1.88000"}, "Total Current Assets": {"2020-09-30": "1868.20000", "2020-06-30": "1894.40000", "2020-03-31": "1846.30000", "2019-12-31": "1864.50000", "2019-09-30": "1933.40000", "2019-06-30": "2139.80000", "2019-03-31": "1942.50000", "2018-12-31": "1768.00000", "2018-09-30": "1608.70000", "2018-06-30": "1624.20000", "2018-03-31": "1633.60000", "2017-12-31": "1447.90000", "2017-09-30": "1639.20000", "2017-06-30": "1563.70000", "2017-03-31": "1504.10000", "2016-12-31": "1424.80000", "2016-09-30": "1386.00000", "2016-06-30": "1315.40000", "2016-03-31": "1299.60000", "2015-12-31": "1275.30000", "2015-09-30": "1228.52300", "2015-06-30": "829.03900", "2015-03-31": "994.09100", "2014-12-31": "957.58900", "2014-09-30": "1078.48500", "2014-06-30": "881.60800", "2014-03-31": "990.26800", "2013-12-31": "914.38200", "2013-09-30": "932.74200", "2013-06-30": "903.58300", "2013-03-31": "844.56700", "2012-12-31": "668.47000", "2012-09-30": "718.18500", "2012-06-30": "570.60700", "2012-03-31": "573.91900", "2011-12-31": "562.45500", "2011-09-30": "846.13300", "2011-06-30": "877.50900", "2011-03-31": "810.84400", "2010-12-31": "764.48700", "2010-09-30": "598.48400", "2010-06-30": "516.29200", "2010-03-31": "398.74500", "2009-12-31": "324.50700", "2009-09-30": "322.15100", "2009-06-30": "287.87800", "2009-03-31": "267.36100", "2008-12-31": "297.44700", "2008-09-30": "295.92300", "2008-06-30": "282.64100", "2008-03-31": "327.86000", "2007-12-31": "352.46100", "2007-09-30": "286.87600", "2007-06-30": "246.83500", "2007-03-31": "218.92100", "2006-12-31": "277.37400", "2006-09-30": "180.19600", "2006-06-30": "207.26300", "2006-03-31": "186.67000", "2005-12-31": "166.75700", "2005-09-30": "146.89100", "2005-06-30": "126.63100", "2005-03-31": "119.30600"}, "Property, Plant, And Equipment": {"2020-09-30": "736.40000", "2020-06-30": "744.20000", "2020-03-31": "739.20000", "2019-12-31": "738.50000", "2019-09-30": "678.30000", "2019-06-30": "709.30000", "2019-03-31": "701.20000", "2018-12-31": "699.70000", "2018-09-30": "665.20000", "2018-06-30": "626.10000", "2018-03-31": "577.50000", "2017-12-31": "545.70000", "2017-09-30": "521.70000", "2017-06-30": "501.90000", "2017-03-31": "493.50000", "2016-12-31": "489.30000", "2016-09-30": "488.40000", "2016-06-30": "490.60000", "2016-03-31": "495.20000", "2015-12-31": "495.80000", "2015-09-30": "474.77000", "2015-06-30": "471.86200", "2015-03-31": "474.68000", "2014-12-31": "478.42100", "2014-09-30": "481.04900", "2014-06-30": "477.53400", "2014-03-31": "474.41000", "2013-12-31": "464.95000", "2013-09-30": "449.94200", "2013-06-30": "447.89300", "2013-03-31": "449.07600", "2012-12-31": "453.68500", "2012-09-30": "439.89400", "2012-06-30": "435.75100", "2012-03-31": "401.58700", "2011-12-31": "366.04600", "2011-09-30": "333.22500", "2011-06-30": "314.94500", "2011-03-31": "304.76600", "2010-12-31": "306.04400", "2010-09-30": "303.18800", "2010-06-30": "302.54400", "2010-03-31": "304.64200", "2009-12-31": "303.85900", "2009-09-30": "299.26000", "2009-06-30": "283.00600", "2009-03-31": "255.59200", "2008-12-31": "222.71700", "2008-09-30": "186.84900", "2008-06-30": "115.73500", "2008-03-31": "87.22900", "2007-12-31": "69.35400", "2007-09-30": "56.14400", "2007-06-30": "45.87200", "2007-03-31": "42.07100", "2006-12-31": "34.68100", "2006-09-30": "33.08400", "2006-06-30": "29.63800", "2006-03-31": "22.39500", "2005-12-31": "21.80200", "2005-09-30": "20.39200", "2005-06-30": "20.40900", "2005-03-31": "17.71100"}, "Long-Term Investments": {"2020-09-30": "1227.50000", "2020-06-30": "1009.40000", "2020-03-31": "868.00000", "2019-12-31": "767.50000", "2019-09-30": "730.40000", "2019-06-30": "420.70000", "2019-03-31": "411.30000", "2018-12-31": "442.60000", "2018-09-30": "595.90000", "2018-06-30": "578.30000", "2018-03-31": "414.80000", "2017-12-31": "502.70000", "2017-09-30": "338.50000", "2017-06-30": "216.20000", "2017-03-31": "144.50000", "2016-12-31": "2.30000", "2016-09-30": "2.30000", "2016-06-30": "3.90000", "2016-03-31": "10.70000", "2015-12-31": "38.00000", "2015-09-30": "91.70600", "2015-06-30": "121.46700", "2015-03-31": "116.49300", "2014-12-31": "122.65800", "2014-09-30": "205.95300", "2014-06-30": "280.88700", "2014-03-31": "389.53300", "2013-12-31": "448.13400", "2013-09-30": "327.29500", "2013-06-30": "203.48400", "2013-03-31": "211.50800", "2012-12-31": "311.10300", "2012-09-30": "254.23200", "2012-06-30": "314.33700", "2012-03-31": "342.33000", "2011-12-31": "349.02200", "2011-09-30": "255.11800", "2011-06-30": "162.32000", "2011-03-31": "146.33400", "2010-12-31": "137.97100", "2010-09-30": "204.43800", "2010-06-30": "175.47300", "2010-03-31": "200.76000", "2009-12-31": "188.60400", "2009-09-30": "169.30000", "2009-06-30": "176.94700", "2009-03-31": "179.51700", "2008-12-31": "146.02500", "2008-09-30": "156.39200", "2008-06-30": "174.40000", "2008-03-31": "114.03200", "2007-12-31": "53.93500", "2007-09-30": "77.15000", "2007-06-30": "87.06800", "2007-03-31": "86.28600", "2006-12-31": "80.10200", "2006-09-30": "65.85600", "2006-06-30": "66.19900", "2006-03-31": "69.72500", "2005-12-31": "73.78800", "2005-09-30": "75.24900", "2005-06-30": "72.83700", "2005-03-31": "65.18000"}, "Goodwill And Intangible Assets": {"2020-09-30": "158.20000", "2020-06-30": "158.20000", "2020-03-31": "158.30000", "2019-12-31": "158.30000", "2019-09-30": "158.40000", "2019-06-30": "161.90000", "2019-03-31": "170.80000", "2018-12-31": "170.80000", "2018-09-30": "167.70000", "2018-06-30": "45.60000", "2018-03-31": "45.60000", "2017-12-31": "45.60000", "2017-09-30": "45.70000", "2017-06-30": "45.80000", "2017-03-31": "33.60000", "2016-12-31": "33.80000", "2016-09-30": "34.00000", "2016-06-30": "34.10000", "2016-03-31": "34.30000", "2015-12-31": "28.40000", "2015-09-30": "28.53300", "2015-06-30": "28.80500", "2015-03-31": "29.13500", "2014-12-31": "29.46500", "2014-09-30": "14.49900", "2014-06-30": "15.33600", "2014-03-31": "13.73700", "2013-12-31": "14.11500", "2013-09-30": "14.61400", "2013-06-30": "14.93900", "2013-03-31": "15.65700", "2012-12-31": "16.40800", "2012-09-30": "16.66200", "2012-06-30": "17.06400", "2012-03-31": "24.91500", "2011-12-31": "22.08700", "2011-09-30": "19.40200", "2011-06-30": "9.75100", "2011-03-31": "9.99200", "2010-12-31": "9.86100", "2010-09-30": "16.66700", "2010-06-30": "16.08300", "2010-03-31": "17.35400", "2009-12-31": "18.41800", "2009-09-30": "19.41600", "2009-06-30": "7.76200", "2009-03-31": "7.80000", "2008-12-31": "7.83800", "2008-09-30": "7.98500", "2008-06-30": "8.13200", "2008-03-31": "8.27900", "2007-12-31": "8.42700", "2007-09-30": "8.62500", "2007-06-30": "10.29400", "2007-03-31": "10.45000", "2006-12-31": "10.60500", "2006-09-30": "10.68600", "2006-06-30": "10.76700", "2006-03-31": "10.84700", "2005-12-31": "12.95200", "2005-09-30": "13.07200", "2005-06-30": "13.19200", "2005-03-31": "13.31200"}, "Other Long-Term Assets": {"2020-09-30": "165.40000", "2020-06-30": "167.40000", "2020-03-31": "168.00000", "2019-12-31": "154.60000", "2019-09-30": "231.00000", "2019-06-30": "202.90000", "2019-03-31": "235.40000", "2018-12-31": "224.20000", "2018-09-30": "261.70000", "2018-06-30": "257.30000", "2018-03-31": "235.30000", "2017-12-31": "224.10000", "2017-09-30": "213.00000", "2017-06-30": "185.90000", "2017-03-31": "204.10000", "2016-12-31": "197.10000", "2016-09-30": "169.70000", "2016-06-30": "169.40000", "2016-03-31": "159.80000", "2015-12-31": "154.20000", "2015-09-30": "153.10100", "2015-06-30": "102.93000", "2015-03-31": "97.49900", "2014-12-31": "97.94800", "2014-09-30": "98.41100", "2014-06-30": "103.69900", "2014-03-31": "53.07600", "2013-12-31": "53.26800", "2013-09-30": "53.41600", "2013-06-30": "57.96100", "2013-03-31": "26.59600", "2012-12-31": "26.78200", "2012-09-30": "28.07100", "2012-06-30": "28.11300", "2012-03-31": "28.05000", "2011-12-31": "27.72400", "2011-09-30": "22.17500", "2011-06-30": "21.06500", "2011-03-31": "20.90500", "2010-12-31": "11.13700", "2010-09-30": "8.13500", "2010-06-30": "7.80500", "2010-03-31": "13.63500", "2009-12-31": "15.18700", "2009-09-30": "16.59300", "2009-06-30": "21.65100", "2009-03-31": "21.58700", "2008-12-31": "21.66500", "2008-09-30": "11.10500", "2008-06-30": "7.47500", "2008-03-31": "6.94600", "2007-12-31": "9.14100", "2007-09-30": "8.31200", "2007-06-30": "8.81500", "2007-03-31": "9.28300", "2006-12-31": "8.90100", "2006-09-30": "0.96400", "2006-06-30": "1.00500", "2006-03-31": "1.02000", "2005-12-31": "0.98800", "2005-09-30": "1.13600", "2005-06-30": "1.15500", "2005-03-31": "1.24600"}, "Total Long-Term Assets": {"2020-09-30": "2543.00000", "2020-06-30": "2325.00000", "2020-03-31": "2179.60000", "2019-12-31": "2048.90000", "2019-09-30": "2066.20000", "2019-06-30": "1759.10000", "2019-03-31": "1784.20000", "2018-12-31": "1633.00000", "2018-09-30": "1803.40000", "2018-06-30": "1620.70000", "2018-03-31": "1386.60000", "2017-12-31": "1431.50000", "2017-09-30": "1296.80000", "2017-06-30": "1127.80000", "2017-03-31": "1057.20000", "2016-12-31": "900.79990", "2016-09-30": "883.20000", "2016-06-30": "886.10000", "2016-03-31": "892.50000", "2015-12-31": "909.10000", "2015-09-30": "930.71000", "2015-06-30": "907.78300", "2015-03-31": "900.52300", "2014-12-31": "926.82100", "2014-09-30": "993.56510", "2014-06-30": "1071.26400", "2014-03-31": "1124.66600", "2013-12-31": "1173.18500", "2013-09-30": "994.91500", "2013-06-30": "874.09000", "2013-03-31": "852.78800", "2012-12-31": "958.12500", "2012-09-30": "929.30700", "2012-06-30": "985.79400", "2012-03-31": "987.51590", "2011-12-31": "955.62400", "2011-09-30": "820.92000", "2011-06-30": "701.23100", "2011-03-31": "674.56000", "2010-12-31": "667.14800", "2010-09-30": "684.30000", "2010-06-30": "671.38300", "2010-03-31": "727.95800", "2009-12-31": "727.03700", "2009-09-30": "682.57600", "2009-06-30": "663.79300", "2009-03-31": "635.45200", "2008-12-31": "577.08700", "2008-09-30": "470.75700", "2008-06-30": "397.17700", "2008-03-31": "310.20400", "2007-12-31": "234.55700", "2007-09-30": "225.84200", "2007-06-30": "224.95900", "2007-03-31": "217.34500", "2006-12-31": "199.59700", "2006-09-30": "117.57800", "2006-06-30": "118.17000", "2006-03-31": "118.08100", "2005-12-31": "124.65600", "2005-09-30": "110.28200", "2005-06-30": "107.59300", "2005-03-31": "97.61900"}, "Total Assets": {"2020-09-30": "4411.20000", "2020-06-30": "4219.40000", "2020-03-31": "4025.90000", "2019-12-31": "3913.40000", "2019-09-30": "3999.60000", "2019-06-30": "3898.90000", "2019-03-31": "3726.70000", "2018-12-31": "3401.00000", "2018-09-30": "3412.10000", "2018-06-30": "3244.90000", "2018-03-31": "3020.20000", "2017-12-31": "2879.40000", "2017-09-30": "2936.00000", "2017-06-30": "2691.50000", "2017-03-31": "2561.30000", "2016-12-31": "2325.60000", "2016-09-30": "2269.20000", "2016-06-30": "2201.50000", "2016-03-31": "2192.10000", "2015-12-31": "2184.40000", "2015-09-30": "2159.23300", "2015-06-30": "1736.82200", "2015-03-31": "1894.61400", "2014-12-31": "1884.41000", "2014-09-30": "2072.05000", "2014-06-30": "1952.87200", "2014-03-31": "2114.93400", "2013-12-31": "2087.56700", "2013-09-30": "1927.65700", "2013-06-30": "1777.67300", "2013-03-31": "1697.35500", "2012-12-31": "1626.59500", "2012-09-30": "1647.49200", "2012-06-30": "1556.40100", "2012-03-31": "1561.43500", "2011-12-31": "1518.07900", "2011-09-30": "1667.05300", "2011-06-30": "1578.74000", "2011-03-31": "1485.40400", "2010-12-31": "1431.63500", "2010-09-30": "1282.78400", "2010-06-30": "1187.67500", "2010-03-31": "1126.70300", "2009-12-31": "1051.54400", "2009-09-30": "1004.72700", "2009-06-30": "951.67100", "2009-03-31": "902.81300", "2008-12-31": "874.53400", "2008-09-30": "766.68000", "2008-06-30": "679.81800", "2008-03-31": "638.06400", "2007-12-31": "587.01800", "2007-09-30": "512.71800", "2007-06-30": "471.79400", "2007-03-31": "436.26600", "2006-12-31": "476.97100", "2006-09-30": "297.77400", "2006-06-30": "325.43300", "2006-03-31": "304.75100", "2005-12-31": "291.41300", "2005-09-30": "257.17300", "2005-06-30": "234.22400", "2005-03-31": "216.92500"}, "Total Current Liabilities": {"2020-09-30": "258.90000", "2020-06-30": "255.00000", "2020-03-31": "207.30000", "2019-12-31": "463.00000", "2019-09-30": "469.90000", "2019-06-30": "463.50000", "2019-03-31": "270.00000", "2018-12-31": "276.60000", "2018-09-30": "372.40000", "2018-06-30": "350.00000", "2018-03-31": "318.40000", "2017-12-31": "444.70000", "2017-09-30": "789.40000", "2017-06-30": "838.80000", "2017-03-31": "427.70000", "2016-12-31": "332.50000", "2016-09-30": "314.60000", "2016-06-30": "292.40000", "2016-03-31": "357.10000", "2015-12-31": "440.70000", "2015-09-30": "557.34200", "2015-06-30": "542.41400", "2015-03-31": "646.74800", "2014-12-31": "504.31000", "2014-09-30": "760.64800", "2014-06-30": "659.07300", "2014-03-31": "658.53500", "2013-12-31": "687.67400", "2013-09-30": "468.90900", "2013-06-30": "412.22500", "2013-03-31": "176.60400", "2012-12-31": "176.75500", "2012-09-30": "227.61500", "2012-06-30": "187.66200", "2012-03-31": "175.54200", "2011-12-31": "212.57700", "2011-09-30": "424.95100", "2011-06-30": "453.54100", "2011-03-31": "441.95400", "2010-12-31": "428.68600", "2010-09-30": "397.46500", "2010-06-30": "365.72400", "2010-03-31": "329.03800", "2009-12-31": "330.18700", "2009-09-30": "301.02700", "2009-06-30": "76.21700", "2009-03-31": "59.76100", "2008-12-31": "57.69300", "2008-09-30": "293.12700", "2008-06-30": "293.22100", "2008-03-31": "60.45200", "2007-12-31": "272.76000", "2007-09-30": "32.79300", "2007-06-30": "23.30800", "2007-03-31": "19.22800", "2006-12-31": "19.25000", "2006-09-30": "20.00500", "2006-06-30": "23.85400", "2006-03-31": "17.70800", "2005-12-31": "14.52300", "2005-09-30": "17.12300", "2005-06-30": "15.75500", "2005-03-31": "11.92500"}, "Long Term Debt": {"2020-09-30": "800.00000", "2020-06-30": "800.00000", "2020-03-31": "800.00000", "2019-12-31": "600.00000", "2019-09-30": "750.00000", "2019-06-30": "800.00000", "2019-03-31": "1050.00000", "2018-12-31": "250.00000", "2018-09-30": "250.00000", "2018-06-30": "250.00000", "2018-03-31": "250.00000", "2017-12-31": "250.00000", "2017-09-30": "", "2017-06-30": "", "2017-03-31": "", "2016-12-31": "", "2016-09-30": "", "2016-06-30": "", "2016-03-31": "", "2015-12-31": "", "2015-09-30": "", "2015-06-30": "", "2015-03-31": "", "2014-12-31": "", "2014-09-30": "", "2014-06-30": "", "2014-03-31": "", "2013-12-31": "", "2013-09-30": "", "2013-06-30": "", "2013-03-31": "207.37900", "2012-12-31": "275.01000", "2012-09-30": "201.97000", "2012-06-30": "199.34400", "2012-03-31": "268.16400", "2011-12-31": "265.63200", "2011-09-30": "68.92900", "2011-06-30": "68.92900", "2011-03-31": "68.92900", "2010-12-31": "68.92900", "2010-09-30": "", "2010-06-30": "", "2010-03-31": "30.60000", "2009-12-31": "30.32700", "2009-09-30": "30.05700", "2009-06-30": "242.63500", "2009-03-31": "238.75900", "2008-12-31": "234.95200", "2008-09-30": "29.00000", "2008-06-30": "", "2008-03-31": "228.00000", "2007-12-31": "", "2007-09-30": "250.00400", "2007-06-30": "250.00800", "2007-03-31": "250.01100", "2006-12-31": "250.01500", "2006-09-30": "0.00400", "2006-06-30": "0.00500", "2006-03-31": "0.00700", "2005-12-31": "0.00800", "2005-09-30": "0.00900", "2005-06-30": "0.01400", "2005-03-31": "0.01000"}, "Other Non-Current Liabilities": {"2020-09-30": "69.20000", "2020-06-30": "70.70000", "2020-03-31": "70.10000", "2019-12-31": "70.00000", "2019-09-30": "63.90000", "2019-06-30": "77.00000", "2019-03-31": "87.70000", "2018-12-31": "85.80000", "2018-09-30": "96.90000", "2018-06-30": "79.30000", "2018-03-31": "82.40000", "2017-12-31": "82.90000", "2017-09-30": "76.70000", "2017-06-30": "76.60000", "2017-03-31": "68.30000", "2016-12-31": "141.80000", "2016-09-30": "115.90000", "2016-06-30": "102.90000", "2016-03-31": "123.20000", "2015-12-31": "155.10000", "2015-09-30": "135.02100", "2015-06-30": "153.93500", "2015-03-31": "156.24300", "2014-12-31": "137.74400", "2014-09-30": "131.02300", "2014-06-30": "119.89400", "2014-03-31": "140.85200", "2013-12-31": "140.61900", "2013-09-30": "198.54800", "2013-06-30": "200.02500", "2013-03-31": "162.66800", "2012-12-31": "90.84900", "2012-09-30": "157.07600", "2012-06-30": "159.79600", "2012-03-31": "93.08000", "2011-12-31": "91.38200", "2011-09-30": "88.20400", "2011-06-30": "53.92700", "2011-03-31": "50.31200", "2010-12-31": "50.13400", "2010-09-30": "44.58800", "2010-06-30": "39.65000", "2010-03-31": "38.81700", "2009-12-31": "38.02100", "2009-09-30": "34.08600", "2009-06-30": "27.83900", "2009-03-31": "27.01100", "2008-12-31": "26.55500", "2008-09-30": "25.96700", "2008-06-30": "23.19000", "2008-03-31": "23.17900", "2007-12-31": "18.46800", "2007-09-30": "19.37900", "2007-06-30": "19.47700", "2007-03-31": "15.55700", "2006-12-31": "3.10000", "2006-09-30": "2.71900", "2006-06-30": "2.05500", "2006-03-31": "1.75000", "2005-12-31": "1.78000", "2005-09-30": "1.68400", "2005-06-30": "1.65700", "2005-03-31": "1.68000"}, "Total Long Term Liabilities": {"2020-09-30": "869.20000", "2020-06-30": "870.70000", "2020-03-31": "870.10000", "2019-12-31": "670.00000", "2019-09-30": "813.90000", "2019-06-30": "877.00000", "2019-03-31": "1137.70000", "2018-12-31": "335.80000", "2018-09-30": "346.90000", "2018-06-30": "329.30000", "2018-03-31": "332.40000", "2017-12-31": "332.90000", "2017-09-30": "76.70000", "2017-06-30": "76.60000", "2017-03-31": "68.30000", "2016-12-31": "141.80000", "2016-09-30": "115.90000", "2016-06-30": "102.90000", "2016-03-31": "123.20000", "2015-12-31": "155.10000", "2015-09-30": "135.02100", "2015-06-30": "153.93500", "2015-03-31": "156.24300", "2014-12-31": "137.74400", "2014-09-30": "131.02300", "2014-06-30": "119.89400", "2014-03-31": "140.85200", "2013-12-31": "140.61900", "2013-09-30": "198.54800", "2013-06-30": "200.02500", "2013-03-31": "370.04700", "2012-12-31": "365.85900", "2012-09-30": "359.04600", "2012-06-30": "359.14000", "2012-03-31": "361.24400", "2011-12-31": "357.01400", "2011-09-30": "157.13300", "2011-06-30": "122.85600", "2011-03-31": "119.24100", "2010-12-31": "119.06300", "2010-09-30": "44.58800", "2010-06-30": "39.65000", "2010-03-31": "69.41700", "2009-12-31": "68.34800", "2009-09-30": "64.14300", "2009-06-30": "270.47400", "2009-03-31": "265.77000", "2008-12-31": "261.50700", "2008-09-30": "54.96700", "2008-06-30": "23.19000", "2008-03-31": "251.17900", "2007-12-31": "18.46800", "2007-09-30": "269.38300", "2007-06-30": "269.48500", "2007-03-31": "265.56800", "2006-12-31": "253.11500", "2006-09-30": "2.72300", "2006-06-30": "2.06000", "2006-03-31": "1.75700", "2005-12-31": "1.78800", "2005-09-30": "1.69300", "2005-06-30": "1.67100", "2005-03-31": "1.69000"}, "Total Liabilities": {"2020-09-30": "1128.10000", "2020-06-30": "1125.70000", "2020-03-31": "1077.40000", "2019-12-31": "1133.00000", "2019-09-30": "1283.80000", "2019-06-30": "1340.50000", "2019-03-31": "1407.70000", "2018-12-31": "612.40000", "2018-09-30": "719.30000", "2018-06-30": "679.30000", "2018-03-31": "650.80000", "2017-12-31": "777.60000", "2017-09-30": "866.10000", "2017-06-30": "915.40000", "2017-03-31": "496.00000", "2016-12-31": "474.30000", "2016-09-30": "430.50000", "2016-06-30": "395.30000", "2016-03-31": "480.30000", "2015-12-31": "595.80000", "2015-09-30": "692.36300", "2015-06-30": "696.34900", "2015-03-31": "802.99100", "2014-12-31": "642.05400", "2014-09-30": "891.67100", "2014-06-30": "778.96700", "2014-03-31": "799.38700", "2013-12-31": "828.29300", "2013-09-30": "667.45700", "2013-06-30": "612.25000", "2013-03-31": "546.65100", "2012-12-31": "542.61400", "2012-09-30": "586.66100", "2012-06-30": "546.80200", "2012-03-31": "536.78600", "2011-12-31": "569.59100", "2011-09-30": "582.08400", "2011-06-30": "576.39700", "2011-03-31": "561.19500", "2010-12-31": "547.74900", "2010-09-30": "442.05300", "2010-06-30": "405.37400", "2010-03-31": "398.45500", "2009-12-31": "398.53500", "2009-09-30": "365.17000", "2009-06-30": "346.69100", "2009-03-31": "325.53100", "2008-12-31": "319.20000", "2008-09-30": "348.09400", "2008-06-30": "316.41100", "2008-03-31": "311.63100", "2007-12-31": "291.22800", "2007-09-30": "302.17600", "2007-06-30": "292.79300", "2007-03-31": "284.79600", "2006-12-31": "272.36500", "2006-09-30": "22.72800", "2006-06-30": "25.91400", "2006-03-31": "19.46500", "2005-12-31": "16.31100", "2005-09-30": "18.81600", "2005-06-30": "17.42600", "2005-03-31": "13.61500"}, "Common Stock Net": {"2020-09-30": "0.70000", "2020-06-30": "0.70000", "2020-03-31": "0.70000", "2019-12-31": "0.70000", "2019-09-30": "0.70000", "2019-06-30": "0.70000", "2019-03-31": "0.70000", "2018-12-31": "0.70000", "2018-09-30": "0.70000", "2018-06-30": "0.70000", "2018-03-31": "0.70000", "2017-12-31": "0.70000", "2017-09-30": "0.70000", "2017-06-30": "0.70000", "2017-03-31": "0.70000", "2016-12-31": "0.70000", "2016-09-30": "0.70000", "2016-06-30": "0.70000", "2016-03-31": "0.70000", "2015-12-31": "0.70000", "2015-09-30": "0.68500", "2015-06-30": "0.68200", "2015-03-31": "0.66500", "2014-12-31": "0.66000", "2014-09-30": "0.64200", "2014-06-30": "0.63800", "2014-03-31": "0.63300", "2013-12-31": "0.63000", "2013-09-30": "0.62800", "2013-06-30": "0.62500", "2013-03-31": "0.62300", "2012-12-31": "0.62100", "2012-09-30": "0.61900", "2012-06-30": "0.61700", "2012-03-31": "0.61600", "2011-12-31": "0.61500", "2011-09-30": "0.60800", "2011-06-30": "0.60800", "2011-03-31": "0.60500", "2010-12-31": "0.60000", "2010-09-30": "0.59200", "2010-06-30": "0.58900", "2010-03-31": "0.58100", "2009-12-31": "0.56700", "2009-09-30": "0.28200", "2009-06-30": "0.27800", "2009-03-31": "0.27700", "2008-12-31": "0.27600", "2008-09-30": "0.27600", "2008-06-30": "0.27100", "2008-03-31": "0.26900", "2007-12-31": "0.26600", "2007-09-30": "0.25600", "2007-06-30": "0.25400", "2007-03-31": "0.25100", "2006-12-31": "0.24600", "2006-09-30": "0.24500", "2006-06-30": "0.24200", "2006-03-31": "0.24000", "2005-12-31": "0.23900", "2005-09-30": "0.23600", "2005-06-30": "0.23300", "2005-03-31": "0.23100"}, "Retained Earnings (Accumulated Deficit)": {"2020-09-30": "3740.40000", "2020-06-30": "3569.20000", "2020-03-31": "3462.10000", "2019-12-31": "3325.20000", "2019-09-30": "3272.60000", "2019-06-30": "3140.20000", "2019-03-31": "2935.10000", "2018-12-31": "3434.80000", "2018-09-30": "3369.50000", "2018-06-30": "3263.00000", "2018-03-31": "3090.10000", "2017-12-31": "2845.60000", "2017-09-30": "2826.60000", "2017-06-30": "2550.30000", "2017-03-31": "2606.30000", "2016-12-31": "2433.50000", "2016-09-30": "2323.20000", "2016-06-30": "2161.40000", "2016-03-31": "1955.30000", "2015-12-31": "1719.80000", "2015-09-30": "1615.10900", "2015-06-30": "1150.68400", "2015-03-31": "1051.47300", "2014-12-31": "1068.11400", "2014-09-30": "952.17900", "2014-06-30": "977.41600", "2014-03-31": "865.56400", "2013-12-31": "728.04000", "2013-09-30": "758.35400", "2013-06-30": "695.66900", "2013-03-31": "615.80500", "2012-12-31": "553.48000", "2012-09-30": "470.22500", "2012-06-30": "392.11400", "2012-03-31": "319.79800", "2011-12-31": "249.03800", "2011-09-30": "205.84900", "2011-06-30": "121.45100", "2011-03-31": "47.56000", "2010-12-31": "31.17000", "2010-09-30": "21.62600", "2010-06-30": "-18.11000", "2010-03-31": "-55.81700", "2009-12-31": "-74.74600", "2009-09-30": "-71.13500", "2009-06-30": "-83.07200", "2009-03-31": "-79.77700", "2008-12-31": "-93.92700", "2008-09-30": "16.85500", "2008-06-30": "4.23200", "2008-03-31": "-10.09800", "2007-12-31": "-21.50100", "2007-09-30": "-23.48700", "2007-06-30": "-38.33500", "2007-03-31": "-44.14100", "2006-12-31": "-41.36000", "2006-09-30": "-96.86700", "2006-06-30": "-105.34500", "2006-03-31": "-113.01800", "2005-12-31": "-115.32500", "2005-09-30": "-144.73500", "2005-06-30": "-160.49800", "2005-03-31": "-172.68000"}, "Comprehensive Income": {"2020-09-30": "-4.50000", "2020-06-30": "-2.10000", "2020-03-31": "-3.50000", "2019-12-31": "-14.20000", "2019-09-30": "-4.10000", "2019-06-30": "-5.00000", "2019-03-31": "-5.20000", "2018-12-31": "-7.90000", "2018-09-30": "-22.20000", "2018-06-30": "-21.90000", "2018-03-31": "-21.70000", "2017-12-31": "-19.60000", "2017-09-30": "-16.80000", "2017-06-30": "-16.60000", "2017-03-31": "-16.70000", "2016-12-31": "-16.80000", "2016-09-30": "-16.80000", "2016-06-30": "-14.70000", "2016-03-31": "-19.80000", "2015-12-31": "-20.40000", "2015-09-30": "-21.93000", "2015-06-30": "-19.93000", "2015-03-31": "-21.64300", "2014-12-31": "-16.73400", "2014-09-30": "-16.93000", "2014-06-30": "-14.62700", "2014-03-31": "-15.64100", "2013-12-31": "-13.18300", "2013-09-30": "-15.06300", "2013-06-30": "-17.11500", "2013-03-31": "-16.96300", "2012-12-31": "-14.95700", "2012-09-30": "-9.52400", "2012-06-30": "-10.91200", "2012-03-31": "-9.54000", "2011-12-31": "-10.88500", "2011-09-30": "-10.64100", "2011-06-30": "-8.52400", "2011-03-31": "-7.33500", "2010-12-31": "-9.17500", "2010-09-30": "-6.19300", "2010-06-30": "-7.21700", "2010-03-31": "-5.93200", "2009-12-31": "-4.31400", "2009-09-30": "-3.63000", "2009-06-30": "-2.72700", "2009-03-31": "-6.80800", "2008-12-31": "-5.91300", "2008-09-30": "-3.60100", "2008-06-30": "-2.02700", "2008-03-31": "-1.66000", "2007-12-31": "0.31700", "2007-09-30": "0.68600", "2007-06-30": "3.79600", "2007-03-31": "1.18000", "2006-12-31": "1.47600", "2006-09-30": "1.59900", "2006-06-30": "2.89100", "2006-03-31": "3.26100", "2005-12-31": "3.59300", "2005-09-30": "2.01000", "2005-06-30": "1.82600", "2005-03-31": "4.04100"}, "Other Share Holders Equity": {"2020-09-30": "", "2020-06-30": "", "2020-03-31": "", "2019-12-31": "", "2019-09-30": "", "2019-06-30": "", "2019-03-31": "", "2018-12-31": "", "2018-09-30": "", "2018-06-30": "", "2018-03-31": "", "2017-12-31": "", "2017-09-30": "", "2017-06-30": "", "2017-03-31": "", "2016-12-31": "", "2016-09-30": "", "2016-06-30": "", "2016-03-31": "", "2015-12-31": "", "2015-09-30": "", "2015-06-30": "", "2015-03-31": "", "2014-12-31": "", "2014-09-30": "", "2014-06-30": "", "2014-03-31": "", "2013-12-31": "", "2013-09-30": "", "2013-06-30": "", "2013-03-31": "", "2012-12-31": "", "2012-09-30": "", "2012-06-30": "", "2012-03-31": "", "2011-12-31": "", "2011-09-30": "", "2011-06-30": "", "2011-03-31": "", "2010-12-31": "", "2010-09-30": "", "2010-06-30": "", "2010-03-31": "", "2009-12-31": "", "2009-09-30": "", "2009-06-30": "", "2009-03-31": "", "2008-12-31": "", "2008-09-30": "", "2008-06-30": "", "2008-03-31": "", "2007-12-31": "", "2007-09-30": "", "2007-06-30": "", "2007-03-31": "", "2006-12-31": "", "2006-09-30": "", "2006-06-30": "", "2006-03-31": "", "2005-12-31": "", "2005-09-30": "", "2005-06-30": "", "2005-03-31": ""}, "Share Holder Equity": {"2020-09-30": "3283.10000", "2020-06-30": "3093.70000", "2020-03-31": "2948.50000", "2019-12-31": "2780.40000", "2019-09-30": "2715.80000", "2019-06-30": "2558.40000", "2019-03-31": "2319.00000", "2018-12-31": "2788.60000", "2018-09-30": "2692.80000", "2018-06-30": "2565.60000", "2018-03-31": "2369.40000", "2017-12-31": "2101.80000", "2017-09-30": "2069.90000", "2017-06-30": "1776.10000", "2017-03-31": "2065.30000", "2016-12-31": "1851.30000", "2016-09-30": "1838.70000", "2016-06-30": "1806.20000", "2016-03-31": "1711.80000", "2015-12-31": "1588.60000", "2015-09-30": "1466.87000", "2015-06-30": "1040.47300", "2015-03-31": "1091.62300", "2014-12-31": "1242.35600", "2014-09-30": "1180.37900", "2014-06-30": "1173.90500", "2014-03-31": "1315.54700", "2013-12-31": "1259.27400", "2013-09-30": "1260.20000", "2013-06-30": "1165.42300", "2013-03-31": "1150.70400", "2012-12-31": "1083.98100", "2012-09-30": "1060.83100", "2012-06-30": "1009.59900", "2012-03-31": "1024.64900", "2011-12-31": "948.48800", "2011-09-30": "1084.96900", "2011-06-30": "1002.34300", "2011-03-31": "924.20900", "2010-12-31": "883.88600", "2010-09-30": "840.73100", "2010-06-30": "782.30100", "2010-03-31": "728.24800", "2009-12-31": "653.00900", "2009-09-30": "639.55700", "2009-06-30": "604.98000", "2009-03-31": "577.28200", "2008-12-31": "555.33400", "2008-09-30": "418.58600", "2008-06-30": "363.40700", "2008-03-31": "326.43300", "2007-12-31": "295.79000", "2007-09-30": "210.54200", "2007-06-30": "179.00100", "2007-03-31": "151.47000", "2006-12-31": "204.60600", "2006-09-30": "275.04600", "2006-06-30": "299.51900", "2006-03-31": "285.28600", "2005-12-31": "275.10200", "2005-09-30": "238.35700", "2005-06-30": "216.79800", "2005-03-31": "203.31000"}, "Total Liabilities And Share Holders Equity": {"2020-09-30": "4411.20000", "2020-06-30": "4219.40000", "2020-03-31": "4025.90000", "2019-12-31": "3913.40000", "2019-09-30": "3999.60000", "2019-06-30": "3898.90000", "2019-03-31": "3726.70000", "2018-12-31": "3401.00000", "2018-09-30": "3412.10000", "2018-06-30": "3244.90000", "2018-03-31": "3020.20000", "2017-12-31": "2879.40000", "2017-09-30": "2936.00000", "2017-06-30": "2691.50000", "2017-03-31": "2561.30000", "2016-12-31": "2325.60000", "2016-09-30": "2269.20000", "2016-06-30": "2201.50000", "2016-03-31": "2192.10000", "2015-12-31": "2184.40000", "2015-09-30": "2159.23300", "2015-06-30": "1736.82200", "2015-03-31": "1894.61400", "2014-12-31": "1884.41000", "2014-09-30": "2072.05000", "2014-06-30": "1952.87200", "2014-03-31": "2114.93400", "2013-12-31": "2087.56700", "2013-09-30": "1927.65700", "2013-06-30": "1777.67300", "2013-03-31": "1697.35500", "2012-12-31": "1626.59500", "2012-09-30": "1647.49200", "2012-06-30": "1556.40100", "2012-03-31": "1561.43500", "2011-12-31": "1518.07900", "2011-09-30": "1667.05300", "2011-06-30": "1578.74000", "2011-03-31": "1485.40400", "2010-12-31": "1431.63500", "2010-09-30": "1282.78400", "2010-06-30": "1187.67500", "2010-03-31": "1126.70300", "2009-12-31": "1051.54400", "2009-09-30": "1004.72700", "2009-06-30": "951.67100", "2009-03-31": "902.81300", "2008-12-31": "874.53400", "2008-09-30": "766.68000", "2008-06-30": "679.81800", "2008-03-31": "638.06400", "2007-12-31": "587.01800", "2007-09-30": "512.71800", "2007-06-30": "471.79400", "2007-03-31": "436.26600", "2006-12-31": "476.97100", "2006-09-30": "297.77400", "2006-06-30": "325.43300", "2006-03-31": "304.75100", "2005-12-31": "291.41300", "2005-09-30": "257.17300", "2005-06-30": "234.22400", "2005-03-31": "216.92500"}}, "cash flow statement": {"Net Income/Loss": {"2019-12-31": "-104.50000", "2018-12-31": "589.20000", "2017-12-31": "417.90000", "2016-12-31": "713.70000", "2015-12-31": "651.60000", "2014-12-31": "340.10000", "2013-12-31": "174.56000", "2012-12-31": "304.44200", "2011-12-31": "217.86800", "2010-12-31": "105.91600", "2009-12-31": "19.46200", "2008-12-31": "-49.32700", "2007-12-31": "12.35300", "2006-12-31": "73.96500", "2005-12-31": "65.01600"}, "Total Depreciation And Amortization - Cash Flow": {"2019-12-31": "45.90000", "2018-12-31": "35.90000", "2017-12-31": "31.00000", "2016-12-31": "31.60000", "2015-12-31": "32.90000", "2014-12-31": "32.20000", "2013-12-31": "48.36100", "2012-12-31": "42.81300", "2011-12-31": "44.36800", "2010-12-31": "37.33300", "2009-12-31": "28.65900", "2008-12-31": "18.20700", "2007-12-31": "13.06300", "2006-12-31": "1.46400", "2005-12-31": "2.41400"}, "Other Non-Cash Items": {"2019-12-31": "32.90000", "2018-12-31": "28.90000", "2017-12-31": "103.70000", "2016-12-31": "15.70000", "2015-12-31": "-99.60000", "2014-12-31": "183.50000", "2013-12-31": "314.66900", "2012-12-31": "184.56500", "2011-12-31": "99.21300", "2010-12-31": "140.69400", "2009-12-31": "102.89200", "2008-12-31": "-27.11400", "2007-12-31": "29.32400", "2006-12-31": "-20.86700", "2005-12-31": "-17.22300"}, "Total Non-Cash Items": {"2019-12-31": "78.80000", "2018-12-31": "64.80000", "2017-12-31": "134.70000", "2016-12-31": "47.30000", "2015-12-31": "-66.70000", "2014-12-31": "215.70000", "2013-12-31": "363.03000", "2012-12-31": "227.37800", "2011-12-31": "143.58100", "2010-12-31": "178.02700", "2009-12-31": "131.55100", "2008-12-31": "-8.90700", "2007-12-31": "42.38700", "2006-12-31": "-19.40300", "2005-12-31": "-14.80900"}, "Change In Accounts Receivable": {"2019-12-31": "24.40000", "2018-12-31": "121.40000", "2017-12-31": "-82.70000", "2016-12-31": "-21.70000", "2015-12-31": "-30.50000", "2014-12-31": "-35.70000", "2013-12-31": "-10.02700", "2012-12-31": "-23.99100", "2011-12-31": "-16.15800", "2010-12-31": "-23.45200", "2009-12-31": "-21.95600", "2008-12-31": "-2.32900", "2007-12-31": "-4.03000", "2006-12-31": "-8.86900", "2005-12-31": "-0.45400"}, "Change In Inventories": {"2019-12-31": "12.90000", "2018-12-31": "9.30000", "2017-12-31": "-0.50000", "2016-12-31": "-24.50000", "2015-12-31": "-6.80000", "2014-12-31": "-21.00000", "2013-12-31": "-12.39400", "2012-12-31": "-5.93300", "2011-12-31": "-16.05500", "2010-12-31": "-6.79800", "2009-12-31": "-9.06100", "2008-12-31": "-2.63000", "2007-12-31": "-2.33900", "2006-12-31": "-1.00600", "2005-12-31": "-3.23300"}, "Change In Accounts Payable": {"2019-12-31": "-16.30000", "2018-12-31": "-11.00000", "2017-12-31": "66.20000", "2016-12-31": "0.60000", "2015-12-31": "17.00000", "2014-12-31": "-6.80000", "2013-12-31": "7.50700", "2012-12-31": "-22.80400", "2011-12-31": "20.25100", "2010-12-31": "-2.73400", "2009-12-31": "-3.64500", "2008-12-31": "18.50900", "2007-12-31": "-1.07200", "2006-12-31": "-1.08200", "2005-12-31": "-2.12200"}, "Change In Assets/Liabilities": {"2019-12-31": "-201.90000", "2018-12-31": "4.70000", "2017-12-31": "-61.40000", "2016-12-31": "-71.80000", "2015-12-31": "-181.80000", "2014-12-31": "-137.00000", "2013-12-31": "-97.40900", "2012-12-31": "-155.46400", "2011-12-31": "-99.29200", "2010-12-31": "-65.03900", "2009-12-31": "-25.83100", "2008-12-31": "0.61400", "2007-12-31": "-1.02900", "2006-12-31": "0.76000", "2005-12-31": "-3.93700"}, "Total Change In Assets/Liabilities": {"2019-12-31": "-180.90000", "2018-12-31": "124.40000", "2017-12-31": "-78.40000", "2016-12-31": "-117.40000", "2015-12-31": "-202.10000", "2014-12-31": "-200.50000", "2013-12-31": "-112.32300", "2012-12-31": "-208.19200", "2011-12-31": "-111.25400", "2010-12-31": "-72.41100", "2009-12-31": "-51.29000", "2008-12-31": "17.80500", "2007-12-31": "-5.80300", "2006-12-31": "-5.30500", "2005-12-31": "-7.04100"}, "Cash Flow From Operating Activities": {"2019-12-31": "-206.60000", "2018-12-31": "778.40000", "2017-12-31": "474.20000", "2016-12-31": "643.60000", "2015-12-31": "382.80000", "2014-12-31": "355.30000", "2013-12-31": "425.26700", "2012-12-31": "323.62800", "2011-12-31": "250.19500", "2010-12-31": "211.53200", "2009-12-31": "99.72300", "2008-12-31": "-40.42900", "2007-12-31": "48.93700", "2006-12-31": "49.25700", "2005-12-31": "43.16600"}, "Net Change In Property, Plant, And Equipment": {"2019-12-31": "-83.70000", "2018-12-31": "-184.40000", "2017-12-31": "-78.00000", "2016-12-31": "-38.00000", "2015-12-31": "-49.80000", "2014-12-31": "-47.40000", "2013-12-31": "-31.91000", "2012-12-31": "-111.90500", "2011-12-31": "-35.97800", "2010-12-31": "-18.64000", "2009-12-31": "-95.40000", "2008-12-31": "-124.41500", "2007-12-31": "-38.65800", "2006-12-31": "-15.63400", "2005-12-31": "-6.11700"}, "Net Change In Intangible Assets": {"2019-12-31": "", "2018-12-31": "", "2017-12-31": "", "2016-12-31": "", "2015-12-31": "350.00000", "2014-12-31": "", "2013-12-31": "0.00000", "2012-12-31": "", "2011-12-31": "-3.54700", "2010-12-31": "0.00000", "2009-12-31": "-3.56800", "2008-12-31": "", "2007-12-31": "", "2006-12-31": "", "2005-12-31": ""}, "Net Acquisitions/Divestitures": {"2019-12-31": "", "2018-12-31": "-124.10000", "2017-12-31": "", "2016-12-31": "-5.20000", "2015-12-31": "", "2014-12-31": "", "2013-12-31": "", "2012-12-31": "", "2011-12-31": "", "2010-12-31": "", "2009-12-31": "", "2008-12-31": "", "2007-12-31": "", "2006-12-31": "", "2005-12-31": ""}, "Net Change In Short-term Investments": {"2019-12-31": "-259.70000", "2018-12-31": "-466.10000", "2017-12-31": "-757.70000", "2016-12-31": "129.60000", "2015-12-31": "257.60000", "2014-12-31": "430.90000", "2013-12-31": "-232.29800", "2012-12-31": "-51.45800", "2011-12-31": "-81.80800", "2010-12-31": "-204.49700", "2009-12-31": "-61.55100", "2008-12-31": "-314.11300", "2007-12-31": "-243.93600", "2006-12-31": "-118.35500", "2005-12-31": "-64.62500"}, "Net Change In Long-Term Investments": {"2019-12-31": "20.50000", "2018-12-31": "-46.00000", "2017-12-31": "", "2016-12-31": "-38.10000", "2015-12-31": "-54.20000", "2014-12-31": "-45.00000", "2013-12-31": "-30.76600", "2012-12-31": "", "2011-12-31": "", "2010-12-31": "", "2009-12-31": "", "2008-12-31": "266.05100", "2007-12-31": "260.88800", "2006-12-31": "32.36000", "2005-12-31": ""}, "Net Change In Investments - Total": {"2019-12-31": "-239.20000", "2018-12-31": "-512.10000", "2017-12-31": "-757.70000", "2016-12-31": "91.50000", "2015-12-31": "203.40000", "2014-12-31": "385.90000", "2013-12-31": "-263.06400", "2012-12-31": "-51.45800", "2011-12-31": "-81.80800", "2010-12-31": "-204.49700", "2009-12-31": "-61.55100", "2008-12-31": "-48.06200", "2007-12-31": "16.95200", "2006-12-31": "-85.99500", "2005-12-31": "-64.62500"}, "Investing Activities - Other": {"2019-12-31": "-12.50000", "2018-12-31": "", "2017-12-31": "0.10000", "2016-12-31": "", "2015-12-31": "", "2014-12-31": "", "2013-12-31": "", "2012-12-31": "", "2011-12-31": "", "2010-12-31": "13.90100", "2009-12-31": "-2.09900", "2008-12-31": "-8.76600", "2007-12-31": "", "2006-12-31": "", "2005-12-31": ""}, "Cash Flow From Investing Activities": {"2019-12-31": "-335.40000", "2018-12-31": "-820.60000", "2017-12-31": "-835.60000", "2016-12-31": "48.30000", "2015-12-31": "503.60000", "2014-12-31": "338.50000", "2013-12-31": "-294.97400", "2012-12-31": "-163.36300", "2011-12-31": "-121.33300", "2010-12-31": "-209.23600", "2009-12-31": "-162.61800", "2008-12-31": "-181.24300", "2007-12-31": "-21.70600", "2006-12-31": "-101.62900", "2005-12-31": "-70.74200"}, "Net Long-Term Debt": {"2019-12-31": "", "2018-12-31": "", "2017-12-31": "", "2016-12-31": "-8.80000", "2015-12-31": "-133.20000", "2014-12-31": "-177.80000", "2013-12-31": "-1.32000", "2012-12-31": "-0.99900", "2011-12-31": "-34.28900", "2010-12-31": "38.55800", "2009-12-31": "", "2008-12-31": "", "2007-12-31": "", "2006-12-31": "242.00800", "2005-12-31": "-0.79500"}, "Net Current Debt": {"2019-12-31": "600.00000", "2018-12-31": "", "2017-12-31": "250.00000", "2016-12-31": "", "2015-12-31": "", "2014-12-31": "", "2013-12-31": "", "2012-12-31": "", "2011-12-31": "", "2010-12-31": "", "2009-12-31": "", "2008-12-31": "", "2007-12-31": "", "2006-12-31": "", "2005-12-31": ""}, "Debt Issuance/Retirement Net - Total": {"2019-12-31": "600.00000", "2018-12-31": "", "2017-12-31": "250.00000", "2016-12-31": "-8.80000", "2015-12-31": "-133.20000", "2014-12-31": "-177.80000", "2013-12-31": "-1.32000", "2012-12-31": "-0.99900", "2011-12-31": "-34.28900", "2010-12-31": "38.55800", "2009-12-31": "", "2008-12-31": "", "2007-12-31": "", "2006-12-31": "242.00800", "2005-12-31": "-0.79500"}, "Net Common Equity Issued/Repurchased": {"2019-12-31": "11.90000", "2018-12-31": "19.50000", "2017-12-31": "-206.00000", "2016-12-31": "-488.00000", "2015-12-31": "-351.20000", "2014-12-31": "-429.60000", "2013-12-31": "-13.09400", "2012-12-31": "-171.19500", "2011-12-31": "-187.60200", "2010-12-31": "85.42700", "2009-12-31": "32.07100", "2008-12-31": "191.93600", "2007-12-31": "-8.71500", "2006-12-31": "-178.64100", "2005-12-31": "14.96500"}, "Net Total Equity Issued/Repurchased": {"2019-12-31": "11.90000", "2018-12-31": "19.50000", "2017-12-31": "-206.00000", "2016-12-31": "-488.00000", "2015-12-31": "-351.20000", "2014-12-31": "-429.60000", "2013-12-31": "-13.09400", "2012-12-31": "-171.19500", "2011-12-31": "-187.60200", "2010-12-31": "85.42700", "2009-12-31": "32.07100", "2008-12-31": "191.93600", "2007-12-31": "-8.71500", "2006-12-31": "-178.64100", "2005-12-31": "14.96500"}, "Total Common And Preferred Stock Dividends Paid": {"2019-12-31": "", "2018-12-31": "", "2017-12-31": "", "2016-12-31": "", "2015-12-31": "", "2014-12-31": "", "2013-12-31": "", "2012-12-31": "", "2011-12-31": "", "2010-12-31": "", "2009-12-31": "", "2008-12-31": "", "2007-12-31": "", "2006-12-31": "", "2005-12-31": ""}, "Financial Activities - Other": {"2019-12-31": "-0.70000", "2018-12-31": "-13.20000", "2017-12-31": "-0.70000", "2016-12-31": "-0.90000", "2015-12-31": "37.40000", "2014-12-31": "30.80000", "2013-12-31": "9.29900", "2012-12-31": "3.05400", "2011-12-31": "3.81200", "2010-12-31": "22.77100", "2009-12-31": "4.40600", "2008-12-31": "21.09000", "2007-12-31": "29.60400", "2006-12-31": "10.76100", "2005-12-31": ""}, "Cash Flow From Financial Activities": {"2019-12-31": "611.20000", "2018-12-31": "6.30000", "2017-12-31": "43.30000", "2016-12-31": "-497.70000", "2015-12-31": "-447.00000", "2014-12-31": "-576.60000", "2013-12-31": "-5.11500", "2012-12-31": "-169.14000", "2011-12-31": "-218.07900", "2010-12-31": "146.75600", "2009-12-31": "36.47700", "2008-12-31": "213.02600", "2007-12-31": "20.88900", "2006-12-31": "74.12800", "2005-12-31": "14.17000"}, "Net Cash Flow": {"2019-12-31": "69.20000", "2018-12-31": "-35.90000", "2017-12-31": "-317.90000", "2016-12-31": "191.20000", "2015-12-31": "434.10000", "2014-12-31": "113.40000", "2013-12-31": "124.85900", "2012-12-31": "-8.64600", "2011-12-31": "-89.48600", "2010-12-31": "151.81000", "2009-12-31": "-29.10000", "2008-12-31": "-9.87100", "2007-12-31": "48.25600", "2006-12-31": "21.88700", "2005-12-31": "-13.40600"}, "Stock-Based Compensation": {"2019-12-31": "45.40000", "2018-12-31": "-26.40000", "2017-12-31": "73.50000", "2016-12-31": "12.10000", "2015-12-31": "280.30000", "2014-12-31": "190.10000", "2013-12-31": "320.78600", "2012-12-31": "30.11500", "2011-12-31": "-15.71500", "2010-12-31": "113.94200", "2009-12-31": "101.01500", "2008-12-31": "28.70300", "2007-12-31": "59.71700", "2006-12-31": "24.06200", "2005-12-31": ""}, "Common Stock Dividends Paid": {"2019-12-31": "", "2018-12-31": "", "2017-12-31": "", "2016-12-31": "", "2015-12-31": "", "2014-12-31": "", "2013-12-31": "", "2012-12-31": "", "2011-12-31": "", "2010-12-31": "", "2009-12-31": "", "2008-12-31": "", "2007-12-31": "", "2006-12-31": "", "2005-12-31": ""}}, "cash flow statement, quarterly": {"Net Income/Loss": {"2020-09-30": 171.2, "2020-06-30": 107.1, "2020-03-31": "137.70000", "2019-12-31": 52.6, "2019-09-30": 132.4, "2019-06-30": 205.1, "2019-03-31": "-494.60000", "2018-12-31": 65.3, "2018-09-30": 106.5, "2018-06-30": 172.9, "2018-03-31": "244.50000", "2017-12-31": 19, "2017-09-30": 276.3, "2017-06-30": -56, "2017-03-31": "178.60000", "2016-12-31": 110.3, "2016-09-30": 161.8, "2016-06-30": 206.1, "2016-03-31": "235.50000", "2015-12-31": 104.6, "2015-09-30": 464.4, "2015-06-30": 99.2, "2015-03-31": "-16.60000", "2014-12-31": 115.961, "2014-09-30": -25.237, "2014-06-30": 111.852, "2014-03-31": "137.52400", "2013-12-31": -30.314, "2013-09-30": 62.685, "2013-06-30": 79.864, "2013-03-31": "62.32500", "2012-12-31": 83.255, "2012-09-30": 78.111, "2012-06-30": 72.316, "2012-03-31": "70.76000", "2011-12-31": 43.189, "2011-09-30": 84.398, "2011-06-30": 73.891, "2011-03-31": "16.39000", "2010-12-31": 9.544, "2010-09-30": 39.736, "2010-06-30": 37.707, "2010-03-31": "18.92900", "2009-12-31": -3.33, "2009-09-30": 11.937, "2009-06-30": -2.342, "2009-03-31": "13.19700", "2008-12-31": -82.07, "2008-09-30": 10.97, "2008-06-30": 11.837, "2008-03-31": "9.93600", "2007-12-31": -5.52, "2007-09-30": 14.848, "2007-06-30": 5.806, "2007-03-31": "-2.78100", "2006-12-31": 55.507, "2006-09-30": 8.478, "2006-06-30": 7.673, "2006-03-31": "2.30700", "2005-12-31": 29.41, "2005-09-30": 15.763, "2005-06-30": 12.182, "2005-03-31": "7.66100"}, "Total Depreciation And Amortization - Cash Flow": {"2020-09-30": 11.8, "2020-06-30": 12.6, "2020-03-31": "12.40000", "2019-12-31": 12.5, "2019-09-30": 12.7, "2019-06-30": 10.4, "2019-03-31": "10.30000", "2018-12-31": 10.5, "2018-09-30": 9.4, "2018-06-30": 8.1, "2018-03-31": "7.90000", "2017-12-31": 7.7, "2017-09-30": 7.7, "2017-06-30": 7.7, "2017-03-31": "7.90000", "2016-12-31": 7.8, "2016-09-30": 8.2, "2016-06-30": 7.9, "2016-03-31": "7.70000", "2015-12-31": 7.9, "2015-09-30": 1.8, "2015-06-30": 11.9, "2015-03-31": "11.30000", "2014-12-31": -5.276, "2014-09-30": 12.75, "2014-06-30": 12.292, "2014-03-31": "12.43400", "2013-12-31": 12.377, "2013-09-30": 11.861, "2013-06-30": 11.869, "2013-03-31": "12.25400", "2012-12-31": 10.753, "2012-09-30": 10.882, "2012-06-30": 10.472, "2012-03-31": "10.70600", "2011-12-31": 11.678, "2011-09-30": 10.587, "2011-06-30": 10.658, "2011-03-31": "11.44500", "2010-12-31": 9.167, "2010-09-30": 9.864, "2010-06-30": 9.253, "2010-03-31": "9.04900", "2009-12-31": 9.169, "2009-09-30": 6.92, "2009-06-30": 6.413, "2009-03-31": "6.15700", "2008-12-31": 5.147, "2008-09-30": 4.707, "2008-06-30": 4.44, "2008-03-31": "3.91300", "2007-12-31": 13.703, "2007-09-30": -0.271, "2007-06-30": -0.54, "2007-03-31": "0.17100", "2006-12-31": 0.024, "2006-09-30": 0.401, "2006-06-30": 0.502, "2006-03-31": "0.53700", "2005-12-31": 0.618, "2005-09-30": 0.592, "2005-06-30": 0.614, "2005-03-31": "0.59000"}, "Other Non-Cash Items": {"2020-09-30": 3.5, "2020-06-30": 60.7, "2020-03-31": "13.60000", "2019-12-31": 25.7, "2019-09-30": 43.4, "2019-06-30": -72.1, "2019-03-31": "35.90000", "2018-12-31": 41.3, "2018-09-30": 70.3, "2018-06-30": 18.5, "2018-03-31": "-101.20000", "2017-12-31": -102.6, "2017-09-30": -19.3, "2017-06-30": 253.2, "2017-03-31": "-27.60000", "2016-12-31": 111, "2016-09-30": 49.8, "2016-06-30": 2.7, "2016-03-31": "-147.80000", "2015-12-31": 113, "2015-09-30": -466.4, "2015-06-30": 29.8, "2015-03-31": "224.00000", "2014-12-31": 47.475, "2014-09-30": 211.622, "2014-06-30": -9.926, "2014-03-31": "-65.67100", "2013-12-31": 71.125, "2013-09-30": 109.359, "2013-06-30": 71.301, "2013-03-31": "62.88400", "2012-12-31": 41.271, "2012-09-30": 60.502, "2012-06-30": 49.585, "2012-03-31": "33.20700", "2011-12-31": 31.755, "2011-09-30": 6.98, "2011-06-30": 10.395, "2011-03-31": "50.08300", "2010-12-31": 50.783, "2010-09-30": 46.775, "2010-06-30": 12.016, "2010-03-31": "31.12000", "2009-12-31": 33.685, "2009-09-30": 21.073, "2009-06-30": 27.451, "2009-03-31": "20.68300", "2008-12-31": -52.694, "2008-09-30": 8.015, "2008-06-30": 7.768, "2008-03-31": "9.79700", "2007-12-31": -2.634, "2007-09-30": 34.456, "2007-06-30": -14.953, "2007-03-31": "12.45500", "2006-12-31": -35.642, "2006-09-30": 4.401, "2006-06-30": 1.333, "2006-03-31": "9.04100", "2005-12-31": -18.488, "2005-09-30": 0.569, "2005-06-30": 0.329, "2005-03-31": "0.36700"}, "Total Non-Cash Items": {"2020-09-30": 15.3, "2020-06-30": 73.3, "2020-03-31": "26.00000", "2019-12-31": 38.2, "2019-09-30": 56.1, "2019-06-30": -61.7, "2019-03-31": "46.20000", "2018-12-31": 51.8, "2018-09-30": 79.7, "2018-06-30": 26.6, "2018-03-31": "-93.30000", "2017-12-31": -94.9, "2017-09-30": -11.6, "2017-06-30": 260.9, "2017-03-31": "-19.70000", "2016-12-31": 118.8, "2016-09-30": 58, "2016-06-30": 10.6, "2016-03-31": "-140.10000", "2015-12-31": 120.9, "2015-09-30": -464.6, "2015-06-30": 41.7, "2015-03-31": "235.30000", "2014-12-31": 42.199, "2014-09-30": 224.372, "2014-06-30": 2.366, "2014-03-31": "-53.23700", "2013-12-31": 83.502, "2013-09-30": 121.22, "2013-06-30": 83.17, "2013-03-31": "75.13800", "2012-12-31": 52.024, "2012-09-30": 71.384, "2012-06-30": 60.057, "2012-03-31": "43.91300", "2011-12-31": 43.433, "2011-09-30": 17.567, "2011-06-30": 21.053, "2011-03-31": "61.52800", "2010-12-31": 59.95, "2010-09-30": 56.639, "2010-06-30": 21.269, "2010-03-31": "40.16900", "2009-12-31": 42.854, "2009-09-30": 27.993, "2009-06-30": 33.864, "2009-03-31": "26.84000", "2008-12-31": -47.547, "2008-09-30": 12.722, "2008-06-30": 12.208, "2008-03-31": "13.71000", "2007-12-31": 11.069, "2007-09-30": 34.185, "2007-06-30": -15.493, "2007-03-31": "12.62600", "2006-12-31": -35.618, "2006-09-30": 4.802, "2006-06-30": 1.835, "2006-03-31": "9.57800", "2005-12-31": -17.87, "2005-09-30": 1.161, "2005-06-30": 0.943, "2005-03-31": "0.95700"}, "Change In Accounts Receivable": {"2020-09-30": 19.7, "2020-06-30": -22.3, "2020-03-31": "1.70000", "2019-12-31": 32.2, "2019-09-30": -2.5, "2019-06-30": -21.3, "2019-03-31": "16.00000", "2018-12-31": 39.5, "2018-09-30": 36.1, "2018-06-30": -40.2, "2018-03-31": "86.00000", "2017-12-31": -45.4, "2017-09-30": 22.1, "2017-06-30": -85.9, "2017-03-31": "26.50000", "2016-12-31": 10, "2016-09-30": 13.6, "2016-06-30": -43.3, "2016-03-31": "-2.00000", "2015-12-31": -13.1, "2015-09-30": -10.5, "2015-06-30": -13, "2015-03-31": "6.10000", "2014-12-31": -22.376, "2014-09-30": 73.149, "2014-06-30": -80.56, "2014-03-31": "-5.91300", "2013-12-31": 5.217, "2013-09-30": 0.211, "2013-06-30": -30.485, "2013-03-31": "15.03000", "2012-12-31": -4.475, "2012-09-30": -10.728, "2012-06-30": -8.851, "2012-03-31": "0.06300", "2011-12-31": -1.507, "2011-09-30": -5.165, "2011-06-30": -17.414, "2011-03-31": "7.92800", "2010-12-31": 1.861, "2010-09-30": 7.656, "2010-06-30": -23.657, "2010-03-31": "-9.31200", "2009-12-31": -4.611, "2009-09-30": -11.402, "2009-06-30": 17.565, "2009-03-31": "-23.50800", "2008-12-31": 5.212, "2008-09-30": -2.916, "2008-06-30": -2.921, "2008-03-31": "-1.70400", "2007-12-31": -1.136, "2007-09-30": -2.627, "2007-06-30": -3.251, "2007-03-31": "2.98400", "2006-12-31": -4.543, "2006-09-30": -0.395, "2006-06-30": -3.422, "2006-03-31": "-0.50900", "2005-12-31": 1.822, "2005-09-30": -0.413, "2005-06-30": -2.062, "2005-03-31": "0.19900"}, "Change In Inventories": {"2020-09-30": 0.5, "2020-06-30": 4.5, "2020-03-31": "6.10000", "2019-12-31": 2.4, "2019-09-30": 6.1, "2019-06-30": 2.7, "2019-03-31": "1.70000", "2018-12-31": 5.1, "2018-09-30": -4.7, "2018-06-30": 2.5, "2018-03-31": "6.40000", "2017-12-31": 16.5, "2017-09-30": -2.2, "2017-06-30": -7.5, "2017-03-31": "-7.30000", "2016-12-31": -11.6, "2016-09-30": -4.1, "2016-06-30": -3.3, "2016-03-31": "-5.50000", "2015-12-31": 1, "2015-09-30": -5.9, "2015-06-30": -0.5, "2015-03-31": "-1.40000", "2014-12-31": -4.13, "2014-09-30": -5.604, "2014-06-30": -6.467, "2014-03-31": "-4.79900", "2013-12-31": -0.76, "2013-09-30": -3.929, "2013-06-30": -5.146, "2013-03-31": "-2.55900", "2012-12-31": -1.143, "2012-09-30": -3.322, "2012-06-30": -2.043, "2012-03-31": "0.57500", "2011-12-31": -2.059, "2011-09-30": -7.249, "2011-06-30": -6.035, "2011-03-31": "-0.71200", "2010-12-31": -0.891, "2010-09-30": -1.15, "2010-06-30": -5.053, "2010-03-31": "0.29600", "2009-12-31": -0.096, "2009-09-30": -8.069, "2009-06-30": 2.457, "2009-03-31": "-3.35300", "2008-12-31": -1.623, "2008-09-30": 2.277, "2008-06-30": -1.84, "2008-03-31": "-1.44400", "2007-12-31": -0.875, "2007-09-30": 0.368, "2007-06-30": -0.69, "2007-03-31": "-1.14200", "2006-12-31": -0.606, "2006-09-30": -0.551, "2006-06-30": -0.236, "2006-03-31": "0.38700", "2005-12-31": -0.968, "2005-09-30": -0.522, "2005-06-30": -0.656, "2005-03-31": "-1.08700"}, "Change In Accounts Payable": {"2020-09-30": 25.3, "2020-06-30": 21.4, "2020-03-31": "-18.80000", "2019-12-31": -11.4, "2019-09-30": -1.9, "2019-06-30": 24.7, "2019-03-31": "-27.70000", "2018-12-31": -32.9, "2018-09-30": -18, "2018-06-30": 17.9, "2018-03-31": "22.00000", "2017-12-31": 28.3, "2017-09-30": 17.1, "2017-06-30": 21.9, "2017-03-31": "-1.10000", "2016-12-31": -13.3, "2016-09-30": -5.9, "2016-06-30": 19.3, "2016-03-31": "0.50000", "2015-12-31": -8.8, "2015-09-30": 2.5, "2015-06-30": 18.6, "2015-03-31": "4.70000", "2014-12-31": -42.655, "2014-09-30": 15.838, "2014-06-30": 8.293, "2014-03-31": "11.72400", "2013-12-31": -5.126, "2013-09-30": 5.87, "2013-06-30": 10.678, "2013-03-31": "-3.91500", "2012-12-31": -15.684, "2012-09-30": 31.429, "2012-06-30": 0.422, "2012-03-31": "-38.97100", "2011-12-31": 19.211, "2011-09-30": 0.149, "2011-06-30": 7.041, "2011-03-31": "-6.15000", "2010-12-31": 4.717, "2010-09-30": 1.878, "2010-06-30": 2.3, "2010-03-31": "-11.62900", "2009-12-31": -0.922, "2009-09-30": 7.478, "2009-06-30": -0.403, "2009-03-31": "-9.79800", "2008-12-31": 4.396, "2008-09-30": 1.352, "2008-06-30": 4.423, "2008-03-31": "8.33800", "2007-12-31": -8.214, "2007-09-30": 5.124, "2007-06-30": -0.102, "2007-03-31": "2.12000", "2006-12-31": -0.802, "2006-09-30": -0.714, "2006-06-30": -0.222, "2006-03-31": "0.65600", "2005-12-31": -0.057, "2005-09-30": 0.216, "2005-06-30": 0.821, "2005-03-31": "-3.10200"}, "Change In Assets/Liabilities": {"2020-09-30": 18.9, "2020-06-30": -20, "2020-03-31": "61.90000", "2019-12-31": -11.5, "2019-09-30": -4.8, "2019-06-30": -16.6, "2019-03-31": "-169.00000", "2018-12-31": -43.4, "2018-09-30": 37.9, "2018-06-30": 0.1, "2018-03-31": "10.10000", "2017-12-31": -9.3, "2017-09-30": -43.2, "2017-06-30": -62.7, "2017-03-31": "53.80000", "2016-12-31": -50.8, "2016-09-30": 5.3, "2016-06-30": -63.7, "2016-03-31": "37.40000", "2015-12-31": -179.1, "2015-09-30": 221.3, "2015-06-30": -105, "2015-03-31": "-119.00000", "2014-12-31": 1.647, "2014-09-30": -73.981, "2014-06-30": -89.964, "2014-03-31": "25.29800", "2013-12-31": 51.902, "2013-09-30": -46.757, "2013-06-30": -54.233, "2013-03-31": "-48.32100", "2012-12-31": -8.768, "2012-09-30": -63.882, "2012-06-30": -43.144, "2012-03-31": "-39.67000", "2011-12-31": -78.674, "2011-09-30": 29.172, "2011-06-30": -22.748, "2011-03-31": "-27.04200", "2010-12-31": -46.214, "2010-09-30": -5.573, "2010-06-30": -6.104, "2010-03-31": "-7.14800", "2009-12-31": -10.594, "2009-09-30": -14.912, "2009-06-30": 3.507, "2009-03-31": "-3.83200", "2008-12-31": 3.511, "2008-09-30": -8.018, "2008-06-30": -0.551, "2008-03-31": "5.67200", "2007-12-31": -7.144, "2007-09-30": -25.242, "2007-06-30": 29.813, "2007-03-31": "1.54400", "2006-12-31": -21.364, "2006-09-30": 8.401, "2006-06-30": 12.17, "2006-03-31": "1.55300", "2005-12-31": -2.724, "2005-09-30": -2.444, "2005-06-30": 1.877, "2005-03-31": "-0.64600"}, "Total Change In Assets/Liabilities": {"2020-09-30": 64.4, "2020-06-30": -16.4, "2020-03-31": "50.90000", "2019-12-31": 11.7, "2019-09-30": -3.1, "2019-06-30": -10.5, "2019-03-31": "-179.00000", "2018-12-31": -31.7, "2018-09-30": 51.3, "2018-06-30": -19.7, "2018-03-31": "124.50000", "2017-12-31": -9.9, "2017-09-30": -6.2, "2017-06-30": -134.2, "2017-03-31": "71.90000", "2016-12-31": -65.7, "2016-09-30": 8.9, "2016-06-30": -91, "2016-03-31": "30.40000", "2015-12-31": -200, "2015-09-30": 207.4, "2015-06-30": -99.9, "2015-03-31": "-109.60000", "2014-12-31": -67.514, "2014-09-30": 9.402, "2014-06-30": -168.698, "2014-03-31": "26.31000", "2013-12-31": 51.233, "2013-09-30": -44.605, "2013-06-30": -79.186, "2013-03-31": "-39.76500", "2012-12-31": -30.07, "2012-09-30": -56.047, "2012-06-30": -44.987, "2012-03-31": "-77.08800", "2011-12-31": -34.993, "2011-09-30": -21.287, "2011-06-30": -30.407, "2011-03-31": "-24.56700", "2010-12-31": -30.242, "2010-09-30": 6.453, "2010-06-30": -23.743, "2010-03-31": "-24.87900", "2009-12-31": -13.202, "2009-09-30": -23.942, "2009-06-30": 21.854, "2009-03-31": "-36.00000", "2008-12-31": 11.446, "2008-09-30": -10.457, "2008-06-30": 5.36, "2008-03-31": "11.45600", "2007-12-31": -17.256, "2007-09-30": -22.27, "2007-06-30": 29.666, "2007-03-31": "4.05700", "2006-12-31": -26.532, "2006-09-30": 5.26, "2006-06-30": 11.369, "2006-03-31": "4.59800", "2005-12-31": -3.966, "2005-09-30": -1.738, "2005-06-30": 2.13, "2005-03-31": "-3.46700"}, "Cash Flow From Operating Activities": {"2020-09-30": 250.9, "2020-06-30": 164, "2020-03-31": "214.60000", "2019-12-31": 102.5, "2019-09-30": 185.4, "2019-06-30": 132.9, "2019-03-31": "-627.40000", "2018-12-31": 85.4, "2018-09-30": 237.5, "2018-06-30": 179.8, "2018-03-31": "275.70000", "2017-12-31": -85.8, "2017-09-30": 258.5, "2017-06-30": 70.7, "2017-03-31": "230.80000", "2016-12-31": 163.4, "2016-09-30": 228.7, "2016-06-30": 125.7, "2016-03-31": "125.80000", "2015-12-31": 25.5, "2015-09-30": 207.2, "2015-06-30": 41, "2015-03-31": "109.10000", "2014-12-31": 90.646, "2014-09-30": 208.537, "2014-06-30": -54.48, "2014-03-31": "110.59700", "2013-12-31": 104.421, "2013-09-30": 139.3, "2013-06-30": 83.848, "2013-03-31": "97.69800", "2012-12-31": 105.209, "2012-09-30": 93.448, "2012-06-30": 87.386, "2012-03-31": "37.58500", "2011-12-31": 51.629, "2011-09-30": 80.678, "2011-06-30": 64.537, "2011-03-31": "53.35100", "2010-12-31": 39.252, "2010-09-30": 102.828, "2010-06-30": 35.233, "2010-03-31": "34.21900", "2009-12-31": 26.322, "2009-09-30": 15.988, "2009-06-30": 53.376, "2009-03-31": "4.03700", "2008-12-31": -118.171, "2008-09-30": 13.235, "2008-06-30": 29.405, "2008-03-31": "35.10200", "2007-12-31": -11.707, "2007-09-30": 26.763, "2007-06-30": 19.979, "2007-03-31": "13.90200", "2006-12-31": -6.643, "2006-09-30": 18.54, "2006-06-30": 20.877, "2006-03-31": "16.48300", "2005-12-31": 7.574, "2005-09-30": 15.186, "2005-06-30": 15.255, "2005-03-31": "5.15100"}, "Net Change In Property, Plant, And Equipment": {"2020-09-30": -13.4, "2020-06-30": -18.2, "2020-03-31": "-13.00000", "2019-12-31": -24.7, "2019-09-30": -13.6, "2019-06-30": -20.3, "2019-03-31": "-25.10000", "2018-12-31": -51.8, "2018-09-30": -41.5, "2018-06-30": -53.5, "2018-03-31": "-37.60000", "2017-12-31": -27.8, "2017-09-30": -13.7, "2017-06-30": -20.9, "2017-03-31": "-15.60000", "2016-12-31": -14.7, "2016-09-30": -9.1, "2016-06-30": -10.4, "2016-03-31": "-3.80000", "2015-12-31": -31.5, "2015-09-30": -10.5, "2015-06-30": -3.8, "2015-03-31": "-4.00000", "2014-12-31": -2.243, "2014-09-30": -13.645, "2014-06-30": -12.836, "2014-03-31": "-18.67600", "2013-12-31": -13.413, "2013-09-30": -9.417, "2013-06-30": -4.837, "2013-03-31": "-4.24300", "2012-12-31": -21.255, "2012-09-30": -6.73, "2012-06-30": -43.638, "2012-03-31": "-40.28200", "2011-12-31": 0.747, "2011-09-30": -17.842, "2011-06-30": -12.547, "2011-03-31": "-6.33600", "2010-12-31": -5.441, "2010-09-30": -4.082, "2010-06-30": -2.755, "2010-03-31": "-6.36200", "2009-12-31": -21.507, "2009-09-30": -24.056, "2009-06-30": -28.566, "2009-03-31": "-21.27100", "2008-12-31": -36.56, "2008-09-30": -40.952, "2008-06-30": -33.71, "2008-03-31": "-13.19300", "2007-12-31": -18.511, "2007-09-30": -7.303, "2007-06-30": -4.803, "2007-03-31": "-8.04100", "2006-12-31": -2.576, "2006-09-30": -4.098, "2006-06-30": -7.853, "2006-03-31": "-1.10700", "2005-12-31": -1.957, "2005-09-30": -0.51, "2005-06-30": -3.209, "2005-03-31": "-0.44100"}, "Net Change In Intangible Assets": {"2020-09-30": 0, "2020-06-30": 0, "2020-03-31": "", "2019-12-31": 0, "2019-09-30": 0, "2019-06-30": 0, "2019-03-31": "", "2018-12-31": 0, "2018-09-30": 0, "2018-06-30": 0, "2018-03-31": "", "2017-12-31": 0, "2017-09-30": 0, "2017-06-30": 0, "2017-03-31": "", "2016-12-31": 5.2, "2016-09-30": 0, "2016-06-30": 0, "2016-03-31": "-5.20000", "2015-12-31": 0, "2015-09-30": 350, "2015-06-30": 0, "2015-03-31": "0.00000", "2014-12-31": 0, "2014-09-30": 0, "2014-06-30": 0, "2014-03-31": "", "2013-12-31": 0, "2013-09-30": 0, "2013-06-30": 0, "2013-03-31": "", "2012-12-31": 0, "2012-09-30": 0, "2012-06-30": 0, "2012-03-31": "", "2011-12-31": 0, "2011-09-30": -3.547, "2011-06-30": 0, "2011-03-31": "", "2010-12-31": 0, "2010-09-30": 0, "2010-06-30": 0, "2010-03-31": "", "2009-12-31": -3.568, "2009-09-30": 0, "2009-06-30": 0, "2009-03-31": "", "2008-12-31": 0, "2008-09-30": 0, "2008-06-30": 0, "2008-03-31": "", "2007-12-31": 0, "2007-09-30": 0, "2007-06-30": 0, "2007-03-31": "", "2006-12-31": 0, "2006-09-30": 0, "2006-06-30": 0, "2006-03-31": "", "2005-12-31": 0, "2005-09-30": 0, "2005-06-30": 0, "2005-03-31": ""}, "Net Acquisitions/Divestitures": {"2020-09-30": 0, "2020-06-30": 0, "2020-03-31": "", "2019-12-31": 0, "2019-09-30": 0, "2019-06-30": 0, "2019-03-31": "", "2018-12-31": 0, "2018-09-30": -124.1, "2018-06-30": 0, "2018-03-31": "", "2017-12-31": 0, "2017-09-30": 0, "2017-06-30": 0, "2017-03-31": "", "2016-12-31": -5.2, "2016-09-30": 0, "2016-06-30": 0, "2016-03-31": "", "2015-12-31": 0, "2015-09-30": 0, "2015-06-30": 0, "2015-03-31": "", "2014-12-31": 0, "2014-09-30": 0, "2014-06-30": 0, "2014-03-31": "", "2013-12-31": 0, "2013-09-30": 0, "2013-06-30": 0, "2013-03-31": "", "2012-12-31": 0, "2012-09-30": 0, "2012-06-30": 0, "2012-03-31": "", "2011-12-31": 0, "2011-09-30": 0, "2011-06-30": 0, "2011-03-31": "", "2010-12-31": 0, "2010-09-30": 0, "2010-06-30": 0, "2010-03-31": "", "2009-12-31": 3.378, "2009-09-30": -3.378, "2009-06-30": 0, "2009-03-31": "", "2008-12-31": 0, "2008-09-30": 0, "2008-06-30": 0, "2008-03-31": "", "2007-12-31": 0, "2007-09-30": 0, "2007-06-30": 0, "2007-03-31": "", "2006-12-31": 0, "2006-09-30": 0, "2006-06-30": 0, "2006-03-31": "", "2005-12-31": 0, "2005-09-30": 0, "2005-06-30": 0, "2005-03-31": ""}, "Net Change In Short-term Investments": {"2020-09-30": -258.3, "2020-06-30": -357.2, "2020-03-31": "-14.60000", "2019-12-31": 64.8, "2019-09-30": -267, "2019-06-30": -22.3, "2019-03-31": "-35.20000", "2018-12-31": -7.4, "2018-09-30": -131.3, "2018-06-30": -306.3, "2018-03-31": "-21.10000", "2017-12-31": -250.6, "2017-09-30": -186.5, "2017-06-30": -170.6, "2017-03-31": "-150.00000", "2016-12-31": 51.6, "2016-09-30": 29.2, "2016-06-30": 27.8, "2016-03-31": "21.00000", "2015-12-31": 88, "2015-09-30": 58.1, "2015-06-30": 39.1, "2015-03-31": "72.40000", "2014-12-31": 54.237, "2014-09-30": 111.594, "2014-06-30": 140.014, "2014-03-31": "125.05500", "2013-12-31": -142.94, "2013-09-30": -166.408, "2013-06-30": 62.172, "2013-03-31": "14.87800", "2012-12-31": -143.444, "2012-09-30": 54.344, "2012-06-30": 43.351, "2012-03-31": "-5.70900", "2011-12-31": 15.429, "2011-09-30": -36.573, "2011-06-30": 112.585, "2011-03-31": "-173.24900", "2010-12-31": 217.829, "2010-09-30": -279.73, "2010-06-30": -70.82, "2010-03-31": "-71.77600", "2009-12-31": 150.454, "2009-09-30": -95.019, "2009-06-30": -39.253, "2009-03-31": "-77.73300", "2008-12-31": -37.485, "2008-09-30": -66.367, "2008-06-30": -213.924, "2008-03-31": "3.66300", "2007-12-31": -71.198, "2007-09-30": -90.098, "2007-06-30": -77.355, "2007-03-31": "-5.28500", "2006-12-31": -76.546, "2006-09-30": -8.559, "2006-06-30": -32.782, "2006-03-31": "-0.46800", "2005-12-31": -10.723, "2005-09-30": -5.264, "2005-06-30": -41.693, "2005-03-31": "-6.94500"}, "Net Change In Long-Term Investments": {"2020-09-30": 0, "2020-06-30": 0, "2020-03-31": "", "2019-12-31": 26.1, "2019-09-30": -5.6, "2019-06-30": 0, "2019-03-31": "", "2018-12-31": -13, "2018-09-30": -33, "2018-06-30": 0, "2018-03-31": "", "2017-12-31": 0, "2017-09-30": 0, "2017-06-30": 0, "2017-03-31": "", "2016-12-31": -28.4, "2016-09-30": 0, "2016-06-30": -9.7, "2016-03-31": "", "2015-12-31": 0, "2015-09-30": -50, "2015-06-30": -4.2, "2015-03-31": "", "2014-12-31": 0, "2014-09-30": 0, "2014-06-30": -45, "2014-03-31": "", "2013-12-31": 0, "2013-09-30": 0, "2013-06-30": -30.766, "2013-03-31": "", "2012-12-31": 0, "2012-09-30": 0, "2012-06-30": 0, "2012-03-31": "", "2011-12-31": 0, "2011-09-30": 0, "2011-06-30": -144.25, "2011-03-31": "144.25000", "2010-12-31": -310.348, "2010-09-30": 96.325, "2010-06-30": 122.724, "2010-03-31": "91.29900", "2009-12-31": -183.099, "2009-09-30": 68.268, "2009-06-30": 48.661, "2009-03-31": "66.17000", "2008-12-31": 68.695, "2008-09-30": 48.26, "2008-06-30": 149.096, "2008-03-31": "", "2007-12-31": 109.599, "2007-09-30": 51.782, "2007-06-30": 66.574, "2007-03-31": "32.93300", "2006-12-31": 23.526, "2006-09-30": 7.834, "2006-06-30": 1, "2006-03-31": "", "2005-12-31": 0, "2005-09-30": 0, "2005-06-30": 0, "2005-03-31": ""}, "Net Change In Investments - Total": {"2020-09-30": -258.3, "2020-06-30": -357.2, "2020-03-31": "-14.60000", "2019-12-31": 90.9, "2019-09-30": -272.6, "2019-06-30": -22.3, "2019-03-31": "-35.20000", "2018-12-31": -20.4, "2018-09-30": -164.3, "2018-06-30": -306.3, "2018-03-31": "-21.10000", "2017-12-31": -250.6, "2017-09-30": -186.5, "2017-06-30": -170.6, "2017-03-31": "-150.00000", "2016-12-31": 23.2, "2016-09-30": 29.2, "2016-06-30": 18.1, "2016-03-31": "21.00000", "2015-12-31": 88, "2015-09-30": 8.1, "2015-06-30": 34.9, "2015-03-31": "72.40000", "2014-12-31": 54.237, "2014-09-30": 111.594, "2014-06-30": 95.014, "2014-03-31": "125.05500", "2013-12-31": -142.94, "2013-09-30": -166.408, "2013-06-30": 31.406, "2013-03-31": "14.87800", "2012-12-31": -143.444, "2012-09-30": 54.344, "2012-06-30": 43.351, "2012-03-31": "-5.70900", "2011-12-31": 15.429, "2011-09-30": -36.573, "2011-06-30": -31.665, "2011-03-31": "-28.99900", "2010-12-31": -92.519, "2010-09-30": -183.405, "2010-06-30": 51.904, "2010-03-31": "19.52300", "2009-12-31": -32.645, "2009-09-30": -26.751, "2009-06-30": 9.408, "2009-03-31": "-11.56300", "2008-12-31": 31.21, "2008-09-30": -18.107, "2008-06-30": -64.828, "2008-03-31": "3.66300", "2007-12-31": 38.401, "2007-09-30": -38.316, "2007-06-30": -10.781, "2007-03-31": "27.64800", "2006-12-31": -53.02, "2006-09-30": -0.725, "2006-06-30": -31.782, "2006-03-31": "-0.46800", "2005-12-31": -10.723, "2005-09-30": -5.264, "2005-06-30": -41.693, "2005-03-31": "-6.94500"}, "Investing Activities - Other": {"2020-09-30": 0, "2020-06-30": 0, "2020-03-31": "", "2019-12-31": 0, "2019-09-30": -12.5, "2019-06-30": 0, "2019-03-31": "", "2018-12-31": 0, "2018-09-30": 0, "2018-06-30": 0, "2018-03-31": "", "2017-12-31": 0, "2017-09-30": 0, "2017-06-30": 0.1, "2017-03-31": "", "2016-12-31": 0, "2016-09-30": 0, "2016-06-30": 0, "2016-03-31": "", "2015-12-31": 0, "2015-09-30": 0, "2015-06-30": 0, "2015-03-31": "", "2014-12-31": 0, "2014-09-30": 0, "2014-06-30": 0, "2014-03-31": "", "2013-12-31": 0, "2013-09-30": 0, "2013-06-30": 0, "2013-03-31": "", "2012-12-31": 0, "2012-09-30": 0, "2012-06-30": 0, "2012-03-31": "", "2011-12-31": 0, "2011-09-30": 0, "2011-06-30": 0, "2011-03-31": "", "2010-12-31": 34.648, "2010-09-30": -3.591, "2010-06-30": -12.222, "2010-03-31": "-4.93400", "2009-12-31": -13.69, "2009-09-30": 20.585, "2009-06-30": -6.259, "2009-03-31": "-2.73500", "2008-12-31": -10.546, "2008-09-30": -0.262, "2008-06-30": 2.042, "2008-03-31": "", "2007-12-31": 0, "2007-09-30": 0, "2007-06-30": 0, "2007-03-31": "", "2006-12-31": 0, "2006-09-30": 0, "2006-06-30": 0, "2006-03-31": "", "2005-12-31": 0, "2005-09-30": 0, "2005-06-30": 0, "2005-03-31": ""}, "Cash Flow From Investing Activities": {"2020-09-30": -271.7, "2020-06-30": -375.4, "2020-03-31": "-27.60000", "2019-12-31": 66.2, "2019-09-30": -298.7, "2019-06-30": -42.6, "2019-03-31": "-60.30000", "2018-12-31": -72.2, "2018-09-30": -329.9, "2018-06-30": -359.8, "2018-03-31": "-58.70000", "2017-12-31": -278.4, "2017-09-30": -200.2, "2017-06-30": -191.4, "2017-03-31": "-165.60000", "2016-12-31": 8.5, "2016-09-30": 20.1, "2016-06-30": 7.7, "2016-03-31": "12.00000", "2015-12-31": 56.5, "2015-09-30": 347.6, "2015-06-30": 31.1, "2015-03-31": "68.40000", "2014-12-31": 51.994, "2014-09-30": 97.949, "2014-06-30": 82.178, "2014-03-31": "106.37900", "2013-12-31": -156.353, "2013-09-30": -175.825, "2013-06-30": 26.569, "2013-03-31": "10.63500", "2012-12-31": -164.699, "2012-09-30": 47.614, "2012-06-30": -0.287, "2012-03-31": "-45.99100", "2011-12-31": 16.176, "2011-09-30": -57.962, "2011-06-30": -44.212, "2011-03-31": "-35.33500", "2010-12-31": -63.312, "2010-09-30": -191.078, "2010-06-30": 36.927, "2010-03-31": "8.22700", "2009-12-31": -68.032, "2009-09-30": -33.6, "2009-06-30": -25.417, "2009-03-31": "-35.56900", "2008-12-31": -15.896, "2008-09-30": -59.321, "2008-06-30": -96.496, "2008-03-31": "-9.53000", "2007-12-31": 19.89, "2007-09-30": -45.619, "2007-06-30": -15.584, "2007-03-31": "19.60700", "2006-12-31": -55.596, "2006-09-30": -4.823, "2006-06-30": -39.635, "2006-03-31": "-1.57500", "2005-12-31": -12.68, "2005-09-30": -5.774, "2005-06-30": -44.902, "2005-03-31": "-7.38600"}, "Net Long-Term Debt": {"2020-09-30": 0, "2020-06-30": 0, "2020-03-31": "", "2019-12-31": 0, "2019-09-30": 0, "2019-06-30": 0, "2019-03-31": "", "2018-12-31": 0, "2018-09-30": 0, "2018-06-30": 0, "2018-03-31": "", "2017-12-31": 0, "2017-09-30": 0, "2017-06-30": 0, "2017-03-31": "", "2016-12-31": 0, "2016-09-30": -0.9, "2016-06-30": -7.8, "2016-03-31": "-0.10000", "2015-12-31": -26.1, "2015-09-30": -2.8, "2015-06-30": -90.3, "2015-03-31": "-14.00000", "2014-12-31": -177.8, "2014-09-30": 0, "2014-06-30": 0, "2014-03-31": "", "2013-12-31": -1.32, "2013-09-30": 0, "2013-06-30": 0, "2013-03-31": "", "2012-12-31": -0.999, "2012-09-30": 0, "2012-06-30": 0, "2012-03-31": "", "2011-12-31": -34.289, "2011-09-30": 0, "2011-06-30": 0, "2011-03-31": "", "2010-12-31": 38.558, "2010-09-30": 0, "2010-06-30": 0, "2010-03-31": "", "2009-12-31": 0, "2009-09-30": 0, "2009-06-30": 0, "2009-03-31": "", "2008-12-31": 0.032, "2008-09-30": 0.018, "2008-06-30": -0.025, "2008-03-31": "-0.02500", "2007-12-31": 0.009, "2007-09-30": -0.009, "2007-06-30": 0, "2007-03-31": "", "2006-12-31": 242.008, "2006-09-30": 0, "2006-06-30": 0, "2006-03-31": "", "2005-12-31": -0.795, "2005-09-30": 0, "2005-06-30": 0, "2005-03-31": ""}, "Net Current Debt": {"2020-09-30": 0, "2020-06-30": 0, "2020-03-31": "-50.00000", "2019-12-31": -150, "2019-09-30": -50, "2019-06-30": 0, "2019-03-31": "800.00000", "2018-12-31": 0, "2018-09-30": 0, "2018-06-30": 0, "2018-03-31": "", "2017-12-31": 0, "2017-09-30": 0, "2017-06-30": 250, "2017-03-31": "", "2016-12-31": 0, "2016-09-30": 0, "2016-06-30": 0, "2016-03-31": "", "2015-12-31": 0, "2015-09-30": 0, "2015-06-30": 0, "2015-03-31": "", "2014-12-31": 0, "2014-09-30": -75, "2014-06-30": 75, "2014-03-31": "", "2013-12-31": 0, "2013-09-30": 0, "2013-06-30": 0, "2013-03-31": "", "2012-12-31": 0, "2012-09-30": 0, "2012-06-30": 0, "2012-03-31": "", "2011-12-31": 0, "2011-09-30": 0, "2011-06-30": 0, "2011-03-31": "", "2010-12-31": 0, "2010-09-30": 0, "2010-06-30": 0, "2010-03-31": "", "2009-12-31": 0, "2009-09-30": 0, "2009-06-30": 0, "2009-03-31": "", "2008-12-31": 0, "2008-09-30": 0, "2008-06-30": 0, "2008-03-31": "", "2007-12-31": 0, "2007-09-30": 0.004, "2007-06-30": -0.002, "2007-03-31": "-0.00200", "2006-12-31": 0.014, "2006-09-30": -0.005, "2006-06-30": -0.004, "2006-03-31": "-0.00500", "2005-12-31": 0.223, "2005-09-30": -0.213, "2005-06-30": -0.004, "2005-03-31": "-0.00600"}, "Debt Issuance/Retirement Net - Total": {"2020-09-30": 0, "2020-06-30": 0, "2020-03-31": "-50.00000", "2019-12-31": -150, "2019-09-30": -50, "2019-06-30": 0, "2019-03-31": "800.00000", "2018-12-31": 0, "2018-09-30": 0, "2018-06-30": 0, "2018-03-31": "", "2017-12-31": 0, "2017-09-30": 0, "2017-06-30": 250, "2017-03-31": "", "2016-12-31": 0, "2016-09-30": -0.9, "2016-06-30": -7.8, "2016-03-31": "-0.10000", "2015-12-31": -26.1, "2015-09-30": -2.8, "2015-06-30": -90.3, "2015-03-31": "-14.00000", "2014-12-31": -177.8, "2014-09-30": -75, "2014-06-30": 75, "2014-03-31": "", "2013-12-31": -1.32, "2013-09-30": 0, "2013-06-30": 0, "2013-03-31": "", "2012-12-31": -0.999, "2012-09-30": 0, "2012-06-30": 0, "2012-03-31": "", "2011-12-31": -34.289, "2011-09-30": 0, "2011-06-30": 0, "2011-03-31": "", "2010-12-31": 38.558, "2010-09-30": 0, "2010-06-30": 0, "2010-03-31": "", "2009-12-31": 0, "2009-09-30": 0, "2009-06-30": 0, "2009-03-31": "", "2008-12-31": 0.032, "2008-09-30": 0.018, "2008-06-30": -0.025, "2008-03-31": "-0.02500", "2007-12-31": 0.009, "2007-09-30": -0.005, "2007-06-30": -0.002, "2007-03-31": "-0.00200", "2006-12-31": 242.022, "2006-09-30": -0.005, "2006-06-30": -0.004, "2006-03-31": "-0.00500", "2005-12-31": -0.572, "2005-09-30": -0.213, "2005-06-30": -0.004, "2005-03-31": "-0.00600"}, "Net Common Equity Issued/Repurchased": {"2020-09-30": 5.6, "2020-06-30": 21.6, "2020-03-31": "-0.20000", "2019-12-31": 0, "2019-09-30": 1.7, "2019-06-30": 1.1, "2019-03-31": "9.10000", "2018-12-31": 0.1, "2018-09-30": 2.4, "2018-06-30": 5.7, "2018-03-31": "11.30000", "2017-12-31": 1.8, "2017-09-30": 3.5, "2017-06-30": -246.4, "2017-03-31": "35.10000", "2016-12-31": -103, "2016-09-30": -132.5, "2016-06-30": -134.1, "2016-03-31": "-118.40000", "2015-12-31": 6.3, "2015-09-30": -47, "2015-06-30": -170.2, "2015-03-31": "-140.30000", "2014-12-31": -69.162, "2014-09-30": -6.719, "2014-06-30": -266.196, "2014-03-31": "-87.52300", "2013-12-31": 6.714, "2013-09-30": 11.215, "2013-06-30": -30.755, "2013-03-31": "-0.26800", "2012-12-31": -49.959, "2012-09-30": -36.35, "2012-06-30": -86.696, "2012-03-31": "1.81000", "2011-12-31": -211.55, "2011-09-30": 0.224, "2011-06-30": 9.748, "2011-03-31": "13.97600", "2010-12-31": 21.002, "2010-09-30": 9.825, "2010-06-30": 18.273, "2010-03-31": "36.32700", "2009-12-31": 9.035, "2009-09-30": 16.924, "2009-06-30": 5.256, "2009-03-31": "0.85600", "2008-12-31": 154.48, "2008-09-30": 19.453, "2008-06-30": 9.437, "2008-03-31": "8.56600", "2007-12-31": 36.518, "2007-09-30": 8.261, "2007-06-30": 5.593, "2007-03-31": "-59.08700", "2006-12-31": -147.647, "2006-09-30": -36.798, "2006-06-30": 2.312, "2006-03-31": "3.49200", "2005-12-31": 3.839, "2005-09-30": 5.287, "2005-06-30": 3.372, "2005-03-31": "2.46700"}, "Net Total Equity Issued/Repurchased": {"2020-09-30": 5.6, "2020-06-30": 21.6, "2020-03-31": "-0.20000", "2019-12-31": 0, "2019-09-30": 1.7, "2019-06-30": 1.1, "2019-03-31": "9.10000", "2018-12-31": 0.1, "2018-09-30": 2.4, "2018-06-30": 5.7, "2018-03-31": "11.30000", "2017-12-31": 1.8, "2017-09-30": 3.5, "2017-06-30": -246.4, "2017-03-31": "35.10000", "2016-12-31": -103, "2016-09-30": -132.5, "2016-06-30": -134.1, "2016-03-31": "-118.40000", "2015-12-31": 6.3, "2015-09-30": -47, "2015-06-30": -170.2, "2015-03-31": "-140.30000", "2014-12-31": -69.162, "2014-09-30": -6.719, "2014-06-30": -266.196, "2014-03-31": "-87.52300", "2013-12-31": 6.714, "2013-09-30": 11.215, "2013-06-30": -30.755, "2013-03-31": "-0.26800", "2012-12-31": -49.959, "2012-09-30": -36.35, "2012-06-30": -86.696, "2012-03-31": "1.81000", "2011-12-31": -211.55, "2011-09-30": 0.224, "2011-06-30": 9.748, "2011-03-31": "13.97600", "2010-12-31": 21.002, "2010-09-30": 9.825, "2010-06-30": 18.273, "2010-03-31": "36.32700", "2009-12-31": 9.035, "2009-09-30": 16.924, "2009-06-30": 5.256, "2009-03-31": "0.85600", "2008-12-31": 154.48, "2008-09-30": 19.453, "2008-06-30": 9.437, "2008-03-31": "8.56600", "2007-12-31": 36.518, "2007-09-30": 8.261, "2007-06-30": 5.593, "2007-03-31": "-59.08700", "2006-12-31": -147.647, "2006-09-30": -36.798, "2006-06-30": 2.312, "2006-03-31": "3.49200", "2005-12-31": 3.839, "2005-09-30": 5.287, "2005-06-30": 3.372, "2005-03-31": "2.46700"}, "Total Common And Preferred Stock Dividends Paid": {"2020-09-30": 0, "2020-06-30": 0, "2020-03-31": "", "2019-12-31": 0, "2019-09-30": 0, "2019-06-30": 0, "2019-03-31": "", "2018-12-31": 0, "2018-09-30": 0, "2018-06-30": 0, "2018-03-31": "", "2017-12-31": 0, "2017-09-30": 0, "2017-06-30": 0, "2017-03-31": "", "2016-12-31": 0, "2016-09-30": 0, "2016-06-30": 0, "2016-03-31": "", "2015-12-31": 0, "2015-09-30": 0, "2015-06-30": 0, "2015-03-31": "", "2014-12-31": 0, "2014-09-30": 0, "2014-06-30": 0, "2014-03-31": "", "2013-12-31": 0, "2013-09-30": 0, "2013-06-30": 0, "2013-03-31": "", "2012-12-31": 0, "2012-09-30": 0, "2012-06-30": 0, "2012-03-31": "", "2011-12-31": 0, "2011-09-30": 0, "2011-06-30": 0, "2011-03-31": "", "2010-12-31": 0, "2010-09-30": 0, "2010-06-30": 0, "2010-03-31": "", "2009-12-31": 0, "2009-09-30": 0, "2009-06-30": 0, "2009-03-31": "", "2008-12-31": 0, "2008-09-30": 0, "2008-06-30": 0, "2008-03-31": "", "2007-12-31": 0, "2007-09-30": 0, "2007-06-30": 0, "2007-03-31": "", "2006-12-31": 0, "2006-09-30": 0, "2006-06-30": 0, "2006-03-31": "", "2005-12-31": 0, "2005-09-30": 0, "2005-06-30": 0, "2005-03-31": ""}, "Financial Activities - Other": {"2020-09-30": 0, "2020-06-30": 0, "2020-03-31": "", "2019-12-31": 0, "2019-09-30": 0, "2019-06-30": -0.7, "2019-03-31": "", "2018-12-31": 0, "2018-09-30": 0, "2018-06-30": -12.5, "2018-03-31": "-0.70000", "2017-12-31": 0, "2017-09-30": 0, "2017-06-30": 0, "2017-03-31": "-0.70000", "2016-12-31": 1.3, "2016-09-30": 1.1, "2016-06-30": 1.4, "2016-03-31": "-4.70000", "2015-12-31": 6, "2015-09-30": 7.9, "2015-06-30": 14.8, "2015-03-31": "8.70000", "2014-12-31": 7.617, "2014-09-30": 9.143, "2014-06-30": 8.434, "2014-03-31": "5.60600", "2013-12-31": 3.492, "2013-09-30": 3.173, "2013-06-30": 1.672, "2013-03-31": "0.96200", "2012-12-31": 0.97, "2012-09-30": 1.4, "2012-06-30": 0.366, "2012-03-31": "0.31800", "2011-12-31": -2.674, "2011-09-30": 0.197, "2011-06-30": 2.313, "2011-03-31": "3.97600", "2010-12-31": 4.045, "2010-09-30": 2.371, "2010-06-30": 5.596, "2010-03-31": "10.75900", "2009-12-31": 1.696, "2009-09-30": 1.118, "2009-06-30": 1.405, "2009-03-31": "0.18700", "2008-12-31": 1.985, "2008-09-30": 9.385, "2008-06-30": 5.437, "2008-03-31": "4.28300", "2007-12-31": 20.939, "2007-09-30": 2.656, "2007-06-30": 3.645, "2007-03-31": "2.36400", "2006-12-31": 10.296, "2006-09-30": 0.268, "2006-06-30": 0.153, "2006-03-31": "0.04400", "2005-12-31": 0, "2005-09-30": 0, "2005-06-30": 0, "2005-03-31": ""}, "Cash Flow From Financial Activities": {"2020-09-30": 5.6, "2020-06-30": 21.6, "2020-03-31": "-50.20000", "2019-12-31": -150, "2019-09-30": -48.3, "2019-06-30": 0.4, "2019-03-31": "809.10000", "2018-12-31": 0.1, "2018-09-30": 2.4, "2018-06-30": -6.8, "2018-03-31": "10.60000", "2017-12-31": 1.8, "2017-09-30": 3.5, "2017-06-30": 3.6, "2017-03-31": "34.40000", "2016-12-31": -101.7, "2016-09-30": -132.3, "2016-06-30": -140.5, "2016-03-31": "-123.20000", "2015-12-31": -13.8, "2015-09-30": -41.9, "2015-06-30": -245.7, "2015-03-31": "-145.60000", "2014-12-31": -239.345, "2014-09-30": -72.576, "2014-06-30": -182.762, "2014-03-31": "-81.91700", "2013-12-31": 8.886, "2013-09-30": 14.388, "2013-06-30": -29.083, "2013-03-31": "0.69400", "2012-12-31": -49.988, "2012-09-30": -34.95, "2012-06-30": -86.33, "2012-03-31": "2.12800", "2011-12-31": -248.513, "2011-09-30": 0.421, "2011-06-30": 12.061, "2011-03-31": "17.95200", "2010-12-31": 63.605, "2010-09-30": 12.196, "2010-06-30": 23.869, "2010-03-31": "47.08600", "2009-12-31": 10.731, "2009-09-30": 18.042, "2009-06-30": 6.661, "2009-03-31": "1.04300", "2008-12-31": 156.497, "2008-09-30": 28.856, "2008-06-30": 14.849, "2008-03-31": "12.82400", "2007-12-31": 57.466, "2007-09-30": 10.912, "2007-06-30": 9.236, "2007-03-31": "-56.72500", "2006-12-31": 104.671, "2006-09-30": -36.535, "2006-06-30": 2.461, "2006-03-31": "3.53100", "2005-12-31": 3.267, "2005-09-30": 5.074, "2005-06-30": 3.368, "2005-03-31": "2.46100"}, "Net Cash Flow": {"2020-09-30": -15.2, "2020-06-30": -189.8, "2020-03-31": "136.80000", "2019-12-31": 18.7, "2019-09-30": -161.6, "2019-06-30": 90.7, "2019-03-31": "121.40000", "2018-12-31": 13.2, "2018-09-30": -89.9, "2018-06-30": -186.8, "2018-03-31": "227.60000", "2017-12-31": -362.4, "2017-09-30": 61.6, "2017-06-30": -116.7, "2017-03-31": "99.60000", "2016-12-31": 70, "2016-09-30": 115.5, "2016-06-30": -9.3, "2016-03-31": "15.00000", "2015-12-31": 66.6, "2015-09-30": 510.8, "2015-06-30": -172.1, "2015-03-31": "28.80000", "2014-12-31": -99.633, "2014-09-30": 232.876, "2014-06-30": -154.748, "2014-03-31": "134.90500", "2013-12-31": -43.341, "2013-09-30": -21.32, "2013-06-30": 81.424, "2013-03-31": "108.09600", "2012-12-31": -109.395, "2012-09-30": 106.412, "2012-06-30": 0.347, "2012-03-31": "-6.01000", "2011-12-31": -181.308, "2011-09-30": 22.863, "2011-06-30": 32.158, "2011-03-31": "36.80100", "2010-12-31": 41.976, "2010-09-30": -75.223, "2010-06-30": 95.453, "2010-03-31": "89.60400", "2009-12-31": -34.15, "2009-09-30": 0.978, "2009-06-30": 34.676, "2009-03-31": "-30.60400", "2008-12-31": 21.479, "2008-09-30": -17.359, "2008-06-30": -52.314, "2008-03-31": "38.32300", "2007-12-31": 65.785, "2007-09-30": -7.944, "2007-06-30": 13.631, "2007-03-31": "-23.21600", "2006-12-31": 42.563, "2006-09-30": -22.818, "2006-06-30": -16.297, "2006-03-31": "18.43900", "2005-12-31": -1.839, "2005-09-30": 14.486, "2005-06-30": -26.279, "2005-03-31": "0.22600"}, "Stock-Based Compensation": {"2020-09-30": -12.5, "2020-06-30": 51.8, "2020-03-31": "30.80000", "2019-12-31": 29.5, "2019-09-30": 23.9, "2019-06-30": -37.2, "2019-03-31": "29.20000", "2018-12-31": 2.8, "2018-09-30": 51.4, "2018-06-30": 20.5, "2018-03-31": "-101.10000", "2017-12-31": 118.5, "2017-09-30": -24, "2017-06-30": -1.9, "2017-03-31": "-19.10000", "2016-12-31": 105.3, "2016-09-30": 49.9, "2016-06-30": 1.5, "2016-03-31": "-144.60000", "2015-12-31": 117.4, "2015-09-30": -118.9, "2015-06-30": 47.3, "2015-03-31": "234.50000", "2014-12-31": 32.37, "2014-09-30": 220.326, "2014-06-30": -1.873, "2014-03-31": "-60.72300", "2013-12-31": 178.202, "2013-09-30": 74.385, "2013-06-30": 32.986, "2013-03-31": "35.21300", "2012-12-31": -10.453, "2012-09-30": 31.145, "2012-06-30": 9.447, "2012-03-31": "-0.02400", "2011-12-31": 22.075, "2011-09-30": -47.609, "2011-06-30": -27.037, "2011-03-31": "36.85600", "2010-12-31": 52.815, "2010-09-30": 31.372, "2010-06-30": -0.37, "2010-03-31": "30.12500", "2009-12-31": 27.303, "2009-09-30": 25.292, "2009-06-30": 34.365, "2009-03-31": "14.05500", "2008-12-31": 1.545, "2008-09-30": 13.437, "2008-06-30": 6.83, "2008-03-31": "6.89100", "2007-12-31": 26.494, "2007-09-30": 33.223, "2007-06-30": -16.366, "2007-03-31": "16.36600", "2006-12-31": 24.062, "2006-09-30": 0, "2006-06-30": -4.649, "2006-03-31": "4.64900", "2005-12-31": -0.657, "2005-09-30": 0.325, "2005-06-30": 0.15, "2005-03-31": "0.18200"}, "Common Stock Dividends Paid": {"2020-09-30": 0, "2020-06-30": 0, "2020-03-31": "", "2019-12-31": 0, "2019-09-30": 0, "2019-06-30": 0, "2019-03-31": "", "2018-12-31": 0, "2018-09-30": 0, "2018-06-30": 0, "2018-03-31": "", "2017-12-31": 0, "2017-09-30": 0, "2017-06-30": 0, "2017-03-31": "", "2016-12-31": 0, "2016-09-30": 0, "2016-06-30": 0, "2016-03-31": "", "2015-12-31": 0, "2015-09-30": 0, "2015-06-30": 0, "2015-03-31": "", "2014-12-31": 0, "2014-09-30": 0, "2014-06-30": 0, "2014-03-31": "", "2013-12-31": 0, "2013-09-30": 0, "2013-06-30": 0, "2013-03-31": "", "2012-12-31": 0, "2012-09-30": 0, "2012-06-30": 0, "2012-03-31": "", "2011-12-31": 0, "2011-09-30": 0, "2011-06-30": 0, "2011-03-31": "", "2010-12-31": 0, "2010-09-30": 0, "2010-06-30": 0, "2010-03-31": "", "2009-12-31": 0, "2009-09-30": 0, "2009-06-30": 0, "2009-03-31": "", "2008-12-31": 0, "2008-09-30": 0, "2008-06-30": 0, "2008-03-31": "", "2007-12-31": 0, "2007-09-30": 0, "2007-06-30": 0, "2007-03-31": "", "2006-12-31": 0, "2006-09-30": 0, "2006-06-30": 0, "2006-03-31": "", "2005-12-31": 0, "2005-09-30": 0, "2005-06-30": 0, "2005-03-31": ""}}, "financial ratios": {"Current Ratio": {"2019-12-31": "4.02700", "2018-12-31": "6.39190", "2017-12-31": "3.25590", "2016-12-31": "4.28510", "2015-12-31": "2.89380", "2014-12-31": "1.89880", "2013-12-31": "1.32970", "2012-12-31": "3.78190", "2011-12-31": "2.64590", "2010-12-31": "1.78330", "2009-12-31": "0.98280", "2008-12-31": "5.15570", "2007-12-31": "1.29220", "2006-12-31": "14.40900", "2005-12-31": "11.48230"}, "Long-term Debt / Capital": {"2019-12-31": "0.17750", "2018-12-31": "0.08230", "2017-12-31": "0.10630", "2016-12-31": "", "2015-12-31": "", "2014-12-31": "", "2013-12-31": "", "2012-12-31": "0.20240", "2011-12-31": "0.21880", "2010-12-31": "0.07230", "2009-12-31": "0.04440", "2008-12-31": "0.29730", "2007-12-31": "", "2006-12-31": "0.54990", "2005-12-31": "0.00000"}, "Debt/Equity Ratio": {"2019-12-31": "0.30570", "2018-12-31": "0.08970", "2017-12-31": "0.11890", "2016-12-31": "", "2015-12-31": "", "2014-12-31": "0.10180", "2013-12-31": "0.22430", "2012-12-31": "0.25490", "2011-12-31": "0.28010", "2010-12-31": "0.34500", "2009-12-31": "0.38380", "2008-12-31": "0.42310", "2007-12-31": "0.84520", "2006-12-31": "1.22200", "2005-12-31": "0.00010"}, "Gross Margin": {"2019-12-31": "91.88290", "2018-12-31": "87.79330", "2017-12-31": "93.87350", "2016-12-31": "95.45280", "2015-12-31": "95.29270", "2014-12-31": "90.22890", "2013-12-31": "88.26060", "2012-12-31": "86.97740", "2011-12-31": "88.03740", "2010-12-31": "88.58590", "2009-12-31": "88.61430", "2008-12-31": "89.31920", "2007-12-31": "89.44690", "2006-12-31": "89.33300", "2005-12-31": "89.37580"}, "Operating Margin": {"2019-12-31": "-12.94860", "2018-12-31": "49.47780", "2017-12-31": "47.23240", "2016-12-31": "66.40610", "2015-12-31": "47.68730", "2014-12-31": "41.81610", "2013-12-31": "26.18650", "2012-12-31": "46.02740", "2011-12-31": "42.75960", "2010-12-31": "28.89410", "2009-12-31": "7.17710", "2008-12-31": "-29.14990", "2007-12-31": "2.98800", "2006-12-31": "18.15550", "2005-12-31": "37.00380"}, "EBIT Margin": {"2019-12-31": "-12.94860", "2018-12-31": "49.47780", "2017-12-31": "47.23240", "2016-12-31": "66.40610", "2015-12-31": "47.68730", "2014-12-31": "41.81610", "2013-12-31": "26.18650", "2012-12-31": "46.02740", "2011-12-31": "42.75960", "2010-12-31": "28.89410", "2009-12-31": "7.17710", "2008-12-31": "-29.14990", "2007-12-31": "2.98800", "2006-12-31": "18.15550", "2005-12-31": "37.00380"}, "EBITDA Margin": {"2019-12-31": "-9.78050", "2018-12-31": "51.68330", "2017-12-31": "49.02920", "2016-12-31": "68.38250", "2015-12-31": "49.93180", "2014-12-31": "44.31510", "2013-12-31": "30.51610", "2012-12-31": "50.70090", "2011-12-31": "48.72960", "2010-12-31": "35.19080", "2009-12-31": "15.16270", "2008-12-31": "-22.68200", "2007-12-31": "9.18070", "2006-12-31": "19.07260", "2005-12-31": "39.08640"}, "Pre-Tax Profit Margin": {"2019-12-31": "-11.38870", "2018-12-31": "46.62120", "2017-12-31": "44.60090", "2016-12-31": "66.31220", "2015-12-31": "71.25120", "2014-12-31": "40.76060", "2013-12-31": "24.96930", "2012-12-31": "48.10420", "2011-12-31": "40.24810", "2010-12-31": "26.16820", "2009-12-31": "5.18920", "2008-12-31": "-29.74140", "2007-12-31": "2.12240", "2006-12-31": "25.00000", "2005-12-31": "40.99730"}, "Net Profit Margin": {"2019-12-31": "-7.21290", "2018-12-31": "36.19610", "2017-12-31": "24.22190", "2016-12-31": "44.63970", "2015-12-31": "44.45350", "2014-12-31": "26.39500", "2013-12-31": "15.62780", "2012-12-31": "33.23330", "2011-12-31": "29.31550", "2010-12-31": "17.86410", "2009-12-31": "5.42300", "2008-12-31": "-17.52310", "2007-12-31": "5.85610", "2006-12-31": "46.33470", "2005-12-31": "56.08940"}, "Asset Turnover": {"2019-12-31": "0.37020", "2018-12-31": "0.47860", "2017-12-31": "0.59920", "2016-12-31": "0.68750", "2015-12-31": "0.67100", "2014-12-31": "0.68380", "2013-12-31": "0.53510", "2012-12-31": "0.56320", "2011-12-31": "0.48960", "2010-12-31": "0.41410", "2009-12-31": "0.34130", "2008-12-31": "0.32190", "2007-12-31": "0.35930", "2006-12-31": "0.33470", "2005-12-31": "0.39780"}, "Inventory Turnover Ratio": {"2019-12-31": "1.25910", "2018-12-31": "1.96730", "2017-12-31": "0.97960", "2016-12-31": "0.72700", "2015-12-31": "0.84870", "2014-12-31": "1.88120", "2013-12-31": "2.74570", "2012-12-31": "3.20230", "2011-12-31": "1.93350", "2010-12-31": "1.90520", "2009-12-31": "1.55010", "2008-12-31": "2.09200", "2007-12-31": "1.68500", "2006-12-31": "1.41350", "2005-12-31": "1.09340"}, "Receiveable Turnover": {"2019-12-31": "9.56940", "2018-12-31": "9.26470", "2017-12-31": "5.80710", "2016-12-31": "7.45360", "2015-12-31": "7.60270", "2014-12-31": "7.93960", "2013-12-31": "8.84410", "2012-12-31": "7.85480", "2011-12-31": "8.38050", "2010-12-31": "8.04400", "2009-12-31": "7.08880", "2008-12-31": "9.19920", "2007-12-31": "7.11160", "2006-12-31": "6.22470", "2005-12-31": "6.10530"}, "Days Sales In Receivables": {"2019-12-31": "38.14260", "2018-12-31": "39.39700", "2017-12-31": "62.85370", "2016-12-31": "48.96950", "2015-12-31": "48.00930", "2014-12-31": "45.97190", "2013-12-31": "41.27040", "2012-12-31": "46.46830", "2011-12-31": "43.55350", "2010-12-31": "45.37540", "2009-12-31": "51.48930", "2008-12-31": "39.67720", "2007-12-31": "51.32490", "2006-12-31": "58.63750", "2005-12-31": "59.78420"}, "ROE - Return On Equity": {"2019-12-31": "-3.75850", "2018-12-31": "21.12890", "2017-12-31": "19.88300", "2016-12-31": "38.55130", "2015-12-31": "41.01730", "2014-12-31": "27.37540", "2013-12-31": "13.86200", "2012-12-31": "28.08560", "2011-12-31": "22.90410", "2010-12-31": "12.58150", "2009-12-31": "2.95830", "2008-12-31": "-8.88240", "2007-12-31": "4.17630", "2006-12-31": "36.15000", "2005-12-31": "23.63340"}, "Return On Tangible Equity": {"2019-12-31": "-3.98540", "2018-12-31": "22.50750", "2017-12-31": "20.32390", "2016-12-31": "39.26820", "2015-12-31": "41.76390", "2014-12-31": "28.04040", "2013-12-31": "14.01910", "2012-12-31": "28.51720", "2011-12-31": "23.45020", "2010-12-31": "12.72340", "2009-12-31": "3.04420", "2008-12-31": "-9.00960", "2007-12-31": "4.29870", "2006-12-31": "38.12610", "2005-12-31": "24.80110"}, "ROA - Return On Assets": {"2019-12-31": "-2.67030", "2018-12-31": "17.32430", "2017-12-31": "14.51340", "2016-12-31": "30.68890", "2015-12-31": "29.82970", "2014-12-31": "18.04810", "2013-12-31": "8.36190", "2012-12-31": "18.71650", "2011-12-31": "14.31040", "2010-12-31": "7.76780", "2009-12-31": "1.83710", "2008-12-31": "-5.64040", "2007-12-31": "2.10440", "2006-12-31": "15.50720", "2005-12-31": "22.31060"}, "ROI - Return On Investment": {"2019-12-31": "-3.09140", "2018-12-31": "19.39050", "2017-12-31": "17.76940", "2016-12-31": "38.55130", "2015-12-31": "41.01730", "2014-12-31": "27.37540", "2013-12-31": "13.86200", "2012-12-31": "22.40210", "2011-12-31": "17.89300", "2010-12-31": "11.67130", "2009-12-31": "2.82700", "2008-12-31": "-6.24170", "2007-12-31": "4.17630", "2006-12-31": "16.26960", "2005-12-31": "23.63270"}, "Book Value Per Share": {"2019-12-31": "63.35650", "2018-12-31": "63.97630", "2017-12-31": "48.60780", "2016-12-31": "43.08760", "2015-12-31": "34.71520", "2014-12-31": "26.37250", "2013-12-31": "24.99160", "2012-12-31": "21.60790", "2011-12-31": "17.69240", "2010-12-31": "15.35700", "2009-12-31": "12.04350", "2008-12-31": "10.50520", "2007-12-31": "6.64760", "2006-12-31": "4.76380", "2005-12-31": "5.89890"}, "Operating Cash Flow Per Share": {"2019-12-31": -22.4078, "2018-12-31": 7.1296, "2017-12-31": -3.1908, "2016-12-31": 6.2755, "2015-12-31": 0.9212, "2014-12-31": -1.4337, "2013-12-31": 1.915, "2012-12-31": 1.8617, "2011-12-31": 0.6582, "2010-12-31": 1.7777, "2009-12-31": 2.6592, "2008-12-31": -1.9726, "2007-12-31": 0.0696, "2006-12-31": 0.164, "2005-12-31": 0.8563}, "Free Cash Flow Per Share": {"2019-12-31": -20.1279, "2018-12-31": 4.6759, "2017-12-31": -4.1161, "2016-12-31": 6.4363, "2015-12-31": 0.8231, "2014-12-31": -1.7088, "2013-12-31": 3.4158, "2012-12-31": 0.3671, "2011-12-31": 0.3657, "2010-12-31": 3.164, "2009-12-31": 3.6761, "2008-12-31": -3.828, "2007-12-31": -0.4676, "2006-12-31": -0.0384, "2005-12-31": 0.7349}}, "financial ratios, quarterly": {"Current Ratio": {"2020-09-30": "7.21590", "2020-06-30": "7.42900", "2020-03-31": "8.90640", "2019-12-31": "4.02700", "2019-09-30": "4.11450", "2019-06-30": "4.61660", "2019-03-31": "7.19440", "2018-12-31": "6.39190", "2018-09-30": "4.31980", "2018-06-30": "4.64060", "2018-03-31": "5.13070", "2017-12-31": "3.25590", "2017-09-30": "2.07650", "2017-06-30": "1.86420", "2017-03-31": "3.51670", "2016-12-31": "4.28510", "2016-09-30": "4.40560", "2016-06-30": "4.49860", "2016-03-31": "3.63930", "2015-12-31": "2.89380", "2015-09-30": "2.20430", "2015-06-30": "1.52840", "2015-03-31": "1.53710", "2014-12-31": "1.89880", "2014-09-30": "1.41790", "2014-06-30": "1.33760", "2014-03-31": "1.50370", "2013-12-31": "1.32970", "2013-09-30": "1.98920", "2013-06-30": "2.19200", "2013-03-31": "4.78230", "2012-12-31": "3.78190", "2012-09-30": "3.15530", "2012-06-30": "3.04060", "2012-03-31": "3.26940", "2011-12-31": "2.64590", "2011-09-30": "1.99110", "2011-06-30": "1.93480", "2011-03-31": "1.83470", "2010-12-31": "1.78330", "2010-09-30": "1.50580", "2010-06-30": "1.41170", "2010-03-31": "1.21190", "2009-12-31": "0.98280", "2009-09-30": "1.07020", "2009-06-30": "3.77710", "2009-03-31": "4.47380", "2008-12-31": "5.15570", "2008-09-30": "1.00950", "2008-06-30": "0.96390", "2008-03-31": "5.42350", "2007-12-31": "1.29220", "2007-09-30": "8.74810", "2007-06-30": "10.59010", "2007-03-31": "11.38550", "2006-12-31": "14.40900", "2006-09-30": "9.00750", "2006-06-30": "8.68880", "2006-03-31": "10.54160", "2005-12-31": "11.48230", "2005-09-30": "8.57860", "2005-06-30": "8.03750", "2005-03-31": "10.00470"}, "Long-term Debt / Capital": {"2020-09-30": "0.19590", "2020-06-30": "0.20550", "2020-03-31": "0.21340", "2019-12-31": "0.17750", "2019-09-30": "0.21640", "2019-06-30": "0.23820", "2019-03-31": "0.31170", "2018-12-31": "0.08230", "2018-09-30": "0.08500", "2018-06-30": "0.08880", "2018-03-31": "0.09540", "2017-12-31": "0.10630", "2017-09-30": "", "2017-06-30": "", "2017-03-31": "", "2016-12-31": "", "2016-09-30": "", "2016-06-30": "", "2016-03-31": "", "2015-12-31": "", "2015-09-30": "", "2015-06-30": "", "2015-03-31": "", "2014-12-31": "", "2014-09-30": "", "2014-06-30": "", "2014-03-31": "", "2013-12-31": "", "2013-09-30": "", "2013-06-30": "", "2013-03-31": "0.15270", "2012-12-31": "0.20240", "2012-09-30": "0.15990", "2012-06-30": "0.16490", "2012-03-31": "0.20740", "2011-12-31": "0.21880", "2011-09-30": "0.05970", "2011-06-30": "0.06430", "2011-03-31": "0.06940", "2010-12-31": "0.07230", "2010-09-30": "", "2010-06-30": "", "2010-03-31": "0.04030", "2009-12-31": "0.04440", "2009-09-30": "0.04490", "2009-06-30": "0.28630", "2009-03-31": "0.29260", "2008-12-31": "0.29730", "2008-09-30": "0.06480", "2008-06-30": "", "2008-03-31": "0.41120", "2007-12-31": "", "2007-09-30": "0.54280", "2007-06-30": "0.58280", "2007-03-31": "0.62270", "2006-12-31": "0.54990", "2006-09-30": "0.00000", "2006-06-30": "0.00000", "2006-03-31": "0.00000", "2005-12-31": "0.00000", "2005-09-30": "0.00000", "2005-06-30": "0.00010", "2005-03-31": "0.00000"}, "Debt/Equity Ratio": {"2020-09-30": "0.24370", "2020-06-30": "0.25860", "2020-03-31": "0.27130", "2019-12-31": "0.30570", "2019-09-30": "0.36820", "2019-06-30": "0.41040", "2019-03-31": "0.45280", "2018-12-31": "0.08970", "2018-09-30": "0.09280", "2018-06-30": "0.09740", "2018-03-31": "0.10550", "2017-12-31": "0.11890", "2017-09-30": "0.12080", "2017-06-30": "0.14080", "2017-03-31": "", "2016-12-31": "", "2016-09-30": "", "2016-06-30": "0.00050", "2016-03-31": "0.00320", "2015-12-31": "", "2015-09-30": "0.02050", "2015-06-30": "0.03100", "2015-03-31": "0.10560", "2014-12-31": "0.10180", "2014-09-30": "0.24680", "2014-06-30": "0.30950", "2014-03-31": "0.21690", "2013-12-31": "0.22430", "2013-09-30": "0.16900", "2013-06-30": "0.18030", "2013-03-31": "0.18020", "2012-12-31": "0.25490", "2012-09-30": "0.19040", "2012-06-30": "0.19740", "2012-03-31": "0.26170", "2011-12-31": "0.28010", "2011-09-30": "0.29260", "2011-06-30": "0.31250", "2011-03-31": "0.33430", "2010-12-31": "0.34500", "2010-09-30": "0.31290", "2010-06-30": "0.33090", "2010-03-31": "0.34970", "2009-12-31": "0.38380", "2009-09-30": "0.38560", "2009-06-30": "0.40110", "2009-03-31": "0.41360", "2008-12-31": "0.42310", "2008-09-30": "0.66650", "2008-06-30": "0.68790", "2008-03-31": "0.76590", "2007-12-31": "0.84520", "2007-09-30": "1.18750", "2007-06-30": "1.39680", "2007-03-31": "1.65060", "2006-12-31": "1.22200", "2006-09-30": "0.00000", "2006-06-30": "0.00000", "2006-03-31": "0.00010", "2005-12-31": "0.00010", "2005-09-30": "0.00250", "2005-06-30": "0.00370", "2005-03-31": "0.00010"}, "Gross Margin": {"2020-09-30": "93.68590", "2020-06-30": "92.84530", "2020-03-31": "93.43250", "2019-12-31": "90.74250", "2019-09-30": "91.78080", "2019-06-30": "92.85330", "2019-03-31": "91.97460", "2018-12-31": "91.63610", "2018-09-30": "87.42430", "2018-06-30": "86.11920", "2018-03-31": "86.33090", "2017-12-31": "88.59480", "2017-09-30": "95.62290", "2017-06-30": "95.74900", "2017-03-31": "96.14040", "2016-12-31": "93.05620", "2016-09-30": "94.21850", "2016-06-30": "95.15270", "2016-03-31": "99.81030", "2015-12-31": "93.75150", "2015-09-30": "98.21340", "2015-06-30": "95.39170", "2015-03-31": "93.64890", "2014-12-31": "95.44150", "2014-09-30": "87.63360", "2014-06-30": "88.00850", "2014-03-31": "89.42650", "2013-12-31": "86.58280", "2013-09-30": "89.83670", "2013-06-30": "88.48210", "2013-03-31": "88.04210", "2012-12-31": "84.55200", "2012-09-30": "88.46530", "2012-06-30": "86.86350", "2012-03-31": "88.23240", "2011-12-31": "87.02360", "2011-09-30": "88.75990", "2011-06-30": "88.48330", "2011-03-31": "87.85380", "2010-12-31": "89.19140", "2010-09-30": "88.04390", "2010-06-30": "88.67210", "2010-03-31": "88.44970", "2009-12-31": "90.77540", "2009-09-30": "86.87960", "2009-06-30": "87.99240", "2009-03-31": "88.72950", "2008-12-31": "89.31350", "2008-09-30": "89.68310", "2008-06-30": "89.30510", "2008-03-31": "88.90200", "2007-12-31": "89.38700", "2007-09-30": "89.55710", "2007-06-30": "89.69340", "2007-03-31": "89.05620", "2006-12-31": "89.62820", "2006-09-30": "89.71710", "2006-06-30": "89.45460", "2006-03-31": "88.30960", "2005-12-31": "89.36270", "2005-09-30": "89.60320", "2005-06-30": "89.43670", "2005-03-31": "88.99040"}, "Operating Margin": {"2020-09-30": "58.16890", "2020-06-30": "38.81220", "2020-03-31": "46.78640", "2019-12-31": "20.41150", "2019-09-30": "45.67870", "2019-06-30": "59.26120", "2019-03-31": "-180.88800", "2018-12-31": "34.47830", "2018-09-30": "36.24910", "2018-06-30": "48.90890", "2018-03-31": "78.85410", "2017-12-31": "29.91180", "2017-09-30": "72.68240", "2017-06-30": "19.90550", "2017-03-31": "71.14710", "2016-12-31": "42.59170", "2016-09-30": "58.45170", "2016-06-30": "69.12260", "2016-03-31": "98.56370", "2015-12-31": "38.28110", "2015-09-30": "100.20710", "2015-06-30": "49.48160", "2015-03-31": "-4.51910", "2014-12-31": "51.56020", "2014-09-30": "-9.77000", "2014-06-30": "54.62170", "2014-03-31": "74.68480", "2013-12-31": "-9.85790", "2013-09-30": "34.62620", "2013-06-30": "43.58570", "2013-03-31": "38.36120", "2012-12-31": "52.74570", "2012-09-30": "33.29060", "2012-06-30": "46.80750", "2012-03-31": "52.26720", "2011-12-31": "32.53900", "2011-09-30": "51.04390", "2011-06-30": "62.30880", "2011-03-31": "22.64630", "2010-12-31": "9.55560", "2010-09-30": "37.06960", "2010-06-30": "45.44130", "2010-03-31": "25.02020", "2009-12-31": "-2.47660", "2009-09-30": "12.07320", "2009-06-30": "-4.90710", "2009-03-31": "25.79580", "2008-12-31": "-176.45190", "2008-09-30": "24.06970", "2008-06-30": "27.70000", "2008-03-31": "23.77880", "2007-12-31": "-14.01380", "2007-09-30": "23.97660", "2007-06-30": "15.52160", "2007-03-31": "-18.68360", "2006-12-31": "7.74460", "2006-09-30": "28.30160", "2006-06-30": "28.61470", "2006-03-31": "7.49010", "2005-12-31": "34.93810", "2005-09-30": "44.03210", "2005-06-30": "37.13940", "2005-03-31": "29.46960"}, "EBIT Margin": {"2020-09-30": "58.16890", "2020-06-30": "38.81220", "2020-03-31": "46.78640", "2019-12-31": "20.41150", "2019-09-30": "45.67870", "2019-06-30": "59.26120", "2019-03-31": "-180.88800", "2018-12-31": "34.47820", "2018-09-30": "36.24910", "2018-06-30": "48.90890", "2018-03-31": "78.85410", "2017-12-31": "29.91180", "2017-09-30": "72.68240", "2017-06-30": "19.90550", "2017-03-31": "71.14710", "2016-12-31": "42.59170", "2016-09-30": "58.45170", "2016-06-30": "69.12260", "2016-03-31": "98.56370", "2015-12-31": "38.28100", "2015-09-30": "100.20710", "2015-06-30": "49.48160", "2015-03-31": "-4.51910", "2014-12-31": "51.56020", "2014-09-30": "-9.77000", "2014-06-30": "54.62170", "2014-03-31": "74.68480", "2013-12-31": "-9.85790", "2013-09-30": "34.62620", "2013-06-30": "43.58570", "2013-03-31": "38.36120", "2012-12-31": "52.74570", "2012-09-30": "33.29060", "2012-06-30": "46.80750", "2012-03-31": "52.26720", "2011-12-31": "32.53900", "2011-09-30": "51.04390", "2011-06-30": "62.30880", "2011-03-31": "22.64630", "2010-12-31": "9.55560", "2010-09-30": "37.06960", "2010-06-30": "45.44130", "2010-03-31": "25.02020", "2009-12-31": "-2.47660", "2009-09-30": "12.07320", "2009-06-30": "-4.90710", "2009-03-31": "25.79580", "2008-12-31": "-176.45200", "2008-09-30": "24.06970", "2008-06-30": "27.70000", "2008-03-31": "23.77880", "2007-12-31": "-14.01380", "2007-09-30": "23.97660", "2007-06-30": "15.52160", "2007-03-31": "-18.68360", "2006-12-31": "7.74450", "2006-09-30": "28.30160", "2006-06-30": "28.61470", "2006-03-31": "7.49010", "2005-12-31": "34.93810", "2005-09-30": "44.03210", "2005-06-30": "37.13940", "2005-03-31": "29.46960"}, "EBITDA Margin": {"2020-09-30": "", "2020-06-30": "", "2020-03-31": "", "2019-12-31": "", "2019-09-30": "", "2019-06-30": "", "2019-03-31": "", "2018-12-31": "", "2018-09-30": "", "2018-06-30": "", "2018-03-31": "", "2017-12-31": "", "2017-09-30": "", "2017-06-30": "", "2017-03-31": "", "2016-12-31": "", "2016-09-30": "", "2016-06-30": "", "2016-03-31": "", "2015-12-31": "", "2015-09-30": "", "2015-06-30": "", "2015-03-31": "", "2014-12-31": "", "2014-09-30": "", "2014-06-30": "", "2014-03-31": "", "2013-12-31": "", "2013-09-30": "", "2013-06-30": "", "2013-03-31": "", "2012-12-31": "", "2012-09-30": "", "2012-06-30": "", "2012-03-31": "", "2011-12-31": "", "2011-09-30": "", "2011-06-30": "", "2011-03-31": "", "2010-12-31": "", "2010-09-30": "", "2010-06-30": "", "2010-03-31": "", "2009-12-31": "", "2009-09-30": "", "2009-06-30": "", "2009-03-31": "", "2008-12-31": "", "2008-09-30": "", "2008-06-30": "", "2008-03-31": "", "2007-12-31": "", "2007-09-30": "", "2007-06-30": "", "2007-03-31": "", "2006-12-31": "", "2006-09-30": "", "2006-06-30": "", "2006-03-31": "", "2005-12-31": "", "2005-09-30": "", "2005-06-30": "", "2005-03-31": ""}, "Pre-Tax Profit Margin": {"2020-09-30": "57.61640", "2020-06-30": "36.98900", "2020-03-31": "48.16170", "2019-12-31": "21.95440", "2019-09-30": "41.56910", "2019-06-30": "67.02360", "2019-03-31": "-179.42640", "2018-12-31": "24.09550", "2018-09-30": "33.94720", "2018-06-30": "49.02140", "2018-03-31": "79.39360", "2017-12-31": "30.34210", "2017-09-30": "71.98650", "2017-06-30": "9.94150", "2017-03-31": "71.14710", "2016-12-31": "41.93150", "2016-09-30": "58.57420", "2016-06-30": "69.24380", "2016-03-31": "98.61790", "2015-12-31": "38.52800", "2015-09-30": "190.78200", "2015-06-30": "48.50230", "2015-03-31": "-5.12980", "2014-12-31": "50.46530", "2014-09-30": "-10.86010", "2014-06-30": "53.60350", "2014-03-31": "73.67440", "2013-12-31": "-10.94400", "2013-09-30": "33.47800", "2013-06-30": "42.23680", "2013-03-31": "37.05490", "2012-12-31": "51.24830", "2012-09-30": "44.74530", "2012-06-30": "45.78930", "2012-03-31": "50.89560", "2011-12-31": "30.32310", "2011-09-30": "48.70380", "2011-06-30": "59.65360", "2011-03-31": "19.72960", "2010-12-31": "6.72960", "2010-09-30": "34.60950", "2010-06-30": "42.54050", "2010-03-31": "22.25400", "2009-12-31": "-4.97780", "2009-09-30": "9.30510", "2009-06-30": "-6.60040", "2009-03-31": "25.07960", "2008-12-31": "-178.23940", "2008-09-30": "22.99690", "2008-06-30": "27.66640", "2008-03-31": "24.61520", "2007-12-31": "-28.75560", "2007-09-30": "28.81700", "2007-06-30": "17.19430", "2007-03-31": "-10.52060", "2006-12-31": "16.99690", "2006-09-30": "34.90360", "2006-06-30": "34.37450", "2006-03-31": "12.61910", "2005-12-31": "40.20450", "2005-09-30": "47.75220", "2005-06-30": "40.52630", "2005-03-31": "33.01160"}, "Net Profit Margin": {"2020-09-30": "45.04080", "2020-06-30": "29.58560", "2020-03-31": "38.64720", "2019-12-31": "16.90780", "2019-09-30": "32.97630", "2019-06-30": "54.89830", "2019-03-31": "-136.40370", "2018-12-31": "17.12110", "2018-09-30": "25.80570", "2018-06-30": "38.89760", "2018-03-31": "62.82120", "2017-12-31": "4.08870", "2017-09-30": "62.02020", "2017-06-30": "-12.59560", "2017-03-31": "48.20510", "2016-12-31": "26.96820", "2016-09-30": "39.63740", "2016-06-30": "49.95150", "2016-03-31": "63.82110", "2015-12-31": "25.83350", "2015-09-30": "120.24860", "2015-06-30": "28.57140", "2015-03-31": "-5.06870", "2014-12-31": "33.48140", "2014-09-30": "-7.64870", "2014-06-30": "34.65030", "2014-03-31": "47.51990", "2013-12-31": "-10.48870", "2013-09-30": "20.74120", "2013-06-30": "28.46130", "2013-03-31": "25.42470", "2012-12-31": "34.14650", "2012-09-30": "32.21500", "2012-06-30": "32.05820", "2012-03-31": "34.64990", "2011-12-31": "22.12800", "2011-09-30": "41.83460", "2011-06-30": "40.21260", "2011-03-31": "10.08540", "2010-12-31": "5.93820", "2010-09-30": "23.57170", "2010-06-30": "27.98900", "2010-03-31": "14.68730", "2009-12-31": "-3.39750", "2009-09-30": "12.27900", "2009-06-30": "-2.79110", "2009-03-31": "16.55210", "2008-12-31": "-108.47980", "2008-09-30": "14.62040", "2008-06-30": "17.59440", "2008-03-31": "16.01370", "2007-12-31": "-9.21570", "2007-09-30": "25.14690", "2007-06-30": "11.20180", "2007-03-31": "-6.92320", "2006-12-31": "121.12560", "2006-09-30": "20.98670", "2006-06-30": "19.06570", "2006-03-31": "6.95630", "2005-12-31": "99.22410", "2005-09-30": "47.75220", "2005-06-30": "40.52630", "2005-03-31": "33.01160"}, "Asset Turnover": {"2020-09-30": "0.08620", "2020-06-30": "0.08580", "2020-03-31": "0.08850", "2019-12-31": "0.07950", "2019-09-30": "0.10040", "2019-06-30": "0.09580", "2019-03-31": "0.09730", "2018-12-31": "0.11210", "2018-09-30": "0.12100", "2018-06-30": "0.13700", "2018-03-31": "0.12890", "2017-12-31": "0.16140", "2017-09-30": "0.15170", "2017-06-30": "0.16520", "2017-03-31": "0.14470", "2016-12-31": "0.17590", "2016-09-30": "0.17990", "2016-06-30": "0.18740", "2016-03-31": "0.16830", "2015-12-31": "0.18540", "2015-09-30": "0.17890", "2015-06-30": "0.19990", "2015-03-31": "0.17290", "2014-12-31": "0.18380", "2014-09-30": "0.15920", "2014-06-30": "0.16530", "2014-03-31": "0.13680", "2013-12-31": "0.13840", "2013-09-30": "0.15680", "2013-06-30": "0.15790", "2013-03-31": "0.14440", "2012-12-31": "0.14990", "2012-09-30": "0.14720", "2012-06-30": "0.14490", "2012-03-31": "0.13080", "2011-12-31": "0.12860", "2011-09-30": "0.12100", "2011-06-30": "0.11640", "2011-03-31": "0.10940", "2010-12-31": "0.11230", "2010-09-30": "0.13140", "2010-06-30": "0.11340", "2010-03-31": "0.11440", "2009-12-31": "0.09320", "2009-09-30": "0.09680", "2009-06-30": "0.08820", "2009-03-31": "0.08830", "2008-12-31": "0.08670", "2008-09-30": "0.09790", "2008-06-30": "0.10080", "2008-03-31": "0.09720", "2007-12-31": "0.10200", "2007-09-30": "0.11520", "2007-06-30": "0.10990", "2007-03-31": "0.09210", "2006-12-31": "0.09610", "2006-09-30": "0.13570", "2006-06-30": "0.12370", "2006-03-31": "0.10880", "2005-12-31": "0.10170", "2005-09-30": "0.12840", "2005-06-30": "0.12830", "2005-03-31": "0.10700"}, "Inventory Turnover Ratio": {"2020-09-30": "0.27300", "2020-06-30": "0.28870", "2020-03-31": "0.25430", "2019-12-31": "0.30840", "2019-09-30": "0.35070", "2019-06-30": "0.27550", "2019-03-31": "0.30250", "2018-12-31": "0.31580", "2018-09-30": "0.51390", "2018-06-30": "0.60080", "2018-03-31": "0.52410", "2017-12-31": "0.49120", "2017-09-30": "0.17050", "2017-06-30": "0.16560", "2017-03-31": "0.13380", "2016-12-31": "0.28400", "2016-09-30": "0.25540", "2016-06-30": "0.22450", "2016-03-31": "0.00800", "2015-12-31": "0.31120", "2015-09-30": "0.08530", "2015-06-30": "0.20710", "2015-03-31": "0.28700", "2014-12-31": "0.23590", "2014-09-30": "0.64090", "2014-06-30": "0.66700", "2014-03-31": "0.59170", "2013-12-31": "0.81200", "2013-09-30": "0.61910", "2013-06-30": "0.72280", "2013-03-31": "0.73760", "2012-12-31": "1.01100", "2012-09-30": "0.59700", "2012-06-30": "0.63550", "2012-03-31": "0.52520", "2011-12-31": "0.55080", "2011-09-30": "0.49510", "2011-06-30": "0.51290", "2011-03-31": "0.51840", "2010-12-31": "0.48910", "2010-09-30": "0.60300", "2010-06-30": "0.50460", "2010-03-31": "0.57660", "2009-12-31": "0.34280", "2009-09-30": "0.51400", "2009-06-30": "0.61100", "2009-03-31": "0.59490", "2008-12-31": "0.56410", "2008-09-30": "0.58420", "2008-06-30": "0.47950", "2008-03-31": "0.51660", "2007-12-31": "0.48120", "2007-09-30": "0.50610", "2007-06-30": "0.41750", "2007-03-31": "0.35670", "2006-12-31": "0.39450", "2006-09-30": "0.35140", "2006-06-30": "0.38520", "2006-03-31": "0.36840", "2005-12-31": "0.27990", "2005-09-30": "0.33400", "2005-06-30": "0.32360", "2005-03-31": "0.28070"}, "Receiveable Turnover": {"2020-09-30": "2.49570", "2020-06-30": "2.10470", "2020-03-31": "2.38170", "2019-12-31": "2.05480", "2019-09-30": "2.18680", "2019-06-30": "2.06410", "2019-03-31": "2.26910", "2018-12-31": "2.17070", "2018-09-30": "1.91780", "2018-06-30": "1.76880", "2018-03-31": "1.84370", "2017-12-31": "1.56410", "2017-09-30": "1.76930", "2017-06-30": "1.62320", "2017-03-31": "1.97070", "2016-12-31": "1.90680", "2016-09-30": "1.81750", "2016-06-30": "1.73290", "2016-03-31": "1.89430", "2015-12-31": "2.10010", "2015-09-30": "2.14980", "2015-06-30": "2.05180", "2015-03-31": "2.09730", "2014-12-31": "2.13420", "2014-09-30": "2.35840", "2014-06-30": "1.51620", "2014-03-31": "2.19630", "2013-12-31": "2.28840", "2013-09-30": "2.31340", "2013-06-30": "2.13280", "2013-03-31": "2.41880", "2012-12-31": "2.09060", "2012-09-30": "2.22550", "2012-06-30": "2.28820", "2012-03-31": "2.29070", "2011-12-31": "2.20090", "2011-09-30": "2.30850", "2011-06-30": "2.22660", "2011-03-31": "2.48430", "2010-12-31": "2.18060", "2010-09-30": "2.23070", "2010-06-30": "1.61320", "2010-03-31": "2.02930", "2009-12-31": "1.93490", "2009-09-30": "1.98530", "2009-06-30": "2.24560", "2009-03-31": "1.53310", "2008-12-31": "2.47920", "2008-09-30": "1.88010", "2008-06-30": "2.05150", "2008-03-31": "2.09480", "2007-12-31": "2.01940", "2007-09-30": "2.06650", "2007-06-30": "1.89490", "2007-03-31": "1.74150", "2006-12-31": "1.78690", "2006-09-30": "1.95920", "2006-06-30": "1.78360", "2006-03-31": "1.68350", "2005-12-31": "1.56120", "2005-09-30": "1.63430", "2005-06-30": "1.81020", "2005-03-31": "1.58110"}, "Days Sales In Receivables": {"2020-09-30": "36.06160", "2020-06-30": "42.76240", "2020-03-31": "37.78840", "2019-12-31": "43.79940", "2019-09-30": "41.15570", "2019-06-30": "43.60280", "2019-03-31": "39.66350", "2018-12-31": "41.46040", "2018-09-30": "46.93000", "2018-06-30": "50.88190", "2018-03-31": "48.81550", "2017-12-31": "57.54030", "2017-09-30": "50.86870", "2017-06-30": "55.44530", "2017-03-31": "45.66800", "2016-12-31": "47.20050", "2016-09-30": "49.51980", "2016-06-30": "51.93650", "2016-03-31": "47.51220", "2015-12-31": "42.85500", "2015-09-30": "41.86380", "2015-06-30": "43.86310", "2015-03-31": "42.91230", "2014-12-31": "42.17130", "2014-09-30": "38.16110", "2014-06-30": "59.35890", "2014-03-31": "40.97880", "2013-12-31": "39.32890", "2013-09-30": "38.90410", "2013-06-30": "42.19740", "2013-03-31": "37.20890", "2012-12-31": "43.05010", "2012-09-30": "40.44000", "2012-06-30": "39.33270", "2012-03-31": "39.28970", "2011-12-31": "40.89190", "2011-09-30": "38.98590", "2011-06-30": "40.42120", "2011-03-31": "36.22720", "2010-12-31": "41.27370", "2010-09-30": "40.34530", "2010-06-30": "55.79130", "2010-03-31": "44.35060", "2009-12-31": "46.51460", "2009-09-30": "45.33380", "2009-06-30": "40.07880", "2009-03-31": "58.70600", "2008-12-31": "36.30280", "2008-09-30": "47.87040", "2008-06-30": "43.87100", "2008-03-31": "42.96420", "2007-12-31": "44.56880", "2007-09-30": "43.55270", "2007-06-30": "47.49610", "2007-03-31": "51.68020", "2006-12-31": "50.36550", "2006-09-30": "45.93680", "2006-06-30": "50.45990", "2006-03-31": "53.46160", "2005-12-31": "57.64790", "2005-09-30": "55.06880", "2005-06-30": "49.71750", "2005-03-31": "56.92330"}, "ROE - Return On Equity": {"2020-09-30": "5.21460", "2020-06-30": "3.46190", "2020-03-31": "4.67020", "2019-12-31": "1.89180", "2019-09-30": "4.87520", "2019-06-30": "8.01670", "2019-03-31": "-21.32820", "2018-12-31": "2.34170", "2018-09-30": "3.95500", "2018-06-30": "6.73920", "2018-03-31": "10.31910", "2017-12-31": "0.90400", "2017-09-30": "13.34850", "2017-06-30": "-3.15300", "2017-03-31": "8.64770", "2016-12-31": "5.95800", "2016-09-30": "8.79970", "2016-06-30": "11.41070", "2016-03-31": "13.75750", "2015-12-31": "6.58440", "2015-09-30": "31.65920", "2015-06-30": "9.53410", "2015-03-31": "-1.52070", "2014-12-31": "9.33400", "2014-09-30": "-2.13800", "2014-06-30": "9.52820", "2014-03-31": "10.45380", "2013-12-31": "-2.40730", "2013-09-30": "4.97420", "2013-06-30": "6.85280", "2013-03-31": "5.41620", "2012-12-31": "7.68050", "2012-09-30": "7.36320", "2012-06-30": "7.16280", "2012-03-31": "6.90580", "2011-12-31": "4.54620", "2011-09-30": "7.43020", "2011-06-30": "7.37180", "2011-03-31": "2.12260", "2010-12-31": "1.60480", "2010-09-30": "4.77280", "2010-06-30": "4.85310", "2010-03-31": "2.59930", "2009-12-31": "-0.53170", "2009-09-30": "1.86640", "2009-06-30": "-0.38750", "2009-03-31": "2.28610", "2008-12-31": "-14.81900", "2008-09-30": "2.62070", "2008-06-30": "3.31910", "2008-03-31": "3.04380", "2007-12-31": "-1.86620", "2007-09-30": "7.05230", "2007-06-30": "3.24360", "2007-03-31": "-1.83600", "2006-12-31": "27.12870", "2006-09-30": "3.08240", "2006-06-30": "2.56180", "2006-03-31": "0.80870", "2005-12-31": "10.69090", "2005-09-30": "6.61320", "2005-06-30": "5.61860", "2005-03-31": "3.76810"}, "Return On Tangible Equity": {"2020-09-30": "5.47860", "2020-06-30": "3.64840", "2020-03-31": "4.93510", "2019-12-31": "2.00600", "2019-09-30": "5.17710", "2019-06-30": "8.55830", "2019-03-31": "-23.02390", "2018-12-31": "2.49450", "2018-09-30": "4.21770", "2018-06-30": "6.86110", "2018-03-31": "10.52160", "2017-12-31": "0.92400", "2017-09-30": "13.64980", "2017-06-30": "-3.23640", "2017-03-31": "8.79070", "2016-12-31": "6.06880", "2016-09-30": "8.96550", "2016-06-30": "11.63030", "2016-03-31": "14.03880", "2015-12-31": "6.70430", "2015-09-30": "32.28730", "2015-06-30": "9.80560", "2015-03-31": "-1.56240", "2014-12-31": "9.56070", "2014-09-30": "-2.16460", "2014-06-30": "9.65430", "2014-03-31": "10.56410", "2013-12-31": "-2.43450", "2013-09-30": "5.03260", "2013-06-30": "6.94180", "2013-03-31": "5.49100", "2012-12-31": "7.79850", "2012-09-30": "7.48070", "2012-06-30": "7.28600", "2012-03-31": "7.07790", "2011-12-31": "4.65460", "2011-09-30": "7.56550", "2011-06-30": "7.44420", "2011-03-31": "2.14580", "2010-12-31": "1.62300", "2010-09-30": "4.86930", "2010-06-30": "4.95500", "2010-03-31": "2.66270", "2009-12-31": "-0.54710", "2009-09-30": "1.92490", "2009-06-30": "-0.39250", "2009-03-31": "2.31740", "2008-12-31": "-15.03120", "2008-09-30": "2.67170", "2008-06-30": "3.39510", "2008-03-31": "3.12300", "2007-12-31": "-1.92090", "2007-09-30": "7.35350", "2007-06-30": "3.44150", "2007-03-31": "-1.97210", "2006-12-31": "28.61170", "2006-09-30": "3.20700", "2006-06-30": "2.65730", "2006-03-31": "0.84060", "2005-12-31": "11.21920", "2005-09-30": "6.99690", "2005-06-30": "5.98260", "2005-03-31": "4.03210"}, "ROA - Return On Assets": {"2020-09-30": "3.88100", "2020-06-30": "2.53830", "2020-03-31": "3.42040", "2019-12-31": "1.34410", "2019-09-30": "3.31030", "2019-06-30": "5.26050", "2019-03-31": "-13.27180", "2018-12-31": "1.92000", "2018-09-30": "3.12120", "2018-06-30": "5.32840", "2018-03-31": "8.09550", "2017-12-31": "0.65990", "2017-09-30": "9.41080", "2017-06-30": "-2.08060", "2017-03-31": "6.97300", "2016-12-31": "4.74290", "2016-09-30": "7.13030", "2016-06-30": "9.36180", "2016-03-31": "10.74310", "2015-12-31": "4.78850", "2015-09-30": "21.50760", "2015-06-30": "5.71160", "2015-03-31": "-0.87620", "2014-12-31": "6.15370", "2014-09-30": "-1.21800", "2014-06-30": "5.72760", "2014-03-31": "6.50250", "2013-12-31": "-1.45210", "2013-09-30": "3.25190", "2013-06-30": "4.49260", "2013-03-31": "3.67190", "2012-12-31": "5.11840", "2012-09-30": "4.74120", "2012-06-30": "4.64640", "2012-03-31": "4.53170", "2011-12-31": "2.84040", "2011-09-30": "4.83580", "2011-06-30": "4.68040", "2011-03-31": "1.32070", "2010-12-31": "0.99080", "2010-09-30": "3.12800", "2010-06-30": "3.19670", "2010-03-31": "1.68000", "2009-12-31": "-0.33020", "2009-09-30": "1.18810", "2009-06-30": "-0.24630", "2009-03-31": "1.46180", "2008-12-31": "-9.41020", "2008-09-30": "1.43080", "2008-06-30": "1.77430", "2008-03-31": "1.55720", "2007-12-31": "-0.94030", "2007-09-30": "2.89590", "2007-06-30": "1.23060", "2007-03-31": "-0.63750", "2006-12-31": "11.63740", "2006-09-30": "2.84710", "2006-06-30": "2.35780", "2006-03-31": "0.75700", "2005-12-31": "10.09260", "2005-09-30": "6.12930", "2005-06-30": "5.20060", "2005-03-31": "3.53160"}, "ROI - Return On Investment": {"2020-09-30": "4.19290", "2020-06-30": "2.75060", "2020-03-31": "3.67350", "2019-12-31": "1.55600", "2019-09-30": "3.82020", "2019-06-30": "6.10710", "2019-03-31": "-14.68090", "2018-12-31": "2.14900", "2018-09-30": "3.61900", "2018-06-30": "6.14080", "2018-03-31": "9.33420", "2017-12-31": "0.80790", "2017-09-30": "13.34850", "2017-06-30": "-3.15300", "2017-03-31": "8.64770", "2016-12-31": "5.95800", "2016-09-30": "8.79970", "2016-06-30": "11.41070", "2016-03-31": "13.75750", "2015-12-31": "6.58440", "2015-09-30": "31.65920", "2015-06-30": "9.53410", "2015-03-31": "-1.52070", "2014-12-31": "9.33400", "2014-09-30": "-2.13800", "2014-06-30": "9.52820", "2014-03-31": "10.45380", "2013-12-31": "-2.40730", "2013-09-30": "4.97420", "2013-06-30": "6.85280", "2013-03-31": "4.58920", "2012-12-31": "6.12620", "2012-09-30": "6.18550", "2012-06-30": "5.98180", "2012-03-31": "5.47330", "2011-12-31": "3.55150", "2011-09-30": "6.98630", "2011-06-30": "6.89750", "2011-03-31": "1.97530", "2010-12-31": "1.48870", "2010-09-30": "4.77280", "2010-06-30": "4.85310", "2010-03-31": "2.49440", "2009-12-31": "-0.50810", "2009-09-30": "1.78270", "2009-06-30": "-0.27650", "2009-03-31": "1.61720", "2008-12-31": "-10.41330", "2008-09-30": "2.45090", "2008-06-30": "3.31910", "2008-03-31": "1.79210", "2007-12-31": "-1.86620", "2007-09-30": "3.22400", "2007-06-30": "1.35340", "2007-03-31": "-0.69270", "2006-12-31": "12.20950", "2006-09-30": "3.08230", "2006-06-30": "2.56170", "2006-03-31": "0.80860", "2005-12-31": "10.69060", "2005-09-30": "6.61290", "2005-06-30": "5.61820", "2005-03-31": "3.76800"}, "Book Value Per Share": {"2020-09-30": "73.87710", "2020-06-30": "69.74550", "2020-03-31": "67.00830", "2019-12-31": "63.35650", "2019-09-30": "61.89010", "2019-06-30": "58.34700", "2019-03-31": "52.93800", "2018-12-31": "63.97630", "2018-09-30": "61.78130", "2018-06-30": "58.89540", "2018-03-31": "54.54920", "2017-12-31": "48.60780", "2017-09-30": "47.90660", "2017-06-30": "40.89010", "2017-03-31": "45.84160", "2016-12-31": "43.08760", "2016-09-30": "43.09930", "2016-06-30": "41.30060", "2016-03-31": "38.13830", "2015-12-31": "34.71520", "2015-09-30": "32.18020", "2015-06-30": "22.77100", "2015-03-31": "23.54160", "2014-12-31": "26.37250", "2014-09-30": "24.88360", "2014-06-30": "24.85510", "2014-03-31": "26.49160", "2013-12-31": "24.99160", "2013-09-30": "25.11510", "2013-06-30": "23.38280", "2013-03-31": "22.90190", "2012-12-31": "21.60790", "2012-09-30": "20.73450", "2012-06-30": "19.52610", "2012-03-31": "19.08700", "2011-12-31": "17.69240", "2011-09-30": "18.59930", "2011-06-30": "17.18870", "2011-03-31": "15.93710", "2010-12-31": "15.35700", "2010-09-30": "14.80730", "2010-06-30": "13.87210", "2010-03-31": "13.08690", "2009-12-31": "12.04350", "2009-09-30": "11.88750", "2009-06-30": "11.38210", "2009-03-31": "10.91190", "2008-12-31": "10.50520", "2008-09-30": "9.02900", "2008-06-30": "7.98800", "2008-03-31": "7.25960", "2007-12-31": "6.64760", "2007-09-30": "4.95930", "2007-06-30": "4.26620", "2007-03-31": "3.65080", "2006-12-31": "4.76380", "2006-09-30": "5.93360", "2006-06-30": "6.33260", "2006-03-31": "6.06500", "2005-12-31": "5.89890", "2005-09-30": "5.16100", "2005-06-30": "4.75620", "2005-03-31": "4.50140"}, "Operating Cash Flow Per Share": {"2020-09-30": 5.5874, "2020-06-30": 3.6608, "2020-03-31": "4.86620", "2019-12-31": 2.3081, "2019-09-30": 4.2136, "2019-06-30": 3.1184, "2019-03-31": "-14.35700", "2018-12-31": 1.9409, "2018-09-30": 5.2546, "2018-06-30": 4.2152, "2018-03-31": "6.28020", "2017-12-31": -2.1371, "2017-09-30": 5.9835, "2017-06-30": 1.6866, "2017-03-31": "5.02830", "2016-12-31": 3.3582, "2016-09-30": 5.0314, "2016-06-30": 2.7793, "2016-03-31": "2.58320", "2015-12-31": 0.3591, "2015-09-30": 4.2254, "2015-06-30": 0.5559, "2015-03-31": "2.33620", "2014-12-31": 0.9598, "2014-09-30": 4.5418, "2014-06-30": -0.8982, "2014-03-31": "1.95200", "2013-12-31": 2.013, "2013-09-30": 2.5278, "2013-06-30": 1.583, "2013-03-31": "1.86530", "2012-12-31": 1.9984, "2012-09-30": 1.7589, "2012-06-30": 1.6335, "2012-03-31": "0.68330", "2011-12-31": 0.9684, "2011-09-30": 1.3655, "2011-06-30": 1.0266, "2011-03-31": "0.85190", "2010-12-31": 0.6932, "2010-09-30": 1.711, "2010-06-30": 0.5799, "2010-03-31": "0.57010", "2009-12-31": 0.5033, "2009-09-30": 0.1896, "2009-06-30": 1.0093, "2009-03-31": "0.07430", "2008-12-31": -2.4081, "2008-09-30": 0.1996, "2008-06-30": 0.5968, "2008-03-31": "0.72900", "2007-12-31": -0.2612, "2007-09-30": 0.5818, "2007-06-30": 0.443, "2007-03-31": "0.32630", "2006-12-31": -0.1014, "2006-09-30": 0.3846, "2006-06-30": 0.4153, "2006-03-31": "0.32180", "2005-12-31": 0.1641, "2005-09-30": 0.284, "2005-06-30": 0.3032, "2005-03-31": "0.10500"}, "Free Cash Flow Per Share": {"2020-09-30": 5.2901, "2020-06-30": 3.2529, "2020-03-31": "4.57140", "2019-12-31": 1.738, "2019-09-30": 3.9046, "2019-06-30": 2.6609, "2019-03-31": "-14.93140", "2018-12-31": 0.7636, "2018-09-30": 4.3401, "2018-06-30": 2.9726, "2018-03-31": "5.42370", "2017-12-31": -2.736, "2017-09-30": 5.6581, "2017-06-30": 1.2135, "2017-03-31": "4.68850", "2016-12-31": 3.0506, "2016-09-30": 4.8299, "2016-06-30": 2.5546, "2016-03-31": "2.50510", "2015-12-31": -0.2491, "2015-09-30": 4.0112, "2015-06-30": 0.4913, "2015-03-31": "2.25050", "2014-12-31": 1.04, "2014-09-30": 4.1788, "2014-06-30": -1.1604, "2014-03-31": "1.62240", "2013-12-31": 1.758, "2013-09-30": 2.3558, "2013-06-30": 1.4915, "2013-03-31": "1.78430", "2012-12-31": 1.5896, "2012-09-30": 1.6232, "2012-06-30": 0.81, "2012-03-31": "-0.04900", "2011-12-31": 0.9627, "2011-09-30": 1.0664, "2011-06-30": 0.8268, "2011-03-31": "0.75080", "2010-12-31": 0.5992, "2010-09-30": 1.6428, "2010-06-30": 0.5349, "2010-03-31": "0.46410", "2009-12-31": 0.0855, "2009-09-30": -0.1515, "2009-06-30": 0.4604, "2009-03-31": "-0.31740", "2008-12-31": -3.4007, "2008-09-30": -0.5602, "2008-06-30": -0.0932, "2008-03-31": "0.45500", "2007-12-31": -0.6733, "2007-09-30": 0.4245, "2007-06-30": 0.3401, "2007-03-31": "0.13760", "2006-12-31": -0.1632, "2006-09-30": 0.2994, "2006-06-30": 0.2601, "2006-03-31": "0.30020", "2005-12-31": 0.1236, "2005-09-30": 0.2761, "2005-06-30": 0.2392, "2005-03-31": "0.09600"}}, "revenue": {"United Therapeutics Annual Revenue (Millions of US $)": {"2019": "$1,449", "2018": "$1,628", "2017": "$1,725", "2016": "$1,599", "2015": "$1,466", "2014": "$1,289", "2013": "$1,117", "2012": "$916", "2011": "$743", "2010": "$593", "2009": "$359", "2008": "$281", "2007": "$211", "2006": "$160", "2005": "$116"}, "United Therapeutics Quarterly Revenue (Millions of US $)": {"2020-09-30": "$380", "2020-06-30": "$362", "2020-03-31": "$356", "2019-12-31": "$311", "2019-09-30": "$402", "2019-06-30": "$374", "2019-03-31": "$363", "2018-12-31": "$381", "2018-09-30": "$413", "2018-06-30": "$445", "2018-03-31": "$389", "2017-12-31": "$465", "2017-09-30": "$446", "2017-06-30": "$445", "2017-03-31": "$371", "2016-12-31": "$409", "2016-09-30": "$408", "2016-06-30": "$413", "2016-03-31": "$369", "2015-12-31": "$405", "2015-09-30": "$386", "2015-06-30": "$347", "2015-03-31": "$328", "2014-12-31": "$346", "2014-09-30": "$330", "2014-06-30": "$323", "2014-03-31": "$289", "2013-12-31": "$289", "2013-09-30": "$302", "2013-06-30": "$281", "2013-03-31": "$245", "2012-12-31": "$244", "2012-09-30": "$242", "2012-06-30": "$226", "2012-03-31": "$204", "2011-12-31": "$195", "2011-09-30": "$202", "2011-06-30": "$184", "2011-03-31": "$163", "2010-12-31": "$161", "2010-09-30": "$169", "2010-06-30": "$135", "2010-03-31": "$129", "2009-12-31": "$98", "2009-09-30": "$97", "2009-06-30": "$84", "2009-03-31": "$80", "2008-12-31": "$76", "2008-09-30": "$75", "2008-06-30": "$69", "2008-03-31": "$62", "2007-12-31": "$60", "2007-09-30": "$59", "2007-06-30": "$52", "2007-03-31": "$40", "2006-12-31": "$46", "2006-09-30": "$40", "2006-06-30": "$40", "2006-03-31": "$33", "2005-12-31": "$30", "2005-09-30": "$33", "2005-06-30": "$30", "2005-03-31": "$23"}}, "gross-profit": {"United Therapeutics Annual Gross Profit (Millions of US $)": {"2019": "$1,331", "2018": "$1,429", "2017": "$1,620", "2016": "$1,526", "2015": "$1,397", "2014": "$1,163", "2013": "$986", "2012": "$797", "2011": "$654", "2010": "$525", "2009": "$318", "2008": "$251", "2007": "$189", "2006": "$143", "2005": "$104"}, "United Therapeutics Quarterly Gross Profit (Millions of US $)": {"2020-09-30": "$356", "2020-06-30": "$336", "2020-03-31": "$333", "2019-12-31": "$282", "2019-09-30": "$369", "2019-06-30": "$347", "2019-03-31": "$334", "2018-12-31": "$350", "2018-09-30": "$361", "2018-06-30": "$383", "2018-03-31": "$336", "2017-12-31": "$412", "2017-09-30": "$426", "2017-06-30": "$426", "2017-03-31": "$356", "2016-12-31": "$381", "2016-09-30": "$385", "2016-06-30": "$393", "2016-03-31": "$368", "2015-12-31": "$380", "2015-09-30": "$379", "2015-06-30": "$331", "2015-03-31": "$307", "2014-12-31": "$331", "2014-09-30": "$289", "2014-06-30": "$284", "2014-03-31": "$259", "2013-12-31": "$250", "2013-09-30": "$272", "2013-06-30": "$248", "2013-03-31": "$216", "2012-12-31": "$206", "2012-09-30": "$215", "2012-06-30": "$196", "2012-03-31": "$180", "2011-12-31": "$170", "2011-09-30": "$179", "2011-06-30": "$163", "2011-03-31": "$143", "2010-12-31": "$143", "2010-09-30": "$148", "2010-06-30": "$119", "2010-03-31": "$114", "2009-12-31": "$89", "2009-09-30": "$84", "2009-06-30": "$74", "2009-03-31": "$71", "2008-12-31": "$68", "2008-09-30": "$67", "2008-06-30": "$61", "2008-03-31": "$55", "2007-12-31": "$54", "2007-09-30": "$53", "2007-06-30": "$46", "2007-03-31": "$36", "2006-12-31": "$41", "2006-09-30": "$36", "2006-06-30": "$36", "2006-03-31": "$29", "2005-12-31": "$26", "2005-09-30": "$30", "2005-06-30": "$27", "2005-03-31": "$21"}}, "operating-income": {"United Therapeutics Annual Operating Income (Millions of US $)": {"2019": "$-188", "2018": "$805", "2017": "$815", "2016": "$1,062", "2015": "$699", "2014": "$539", "2013": "$292", "2012": "$422", "2011": "$318", "2010": "$171", "2009": "$26", "2008": "$-82", "2007": "$6", "2006": "$29", "2005": "$43"}, "United Therapeutics Quarterly Operating Income (Millions of US $)": {"2020-09-30": "$221", "2020-06-30": "$141", "2020-03-31": "$167", "2019-12-31": "$64", "2019-09-30": "$183", "2019-06-30": "$221", "2019-03-31": "$-656", "2018-12-31": "$132", "2018-09-30": "$150", "2018-06-30": "$217", "2018-03-31": "$307", "2017-12-31": "$139", "2017-09-30": "$324", "2017-06-30": "$89", "2017-03-31": "$264", "2016-12-31": "$174", "2016-09-30": "$239", "2016-06-30": "$285", "2016-03-31": "$364", "2015-12-31": "$155", "2015-09-30": "$387", "2015-06-30": "$172", "2015-03-31": "$-15", "2014-12-31": "$179", "2014-09-30": "$-32", "2014-06-30": "$176", "2014-03-31": "$216", "2013-12-31": "$-28", "2013-09-30": "$105", "2013-06-30": "$122", "2013-03-31": "$94", "2012-12-31": "$129", "2012-09-30": "$81", "2012-06-30": "$106", "2012-03-31": "$107", "2011-12-31": "$64", "2011-09-30": "$103", "2011-06-30": "$114", "2011-03-31": "$37", "2010-12-31": "$15", "2010-09-30": "$62", "2010-06-30": "$61", "2010-03-31": "$32", "2009-12-31": "$-2", "2009-09-30": "$12", "2009-06-30": "$-4", "2009-03-31": "$21", "2008-12-31": "$-134", "2008-09-30": "$18", "2008-06-30": "$19", "2008-03-31": "$15", "2007-12-31": "$-8", "2007-09-30": "$14", "2007-06-30": "$8", "2007-03-31": "$-8", "2006-12-31": "$4", "2006-09-30": "$11", "2006-06-30": "$12", "2006-03-31": "$2", "2005-12-31": "$10", "2005-09-30": "$15", "2005-06-30": "$11", "2005-03-31": "$7"}}, "ebitda": {"United Therapeutics Annual EBITDA (Millions of US $)": {"2019": "$-142", "2018": "$841", "2017": "$846", "2016": "$1,093", "2015": "$732", "2014": "$571", "2013": "$341", "2012": "$464", "2011": "$362", "2010": "$209", "2009": "$54", "2008": "$-64", "2007": "$19", "2006": "$30", "2005": "$45"}, "United Therapeutics Quarterly EBITDA (Millions of US $)": {"2020-09-30": "$233", "2020-06-30": "$153", "2020-03-31": "$179", "2019-12-31": "$76", "2019-09-30": "$196", "2019-06-30": "$232", "2019-03-31": "$-646", "2018-12-31": "$142", "2018-09-30": "$159", "2018-06-30": "$226", "2018-03-31": "$315", "2017-12-31": "$147", "2017-09-30": "$332", "2017-06-30": "$96", "2017-03-31": "$272", "2016-12-31": "$182", "2016-09-30": "$247", "2016-06-30": "$293", "2016-03-31": "$371", "2015-12-31": "$163", "2015-09-30": "$389", "2015-06-30": "$184", "2015-03-31": "$-4", "2014-12-31": "$173", "2014-09-30": "$-19", "2014-06-30": "$189", "2014-03-31": "$229", "2013-12-31": "$-16", "2013-09-30": "$117", "2013-06-30": "$134", "2013-03-31": "$106", "2012-12-31": "$139", "2012-09-30": "$92", "2012-06-30": "$116", "2012-03-31": "$117", "2011-12-31": "$75", "2011-09-30": "$114", "2011-06-30": "$125", "2011-03-31": "$48", "2010-12-31": "$25", "2010-09-30": "$72", "2010-06-30": "$70", "2010-03-31": "$41", "2009-12-31": "$7", "2009-09-30": "$19", "2009-06-30": "$2", "2009-03-31": "$27", "2008-12-31": "$-129", "2008-09-30": "$23", "2008-06-30": "$23", "2008-03-31": "$19", "2007-12-31": "$5", "2007-09-30": "$14", "2007-06-30": "$8", "2007-03-31": "$-7", "2006-12-31": "$4", "2006-09-30": "$12", "2006-06-30": "$12", "2006-03-31": "$3", "2005-12-31": "$11", "2005-09-30": "$15", "2005-06-30": "$12", "2005-03-31": "$7"}}, "net-income": {"United Therapeutics Annual Net Income (Millions of US $)": {"2019": "$-105", "2018": "$589", "2017": "$418", "2016": "$714", "2015": "$652", "2014": "$340", "2013": "$175", "2012": "$304", "2011": "$218", "2010": "$106", "2009": "$19", "2008": "$-49", "2007": "$12", "2006": "$74", "2005": "$65"}, "United Therapeutics Quarterly Net Income (Millions of US $)": {"2020-09-30": "$171", "2020-06-30": "$107", "2020-03-31": "$138", "2019-12-31": "$53", "2019-09-30": "$132", "2019-06-30": "$205", "2019-03-31": "$-495", "2018-12-31": "$65", "2018-09-30": "$107", "2018-06-30": "$173", "2018-03-31": "$245", "2017-12-31": "$19", "2017-09-30": "$276", "2017-06-30": "$-56", "2017-03-31": "$179", "2016-12-31": "$110", "2016-09-30": "$162", "2016-06-30": "$206", "2016-03-31": "$236", "2015-12-31": "$105", "2015-09-30": "$464", "2015-06-30": "$99", "2015-03-31": "$-17", "2014-12-31": "$116", "2014-09-30": "$-25", "2014-06-30": "$112", "2014-03-31": "$138", "2013-12-31": "$-30", "2013-09-30": "$63", "2013-06-30": "$80", "2013-03-31": "$62", "2012-12-31": "$83", "2012-09-30": "$78", "2012-06-30": "$72", "2012-03-31": "$71", "2011-12-31": "$43", "2011-09-30": "$84", "2011-06-30": "$74", "2011-03-31": "$16", "2010-12-31": "$10", "2010-09-30": "$40", "2010-06-30": "$38", "2010-03-31": "$19", "2009-12-31": "$-3", "2009-09-30": "$12", "2009-06-30": "$-2", "2009-03-31": "$13", "2008-12-31": "$-82", "2008-09-30": "$11", "2008-06-30": "$12", "2008-03-31": "$10", "2007-12-31": "$-6", "2007-09-30": "$15", "2007-06-30": "$6", "2007-03-31": "$-3", "2006-12-31": "$56", "2006-09-30": "$8", "2006-06-30": "$8", "2006-03-31": "$2", "2005-12-31": "$29", "2005-09-30": "$16", "2005-06-30": "$12", "2005-03-31": "$8"}}, "eps-earnings-per-share-diluted": {"United Therapeutics Annual EPS": {"2019": "$-2.39", "2018": "$13.39", "2017": "$9.31", "2016": "$15.25", "2015": "$12.72", "2014": "$6.28", "2013": "$3.28", "2012": "$5.71", "2011": "$3.67", "2010": "$1.78", "2009": "$0.35", "2008": "$-1.08", "2007": "$0.28", "2006": "$1.53", "2005": "$1.29"}, "United Therapeutics Quarterly EPS": {"2020-09-30": "$3.84", "2020-06-30": "$2.41", "2020-03-31": "$3.12", "2019-12-31": "$1.26", "2019-09-30": "$3.01", "2019-06-30": "$4.66", "2019-03-31": "$-11.32", "2018-12-31": "$1.42", "2018-09-30": "$2.42", "2018-06-30": "$3.98", "2018-03-31": "$5.57", "2017-12-31": "$0.40", "2017-09-30": "$6.27", "2017-06-30": "$-1.25", "2017-03-31": "$3.89", "2016-12-31": "$2.52", "2016-09-30": "$3.50", "2016-06-30": "$4.39", "2016-03-31": "$4.84", "2015-12-31": "$1.93", "2015-09-30": "$9.24", "2015-06-30": "$1.91", "2015-03-31": "$-0.36", "2014-12-31": "$2.28", "2014-09-30": "$-0.53", "2014-06-30": "$2.10", "2014-03-31": "$2.43", "2013-12-31": "$-0.60", "2013-09-30": "$1.17", "2013-06-30": "$1.52", "2013-03-31": "$1.19", "2012-12-31": "$1.62", "2012-09-30": "$1.46", "2012-06-30": "$1.34", "2012-03-31": "$1.29", "2011-12-31": "$0.85", "2011-09-30": "$1.38", "2011-06-30": "$1.18", "2011-03-31": "$0.26", "2010-12-31": "$0.18", "2010-09-30": "$0.66", "2010-06-30": "$0.62", "2010-03-31": "$0.32", "2009-12-31": "$-0.06", "2009-09-30": "$0.21", "2009-06-30": "$-0.04", "2009-03-31": "$0.24", "2008-12-31": "$-1.76", "2008-09-30": "$0.22", "2008-06-30": "$0.25", "2008-03-31": "$0.21", "2007-12-31": "$-0.12", "2007-09-30": "$0.33", "2007-06-30": "$0.13", "2007-03-31": "$-0.07", "2006-12-31": "$1.17", "2006-09-30": "$0.17", "2006-06-30": "$0.15", "2006-03-31": "$0.05", "2005-12-31": "$0.59", "2005-09-30": "$0.31", "2005-06-30": "$0.25", "2005-03-31": "$0.16"}}, "shares-outstanding": {"United Therapeutics Annual Shares Outstanding (Millions of Shares)": {"2019": "44", "2018": "44", "2017": "45", "2016": "47", "2015": "51", "2014": "54", "2013": "53", "2012": "53", "2011": "59", "2010": "60", "2009": "56", "2008": "46", "2007": "45", "2006": "48", "2005": "50"}, "United Therapeutics Quarterly Shares Outstanding (Millions of Shares)": {"2020-09-30": "45", "2020-06-30": "44", "2020-03-31": "44", "2019-12-31": "44", "2019-09-30": "44", "2019-06-30": "44", "2019-03-31": "44", "2018-12-31": "44", "2018-09-30": "44", "2018-06-30": "43", "2018-03-31": "44", "2017-12-31": "45", "2017-09-30": "44", "2017-06-30": "45", "2017-03-31": "46", "2016-12-31": "47", "2016-09-30": "46", "2016-06-30": "47", "2016-03-31": "49", "2015-12-31": "51", "2015-09-30": "50", "2015-06-30": "52", "2015-03-31": "47", "2014-12-31": "54", "2014-09-30": "47", "2014-06-30": "53", "2014-03-31": "57", "2013-12-31": "53", "2013-09-30": "54", "2013-06-30": "53", "2013-03-31": "52", "2012-12-31": "53", "2012-09-30": "54", "2012-06-30": "54", "2012-03-31": "55", "2011-12-31": "59", "2011-09-30": "61", "2011-06-30": "63", "2011-03-31": "63", "2010-12-31": "60", "2010-09-30": "60", "2010-06-30": "60", "2010-03-31": "60", "2009-12-31": "56", "2009-09-30": "58", "2009-06-30": "53", "2009-03-31": "54", "2008-12-31": "46", "2008-09-30": "51", "2008-06-30": "49", "2008-03-31": "48", "2007-12-31": "45", "2007-09-30": "45", "2007-06-30": "44", "2007-03-31": "43", "2006-12-31": "48", "2006-09-30": "50", "2006-06-30": "51", "2006-03-31": "51", "2005-12-31": "50", "2005-09-30": "51", "2005-06-30": "50", "2005-03-31": "49"}}, "total-assets": {"United Therapeutics Annual Total Assets (Millions of US $)": {"2019": "$3,913", "2018": "$3,401", "2017": "$2,879", "2016": "$2,326", "2015": "$2,184", "2014": "$1,884", "2013": "$2,088", "2012": "$1,627", "2011": "$1,518", "2010": "$1,432", "2009": "$1,052", "2008": "$875", "2007": "$587", "2006": "$477", "2005": "$291"}, "United Therapeutics Quarterly Total Assets (Millions of US $)": {"2020-09-30": "$4,411", "2020-06-30": "$4,219", "2020-03-31": "$4,026", "2019-12-31": "$3,913", "2019-09-30": "$4,000", "2019-06-30": "$3,899", "2019-03-31": "$3,727", "2018-12-31": "$3,401", "2018-09-30": "$3,412", "2018-06-30": "$3,245", "2018-03-31": "$3,020", "2017-12-31": "$2,879", "2017-09-30": "$2,936", "2017-06-30": "$2,692", "2017-03-31": "$2,561", "2016-12-31": "$2,326", "2016-09-30": "$2,269", "2016-06-30": "$2,202", "2016-03-31": "$2,192", "2015-12-31": "$2,184", "2015-09-30": "$2,159", "2015-06-30": "$1,737", "2015-03-31": "$1,895", "2014-12-31": "$1,884", "2014-09-30": "$2,072", "2014-06-30": "$1,953", "2014-03-31": "$2,115", "2013-12-31": "$2,088", "2013-09-30": "$1,928", "2013-06-30": "$1,778", "2013-03-31": "$1,697", "2012-12-31": "$1,627", "2012-09-30": "$1,647", "2012-06-30": "$1,556", "2012-03-31": "$1,561", "2011-12-31": "$1,518", "2011-09-30": "$1,667", "2011-06-30": "$1,579", "2011-03-31": "$1,485", "2010-12-31": "$1,432", "2010-09-30": "$1,283", "2010-06-30": "$1,188", "2010-03-31": "$1,127", "2009-12-31": "$1,052", "2009-09-30": "$1,005", "2009-06-30": "$952", "2009-03-31": "$903", "2008-12-31": "$875", "2008-09-30": "$767", "2008-06-30": "$680", "2008-03-31": "$638", "2007-12-31": "$587", "2007-09-30": "$513", "2007-06-30": "$472", "2007-03-31": "$436", "2006-12-31": "$477", "2006-09-30": "$298", "2006-06-30": "$325", "2006-03-31": "$305", "2005-12-31": "$291", "2005-09-30": "$257", "2005-06-30": "$234", "2005-03-31": "$217"}}, "cash-on-hand": {"United Therapeutics Annual Cash on Hand (Millions of US $)": {"2019": "$1,486", "2018": "$1,416", "2017": "$927", "2016": "$1,051", "2015": "$954", "2014": "$696", "2013": "$694", "2012": "$479", "2011": "$403", "2010": "$627", "2009": "$229", "2008": "$236", "2007": "$290", "2006": "$228", "2005": "$125"}, "United Therapeutics Quarterly Cash on Hand (Millions of US $)": {"2020-09-30": "$1,581", "2020-06-30": "$1,561", "2020-03-31": "$1,545", "2019-12-31": "$1,486", "2019-09-30": "$1,570", "2019-06-30": "$1,786", "2019-03-31": "$1,605", "2018-12-31": "$1,416", "2018-09-30": "$1,238", "2018-06-30": "$1,213", "2018-03-31": "$1,257", "2017-12-31": "$927", "2017-09-30": "$1,211", "2017-06-30": "$1,115", "2017-03-31": "$1,156", "2016-12-31": "$1,051", "2016-09-30": "$1,033", "2016-06-30": "$945", "2016-03-31": "$975", "2015-12-31": "$954", "2015-09-30": "$922", "2015-06-30": "$440", "2015-03-31": "$657", "2014-12-31": "$696", "2014-09-30": "$768", "2014-06-30": "$568", "2014-03-31": "$760", "2013-12-31": "$694", "2013-09-30": "$717", "2013-06-30": "$697", "2013-03-31": "$671", "2012-12-31": "$479", "2012-09-30": "$503", "2012-06-30": "$392", "2012-03-31": "$409", "2011-12-31": "$403", "2011-09-30": "$695", "2011-06-30": "$730", "2011-03-31": "$683", "2010-12-31": "$627", "2010-09-30": "$462", "2010-06-30": "$379", "2010-03-31": "$293", "2009-12-31": "$229", "2009-09-30": "$235", "2009-06-30": "$220", "2009-03-31": "$186", "2008-12-31": "$236", "2008-09-30": "$232", "2008-06-30": "$214", "2008-03-31": "$265", "2007-12-31": "$290", "2007-09-30": "$237", "2007-06-30": "$198", "2007-03-31": "$171", "2006-12-31": "$228", "2006-09-30": "$144", "2006-06-30": "$166", "2006-03-31": "$148", "2005-12-31": "$125", "2005-09-30": "$113", "2005-06-30": "$95", "2005-03-31": "$90"}}, "long-term-debt": {"United Therapeutics Annual Long Term Debt (Millions of US $)": {"2019": "$600", "2018": "$250", "2017": "$250", "2016": "$", "2015": "$", "2014": "$", "2013": "$", "2012": "$275", "2011": "$266", "2010": "$69", "2009": "$30", "2008": "$235", "2007": "$", "2006": "$250", "2005": "$0"}, "United Therapeutics Quarterly Long Term Debt (Millions of US $)": {"2020-09-30": "$800", "2020-06-30": "$800", "2020-03-31": "$800", "2019-12-31": "$600", "2019-09-30": "$750", "2019-06-30": "$800", "2019-03-31": "$1,050", "2018-12-31": "$250", "2018-09-30": "$250", "2018-06-30": "$250", "2018-03-31": "$250", "2017-12-31": "$250", "2017-09-30": "", "2017-06-30": "", "2017-03-31": "", "2016-12-31": "", "2016-09-30": "", "2016-06-30": "", "2016-03-31": "", "2015-12-31": "", "2015-09-30": "", "2015-06-30": "", "2015-03-31": "", "2014-12-31": "", "2014-09-30": "", "2014-06-30": "", "2014-03-31": "", "2013-12-31": "", "2013-09-30": "", "2013-06-30": "", "2013-03-31": "$207", "2012-12-31": "$275", "2012-09-30": "$202", "2012-06-30": "$199", "2012-03-31": "$268", "2011-12-31": "$266", "2011-09-30": "$69", "2011-06-30": "$69", "2011-03-31": "$69", "2010-12-31": "$69", "2010-09-30": "", "2010-06-30": "", "2010-03-31": "$31", "2009-12-31": "$30", "2009-09-30": "$30", "2009-06-30": "$243", "2009-03-31": "$239", "2008-12-31": "$235", "2008-09-30": "$29", "2008-06-30": "", "2008-03-31": "$228", "2007-12-31": "", "2007-09-30": "$250", "2007-06-30": "$250", "2007-03-31": "$250", "2006-12-31": "$250", "2006-09-30": "$0", "2006-06-30": "$0", "2006-03-31": "$0", "2005-12-31": "$0", "2005-09-30": "$0", "2005-06-30": "$0", "2005-03-31": "$0"}}, "total-liabilities": {"United Therapeutics Annual Total Liabilities (Millions of US $)": {"2019": "$1,133", "2018": "$612", "2017": "$778", "2016": "$474", "2015": "$596", "2014": "$642", "2013": "$828", "2012": "$543", "2011": "$570", "2010": "$548", "2009": "$399", "2008": "$319", "2007": "$291", "2006": "$272", "2005": "$16"}, "United Therapeutics Quarterly Total Liabilities (Millions of US $)": {"2020-09-30": "$1,128", "2020-06-30": "$1,126", "2020-03-31": "$1,077", "2019-12-31": "$1,133", "2019-09-30": "$1,284", "2019-06-30": "$1,341", "2019-03-31": "$1,408", "2018-12-31": "$612", "2018-09-30": "$719", "2018-06-30": "$679", "2018-03-31": "$651", "2017-12-31": "$778", "2017-09-30": "$866", "2017-06-30": "$915", "2017-03-31": "$496", "2016-12-31": "$474", "2016-09-30": "$431", "2016-06-30": "$395", "2016-03-31": "$480", "2015-12-31": "$596", "2015-09-30": "$692", "2015-06-30": "$696", "2015-03-31": "$803", "2014-12-31": "$642", "2014-09-30": "$892", "2014-06-30": "$779", "2014-03-31": "$799", "2013-12-31": "$828", "2013-09-30": "$667", "2013-06-30": "$612", "2013-03-31": "$547", "2012-12-31": "$543", "2012-09-30": "$587", "2012-06-30": "$547", "2012-03-31": "$537", "2011-12-31": "$570", "2011-09-30": "$582", "2011-06-30": "$576", "2011-03-31": "$561", "2010-12-31": "$548", "2010-09-30": "$442", "2010-06-30": "$405", "2010-03-31": "$398", "2009-12-31": "$399", "2009-09-30": "$365", "2009-06-30": "$347", "2009-03-31": "$326", "2008-12-31": "$319", "2008-09-30": "$348", "2008-06-30": "$316", "2008-03-31": "$312", "2007-12-31": "$291", "2007-09-30": "$302", "2007-06-30": "$293", "2007-03-31": "$285", "2006-12-31": "$272", "2006-09-30": "$23", "2006-06-30": "$26", "2006-03-31": "$19", "2005-12-31": "$16", "2005-09-30": "$19", "2005-06-30": "$17", "2005-03-31": "$14"}}, "total-share-holder-equity": {"United Therapeutics Annual Share Holder Equity (Millions of US $)": {"2019": "$2,780", "2018": "$2,789", "2017": "$2,102", "2016": "$1,851", "2015": "$1,589", "2014": "$1,242", "2013": "$1,259", "2012": "$1,084", "2011": "$948", "2010": "$884", "2009": "$653", "2008": "$555", "2007": "$296", "2006": "$205", "2005": "$275"}, "United Therapeutics Quarterly Share Holder Equity (Millions of US $)": {"2020-09-30": "$3,283", "2020-06-30": "$3,094", "2020-03-31": "$2,949", "2019-12-31": "$2,780", "2019-09-30": "$2,716", "2019-06-30": "$2,558", "2019-03-31": "$2,319", "2018-12-31": "$2,789", "2018-09-30": "$2,693", "2018-06-30": "$2,566", "2018-03-31": "$2,369", "2017-12-31": "$2,102", "2017-09-30": "$2,070", "2017-06-30": "$1,776", "2017-03-31": "$2,065", "2016-12-31": "$1,851", "2016-09-30": "$1,839", "2016-06-30": "$1,806", "2016-03-31": "$1,712", "2015-12-31": "$1,589", "2015-09-30": "$1,467", "2015-06-30": "$1,040", "2015-03-31": "$1,092", "2014-12-31": "$1,242", "2014-09-30": "$1,180", "2014-06-30": "$1,174", "2014-03-31": "$1,316", "2013-12-31": "$1,259", "2013-09-30": "$1,260", "2013-06-30": "$1,165", "2013-03-31": "$1,151", "2012-12-31": "$1,084", "2012-09-30": "$1,061", "2012-06-30": "$1,010", "2012-03-31": "$1,025", "2011-12-31": "$948", "2011-09-30": "$1,085", "2011-06-30": "$1,002", "2011-03-31": "$924", "2010-12-31": "$884", "2010-09-30": "$841", "2010-06-30": "$782", "2010-03-31": "$728", "2009-12-31": "$653", "2009-09-30": "$640", "2009-06-30": "$605", "2009-03-31": "$577", "2008-12-31": "$555", "2008-09-30": "$419", "2008-06-30": "$363", "2008-03-31": "$326", "2007-12-31": "$296", "2007-09-30": "$211", "2007-06-30": "$179", "2007-03-31": "$151", "2006-12-31": "$205", "2006-09-30": "$275", "2006-06-30": "$300", "2006-03-31": "$285", "2005-12-31": "$275", "2005-09-30": "$238", "2005-06-30": "$217", "2005-03-31": "$203"}}, "profit-margins": {"current": "33.25%"}, "gross margin": {"2020-09-30": "92.76%", "2020-06-30": "92.24%", "2020-03-31": "92.24%", "2019-12-31": "91.86%", "2019-09-30": "92.11%", "2019-06-30": "90.92%", "2019-03-31": "89.14%", "2018-12-31": "87.84%", "2018-09-30": "87.15%", "2018-06-30": "89.23%", "2018-03-31": "91.69%", "2017-12-31": "93.80%", "2017-09-30": "95.09%", "2017-06-30": "94.79%", "2017-03-31": "94.63%", "2016-12-31": "95.50%", "2016-09-30": "95.67%", "2016-06-30": "96.63%", "2016-03-31": "96.75%", "2015-12-31": "95.29%", "2015-09-30": "95.81%", "2015-06-30": "93.12%", "2015-03-31": "91.26%", "2014-12-31": "90.30%", "2014-09-30": "87.90%", "2014-06-30": "88.53%", "2014-03-31": "88.63%", "2013-12-31": "88.27%", "2013-09-30": "87.87%", "2013-06-30": "87.45%", "2013-03-31": "87.04%", "2012-12-31": "87.01%", "2012-09-30": "87.77%", "2012-06-30": "87.67%", "2012-03-31": "88.15%", "2011-12-31": "88.04%", "2011-09-30": "88.45%", "2011-06-30": "88.18%", "2011-03-31": "88.06%", "2010-12-31": "88.22%", "2010-09-30": "88.51%", "2010-06-30": "88.45%", "2010-03-31": "88.48%", "2009-12-31": "88.58%", "2009-09-30": "88.13%", "2009-06-30": "88.89%", "2009-03-31": "89.00%", "2008-12-31": "89.01%", "2008-09-30": "89.10%", "2008-06-30": "89.20%", "2008-03-31": "89.27%", "2007-12-31": "89.57%", "2007-09-30": "89.34%", "2007-06-30": "89.33%", "2007-03-31": "89.76%", "2006-12-31": "89.31%", "2006-09-30": "88.81%", "2006-06-30": "88.97%", "2006-03-31": "88.89%", "2005-12-31": "89.66%"}, "operating margin": {"2020-09-30": "42.09%", "2020-06-30": "38.78%", "2020-03-31": "44.01%", "2019-12-31": "-12.97%", "2019-09-30": "-7.89%", "2019-06-30": "-9.99%", "2019-03-31": "-9.80%", "2018-12-31": "49.51%", "2018-09-30": "47.49%", "2018-06-30": "56.56%", "2018-03-31": "49.23%", "2017-12-31": "47.25%", "2017-09-30": "50.93%", "2017-06-30": "46.91%", "2017-03-31": "60.09%", "2016-12-31": "66.42%", "2016-09-30": "65.39%", "2016-06-30": "75.72%", "2016-03-31": "71.53%", "2015-12-31": "47.68%", "2015-09-30": "51.39%", "2015-06-30": "22.50%", "2015-03-31": "23.21%", "2014-12-31": "41.85%", "2014-09-30": "26.97%", "2014-06-30": "38.99%", "2014-03-31": "35.75%", "2013-12-31": "26.23%", "2013-09-30": "41.98%", "2013-06-30": "42.09%", "2013-03-31": "42.84%", "2012-12-31": "46.18%", "2012-09-30": "41.29%", "2012-06-30": "45.95%", "2012-03-31": "49.43%", "2011-12-31": "42.74%", "2011-09-30": "37.89%", "2011-06-30": "33.68%", "2011-03-31": "27.87%", "2010-12-31": "28.62%", "2010-09-30": "28.81%", "2010-06-30": "22.44%", "2010-03-31": "9.31%", "2009-12-31": "7.52%", "2009-09-30": "-31.16%", "2009-06-30": "-31.43%", "2009-03-31": "-25.33%", "2008-12-31": "-29.08%", "2008-09-30": "16.54%", "2008-06-30": "16.00%", "2008-03-31": "12.45%", "2007-12-31": "2.84%", "2007-09-30": "9.14%", "2007-06-30": "8.43%", "2007-03-31": "11.45%", "2006-12-31": "18.24%", "2006-09-30": "24.48%", "2006-06-30": "28.68%", "2006-03-31": "30.16%", "2005-12-31": "37.07%"}, "ebitda margin": {"2020-09-30": "45.49%", "2020-06-30": "42.21%", "2020-03-31": "47.33%", "2019-12-31": "-9.79%", "2019-09-30": "-5.00%", "2019-06-30": "-7.38%", "2019-03-31": "-7.43%", "2018-12-31": "51.72%", "2018-09-30": "49.47%", "2018-06-30": "58.45%", "2018-03-31": "51.00%", "2017-12-31": "49.04%", "2017-09-30": "52.78%", "2017-06-30": "48.81%", "2017-03-31": "62.09%", "2016-12-31": "68.36%", "2016-09-30": "67.34%", "2016-06-30": "77.30%", "2016-03-31": "73.46%", "2015-12-31": "49.93%", "2015-09-30": "52.74%", "2015-06-30": "24.72%", "2015-03-31": "25.55%", "2014-12-31": "44.41%", "2014-09-30": "31.11%", "2014-06-30": "43.14%", "2014-03-31": "39.97%", "2013-12-31": "30.53%", "2013-09-30": "46.27%", "2013-06-30": "46.54%", "2013-03-31": "47.34%", "2012-12-31": "50.66%", "2012-09-30": "46.14%", "2012-06-30": "51.03%", "2012-03-31": "54.90%", "2011-12-31": "48.66%", "2011-09-30": "43.94%", "2011-06-30": "39.88%", "2011-03-31": "34.24%", "2010-12-31": "35.02%", "2010-09-30": "35.78%", "2010-06-30": "29.85%", "2010-03-31": "16.91%", "2009-12-31": "15.32%", "2009-09-30": "-24.04%", "2009-06-30": "-24.44%", "2009-03-31": "-18.67%", "2008-12-31": "-22.70%", "2008-09-30": "26.32%", "2008-06-30": "24.40%", "2008-03-31": "19.74%", "2007-12-31": "9.48%", "2007-09-30": "9.64%", "2007-06-30": "9.55%", "2007-03-31": "12.65%", "2006-12-31": "19.50%", "2006-09-30": "26.57%", "2006-06-30": "30.15%", "2006-03-31": "32.54%", "2005-12-31": "38.79%"}, "pre tax profit margin": {"2020-09-30": "42.09%", "2020-06-30": "37.81%", "2020-03-31": "45.53%", "2019-12-31": "-11.45%", "2019-09-30": "-9.34%", "2019-06-30": "-11.04%", "2019-03-31": "-12.55%", "2018-12-31": "46.62%", "2018-09-30": "47.20%", "2018-06-30": "56.68%", "2018-03-31": "46.70%", "2017-12-31": "44.59%", "2017-09-30": "47.94%", "2017-06-30": "44.03%", "2017-03-31": "60.02%", "2016-12-31": "66.35%", "2016-09-30": "65.52%", "2016-06-30": "98.09%", "2016-03-31": "94.56%", "2015-12-31": "71.21%", "2015-09-30": "75.55%", "2015-06-30": "21.47%", "2015-03-31": "22.23%", "2014-12-31": "40.76%", "2014-09-30": "25.83%", "2014-06-30": "37.82%", "2014-03-31": "34.54%", "2013-12-31": "24.98%", "2013-09-30": "40.67%", "2013-06-30": "43.77%", "2013-03-31": "44.62%", "2012-12-31": "48.03%", "2012-09-30": "43.14%", "2012-06-30": "44.01%", "2012-03-31": "47.26%", "2011-12-31": "40.19%", "2011-09-30": "35.35%", "2011-06-30": "31.17%", "2011-03-31": "25.16%", "2010-12-31": "26.09%", "2010-09-30": "26.18%", "2010-06-30": "19.61%", "2010-03-31": "6.62%", "2009-12-31": "5.01%", "2009-09-30": "-33.23%", "2009-06-30": "-33.02%", "2009-03-31": "-26.33%", "2008-12-31": "-29.79%", "2008-09-30": "12.78%", "2008-06-30": "13.60%", "2008-03-31": "10.30%", "2007-12-31": "2.37%", "2007-09-30": "15.23%", "2007-06-30": "15.17%", "2007-03-31": "19.28%", "2006-12-31": "25.16%", "2006-09-30": "30.77%", "2006-06-30": "33.82%", "2006-03-31": "34.92%", "2005-12-31": "41.38%"}, "net profit margin": {"2020-09-30": "33.29%", "2020-06-30": "30.05%", "2020-03-31": "36.59%", "2019-12-31": "-7.24%", "2019-09-30": "-6.12%", "2019-06-30": "-7.71%", "2019-03-31": "-9.36%", "2018-12-31": "36.24%", "2018-09-30": "31.78%", "2018-06-30": "40.86%", "2018-03-31": "27.74%", "2017-12-31": "24.20%", "2017-09-30": "30.46%", "2017-06-30": "24.19%", "2017-03-31": "41.04%", "2016-12-31": "44.65%", "2016-09-30": "44.45%", "2016-06-30": "64.27%", "2016-03-31": "59.99%", "2015-12-31": "44.41%", "2015-09-30": "47.05%", "2015-06-30": "12.81%", "2015-03-31": "14.02%", "2014-12-31": "26.48%", "2014-09-30": "15.84%", "2014-06-30": "23.52%", "2014-03-31": "21.62%", "2013-12-31": "15.67%", "2013-09-30": "26.87%", "2013-06-30": "29.94%", "2013-03-31": "30.83%", "2012-12-31": "33.19%", "2012-09-30": "30.45%", "2012-06-30": "32.65%", "2012-03-31": "34.65%", "2011-12-31": "29.17%", "2011-09-30": "25.92%", "2011-06-30": "20.68%", "2011-03-31": "16.56%", "2010-12-31": "18.01%", "2010-09-30": "17.70%", "2010-06-30": "14.38%", "2010-03-31": "6.37%", "2009-12-31": "5.57%", "2009-09-30": "-17.51%", "2009-06-30": "-19.05%", "2009-03-31": "-15.33%", "2008-12-31": "-17.38%", "2008-09-30": "10.15%", "2008-06-30": "12.40%", "2008-03-31": "10.73%", "2007-12-31": "5.69%", "2007-09-30": "37.56%", "2007-06-30": "37.64%", "2007-03-31": "41.57%", "2006-12-31": "46.54%", "2006-09-30": "32.87%", "2006-06-30": "40.44%", "2006-03-31": "46.83%", "2005-12-31": "56.03%"}, "pe ratio": {"current": "16.06", "2021-02-05": "16.06", "2020-09-30": "9.56", "2020-06-30": "12.42", "2020-03-31": "7.91", "2019-12-31": "0.00", "2019-09-30": "0.00", "2019-06-30": "0.00", "2019-03-31": "0.00", "2018-12-31": "8.10", "2018-09-30": "10.31", "2018-06-30": "6.96", "2018-03-31": "10.20", "2017-12-31": "15.84", "2017-09-30": "10.33", "2017-06-30": "15.14", "2017-03-31": "9.53", "2016-12-31": "9.46", "2016-09-30": "7.96", "2016-06-30": "5.15", "2016-03-31": "6.16", "2015-12-31": "12.15", "2015-09-30": "10.13", "2015-06-30": "54.53", "2015-03-31": "51.02", "2014-12-31": "20.99", "2014-09-30": "37.84", "2014-06-30": "17.35", "2014-03-31": "20.80", "2013-12-31": "34.48", "2013-09-30": "14.39", "2013-06-30": "11.41", "2013-03-31": "10.89", "2012-12-31": "9.39", "2012-09-30": "11.50", "2012-06-30": "10.33", "2012-03-31": "10.20", "2011-12-31": "13.16", "2011-09-30": "12.62", "2011-06-30": "24.49", "2011-03-31": "39.66", "2010-12-31": "36.13", "2010-09-30": "36.37", "2010-06-30": "44.78", "2010-03-31": "130.19", "2009-12-31": "150.43", "2009-09-30": "0.00", "2009-06-30": "0.00", "2009-03-31": "0.00", "2008-12-31": "0.00", "2008-09-30": "64.13", "2008-06-30": "54.31", "2008-03-31": "58.98", "2007-12-31": "112.24", "2007-09-30": "20.73", "2007-06-30": "22.06", "2007-03-31": "18.35", "2006-12-31": "17.26"}, "price sales": {"2021-02-05": "5.33", "2020-09-30": "3.17", "2020-06-30": "3.73", "2020-03-31": "2.89", "2019-12-31": "2.67", "2019-09-30": "2.31", "2019-06-30": "2.24", "2019-03-31": "3.21", "2018-12-31": "2.93", "2018-09-30": "3.29", "2018-06-30": "2.86", "2018-03-31": "2.86", "2017-12-31": "3.85", "2017-09-30": "3.18", "2017-06-30": "3.65", "2017-03-31": "3.93", "2016-12-31": "4.22", "2016-09-30": "3.57", "2016-06-30": "3.31", "2016-03-31": "3.73", "2015-12-31": "5.34", "2015-09-30": "4.72", "2015-06-30": "6.43", "2015-03-31": "6.52", "2014-12-31": "5.28", "2014-09-30": "5.46", "2014-06-30": "3.98", "2014-03-31": "4.37", "2013-12-31": "5.37", "2013-09-30": "3.90", "2013-06-30": "3.44", "2013-03-31": "3.39", "2012-12-31": "3.14", "2012-09-30": "3.56", "2012-06-30": "3.41", "2012-03-31": "3.56", "2011-12-31": "3.90", "2011-09-30": "3.25", "2011-06-30": "5.00", "2011-03-31": "6.49", "2010-12-31": "6.40", "2010-09-30": "6.28", "2010-06-30": "6.25", "2010-03-31": "7.72", "2009-12-31": "8.12", "2009-09-30": "7.66", "2009-06-30": "6.74", "2009-03-31": "5.50", "2008-12-31": "5.37", "2008-09-30": "9.55", "2008-06-30": "9.14", "2008-03-31": "8.48", "2007-12-31": "10.24", "2007-09-30": "7.59", "2007-06-30": "8.22", "2007-03-31": "7.69", "2006-12-31": "8.49"}, "price book": {"current": "2.30", "2021-02-05": "2.30", "2020-09-30": "1.37", "2020-06-30": "1.73", "2020-03-31": "1.42", "2019-12-31": "1.39", "2019-09-30": "1.29", "2019-06-30": "1.34", "2019-03-31": "2.22", "2018-12-31": "1.70", "2018-09-30": "2.07", "2018-06-30": "1.92", "2018-03-31": "2.06", "2017-12-31": "3.04", "2017-09-30": "2.45", "2017-06-30": "3.17", "2017-03-31": "2.95", "2016-12-31": "3.33", "2016-09-30": "2.74", "2016-06-30": "2.56", "2016-03-31": "2.92", "2015-12-31": "4.51", "2015-09-30": "4.08", "2015-06-30": "7.64", "2015-03-31": "7.32", "2014-12-31": "4.91", "2014-09-30": "5.17", "2014-06-30": "3.56", "2014-03-31": "3.55", "2013-12-31": "4.52", "2013-09-30": "3.14", "2013-06-30": "2.81", "2013-03-31": "2.66", "2012-12-31": "2.47", "2012-09-30": "2.70", "2012-06-30": "2.53", "2012-03-31": "2.47", "2011-12-31": "2.67", "2011-09-30": "2.02", "2011-06-30": "3.21", "2011-03-31": "4.21", "2010-12-31": "4.12", "2010-09-30": "3.78", "2010-06-30": "3.52", "2010-03-31": "4.23", "2009-12-31": "4.37", "2009-09-30": "4.12", "2009-06-30": "3.66", "2009-03-31": "3.03", "2008-12-31": "2.98", "2008-09-30": "5.82", "2008-06-30": "6.12", "2008-03-31": "5.97", "2007-12-31": "7.34", "2007-09-30": "6.71", "2007-06-30": "7.47", "2007-03-31": "7.37", "2006-12-31": "5.71", "2006-09-30": "4.43", "2006-06-30": "4.56", "2006-03-31": "5.46"}, "price fcf": {"2021-02-05": "", "2020-09-30": "$14.85", "2020-06-30": "$13.47", "2020-03-31": "$12.87", "2019-12-31": "$-6.63", "2019-09-30": "$-7.60", "2019-06-30": "$-7.17", "2019-03-31": "$-6.86", "2018-12-31": "$13.50", "2018-09-30": "$10.00", "2018-06-30": "$11.32", "2018-03-31": "$9.56", "2017-12-31": "$8.82", "2017-09-30": "$14.61", "2017-06-30": "$13.78", "2017-03-31": "$15.12", "2016-12-31": "$12.94", "2016-09-30": "$9.64", "2016-06-30": "$8.82", "2016-03-31": "$6.76", "2015-12-31": "$6.50", "2015-09-30": "$7.79", "2015-06-30": "$7.96", "2015-03-31": "$6.31", "2014-12-31": "$5.68", "2014-09-30": "$6.40", "2014-06-30": "$4.58", "2014-03-31": "$7.23", "2013-12-31": "$7.39", "2013-09-30": "$7.22", "2013-06-30": "$6.49", "2013-03-31": "$5.81", "2012-12-31": "$3.97", "2012-09-30": "$3.35", "2012-06-30": "$2.79", "2012-03-31": "$2.81", "2011-12-31": "$3.61", "2011-09-30": "$3.24", "2011-06-30": "$3.82", "2011-03-31": "$3.53", "2010-12-31": "$3.24", "2010-09-30": "$2.73", "2010-06-30": "$0.93", "2010-03-31": "$0.86", "2009-12-31": "$0.08", "2009-09-30": "$-3.41", "2009-06-30": "$-3.82", "2009-03-31": "$-4.37", "2008-12-31": "$-3.60", "2008-09-30": "$-0.87", "2008-06-30": "$0.11", "2008-03-31": "$0.55", "2007-12-31": "$0.23", "2007-09-30": "$0.74", "2007-06-30": "$0.61", "2007-03-31": "$0.53", "2006-12-31": "$0.70"}, "net worth": {"value": "$7.54B"}, "current ratio": {"current": "7.22", "2020-09-30": "7.22", "2020-06-30": "7.43", "2020-03-31": "8.91", "2019-12-31": "4.03", "2019-09-30": "4.11", "2019-06-30": "4.62", "2019-03-31": "7.19", "2018-12-31": "6.39", "2018-09-30": "4.32", "2018-06-30": "4.64", "2018-03-31": "5.13", "2017-12-31": "3.26", "2017-09-30": "2.08", "2017-06-30": "1.86", "2017-03-31": "3.52", "2016-12-31": "4.29", "2016-09-30": "4.41", "2016-06-30": "4.50", "2016-03-31": "3.64", "2015-12-31": "2.89", "2015-09-30": "2.20", "2015-06-30": "1.53", "2015-03-31": "1.54", "2014-12-31": "1.90", "2014-09-30": "1.42", "2014-06-30": "1.34", "2014-03-31": "1.50", "2013-12-31": "1.33", "2013-09-30": "1.99", "2013-06-30": "2.19", "2013-03-31": "4.78", "2012-12-31": "3.78", "2012-09-30": "3.16", "2012-06-30": "3.04", "2012-03-31": "3.27", "2011-12-31": "2.65", "2011-09-30": "1.99", "2011-06-30": "1.94", "2011-03-31": "1.84", "2010-12-31": "1.78", "2010-09-30": "1.51", "2010-06-30": "1.41", "2010-03-31": "1.21", "2009-12-31": "0.98", "2009-09-30": "1.07", "2009-06-30": "3.78", "2009-03-31": "4.47", "2008-12-31": "5.16", "2008-09-30": "1.01", "2008-06-30": "0.96", "2008-03-31": "5.42", "2007-12-31": "1.29", "2007-09-30": "8.75", "2007-06-30": "10.59", "2007-03-31": "11.39", "2006-12-31": "14.41", "2006-09-30": "9.01", "2006-06-30": "8.69", "2006-03-31": "10.54", "2005-12-31": "11.48", "2005-09-30": "8.58", "2005-06-30": "8.04", "2005-03-31": "10.01"}, "quick ratio": {"2020-09-30": "6.88", "2020-06-30": "7.08", "2020-03-31": "8.46", "2019-12-31": "3.83", "2019-09-30": "3.91", "2019-06-30": "4.41", "2019-03-31": "6.84", "2018-12-31": "6.03", "2018-09-30": "4.05", "2018-06-30": "4.35", "2018-03-31": "4.81", "2017-12-31": "3.01", "2017-09-30": "1.93", "2017-06-30": "1.73", "2017-03-31": "3.27", "2016-12-31": "3.98", "2016-09-30": "4.11", "2016-06-30": "4.19", "2016-03-31": "3.39", "2015-12-31": "2.71", "2015-09-30": "2.06", "2015-06-30": "1.39", "2015-03-31": "1.43", "2014-12-31": "1.77", "2014-09-30": "1.33", "2014-06-30": "1.25", "2014-03-31": "1.43", "2013-12-31": "1.26", "2013-09-30": "1.88", "2013-06-30": "2.08", "2013-03-31": "4.56", "2012-12-31": "3.57", "2012-09-30": "2.95", "2012-06-30": "2.79", "2012-03-31": "3.01", "2011-12-31": "2.43", "2011-09-30": "1.88", "2011-06-30": "1.84", "2011-03-31": "1.75", "2010-12-31": "1.70", "2010-09-30": "1.42", "2010-06-30": "1.33", "2010-03-31": "1.13", "2009-12-31": "0.90", "2009-09-30": "0.99", "2009-06-30": "3.56", "2009-03-31": "4.22", "2008-12-31": "4.91", "2008-09-30": "0.96", "2008-06-30": "0.91", "2008-03-31": "5.20", "2007-12-31": "1.24", "2007-09-30": "8.38", "2007-06-30": "10.04", "2007-03-31": "10.75", "2006-12-31": "13.78", "2006-09-30": "8.42", "2006-06-30": "8.23", "2006-03-31": "9.95", "2005-12-31": "10.71", "2005-09-30": "7.98", "2005-06-30": "7.42", "2005-03-31": "9.24"}, "debt equity ratio": {"current": "0.24", "2020-09-30": "0.34", "2020-06-30": "0.36", "2020-03-31": "0.37", "2019-12-31": "0.41", "2019-09-30": "0.47", "2019-06-30": "0.52", "2019-03-31": "0.61", "2018-12-31": "0.22", "2018-09-30": "0.27", "2018-06-30": "0.27", "2018-03-31": "0.28", "2017-12-31": "0.37", "2017-09-30": "0.42", "2017-06-30": "0.52", "2017-03-31": "0.24", "2016-12-31": "0.26", "2016-09-30": "0.23", "2016-06-30": "0.22", "2016-03-31": "0.28", "2015-12-31": "0.38", "2015-09-30": "0.47", "2015-06-30": "0.67", "2015-03-31": "0.74", "2014-12-31": "0.52", "2014-09-30": "0.76", "2014-06-30": "0.66", "2014-03-31": "0.61", "2013-12-31": "0.66", "2013-09-30": "0.53", "2013-06-30": "0.53", "2013-03-31": "0.48", "2012-12-31": "0.50", "2012-09-30": "0.55", "2012-06-30": "0.54", "2012-03-31": "0.52", "2011-12-31": "0.60", "2011-09-30": "0.54", "2011-06-30": "0.58", "2011-03-31": "0.61", "2010-12-31": "0.62", "2010-09-30": "0.53", "2010-06-30": "0.52", "2010-03-31": "0.55", "2009-12-31": "0.61", "2009-09-30": "0.57", "2009-06-30": "0.57", "2009-03-31": "0.56", "2008-12-31": "0.58", "2008-09-30": "0.83", "2008-06-30": "0.87", "2008-03-31": "0.96", "2007-12-31": "0.99", "2007-09-30": "1.44", "2007-06-30": "1.64", "2007-03-31": "1.88", "2006-12-31": "1.33", "2006-09-30": "0.08", "2006-06-30": "0.09", "2006-03-31": "0.07", "2005-12-31": "0.06", "2005-09-30": "0.08", "2005-06-30": "0.08", "2005-03-31": "0.07"}, "return on equity": {"2020-09-30": "15.50%", "2020-06-30": "14.91%", "2020-03-31": "19.19%", "2019-12-31": "-4.05%", "2019-09-30": "-3.58%", "2019-06-30": "-4.56%", "2019-03-31": "-5.79%", "2018-12-31": "22.66%", "2018-09-30": "22.36%", "2018-06-30": "31.32%", "2018-03-31": "23.28%", "2017-12-31": "20.87%", "2017-09-30": "26.23%", "2017-06-30": "20.98%", "2017-03-31": "34.76%", "2016-12-31": "39.62%", "2016-09-30": "40.83%", "2016-06-30": "61.52%", "2016-03-31": "62.26%", "2015-12-31": "50.19%", "2015-09-30": "54.70%", "2015-06-30": "15.20%", "2015-03-31": "15.87%", "2014-12-31": "27.77%", "2014-09-30": "15.82%", "2014-06-30": "22.60%", "2014-03-31": "20.08%", "2013-12-31": "14.48%", "2013-09-30": "24.72%", "2013-06-30": "27.17%", "2013-03-31": "27.40%", "2012-12-31": "29.09%", "2012-09-30": "26.11%", "2012-06-30": "26.55%", "2012-03-31": "26.80%", "2011-12-31": "21.92%", "2011-09-30": "18.90%", "2011-06-30": "15.34%", "2011-03-31": "12.12%", "2010-12-31": "13.23%", "2010-09-30": "12.52%", "2010-06-30": "9.42%", "2010-03-31": "3.96%", "2009-12-31": "3.23%", "2009-09-30": "-9.93%", "2009-06-30": "-11.13%", "2009-03-31": "-9.61%", "2008-12-31": "-11.79%", "2008-09-30": "7.69%", "2008-06-30": "10.37%", "2008-03-31": "9.88%", "2007-12-31": "5.73%", "2007-09-30": "39.68%", "2007-06-30": "33.09%", "2007-03-31": "29.65%", "2006-12-31": "27.79%", "2006-09-30": "16.56%", "2006-06-30": "20.04%", "2006-03-31": "23.25%", "2005-12-31": "27.87%"}, "return on assets": {"2020-09-30": "11.32%", "2020-06-30": "10.64%", "2020-03-31": "13.34%", "2019-12-31": "-2.70%", "2019-09-30": "-2.48%", "2019-06-30": "-3.27%", "2019-03-31": "-4.35%", "2018-12-31": "18.05%", "2018-09-30": "17.33%", "2018-06-30": "23.61%", "2018-03-31": "16.80%", "2017-12-31": "15.11%", "2017-09-30": "19.36%", "2017-06-30": "16.04%", "2017-03-31": "28.08%", "2016-12-31": "31.77%", "2016-09-30": "32.06%", "2016-06-30": "46.29%", "2016-03-31": "43.71%", "2015-12-31": "32.65%", "2015-09-30": "34.50%", "2015-06-30": "9.12%", "2015-03-31": "9.53%", "2014-12-31": "17.00%", "2014-09-30": "9.48%", "2014-06-30": "14.00%", "2014-03-31": "12.69%", "2013-12-31": "9.34%", "2013-09-30": "16.39%", "2013-06-30": "17.96%", "2013-03-31": "18.08%", "2012-12-31": "19.03%", "2012-09-30": "16.81%", "2012-06-30": "17.14%", "2012-03-31": "17.20%", "2011-12-31": "13.89%", "2011-09-30": "11.94%", "2011-06-30": "9.69%", "2011-03-31": "7.72%", "2010-12-31": "8.51%", "2010-09-30": "8.09%", "2010-06-30": "6.04%", "2010-03-31": "2.51%", "2009-12-31": "2.04%", "2009-09-30": "-6.32%", "2009-06-30": "-6.86%", "2009-03-31": "-5.71%", "2008-12-31": "-6.62%", "2008-09-30": "4.04%", "2008-06-30": "5.13%", "2008-03-31": "4.52%", "2007-12-31": "2.39%", "2007-09-30": "15.60%", "2007-06-30": "15.92%", "2007-03-31": "17.97%", "2006-12-31": "21.07%", "2006-09-30": "15.42%", "2006-06-30": "18.68%", "2006-03-31": "21.71%", "2005-12-31": "26.03%"}, "return on investments": {"2020-09-30": "15.70%", "2020-06-30": "15.32%", "2020-03-31": "18.20%", "2019-12-31": "-5.54%", "2019-09-30": "-3.63%", "2019-06-30": "-4.82%", "2019-03-31": "-5.16%", "2018-12-31": "28.24%", "2018-09-30": "30.31%", "2018-06-30": "50.70%", "2018-03-31": "69.12%", "2017-12-31": "138.78%", "2017-09-30": "inf%", "2017-06-30": "inf%", "2017-03-31": "inf%", "2016-12-31": "inf%", "2016-09-30": "inf%", "2016-06-30": "inf%", "2016-03-31": "inf%", "2015-12-31": "inf%", "2015-09-30": "inf%", "2015-06-30": "inf%", "2015-03-31": "inf%", "2014-12-31": "inf%", "2014-09-30": "inf%", "2014-06-30": "inf%", "2014-03-31": "inf%", "2013-12-31": "86.30%", "2013-09-30": "66.25%", "2013-06-30": "42.81%", "2013-03-31": "31.61%", "2012-12-31": "33.02%", "2012-09-30": "28.76%", "2012-06-30": "31.21%", "2012-03-31": "32.80%", "2011-12-31": "28.70%", "2011-09-30": "25.80%", "2011-06-30": "30.23%", "2011-03-31": "35.97%", "2010-12-31": "39.72%", "2010-09-30": "42.44%", "2010-06-30": "19.51%", "2010-03-31": "5.14%", "2009-12-31": "3.58%", "2009-09-30": "-13.44%", "2009-06-30": "-13.65%", "2009-03-31": "-14.80%", "2008-12-31": "-18.30%", "2008-09-30": "17.56%", "2008-06-30": "15.76%", "2008-03-31": "8.03%", "2007-12-31": "1.86%", "2007-09-30": "4.12%", "2007-06-30": "3.85%", "2007-03-31": "5.31%", "2006-12-31": "8.82%", "2006-09-30": "12.33%", "2006-06-30": "14.21%", "2006-03-31": "14.98%", "2005-12-31": "18.44%"}, "return on tangible equity": {"2020-09-30": "16.35%", "2020-06-30": "15.77%", "2020-03-31": "20.37%", "2019-12-31": "-4.32%", "2019-09-30": "-3.83%", "2019-06-30": "-4.87%", "2019-03-31": "-6.12%", "2018-12-31": "23.63%", "2018-09-30": "23.09%", "2018-06-30": "31.96%", "2018-03-31": "23.80%", "2017-12-31": "21.32%", "2017-09-30": "26.78%", "2017-06-30": "21.39%", "2017-03-31": "35.38%", "2016-12-31": "40.38%", "2016-09-30": "41.61%", "2016-06-30": "62.72%", "2016-03-31": "63.57%", "2015-12-31": "51.34%", "2015-09-30": "56.04%", "2015-06-30": "15.54%", "2015-03-31": "16.17%", "2014-12-31": "28.18%", "2014-09-30": "16.01%", "2014-06-30": "22.86%", "2014-03-31": "20.31%", "2013-12-31": "14.66%", "2013-09-30": "25.05%", "2013-06-30": "27.56%", "2013-03-31": "27.83%", "2012-12-31": "29.62%", "2012-09-30": "26.65%", "2012-06-30": "27.10%", "2012-03-31": "27.30%", "2011-12-31": "22.26%", "2011-09-30": "19.13%", "2011-06-30": "15.53%", "2011-03-31": "12.31%", "2010-12-31": "13.48%", "2010-09-30": "12.81%", "2010-06-30": "9.66%", "2010-03-31": "4.06%", "2009-12-31": "3.30%", "2009-09-30": "-10.12%", "2009-06-30": "-11.30%", "2009-03-31": "-9.78%", "2008-12-31": "-12.02%", "2008-09-30": "7.88%", "2008-06-30": "10.67%", "2008-03-31": "10.25%", "2007-12-31": "6.01%", "2007-09-30": "41.93%", "2007-06-30": "34.90%", "2007-03-31": "31.08%", "2006-12-31": "28.99%", "2006-09-30": "17.26%", "2006-06-30": "20.95%", "2006-03-31": "24.46%", "2005-12-31": "29.51%"}, "dividend yield history": {"last payout": "$0.00", "last yield": "0.00%"}}