{"ticker": "UNH", "price": {"title": "UnitedHealth Group Historical Annual Stock Price Data", "value": 324.51, "historical": {"2021": {"Average Stock Price": "346.7767", "Year Open": "349.5000", "Year High": "365.0300", "Year Low": "324.5100", "Year Close": "324.5100", "Annual % Change": "-7.46%"}, "2020": {"Average Stock Price": "301.2842", "Year Open": "292.5000", "Year High": "356.8200", "Year Low": "194.8600", "Year Close": "350.6800", "Annual % Change": "19.29%"}, "2019": {"Average Stock Price": "249.5863", "Year Open": "243.4900", "Year High": "295.9700", "Year Low": "215.2600", "Year Close": "293.9800", "Annual % Change": "18.01%"}, "2018": {"Average Stock Price": "248.3220", "Year Open": "221.1600", "Year High": "286.3300", "Year Low": "212.5500", "Year Close": "249.1200", "Annual % Change": "13.00%"}, "2017": {"Average Stock Price": "186.1501", "Year Open": "161.4500", "Year High": "228.1700", "Year Low": "157.6200", "Year Close": "220.4600", "Annual % Change": "37.75%"}, "2016": {"Average Stock Price": "135.4125", "Year Open": "116.4600", "Year High": "163.9400", "Year Low": "109.2300", "Year Close": "160.0400", "Annual % Change": "36.04%"}, "2015": {"Average Stock Price": "116.5355", "Year Open": "100.7800", "Year High": "125.8600", "Year Low": "98.9200", "Year Close": "117.6400", "Annual % Change": "16.37%"}, "2014": {"Average Stock Price": "83.4203", "Year Open": "74.5700", "Year High": "103.0400", "Year Low": "69.7400", "Year Close": "101.0900", "Annual % Change": "34.25%"}, "2013": {"Average Stock Price": "65.2918", "Year Open": "54.5400", "Year High": "75.3000", "Year Low": "51.4000", "Year Close": "75.3000", "Annual % Change": "38.83%"}, "2012": {"Average Stock Price": "55.0703", "Year Open": "51.4900", "Year High": "60.2600", "Year Low": "50.3500", "Year Close": "54.2400", "Annual % Change": "7.02%"}, "2011": {"Average Stock Price": "46.4687", "Year Open": "37.1300", "Year High": "53.1300", "Year Low": "37.1300", "Year Close": "50.6800", "Annual % Change": "40.35%"}, "2010": {"Average Stock Price": "32.9902", "Year Open": "31.5300", "Year High": "38.0500", "Year Low": "27.8500", "Year Close": "36.1100", "Annual % Change": "18.47%"}, "2009": {"Average Stock Price": "26.2215", "Year Open": "27.5900", "Year High": "32.3200", "Year Low": "16.3500", "Year Close": "30.4800", "Annual % Change": "14.59%"}, "2008": {"Average Stock Price": "32.2858", "Year Open": "56.6700", "Year High": "56.9300", "Year Low": "16.3000", "Year Close": "26.6000", "Annual % Change": "-54.30%"}, "2007": {"Average Stock Price": "52.2287", "Year Open": "52.5700", "Year High": "58.9900", "Year Low": "46.3300", "Year Close": "58.2000", "Annual % Change": "8.32%"}, "2006": {"Average Stock Price": "51.0337", "Year Open": "61.7300", "Year High": "62.9000", "Year Low": "42.0900", "Year Close": "53.7300", "Annual % Change": "-13.53%"}, "2005": {"Average Stock Price": "51.5290", "Year Open": "43.3100", "Year High": "63.7900", "Year Low": "42.8650", "Year Close": "62.1400", "Annual % Change": "41.18%"}, "2004": {"Average Stock Price": "33.6749", "Year Open": "29.5200", "Year High": "44.0150", "Year Low": "28.1000", "Year Close": "44.0150", "Annual % Change": "51.31%"}, "2003": {"Average Stock Price": "24.2463", "Year Open": "21.4275", "Year High": "29.0900", "Year Low": "19.9375", "Year Close": "29.0900", "Annual % Change": "39.35%"}, "2002": {"Average Stock Price": "21.1523", "Year Open": "17.6050", "Year High": "25.1000", "Year Low": "17.0325", "Year Close": "20.8750", "Annual % Change": "17.99%"}, "2001": {"Average Stock Price": "15.6442", "Year Open": "14.7350", "Year High": "18.0475", "Year Low": "12.8900", "Year Close": "17.6925", "Annual % Change": "15.30%"}, "2000": {"Average Stock Price": "10.3040", "Year Open": "6.7188", "Year High": "15.6250", "Year Low": "5.9525", "Year Close": "15.3450", "Annual % Change": "131.10%"}, "1999": {"Average Stock Price": "6.8275", "Year Open": "5.6638", "Year High": "8.7188", "Year Low": "5.0150", "Year Close": "6.6400", "Annual % Change": "23.36%"}, "1998": {"Average Stock Price": "6.6181", "Year Open": "6.2113", "Year High": "9.0938", "Year Low": "3.9138", "Year Close": "5.3825", "Annual % Change": "-13.34%"}, "1997": {"Average Stock Price": "6.3584", "Year Open": "5.6563", "Year High": "7.5000", "Year Low": "5.3825", "Year Close": "6.2113", "Annual % Change": "10.42%"}, "1996": {"Average Stock Price": "6.2279", "Year Open": "8.0775", "Year High": "8.4225", "Year Low": "3.8750", "Year Close": "5.6250", "Annual % Change": "-31.17%"}, "1995": {"Average Stock Price": "5.8153", "Year Open": "5.3900", "Year High": "8.1725", "Year Low": "4.3275", "Year Close": "8.1725", "Annual % Change": "44.90%"}, "1994": {"Average Stock Price": "5.8085", "Year Open": "4.8281", "Year High": "6.8275", "Year Low": "4.6950", "Year Close": "5.6400", "Annual % Change": "18.92%"}, "1993": {"Average Stock Price": "3.8178", "Year Open": "3.5938", "Year High": "4.8825", "Year Low": "2.6250", "Year Close": "4.7425", "Annual % Change": "33.40%"}, "1992": {"Average Stock Price": "2.8128", "Year Open": "2.2969", "Year High": "3.6406", "Year Low": "2.1444", "Year Close": "3.5550", "Annual % Change": "52.70%"}, "1991": {"Average Stock Price": "1.4523", "Year Open": "0.7147", "Year High": "2.4334", "Year Low": "0.6369", "Year Close": "2.3281", "Annual % Change": "220.41%"}}}, "market cap": {"value": "$307.9B"}, "income statement": {"Revenue": {"2020-12-31": "257141.00000", "2019-12-31": "242155.00000", "2018-12-31": "226247.00000", "2017-12-31": "201159.00000", "2016-12-31": "184840.00000", "2015-12-31": "157107.00000", "2014-12-31": "130474.00000", "2013-12-31": "122489.00000", "2012-12-31": "110618.00000", "2011-12-31": "101862.00000", "2010-12-31": "94155.00000", "2009-12-31": "87138.00000", "2008-12-31": "81186.00000", "2007-12-31": "75431.00000", "2006-12-31": "71542.00000", "2005-12-31": "46425.00000"}, "Cost Of Goods Sold": {"2020-12-31": "190141.00000", "2019-12-31": "184557.00000", "2018-12-31": "172401.00000", "2017-12-31": "154148.00000", "2016-12-31": "141454.00000", "2015-12-31": "120081.00000", "2014-12-31": "97459.00000", "2013-12-31": "92550.00000", "2012-12-31": "82749.00000", "2011-12-31": "76717.00000", "2010-12-31": "70957.00000", "2009-12-31": "67054.00000", "2008-12-31": "61839.00000", "2007-12-31": "56203.00000", "2006-12-31": "53907.00000", "2005-12-31": "33758.00000"}, "Gross Profit": {"2020-12-31": "67000.00000", "2019-12-31": "57598.00000", "2018-12-31": "53846.00000", "2017-12-31": "47011.00000", "2016-12-31": "43386.00000", "2015-12-31": "37026.00000", "2014-12-31": "33015.00000", "2013-12-31": "29939.00000", "2012-12-31": "27869.00000", "2011-12-31": "25145.00000", "2010-12-31": "23198.00000", "2009-12-31": "20084.00000", "2008-12-31": "19347.00000", "2007-12-31": "19228.00000", "2006-12-31": "17635.00000", "2005-12-31": "12667.00000"}, "Research And Development Expenses": {"2020-12-31": "", "2019-12-31": "", "2018-12-31": "", "2017-12-31": "", "2016-12-31": "", "2015-12-31": "", "2014-12-31": "", "2013-12-31": "", "2012-12-31": "", "2011-12-31": "", "2010-12-31": "", "2009-12-31": "", "2008-12-31": "", "2007-12-31": "", "2006-12-31": "", "2005-12-31": ""}, "SG&A Expenses": {"2020-12-31": "", "2019-12-31": "", "2018-12-31": "", "2017-12-31": "", "2016-12-31": "", "2015-12-31": "", "2014-12-31": "", "2013-12-31": "", "2012-12-31": "", "2011-12-31": "", "2010-12-31": "", "2009-12-31": "", "2008-12-31": "", "2007-12-31": "", "2006-12-31": "", "2005-12-31": ""}, "Other Operating Income Or Expenses": {"2020-12-31": "-41704.00000", "2019-12-31": "-35193.00000", "2018-12-31": "-34074.00000", "2017-12-31": "-29557.00000", "2016-12-31": "-28401.00000", "2015-12-31": "-24312.00000", "2014-12-31": "-21263.00000", "2013-12-31": "-18941.00000", "2012-12-31": "-17306.00000", "2011-12-31": "-15557.00000", "2010-12-31": "-14270.00000", "2009-12-31": "-12734.00000", "2008-12-31": "-13103.00000", "2007-12-31": "-10583.00000", "2006-12-31": "-9981.00000", "2005-12-31": "-7134.00000"}, "Operating Expenses": {"2020-12-31": "234736.00000", "2019-12-31": "222470.00000", "2018-12-31": "208903.00000", "2017-12-31": "185950.00000", "2016-12-31": "171910.00000", "2015-12-31": "146086.00000", "2014-12-31": "120200.00000", "2013-12-31": "112866.00000", "2012-12-31": "101364.00000", "2011-12-31": "93398.00000", "2010-12-31": "86291.00000", "2009-12-31": "80779.00000", "2008-12-31": "75923.00000", "2007-12-31": "67582.00000", "2006-12-31": "64558.00000", "2005-12-31": "41345.00000"}, "Operating Income": {"2020-12-31": "22405.00000", "2019-12-31": "19685.00000", "2018-12-31": "17344.00000", "2017-12-31": "15209.00000", "2016-12-31": "12930.00000", "2015-12-31": "11021.00000", "2014-12-31": "10274.00000", "2013-12-31": "9623.00000", "2012-12-31": "9254.00000", "2011-12-31": "8464.00000", "2010-12-31": "7864.00000", "2009-12-31": "6359.00000", "2008-12-31": "5263.00000", "2007-12-31": "7849.00000", "2006-12-31": "6984.00000", "2005-12-31": "5080.00000"}, "Total Non-Operating Income/Expense": {"2020-12-31": "-1663.00000", "2019-12-31": "-1704.00000", "2018-12-31": "-1400.00000", "2017-12-31": "-1186.00000", "2016-12-31": "-1067.00000", "2015-12-31": "-790.00000", "2014-12-31": "-618.00000", "2013-12-31": "-708.00000", "2012-12-31": "-632.00000", "2011-12-31": "-505.00000", "2010-12-31": "-481.00000", "2009-12-31": "-551.00000", "2008-12-31": "-639.00000", "2007-12-31": "-544.00000", "2006-12-31": "-456.00000", "2005-12-31": "-241.00000"}, "Pre-Tax Income": {"2020-12-31": "20742.00000", "2019-12-31": "17981.00000", "2018-12-31": "15944.00000", "2017-12-31": "14023.00000", "2016-12-31": "11863.00000", "2015-12-31": "10231.00000", "2014-12-31": "9656.00000", "2013-12-31": "8915.00000", "2012-12-31": "8622.00000", "2011-12-31": "7959.00000", "2010-12-31": "7383.00000", "2009-12-31": "5808.00000", "2008-12-31": "4624.00000", "2007-12-31": "7305.00000", "2006-12-31": "6528.00000", "2005-12-31": "4839.00000"}, "Income Taxes": {"2020-12-31": "4973.00000", "2019-12-31": "3742.00000", "2018-12-31": "3562.00000", "2017-12-31": "3200.00000", "2016-12-31": "4790.00000", "2015-12-31": "4363.00000", "2014-12-31": "4037.00000", "2013-12-31": "3242.00000", "2012-12-31": "3096.00000", "2011-12-31": "2817.00000", "2010-12-31": "2749.00000", "2009-12-31": "1986.00000", "2008-12-31": "1647.00000", "2007-12-31": "2651.00000", "2006-12-31": "2369.00000", "2005-12-31": "1756.00000"}, "Income After Taxes": {"2020-12-31": "15769.00000", "2019-12-31": "14239.00000", "2018-12-31": "12382.00000", "2017-12-31": "10823.00000", "2016-12-31": "7073.00000", "2015-12-31": "5868.00000", "2014-12-31": "5619.00000", "2013-12-31": "5673.00000", "2012-12-31": "5526.00000", "2011-12-31": "5142.00000", "2010-12-31": "4634.00000", "2009-12-31": "3822.00000", "2008-12-31": "2977.00000", "2007-12-31": "4654.00000", "2006-12-31": "4159.00000", "2005-12-31": "3083.00000"}, "Other Income": {"2020-12-31": "", "2019-12-31": "", "2018-12-31": "", "2017-12-31": "", "2016-12-31": "", "2015-12-31": "", "2014-12-31": "", "2013-12-31": "", "2012-12-31": "", "2011-12-31": "", "2010-12-31": "", "2009-12-31": "", "2008-12-31": "", "2007-12-31": "", "2006-12-31": "", "2005-12-31": ""}, "Income From Continuous Operations": {"2020-12-31": "15769.00000", "2019-12-31": "14239.00000", "2018-12-31": "12382.00000", "2017-12-31": "10823.00000", "2016-12-31": "7073.00000", "2015-12-31": "5868.00000", "2014-12-31": "5619.00000", "2013-12-31": "5673.00000", "2012-12-31": "5526.00000", "2011-12-31": "5142.00000", "2010-12-31": "4634.00000", "2009-12-31": "3822.00000", "2008-12-31": "2977.00000", "2007-12-31": "4654.00000", "2006-12-31": "4159.00000", "2005-12-31": "3083.00000"}, "Income From Discontinued Operations": {"2020-12-31": "", "2019-12-31": "", "2018-12-31": "", "2017-12-31": "", "2016-12-31": "", "2015-12-31": "", "2014-12-31": "", "2013-12-31": "", "2012-12-31": "", "2011-12-31": "", "2010-12-31": "", "2009-12-31": "", "2008-12-31": "", "2007-12-31": "", "2006-12-31": "", "2005-12-31": ""}, "Net Income": {"2020-12-31": "15403.00000", "2019-12-31": "13839.00000", "2018-12-31": "11986.00000", "2017-12-31": "10558.00000", "2016-12-31": "7017.00000", "2015-12-31": "5813.00000", "2014-12-31": "5619.00000", "2013-12-31": "5625.00000", "2012-12-31": "5526.00000", "2011-12-31": "5142.00000", "2010-12-31": "4634.00000", "2009-12-31": "3822.00000", "2008-12-31": "2977.00000", "2007-12-31": "4654.00000", "2006-12-31": "4159.00000", "2005-12-31": "3083.00000"}, "EBITDA": {"2020-12-31": "25296.00000", "2019-12-31": "22405.00000", "2018-12-31": "19772.00000", "2017-12-31": "17454.00000", "2016-12-31": "14985.00000", "2015-12-31": "12714.00000", "2014-12-31": "11752.00000", "2013-12-31": "10998.00000", "2012-12-31": "10563.00000", "2011-12-31": "9588.00000", "2010-12-31": "8928.00000", "2009-12-31": "7350.00000", "2008-12-31": "6244.00000", "2007-12-31": "8645.00000", "2006-12-31": "7654.00000", "2005-12-31": "5533.00000"}, "EBIT": {"2020-12-31": "22405.00000", "2019-12-31": "19685.00000", "2018-12-31": "17344.00000", "2017-12-31": "15209.00000", "2016-12-31": "12930.00000", "2015-12-31": "11021.00000", "2014-12-31": "10274.00000", "2013-12-31": "9623.00000", "2012-12-31": "9254.00000", "2011-12-31": "8464.00000", "2010-12-31": "7864.00000", "2009-12-31": "6359.00000", "2008-12-31": "5263.00000", "2007-12-31": "7849.00000", "2006-12-31": "6984.00000", "2005-12-31": "5080.00000"}, "Basic Shares Outstanding": {"2020-12-31": "", "2019-12-31": "951.00000", "2018-12-31": "963.00000", "2017-12-31": "964.00000", "2016-12-31": "952.00000", "2015-12-31": "953.00000", "2014-12-31": "972.00000", "2013-12-31": "1006.00000", "2012-12-31": "1027.00000", "2011-12-31": "1070.00000", "2010-12-31": "1120.00000", "2009-12-31": "1168.00000", "2008-12-31": "1214.00000", "2007-12-31": "1312.00000", "2006-12-31": "1344.00000", "2005-12-31": "1265.00000"}, "Shares Outstanding": {"2020-12-31": "961.00000", "2019-12-31": "966.00000", "2018-12-31": "983.00000", "2017-12-31": "985.00000", "2016-12-31": "968.00000", "2015-12-31": "967.00000", "2014-12-31": "986.00000", "2013-12-31": "1023.00000", "2012-12-31": "1046.00000", "2011-12-31": "1087.00000", "2010-12-31": "1131.00000", "2009-12-31": "1179.00000", "2008-12-31": "1241.00000", "2007-12-31": "1361.00000", "2006-12-31": "1402.00000", "2005-12-31": "1333.00000"}, "Basic EPS": {"2020-12-31": "", "2019-12-31": "14.55000", "2018-12-31": "12.45000", "2017-12-31": "10.95000", "2016-12-31": "7.37000", "2015-12-31": "6.10000", "2014-12-31": "5.78000", "2013-12-31": "5.59000", "2012-12-31": "5.38000", "2011-12-31": "4.81000", "2010-12-31": "4.14000", "2009-12-31": "3.27000", "2008-12-31": "2.45000", "2007-12-31": "3.55000", "2006-12-31": "3.09000", "2005-12-31": "2.44000"}, "EPS - Earnings Per Share": {"2020-12-31": "16.03000", "2019-12-31": "14.33000", "2018-12-31": "12.19000", "2017-12-31": "10.72000", "2016-12-31": "7.25000", "2015-12-31": "6.01000", "2014-12-31": "5.70000", "2013-12-31": "5.50000", "2012-12-31": "5.28000", "2011-12-31": "4.73000", "2010-12-31": "4.10000", "2009-12-31": "3.24000", "2008-12-31": "2.40000", "2007-12-31": "3.42000", "2006-12-31": "2.97000", "2005-12-31": "2.31000"}}, "income statement, quarterly": {"Revenue": {"2020-12-31": "65467.00000", "2020-09-30": "65115.00000", "2020-06-30": "62138.00000", "2020-03-31": "64421.00000", "2019-12-31": "60901.00000", "2019-09-30": "60351.00000", "2019-06-30": "60595.00000", "2019-03-31": "60308.00000", "2018-12-31": "58417.00000", "2018-09-30": "56556.00000", "2018-06-30": "56086.00000", "2018-03-31": "55188.00000", "2017-12-31": "52061.00000", "2017-09-30": "50322.00000", "2017-06-30": "50053.00000", "2017-03-31": "48723.00000", "2016-12-31": "47535.00000", "2016-09-30": "46293.00000", "2016-06-30": "46485.00000", "2016-03-31": "44527.00000", "2015-12-31": "43599.00000", "2015-09-30": "41489.00000", "2015-06-30": "36263.00000", "2015-03-31": "35756.00000", "2014-12-31": "33433.00000", "2014-09-30": "32759.00000", "2014-06-30": "32574.00000", "2014-03-31": "31708.00000", "2013-12-31": "31117.00000", "2013-09-30": "30624.00000", "2013-06-30": "30408.00000", "2013-03-31": "30340.00000", "2012-12-31": "28769.00000", "2012-09-30": "27302.00000", "2012-06-30": "27265.00000", "2012-03-31": "27282.00000", "2011-12-31": "25916.00000", "2011-09-30": "25280.00000", "2011-06-30": "25234.00000", "2011-03-31": "25432.00000", "2010-12-31": "24030.00000", "2010-09-30": "23668.00000", "2010-06-30": "23264.00000", "2010-03-31": "23193.00000", "2009-12-31": "21784.00000", "2009-09-30": "21695.00000", "2009-06-30": "21655.00000", "2009-03-31": "22004.00000", "2008-12-31": "20454.00000", "2008-09-30": "20156.00000", "2008-06-30": "20272.00000", "2008-03-31": "20304.00000", "2007-12-31": "18705.00000", "2007-09-30": "18679.00000", "2007-06-30": "19000.00000", "2007-03-31": "19047.00000", "2006-12-31": "18128.00000", "2006-09-30": "17970.00000", "2006-06-30": "17863.00000", "2006-03-31": "17581.00000", "2005-12-31": "12269.00000", "2005-09-30": "11613.00000", "2005-06-30": "11379.00000", "2005-03-31": "11164.00000"}, "Cost Of Goods Sold": {"2020-12-31": "49704.00000", "2020-09-30": "49571.00000", "2020-06-30": "42179.00000", "2020-03-31": "48687.00000", "2019-12-31": "45787.00000", "2019-09-30": "45668.00000", "2019-06-30": "46782.00000", "2019-03-31": "46320.00000", "2018-12-31": "44580.00000", "2018-09-30": "42876.00000", "2018-06-30": "42898.00000", "2018-03-31": "42047.00000", "2017-12-31": "39686.00000", "2017-09-30": "38269.00000", "2017-06-30": "38438.00000", "2017-03-31": "37755.00000", "2016-12-31": "36004.00000", "2016-09-30": "35165.00000", "2016-06-30": "35978.00000", "2016-03-31": "34307.00000", "2015-12-31": "34085.00000", "2015-09-30": "31841.00000", "2015-06-30": "27251.00000", "2015-03-31": "26904.00000", "2014-12-31": "24860.00000", "2014-09-30": "24047.00000", "2014-06-30": "24452.00000", "2014-03-31": "24100.00000", "2013-12-31": "23682.00000", "2013-09-30": "22775.00000", "2013-06-30": "22842.00000", "2013-03-31": "23251.00000", "2012-12-31": "21445.00000", "2012-09-30": "20098.00000", "2012-06-30": "20633.00000", "2012-03-31": "20573.00000", "2011-12-31": "19244.00000", "2011-09-30": "19017.00000", "2011-06-30": "19132.00000", "2011-03-31": "19324.00000", "2010-12-31": "17821.00000", "2010-09-30": "17728.00000", "2010-06-30": "17755.00000", "2010-03-31": "17653.00000", "2009-12-31": "16538.00000", "2009-09-30": "16613.00000", "2009-06-30": "16929.00000", "2009-03-31": "16974.00000", "2008-12-31": "15430.00000", "2008-09-30": "15330.00000", "2008-06-30": "15610.00000", "2008-03-31": "15469.00000", "2007-12-31": "13762.00000", "2007-09-30": "13706.00000", "2007-06-30": "14125.00000", "2007-03-31": "14610.00000", "2006-12-31": "13414.00000", "2006-09-30": "13520.00000", "2006-06-30": "13553.00000", "2006-03-31": "13420.00000", "2005-12-31": "8903.00000", "2005-09-30": "8396.00000", "2005-06-30": "8304.00000", "2005-03-31": "8155.00000"}, "Gross Profit": {"2020-12-31": "15763.00000", "2020-09-30": "15544.00000", "2020-06-30": "19959.00000", "2020-03-31": "15734.00000", "2019-12-31": "15114.00000", "2019-09-30": "14683.00000", "2019-06-30": "13813.00000", "2019-03-31": "13988.00000", "2018-12-31": "13837.00000", "2018-09-30": "13680.00000", "2018-06-30": "13188.00000", "2018-03-31": "13141.00000", "2017-12-31": "12375.00000", "2017-09-30": "12053.00000", "2017-06-30": "11615.00000", "2017-03-31": "10968.00000", "2016-12-31": "11531.00000", "2016-09-30": "11128.00000", "2016-06-30": "10507.00000", "2016-03-31": "10220.00000", "2015-12-31": "9514.00000", "2015-09-30": "9648.00000", "2015-06-30": "9012.00000", "2015-03-31": "8852.00000", "2014-12-31": "8573.00000", "2014-09-30": "8712.00000", "2014-06-30": "8122.00000", "2014-03-31": "7608.00000", "2013-12-31": "7435.00000", "2013-09-30": "7849.00000", "2013-06-30": "7566.00000", "2013-03-31": "7089.00000", "2012-12-31": "7324.00000", "2012-09-30": "7204.00000", "2012-06-30": "6632.00000", "2012-03-31": "6709.00000", "2011-12-31": "6672.00000", "2011-09-30": "6263.00000", "2011-06-30": "6102.00000", "2011-03-31": "6108.00000", "2010-12-31": "6209.00000", "2010-09-30": "5940.00000", "2010-06-30": "5509.00000", "2010-03-31": "5540.00000", "2009-12-31": "5246.00000", "2009-09-30": "5082.00000", "2009-06-30": "4726.00000", "2009-03-31": "5030.00000", "2008-12-31": "5024.00000", "2008-09-30": "4826.00000", "2008-06-30": "4662.00000", "2008-03-31": "4835.00000", "2007-12-31": "4943.00000", "2007-09-30": "4973.00000", "2007-06-30": "4875.00000", "2007-03-31": "4437.00000", "2006-12-31": "4714.00000", "2006-09-30": "4450.00000", "2006-06-30": "4310.00000", "2006-03-31": "4161.00000", "2005-12-31": "3366.00000", "2005-09-30": "3217.00000", "2005-06-30": "3075.00000", "2005-03-31": "3009.00000"}, "Research And Development Expenses": {"2020-12-31": "", "2020-09-30": "", "2020-06-30": "", "2020-03-31": "", "2019-12-31": "", "2019-09-30": "", "2019-06-30": "", "2019-03-31": "", "2018-12-31": "", "2018-09-30": "", "2018-06-30": "", "2018-03-31": "", "2017-12-31": "", "2017-09-30": "", "2017-06-30": "", "2017-03-31": "", "2016-12-31": "", "2016-09-30": "", "2016-06-30": "", "2016-03-31": "", "2015-12-31": "", "2015-09-30": "", "2015-06-30": "", "2015-03-31": "", "2014-12-31": "", "2014-09-30": "", "2014-06-30": "", "2014-03-31": "", "2013-12-31": "", "2013-09-30": "", "2013-06-30": "", "2013-03-31": "", "2012-12-31": "", "2012-09-30": "", "2012-06-30": "", "2012-03-31": "", "2011-12-31": "", "2011-09-30": "", "2011-06-30": "", "2011-03-31": "", "2010-12-31": "", "2010-09-30": "", "2010-06-30": "", "2010-03-31": "", "2009-12-31": "", "2009-09-30": "", "2009-06-30": "", "2009-03-31": "", "2008-12-31": "", "2008-09-30": "", "2008-06-30": "", "2008-03-31": "", "2007-12-31": "", "2007-09-30": "", "2007-06-30": "", "2007-03-31": "", "2006-12-31": "", "2006-09-30": "", "2006-06-30": "", "2006-03-31": "", "2005-12-31": "", "2005-09-30": "", "2005-06-30": "", "2005-03-31": ""}, "SG&A Expenses": {"2020-12-31": "", "2020-09-30": "", "2020-06-30": "", "2020-03-31": "", "2019-12-31": "", "2019-09-30": "", "2019-06-30": "", "2019-03-31": "", "2018-12-31": "", "2018-09-30": "", "2018-06-30": "", "2018-03-31": "", "2017-12-31": "", "2017-09-30": "", "2017-06-30": "", "2017-03-31": "", "2016-12-31": "", "2016-09-30": "", "2016-06-30": "", "2016-03-31": "", "2015-12-31": "", "2015-09-30": "", "2015-06-30": "", "2015-03-31": "", "2014-12-31": "", "2014-09-30": "", "2014-06-30": "", "2014-03-31": "", "2013-12-31": "", "2013-09-30": "", "2013-06-30": "", "2013-03-31": "", "2012-12-31": "", "2012-09-30": "", "2012-06-30": "", "2012-03-31": "", "2011-12-31": "", "2011-09-30": "", "2011-06-30": "", "2011-03-31": "", "2010-12-31": "", "2010-09-30": "", "2010-06-30": "", "2010-03-31": "", "2009-12-31": "", "2009-09-30": "", "2009-06-30": "", "2009-03-31": "", "2008-12-31": "", "2008-09-30": "", "2008-06-30": "", "2008-03-31": "", "2007-12-31": "", "2007-09-30": "", "2007-06-30": "", "2007-03-31": "", "2006-12-31": "", "2006-09-30": "", "2006-06-30": "", "2006-03-31": "", "2005-12-31": "", "2005-09-30": "", "2005-06-30": "", "2005-03-31": ""}, "Other Operating Income Or Expenses": {"2020-12-31": "-11514.00000", "2020-09-30": "-10174.00000", "2020-06-30": "-10001.00000", "2020-03-31": "-10015.00000", "2019-12-31": "-9301.00000", "2019-09-30": "-8960.00000", "2019-06-30": "-8415.00000", "2019-03-31": "-8517.00000", "2018-12-31": "-8703.00000", "2018-09-30": "-8479.00000", "2018-06-30": "-8386.00000", "2018-03-31": "-8506.00000", "2017-12-31": "-7820.00000", "2017-09-30": "-7387.00000", "2017-06-30": "-7328.00000", "2017-03-31": "-7022.00000", "2016-12-31": "-7817.00000", "2016-09-30": "-7033.00000", "2016-06-30": "-6793.00000", "2016-03-31": "-6758.00000", "2015-12-31": "-6562.00000", "2015-09-30": "-6178.00000", "2015-06-30": "-5738.00000", "2015-03-31": "-5834.00000", "2014-12-31": "-5427.00000", "2014-09-30": "-5436.00000", "2014-06-30": "-5206.00000", "2014-03-31": "-5194.00000", "2013-12-31": "-4633.00000", "2013-09-30": "-4869.00000", "2013-06-30": "-4825.00000", "2013-03-31": "-4614.00000", "2012-12-31": "-4853.00000", "2012-09-30": "-4277.00000", "2012-06-30": "-4080.00000", "2012-03-31": "-4096.00000", "2011-12-31": "-4308.00000", "2011-09-30": "-3899.00000", "2011-06-30": "-3733.00000", "2011-03-31": "-3617.00000", "2010-12-31": "-4087.00000", "2010-09-30": "-3548.00000", "2010-06-30": "-3359.00000", "2010-03-31": "-3276.00000", "2009-12-31": "-3413.00000", "2009-09-30": "-3156.00000", "2009-06-30": "-3037.00000", "2009-03-31": "-3128.00000", "2008-12-31": "-3486.00000", "2008-09-30": "-2974.00000", "2008-06-30": "-3746.00000", "2008-03-31": "-2897.00000", "2007-12-31": "-2698.00000", "2007-09-30": "-2616.00000", "2007-06-30": "-2605.00000", "2007-03-31": "-2664.00000", "2006-12-31": "-2556.00000", "2006-09-30": "-2419.00000", "2006-06-30": "-2475.00000", "2006-03-31": "-2531.00000", "2005-12-31": "-1951.00000", "2005-09-30": "-1778.00000", "2005-06-30": "-1705.00000", "2005-03-31": "-1700.00000"}, "Operating Expenses": {"2020-12-31": "61950.00000", "2020-09-30": "60464.00000", "2020-06-30": "52897.00000", "2020-03-31": "59425.00000", "2019-12-31": "55806.00000", "2019-09-30": "55337.00000", "2019-06-30": "55851.00000", "2019-03-31": "55476.00000", "2018-12-31": "53920.00000", "2018-09-30": "51966.00000", "2018-06-30": "51882.00000", "2018-03-31": "51135.00000", "2017-12-31": "48084.00000", "2017-09-30": "46234.00000", "2017-06-30": "46322.00000", "2017-03-31": "45310.00000", "2016-12-31": "44348.00000", "2016-09-30": "42713.00000", "2016-06-30": "43282.00000", "2016-03-31": "41567.00000", "2015-12-31": "41131.00000", "2015-09-30": "38471.00000", "2015-06-30": "33368.00000", "2015-03-31": "33116.00000", "2014-12-31": "30668.00000", "2014-09-30": "29856.00000", "2014-06-30": "30022.00000", "2014-03-31": "29654.00000", "2013-12-31": "28665.00000", "2013-09-30": "27993.00000", "2013-06-30": "28007.00000", "2013-03-31": "28201.00000", "2012-12-31": "26668.00000", "2012-09-30": "24692.00000", "2012-06-30": "25039.00000", "2012-03-31": "24965.00000", "2011-12-31": "23842.00000", "2011-09-30": "23210.00000", "2011-06-30": "23135.00000", "2011-03-31": "23211.00000", "2010-12-31": "22228.00000", "2010-09-30": "21523.00000", "2010-06-30": "21363.00000", "2010-03-31": "21177.00000", "2009-12-31": "20209.00000", "2009-09-30": "20019.00000", "2009-06-30": "20215.00000", "2009-03-31": "20336.00000", "2008-12-31": "19175.00000", "2008-09-30": "18558.00000", "2008-06-30": "19599.00000", "2008-03-31": "18591.00000", "2007-12-31": "16667.00000", "2007-09-30": "16524.00000", "2007-06-30": "16926.00000", "2007-03-31": "17465.00000", "2006-12-31": "16147.00000", "2006-09-30": "16107.00000", "2006-06-30": "16196.00000", "2006-03-31": "16108.00000", "2005-12-31": "10974.00000", "2005-09-30": "10290.00000", "2005-06-30": "10117.00000", "2005-03-31": "9964.00000"}, "Operating Income": {"2020-12-31": "3517.00000", "2020-09-30": "4651.00000", "2020-06-30": "9241.00000", "2020-03-31": "4996.00000", "2019-12-31": "5095.00000", "2019-09-30": "5014.00000", "2019-06-30": "4744.00000", "2019-03-31": "4832.00000", "2018-12-31": "4497.00000", "2018-09-30": "4590.00000", "2018-06-30": "4204.00000", "2018-03-31": "4053.00000", "2017-12-31": "3977.00000", "2017-09-30": "4088.00000", "2017-06-30": "3731.00000", "2017-03-31": "3413.00000", "2016-12-31": "3187.00000", "2016-09-30": "3580.00000", "2016-06-30": "3203.00000", "2016-03-31": "2960.00000", "2015-12-31": "2468.00000", "2015-09-30": "3018.00000", "2015-06-30": "2895.00000", "2015-03-31": "2640.00000", "2014-12-31": "2765.00000", "2014-09-30": "2903.00000", "2014-06-30": "2552.00000", "2014-03-31": "2054.00000", "2013-12-31": "2452.00000", "2013-09-30": "2631.00000", "2013-06-30": "2401.00000", "2013-03-31": "2139.00000", "2012-12-31": "2101.00000", "2012-09-30": "2610.00000", "2012-06-30": "2226.00000", "2012-03-31": "2317.00000", "2011-12-31": "2074.00000", "2011-09-30": "2070.00000", "2011-06-30": "2099.00000", "2011-03-31": "2221.00000", "2010-12-31": "1802.00000", "2010-09-30": "2145.00000", "2010-06-30": "1901.00000", "2010-03-31": "2016.00000", "2009-12-31": "1575.00000", "2009-09-30": "1676.00000", "2009-06-30": "1440.00000", "2009-03-31": "1668.00000", "2008-12-31": "1279.00000", "2008-09-30": "1598.00000", "2008-06-30": "673.00000", "2008-03-31": "1713.00000", "2007-12-31": "2038.00000", "2007-09-30": "2155.00000", "2007-06-30": "2074.00000", "2007-03-31": "1582.00000", "2006-12-31": "1981.00000", "2006-09-30": "1863.00000", "2006-06-30": "1667.00000", "2006-03-31": "1473.00000", "2005-12-31": "1295.00000", "2005-09-30": "1323.00000", "2005-06-30": "1262.00000", "2005-03-31": "1200.00000"}, "Total Non-Operating Income/Expense": {"2020-12-31": "-401.00000", "2020-09-30": "-395.00000", "2020-06-30": "-430.00000", "2020-03-31": "-437.00000", "2019-12-31": "-437.00000", "2019-09-30": "-449.00000", "2019-06-30": "-418.00000", "2019-03-31": "-400.00000", "2018-12-31": "-374.00000", "2018-09-30": "-353.00000", "2018-06-30": "-344.00000", "2018-03-31": "-329.00000", "2017-12-31": "-308.00000", "2017-09-30": "-294.00000", "2017-06-30": "-301.00000", "2017-03-31": "-283.00000", "2016-12-31": "-268.00000", "2016-09-30": "-269.00000", "2016-06-30": "-271.00000", "2016-03-31": "-259.00000", "2015-12-31": "-260.00000", "2015-09-30": "-229.00000", "2015-06-30": "-151.00000", "2015-03-31": "-150.00000", "2014-12-31": "-151.00000", "2014-09-30": "-152.00000", "2014-06-30": "-155.00000", "2014-03-31": "-160.00000", "2013-12-31": "-176.00000", "2013-09-30": "-178.00000", "2013-06-30": "-176.00000", "2013-03-31": "-178.00000", "2012-12-31": "-173.00000", "2012-09-30": "-158.00000", "2012-06-30": "-153.00000", "2012-03-31": "-148.00000", "2011-12-31": "-139.00000", "2011-09-30": "-129.00000", "2011-06-30": "-119.00000", "2011-03-31": "-118.00000", "2010-12-31": "-118.00000", "2010-09-30": "-119.00000", "2010-06-30": "-119.00000", "2010-03-31": "-125.00000", "2009-12-31": "-144.00000", "2009-09-30": "-137.00000", "2009-06-30": "-139.00000", "2009-03-31": "-131.00000", "2008-12-31": "-155.00000", "2008-09-30": "-166.00000", "2008-06-30": "-164.00000", "2008-03-31": "-154.00000", "2007-12-31": "-153.00000", "2007-09-30": "-142.00000", "2007-06-30": "-133.00000", "2007-03-31": "-116.00000", "2006-12-31": "-129.00000", "2006-09-30": "-129.00000", "2006-06-30": "-116.00000", "2006-03-31": "-82.00000", "2005-12-31": "-75.00000", "2005-09-30": "-62.00000", "2005-06-30": "-55.00000", "2005-03-31": "-49.00000"}, "Pre-Tax Income": {"2020-12-31": "3116.00000", "2020-09-30": "4256.00000", "2020-06-30": "8811.00000", "2020-03-31": "4559.00000", "2019-12-31": "4658.00000", "2019-09-30": "4565.00000", "2019-06-30": "4326.00000", "2019-03-31": "4432.00000", "2018-12-31": "4123.00000", "2018-09-30": "4237.00000", "2018-06-30": "3860.00000", "2018-03-31": "3724.00000", "2017-12-31": "3669.00000", "2017-09-30": "3794.00000", "2017-06-30": "3430.00000", "2017-03-31": "3130.00000", "2016-12-31": "2919.00000", "2016-09-30": "3311.00000", "2016-06-30": "2932.00000", "2016-03-31": "2701.00000", "2015-12-31": "2208.00000", "2015-09-30": "2789.00000", "2015-06-30": "2744.00000", "2015-03-31": "2490.00000", "2014-12-31": "2614.00000", "2014-09-30": "2751.00000", "2014-06-30": "2397.00000", "2014-03-31": "1894.00000", "2013-12-31": "2276.00000", "2013-09-30": "2453.00000", "2013-06-30": "2225.00000", "2013-03-31": "1961.00000", "2012-12-31": "1928.00000", "2012-09-30": "2452.00000", "2012-06-30": "2073.00000", "2012-03-31": "2169.00000", "2011-12-31": "1935.00000", "2011-09-30": "1941.00000", "2011-06-30": "1980.00000", "2011-03-31": "2103.00000", "2010-12-31": "1684.00000", "2010-09-30": "2026.00000", "2010-06-30": "1782.00000", "2010-03-31": "1891.00000", "2009-12-31": "1431.00000", "2009-09-30": "1539.00000", "2009-06-30": "1301.00000", "2009-03-31": "1537.00000", "2008-12-31": "1124.00000", "2008-09-30": "1432.00000", "2008-06-30": "509.00000", "2008-03-31": "1559.00000", "2007-12-31": "1885.00000", "2007-09-30": "2013.00000", "2007-06-30": "1941.00000", "2007-03-31": "1466.00000", "2006-12-31": "1852.00000", "2006-09-30": "1734.00000", "2006-06-30": "1551.00000", "2006-03-31": "1391.00000", "2005-12-31": "1220.00000", "2005-09-30": "1261.00000", "2005-06-30": "1207.00000", "2005-03-31": "1151.00000"}, "Income Taxes": {"2020-12-31": "764.00000", "2020-09-30": "1000.00000", "2020-06-30": "2115.00000", "2020-03-31": "1094.00000", "2019-12-31": "990.00000", "2019-09-30": "936.00000", "2019-06-30": "941.00000", "2019-03-31": "875.00000", "2018-12-31": "959.00000", "2018-09-30": "953.00000", "2018-06-30": "850.00000", "2018-03-31": "800.00000", "2017-12-31": "-52.00000", "2017-09-30": "1233.00000", "2017-06-30": "1080.00000", "2017-03-31": "939.00000", "2016-12-31": "1211.00000", "2016-09-30": "1333.00000", "2016-06-30": "1172.00000", "2016-03-31": "1074.00000", "2015-12-31": "956.00000", "2015-09-30": "1171.00000", "2015-06-30": "1159.00000", "2015-03-31": "1077.00000", "2014-12-31": "1104.00000", "2014-09-30": "1149.00000", "2014-06-30": "989.00000", "2014-03-31": "795.00000", "2013-12-31": "849.00000", "2013-09-30": "883.00000", "2013-06-30": "789.00000", "2013-03-31": "721.00000", "2012-12-31": "684.00000", "2012-09-30": "895.00000", "2012-06-30": "736.00000", "2012-03-31": "781.00000", "2011-12-31": "677.00000", "2011-09-30": "670.00000", "2011-06-30": "713.00000", "2011-03-31": "757.00000", "2010-12-31": "641.00000", "2010-09-30": "749.00000", "2010-06-30": "659.00000", "2010-03-31": "700.00000", "2009-12-31": "487.00000", "2009-09-30": "504.00000", "2009-06-30": "442.00000", "2009-03-31": "553.00000", "2008-12-31": "398.00000", "2008-09-30": "512.00000", "2008-06-30": "172.00000", "2008-03-31": "565.00000", "2007-12-31": "669.00000", "2007-09-30": "730.00000", "2007-06-30": "713.00000", "2007-03-31": "539.00000", "2006-12-31": "677.00000", "2006-09-30": "622.00000", "2006-06-30": "570.00000", "2006-03-31": "500.00000", "2005-12-31": "449.00000", "2005-09-30": "461.00000", "2005-06-30": "438.00000", "2005-03-31": "408.00000"}, "Income After Taxes": {"2020-12-31": "2352.00000", "2020-09-30": "3256.00000", "2020-06-30": "6696.00000", "2020-03-31": "3465.00000", "2019-12-31": "3668.00000", "2019-09-30": "3629.00000", "2019-06-30": "3385.00000", "2019-03-31": "3557.00000", "2018-12-31": "3164.00000", "2018-09-30": "3284.00000", "2018-06-30": "3010.00000", "2018-03-31": "2924.00000", "2017-12-31": "3721.00000", "2017-09-30": "2561.00000", "2017-06-30": "2350.00000", "2017-03-31": "2191.00000", "2016-12-31": "1708.00000", "2016-09-30": "1978.00000", "2016-06-30": "1760.00000", "2016-03-31": "1627.00000", "2015-12-31": "1252.00000", "2015-09-30": "1618.00000", "2015-06-30": "1585.00000", "2015-03-31": "1413.00000", "2014-12-31": "1510.00000", "2014-09-30": "1602.00000", "2014-06-30": "1408.00000", "2014-03-31": "1099.00000", "2013-12-31": "1427.00000", "2013-09-30": "1570.00000", "2013-06-30": "1436.00000", "2013-03-31": "1240.00000", "2012-12-31": "1244.00000", "2012-09-30": "1557.00000", "2012-06-30": "1337.00000", "2012-03-31": "1388.00000", "2011-12-31": "1258.00000", "2011-09-30": "1271.00000", "2011-06-30": "1267.00000", "2011-03-31": "1346.00000", "2010-12-31": "1043.00000", "2010-09-30": "1277.00000", "2010-06-30": "1123.00000", "2010-03-31": "1191.00000", "2009-12-31": "944.00000", "2009-09-30": "1035.00000", "2009-06-30": "859.00000", "2009-03-31": "984.00000", "2008-12-31": "726.00000", "2008-09-30": "920.00000", "2008-06-30": "337.00000", "2008-03-31": "994.00000", "2007-12-31": "1216.00000", "2007-09-30": "1283.00000", "2007-06-30": "1228.00000", "2007-03-31": "927.00000", "2006-12-31": "1175.00000", "2006-09-30": "1112.00000", "2006-06-30": "981.00000", "2006-03-31": "891.00000", "2005-12-31": "771.00000", "2005-09-30": "800.00000", "2005-06-30": "769.00000", "2005-03-31": "743.00000"}, "Other Income": {"2020-12-31": "", "2020-09-30": "", "2020-06-30": "", "2020-03-31": "", "2019-12-31": "", "2019-09-30": "", "2019-06-30": "", "2019-03-31": "", "2018-12-31": "", "2018-09-30": "", "2018-06-30": "", "2018-03-31": "", "2017-12-31": "", "2017-09-30": "", "2017-06-30": "", "2017-03-31": "", "2016-12-31": "", "2016-09-30": "", "2016-06-30": "", "2016-03-31": "", "2015-12-31": "", "2015-09-30": "", "2015-06-30": "", "2015-03-31": "", "2014-12-31": "", "2014-09-30": "", "2014-06-30": "", "2014-03-31": "", "2013-12-31": "", "2013-09-30": "", "2013-06-30": "", "2013-03-31": "", "2012-12-31": "", "2012-09-30": "", "2012-06-30": "", "2012-03-31": "", "2011-12-31": "", "2011-09-30": "", "2011-06-30": "", "2011-03-31": "", "2010-12-31": "", "2010-09-30": "", "2010-06-30": "", "2010-03-31": "", "2009-12-31": "", "2009-09-30": "", "2009-06-30": "", "2009-03-31": "", "2008-12-31": "", "2008-09-30": "", "2008-06-30": "", "2008-03-31": "", "2007-12-31": "", "2007-09-30": "", "2007-06-30": "", "2007-03-31": "", "2006-12-31": "", "2006-09-30": "", "2006-06-30": "", "2006-03-31": "", "2005-12-31": "", "2005-09-30": "", "2005-06-30": "", "2005-03-31": ""}, "Income From Continuous Operations": {"2020-12-31": "2352.00000", "2020-09-30": "3256.00000", "2020-06-30": "6696.00000", "2020-03-31": "3465.00000", "2019-12-31": "3668.00000", "2019-09-30": "3629.00000", "2019-06-30": "3385.00000", "2019-03-31": "3557.00000", "2018-12-31": "3164.00000", "2018-09-30": "3284.00000", "2018-06-30": "3010.00000", "2018-03-31": "2924.00000", "2017-12-31": "3721.00000", "2017-09-30": "2561.00000", "2017-06-30": "2350.00000", "2017-03-31": "2191.00000", "2016-12-31": "1708.00000", "2016-09-30": "1978.00000", "2016-06-30": "1760.00000", "2016-03-31": "1627.00000", "2015-12-31": "1252.00000", "2015-09-30": "1618.00000", "2015-06-30": "1585.00000", "2015-03-31": "1413.00000", "2014-12-31": "1510.00000", "2014-09-30": "1602.00000", "2014-06-30": "1408.00000", "2014-03-31": "1099.00000", "2013-12-31": "1427.00000", "2013-09-30": "1570.00000", "2013-06-30": "1436.00000", "2013-03-31": "1240.00000", "2012-12-31": "1244.00000", "2012-09-30": "1557.00000", "2012-06-30": "1337.00000", "2012-03-31": "1388.00000", "2011-12-31": "1258.00000", "2011-09-30": "1271.00000", "2011-06-30": "1267.00000", "2011-03-31": "1346.00000", "2010-12-31": "1043.00000", "2010-09-30": "1277.00000", "2010-06-30": "1123.00000", "2010-03-31": "1191.00000", "2009-12-31": "944.00000", "2009-09-30": "1035.00000", "2009-06-30": "859.00000", "2009-03-31": "984.00000", "2008-12-31": "726.00000", "2008-09-30": "920.00000", "2008-06-30": "337.00000", "2008-03-31": "994.00000", "2007-12-31": "1216.00000", "2007-09-30": "1283.00000", "2007-06-30": "1228.00000", "2007-03-31": "927.00000", "2006-12-31": "1175.00000", "2006-09-30": "1112.00000", "2006-06-30": "981.00000", "2006-03-31": "891.00000", "2005-12-31": "771.00000", "2005-09-30": "800.00000", "2005-06-30": "769.00000", "2005-03-31": "743.00000"}, "Income From Discontinued Operations": {"2020-12-31": "", "2020-09-30": "", "2020-06-30": "", "2020-03-31": "", "2019-12-31": "", "2019-09-30": "", "2019-06-30": "", "2019-03-31": "", "2018-12-31": "", "2018-09-30": "", "2018-06-30": "", "2018-03-31": "", "2017-12-31": "", "2017-09-30": "", "2017-06-30": "", "2017-03-31": "", "2016-12-31": "", "2016-09-30": "", "2016-06-30": "", "2016-03-31": "", "2015-12-31": "", "2015-09-30": "", "2015-06-30": "", "2015-03-31": "", "2014-12-31": "", "2014-09-30": "", "2014-06-30": "", "2014-03-31": "", "2013-12-31": "", "2013-09-30": "", "2013-06-30": "", "2013-03-31": "", "2012-12-31": "", "2012-09-30": "", "2012-06-30": "", "2012-03-31": "", "2011-12-31": "", "2011-09-30": "", "2011-06-30": "", "2011-03-31": "", "2010-12-31": "", "2010-09-30": "", "2010-06-30": "", "2010-03-31": "", "2009-12-31": "", "2009-09-30": "", "2009-06-30": "", "2009-03-31": "", "2008-12-31": "", "2008-09-30": "", "2008-06-30": "", "2008-03-31": "", "2007-12-31": "", "2007-09-30": "", "2007-06-30": "", "2007-03-31": "", "2006-12-31": "", "2006-09-30": "", "2006-06-30": "", "2006-03-31": "", "2005-12-31": "", "2005-09-30": "", "2005-06-30": "", "2005-03-31": ""}, "Net Income": {"2020-12-31": "2212.00000", "2020-09-30": "3172.00000", "2020-06-30": "6637.00000", "2020-03-31": "3382.00000", "2019-12-31": "3541.00000", "2019-09-30": "3538.00000", "2019-06-30": "3293.00000", "2019-03-31": "3467.00000", "2018-12-31": "3040.00000", "2018-09-30": "3188.00000", "2018-06-30": "2922.00000", "2018-03-31": "2836.00000", "2017-12-31": "3617.00000", "2017-09-30": "2485.00000", "2017-06-30": "2284.00000", "2017-03-31": "2172.00000", "2016-12-31": "1684.00000", "2016-09-30": "1968.00000", "2016-06-30": "1754.00000", "2016-03-31": "1611.00000", "2015-12-31": "1218.00000", "2015-09-30": "1597.00000", "2015-06-30": "1585.00000", "2015-03-31": "1413.00000", "2014-12-31": "1510.00000", "2014-09-30": "1602.00000", "2014-06-30": "1408.00000", "2014-03-31": "1099.00000", "2013-12-31": "1427.00000", "2013-09-30": "1570.00000", "2013-06-30": "1436.00000", "2013-03-31": "1192.00000", "2012-12-31": "1244.00000", "2012-09-30": "1557.00000", "2012-06-30": "1337.00000", "2012-03-31": "1388.00000", "2011-12-31": "1258.00000", "2011-09-30": "1271.00000", "2011-06-30": "1267.00000", "2011-03-31": "1346.00000", "2010-12-31": "1043.00000", "2010-09-30": "1277.00000", "2010-06-30": "1123.00000", "2010-03-31": "1191.00000", "2009-12-31": "944.00000", "2009-09-30": "1035.00000", "2009-06-30": "859.00000", "2009-03-31": "984.00000", "2008-12-31": "726.00000", "2008-09-30": "920.00000", "2008-06-30": "337.00000", "2008-03-31": "994.00000", "2007-12-31": "1216.00000", "2007-09-30": "1283.00000", "2007-06-30": "1228.00000", "2007-03-31": "927.00000", "2006-12-31": "1175.00000", "2006-09-30": "1112.00000", "2006-06-30": "981.00000", "2006-03-31": "891.00000", "2005-12-31": "771.00000", "2005-09-30": "800.00000", "2005-06-30": "769.00000", "2005-03-31": "743.00000"}, "EBITDA": {"2020-12-31": "", "2020-09-30": "5370.00000", "2020-06-30": "9958.00000", "2020-03-31": "5719.00000", "2019-12-31": "5813.00000", "2019-09-30": "5723.00000", "2019-06-30": "5398.00000", "2019-03-31": "5471.00000", "2018-12-31": "5134.00000", "2018-09-30": "5201.00000", "2018-06-30": "4802.00000", "2018-03-31": "4635.00000", "2017-12-31": "4555.00000", "2017-09-30": "4666.00000", "2017-06-30": "4287.00000", "2017-03-31": "3946.00000", "2016-12-31": "3714.00000", "2016-09-30": "4095.00000", "2016-06-30": "3714.00000", "2016-03-31": "3462.00000", "2015-12-31": "2952.00000", "2015-09-30": "3470.00000", "2015-06-30": "3274.00000", "2015-03-31": "3018.00000", "2014-12-31": "3146.00000", "2014-09-30": "3276.00000", "2014-06-30": "2916.00000", "2014-03-31": "2414.00000", "2013-12-31": "2802.00000", "2013-09-30": "2980.00000", "2013-06-30": "2741.00000", "2013-03-31": "2475.00000", "2012-12-31": "2471.00000", "2012-09-30": "2927.00000", "2012-06-30": "2552.00000", "2012-03-31": "2613.00000", "2011-12-31": "2364.00000", "2011-09-30": "2364.00000", "2011-06-30": "2369.00000", "2011-03-31": "2491.00000", "2010-12-31": "2122.00000", "2010-09-30": "2392.00000", "2010-06-30": "2150.00000", "2010-03-31": "2264.00000", "2009-12-31": "1833.00000", "2009-09-30": "1926.00000", "2009-06-30": "1689.00000", "2009-03-31": "1902.00000", "2008-12-31": "1538.00000", "2008-09-30": "1852.00000", "2008-06-30": "916.00000", "2008-03-31": "1938.00000", "2007-12-31": "2245.00000", "2007-09-30": "2357.00000", "2007-06-30": "2270.00000", "2007-03-31": "1773.00000", "2006-12-31": "2158.00000", "2006-09-30": "2031.00000", "2006-06-30": "1835.00000", "2006-03-31": "1630.00000", "2005-12-31": "1415.00000", "2005-09-30": "1439.00000", "2005-06-30": "1370.00000", "2005-03-31": "1309.00000"}, "EBIT": {"2020-12-31": "3517.00000", "2020-09-30": "4651.00000", "2020-06-30": "9241.00000", "2020-03-31": "4996.00000", "2019-12-31": "5095.00000", "2019-09-30": "5014.00000", "2019-06-30": "4744.00000", "2019-03-31": "4832.00000", "2018-12-31": "4497.00000", "2018-09-30": "4590.00000", "2018-06-30": "4204.00000", "2018-03-31": "4053.00000", "2017-12-31": "3977.00000", "2017-09-30": "4088.00000", "2017-06-30": "3731.00000", "2017-03-31": "3413.00000", "2016-12-31": "3187.00000", "2016-09-30": "3580.00000", "2016-06-30": "3203.00000", "2016-03-31": "2960.00000", "2015-12-31": "2468.00000", "2015-09-30": "3018.00000", "2015-06-30": "2895.00000", "2015-03-31": "2640.00000", "2014-12-31": "2765.00000", "2014-09-30": "2903.00000", "2014-06-30": "2552.00000", "2014-03-31": "2054.00000", "2013-12-31": "2452.00000", "2013-09-30": "2631.00000", "2013-06-30": "2401.00000", "2013-03-31": "2139.00000", "2012-12-31": "2101.00000", "2012-09-30": "2610.00000", "2012-06-30": "2226.00000", "2012-03-31": "2317.00000", "2011-12-31": "2074.00000", "2011-09-30": "2070.00000", "2011-06-30": "2099.00000", "2011-03-31": "2221.00000", "2010-12-31": "1802.00000", "2010-09-30": "2145.00000", "2010-06-30": "1901.00000", "2010-03-31": "2016.00000", "2009-12-31": "1575.00000", "2009-09-30": "1676.00000", "2009-06-30": "1440.00000", "2009-03-31": "1668.00000", "2008-12-31": "1279.00000", "2008-09-30": "1598.00000", "2008-06-30": "673.00000", "2008-03-31": "1713.00000", "2007-12-31": "2038.00000", "2007-09-30": "2155.00000", "2007-06-30": "2074.00000", "2007-03-31": "1582.00000", "2006-12-31": "1981.00000", "2006-09-30": "1863.00000", "2006-06-30": "1667.00000", "2006-03-31": "1473.00000", "2005-12-31": "1295.00000", "2005-09-30": "1323.00000", "2005-06-30": "1262.00000", "2005-03-31": "1200.00000"}, "Basic Shares Outstanding": {"2020-12-31": "", "2020-09-30": "950.00000", "2020-06-30": "949.00000", "2020-03-31": "949.00000", "2019-12-31": "951.00000", "2019-09-30": "949.00000", "2019-06-30": "950.00000", "2019-03-31": "958.00000", "2018-12-31": "963.00000", "2018-09-30": "962.00000", "2018-06-30": "961.00000", "2018-03-31": "966.00000", "2017-12-31": "964.00000", "2017-09-30": "968.00000", "2017-06-30": "964.00000", "2017-03-31": "954.00000", "2016-12-31": "952.00000", "2016-09-30": "952.00000", "2016-06-30": "951.00000", "2016-03-31": "953.00000", "2015-12-31": "953.00000", "2015-09-30": "953.00000", "2015-06-30": "952.00000", "2015-03-31": "954.00000", "2014-12-31": "972.00000", "2014-09-30": "969.00000", "2014-06-30": "979.00000", "2014-03-31": "983.00000", "2013-12-31": "1006.00000", "2013-09-30": "1004.00000", "2013-06-30": "1009.00000", "2013-03-31": "1016.00000", "2012-12-31": "1027.00000", "2012-09-30": "1022.00000", "2012-06-30": "1028.00000", "2012-03-31": "1039.00000", "2011-12-31": "1070.00000", "2011-09-30": "1065.00000", "2011-06-30": "1075.00000", "2011-03-31": "1086.00000", "2010-12-31": "1120.00000", "2010-09-30": "1115.00000", "2010-06-30": "1127.00000", "2010-03-31": "1145.00000", "2009-12-31": "1168.00000", "2009-09-30": "1153.00000", "2009-06-30": "1170.00000", "2009-03-31": "1198.00000", "2008-12-31": "1214.00000", "2008-09-30": "1204.00000", "2008-06-30": "1216.00000", "2008-03-31": "1240.00000", "2007-12-31": "1312.00000", "2007-09-30": "1304.00000", "2007-06-30": "1326.00000", "2007-03-31": "1343.00000", "2006-12-31": "1344.00000", "2006-09-30": "1341.00000", "2006-06-30": "1339.00000", "2006-03-31": "1353.00000", "2005-12-31": "1265.00000", "2005-09-30": "1255.00000", "2005-06-30": "1258.00000", "2005-03-31": "1278.00000"}, "Shares Outstanding": {"2020-12-31": "961.00000", "2020-09-30": "962.00000", "2020-06-30": "960.00000", "2020-03-31": "962.00000", "2019-12-31": "966.00000", "2019-09-30": "963.00000", "2019-06-30": "964.00000", "2019-03-31": "975.00000", "2018-12-31": "983.00000", "2018-09-30": "983.00000", "2018-06-30": "982.00000", "2018-03-31": "987.00000", "2017-12-31": "985.00000", "2017-09-30": "989.00000", "2017-06-30": "985.00000", "2017-03-31": "975.00000", "2016-12-31": "968.00000", "2016-09-30": "969.00000", "2016-06-30": "967.00000", "2016-03-31": "967.00000", "2015-12-31": "967.00000", "2015-09-30": "967.00000", "2015-06-30": "966.00000", "2015-03-31": "969.00000", "2014-12-31": "986.00000", "2014-09-30": "982.00000", "2014-06-30": "991.00000", "2014-03-31": "996.00000", "2013-12-31": "1023.00000", "2013-09-30": "1024.00000", "2013-06-30": "1026.00000", "2013-03-31": "1029.00000", "2012-12-31": "1046.00000", "2012-09-30": "1039.00000", "2012-06-30": "1049.00000", "2012-03-31": "1060.00000", "2011-12-31": "1087.00000", "2011-09-30": "1083.00000", "2011-06-30": "1094.00000", "2011-03-31": "1099.00000", "2010-12-31": "1131.00000", "2010-09-30": "1124.00000", "2010-06-30": "1135.00000", "2010-03-31": "1156.00000", "2009-12-31": "1179.00000", "2009-09-30": "1164.00000", "2009-06-30": "1180.00000", "2009-03-31": "1210.00000", "2008-12-31": "1241.00000", "2008-09-30": "1227.00000", "2008-06-30": "1245.00000", "2008-03-31": "1278.00000", "2007-12-31": "1361.00000", "2007-09-30": "1348.00000", "2007-06-30": "1377.00000", "2007-03-31": "1399.00000", "2006-12-31": "1402.00000", "2006-09-30": "1397.00000", "2006-06-30": "1395.00000", "2006-03-31": "1419.00000", "2005-12-31": "1333.00000", "2005-09-30": "1322.00000", "2005-06-30": "1324.00000", "2005-03-31": "1340.00000"}, "Basic EPS": {"2020-12-31": "", "2020-09-30": "3.34000", "2020-06-30": "6.99000", "2020-03-31": "3.56000", "2019-12-31": "3.73000", "2019-09-30": "3.73000", "2019-06-30": "3.47000", "2019-03-31": "3.62000", "2018-12-31": "3.16000", "2018-09-30": "3.31000", "2018-06-30": "3.04000", "2018-03-31": "2.94000", "2017-12-31": "3.73000", "2017-09-30": "2.57000", "2017-06-30": "2.37000", "2017-03-31": "2.28000", "2016-12-31": "1.77000", "2016-09-30": "2.07000", "2016-06-30": "1.84000", "2016-03-31": "1.69000", "2015-12-31": "1.28000", "2015-09-30": "1.68000", "2015-06-30": "1.66000", "2015-03-31": "1.48000", "2014-12-31": "1.57000", "2014-09-30": "1.65000", "2014-06-30": "1.44000", "2014-03-31": "1.12000", "2013-12-31": "1.44000", "2013-09-30": "1.56000", "2013-06-30": "1.42000", "2013-03-31": "1.17000", "2012-12-31": "1.22000", "2012-09-30": "1.52000", "2012-06-30": "1.30000", "2012-03-31": "1.34000", "2011-12-31": "1.20000", "2011-09-30": "1.19000", "2011-06-30": "1.18000", "2011-03-31": "1.24000", "2010-12-31": "0.95000", "2010-09-30": "1.15000", "2010-06-30": "1.00000", "2010-03-31": "1.04000", "2009-12-31": "0.82000", "2009-09-30": "0.90000", "2009-06-30": "0.73000", "2009-03-31": "0.82000", "2008-12-31": "0.61000", "2008-09-30": "0.76000", "2008-06-30": "0.28000", "2008-03-31": "0.80000", "2007-12-31": "0.95000", "2007-09-30": "0.98000", "2007-06-30": "0.93000", "2007-03-31": "0.69000", "2006-12-31": "0.87000", "2006-09-30": "0.83000", "2006-06-30": "0.73000", "2006-03-31": "0.66000", "2005-12-31": "0.61000", "2005-09-30": "0.64000", "2005-06-30": "0.61000", "2005-03-31": "0.58000"}, "EPS - Earnings Per Share": {"2020-12-31": "2.30000", "2020-09-30": "3.30000", "2020-06-30": "6.91000", "2020-03-31": "3.52000", "2019-12-31": "3.68000", "2019-09-30": "3.67000", "2019-06-30": "3.42000", "2019-03-31": "3.56000", "2018-12-31": "3.10000", "2018-09-30": "3.24000", "2018-06-30": "2.98000", "2018-03-31": "2.87000", "2017-12-31": "3.66000", "2017-09-30": "2.51000", "2017-06-30": "2.32000", "2017-03-31": "2.23000", "2016-12-31": "1.74000", "2016-09-30": "2.03000", "2016-06-30": "1.81000", "2016-03-31": "1.67000", "2015-12-31": "1.26000", "2015-09-30": "1.65000", "2015-06-30": "1.64000", "2015-03-31": "1.46000", "2014-12-31": "1.55000", "2014-09-30": "1.63000", "2014-06-30": "1.42000", "2014-03-31": "1.10000", "2013-12-31": "1.41000", "2013-09-30": "1.53000", "2013-06-30": "1.40000", "2013-03-31": "1.16000", "2012-12-31": "1.20000", "2012-09-30": "1.50000", "2012-06-30": "1.27000", "2012-03-31": "1.31000", "2011-12-31": "1.18000", "2011-09-30": "1.17000", "2011-06-30": "1.16000", "2011-03-31": "1.22000", "2010-12-31": "0.94000", "2010-09-30": "1.14000", "2010-06-30": "0.99000", "2010-03-31": "1.03000", "2009-12-31": "0.81000", "2009-09-30": "0.89000", "2009-06-30": "0.73000", "2009-03-31": "0.81000", "2008-12-31": "0.60000", "2008-09-30": "0.75000", "2008-06-30": "0.27000", "2008-03-31": "0.78000", "2007-12-31": "0.92000", "2007-09-30": "0.95000", "2007-06-30": "0.89000", "2007-03-31": "0.66000", "2006-12-31": "0.84000", "2006-09-30": "0.80000", "2006-06-30": "0.70000", "2006-03-31": "0.63000", "2005-12-31": "0.57000", "2005-09-30": "0.61000", "2005-06-30": "0.58000", "2005-03-31": "0.55000"}}, "balance sheet": {"Cash On Hand": {"2020-12-31": "19781.00000", "2019-12-31": "14245.00000", "2018-12-31": "14324.00000", "2017-12-31": "15490.00000", "2016-12-31": "13275.00000", "2015-12-31": "12911.00000", "2014-12-31": "9236.00000", "2013-12-31": "9213.00000", "2012-12-31": "11437.00000", "2011-12-31": "12006.00000", "2010-12-31": "11195.00000", "2009-12-31": "11039.00000", "2008-12-31": "8209.00000", "2007-12-31": "9619.00000", "2006-12-31": "10940.00000", "2005-12-31": "6011.00000"}, "Receivables": {"2020-12-31": "12870.00000", "2019-12-31": "21462.00000", "2018-12-31": "18250.00000", "2017-12-31": "15830.00000", "2016-12-31": "15651.00000", "2015-12-31": "13324.00000", "2014-12-31": "9750.00000", "2013-12-31": "7050.00000", "2012-12-31": "5598.00000", "2011-12-31": "4549.00000", "2010-12-31": "3704.00000", "2009-12-31": "3792.00000", "2008-12-31": "3644.00000", "2007-12-31": "2900.00000", "2006-12-31": "1323.00000", "2005-12-31": "1207.00000"}, "Inventory": {"2020-12-31": "", "2019-12-31": "", "2018-12-31": "", "2017-12-31": "", "2016-12-31": "", "2015-12-31": "", "2014-12-31": "", "2013-12-31": "", "2012-12-31": "", "2011-12-31": "", "2010-12-31": "", "2009-12-31": "", "2008-12-31": "", "2007-12-31": "", "2006-12-31": "", "2005-12-31": ""}, "Pre-Paid Expenses": {"2020-12-31": "", "2019-12-31": "3851.00000", "2018-12-31": "3086.00000", "2017-12-31": "2663.00000", "2016-12-31": "1848.00000", "2015-12-31": "2406.00000", "2014-12-31": "1052.00000", "2013-12-31": "930.00000", "2012-12-31": "781.00000", "2011-12-31": "615.00000", "2010-12-31": "541.00000", "2009-12-31": "", "2008-12-31": "", "2007-12-31": "", "2006-12-31": "", "2005-12-31": ""}, "Other Current Assets": {"2020-12-31": "21067.00000", "2019-12-31": "3076.00000", "2018-12-31": "3032.00000", "2017-12-31": "3101.00000", "2016-12-31": "3105.00000", "2015-12-31": "2998.00000", "2014-12-31": "2962.00000", "2013-12-31": "2757.00000", "2012-12-31": "2773.00000", "2011-12-31": "2708.00000", "2010-12-31": "2550.00000", "2009-12-31": "2921.00000", "2008-12-31": "2713.00000", "2007-12-31": "2639.00000", "2006-12-31": "3220.00000", "2005-12-31": "2679.00000"}, "Total Current Assets": {"2020-12-31": "19781.00000", "2019-12-31": "42634.00000", "2018-12-31": "38692.00000", "2017-12-31": "37084.00000", "2016-12-31": "33879.00000", "2015-12-31": "31639.00000", "2014-12-31": "23556.00000", "2013-12-31": "20380.00000", "2012-12-31": "21052.00000", "2011-12-31": "20350.00000", "2010-12-31": "18393.00000", "2009-12-31": "18200.00000", "2008-12-31": "14990.00000", "2007-12-31": "15544.00000", "2006-12-31": "16044.00000", "2005-12-31": "10547.00000"}, "Property, Plant, And Equipment": {"2020-12-31": "", "2019-12-31": "8704.00000", "2018-12-31": "8458.00000", "2017-12-31": "7013.00000", "2016-12-31": "5901.00000", "2015-12-31": "4861.00000", "2014-12-31": "4418.00000", "2013-12-31": "4010.00000", "2012-12-31": "3939.00000", "2011-12-31": "2515.00000", "2010-12-31": "2200.00000", "2009-12-31": "2140.00000", "2008-12-31": "2181.00000", "2007-12-31": "2121.00000", "2006-12-31": "1894.00000", "2005-12-31": "1647.00000"}, "Long-Term Investments": {"2020-12-31": "41242.00000", "2019-12-31": "37209.00000", "2018-12-31": "32510.00000", "2017-12-31": "28341.00000", "2016-12-31": "23868.00000", "2015-12-31": "18792.00000", "2014-12-31": "18827.00000", "2013-12-31": "19605.00000", "2012-12-31": "17711.00000", "2011-12-31": "16166.00000", "2010-12-31": "14707.00000", "2009-12-31": "13311.00000", "2008-12-31": "13366.00000", "2007-12-31": "12667.00000", "2006-12-31": "9642.00000", "2005-12-31": "8971.00000"}, "Goodwill And Intangible Assets": {"2020-12-31": "", "2019-12-31": "76008.00000", "2018-12-31": "68235.00000", "2017-12-31": "63045.00000", "2016-12-31": "56125.00000", "2015-12-31": "52844.00000", "2014-12-31": "36609.00000", "2013-12-31": "35448.00000", "2012-12-31": "35968.00000", "2011-12-31": "26770.00000", "2010-12-31": "25655.00000", "2009-12-31": "23108.00000", "2008-12-31": "22417.00000", "2007-12-31": "18591.00000", "2006-12-31": "18726.00000", "2005-12-31": "18258.00000"}, "Other Long-Term Assets": {"2020-12-31": "102329.00000", "2019-12-31": "9334.00000", "2018-12-31": "4326.00000", "2017-12-31": "3575.00000", "2016-12-31": "3037.00000", "2015-12-31": "3118.00000", "2014-12-31": "2972.00000", "2013-12-31": "2439.00000", "2012-12-31": "2215.00000", "2011-12-31": "2088.00000", "2010-12-31": "2108.00000", "2009-12-31": "2286.00000", "2008-12-31": "2861.00000", "2007-12-31": "1976.00000", "2006-12-31": "2014.00000", "2005-12-31": "1865.00000"}, "Total Long-Term Assets": {"2020-12-31": "143571.00000", "2019-12-31": "131255.00000", "2018-12-31": "113529.00000", "2017-12-31": "101974.00000", "2016-12-31": "88931.00000", "2015-12-31": "79615.00000", "2014-12-31": "62826.00000", "2013-12-31": "61502.00000", "2012-12-31": "59833.00000", "2011-12-31": "47539.00000", "2010-12-31": "44670.00000", "2009-12-31": "40845.00000", "2008-12-31": "40825.00000", "2007-12-31": "35355.00000", "2006-12-31": "32276.00000", "2005-12-31": "30741.00000"}, "Total Assets": {"2020-12-31": "197289.00000", "2019-12-31": "173889.00000", "2018-12-31": "152221.00000", "2017-12-31": "139058.00000", "2016-12-31": "122810.00000", "2015-12-31": "111254.00000", "2014-12-31": "86382.00000", "2013-12-31": "81882.00000", "2012-12-31": "80885.00000", "2011-12-31": "67889.00000", "2010-12-31": "63063.00000", "2009-12-31": "59045.00000", "2008-12-31": "55815.00000", "2007-12-31": "50899.00000", "2006-12-31": "48320.00000", "2005-12-31": "41288.00000"}, "Total Current Liabilities": {"2020-12-31": "72420.00000", "2019-12-31": "61782.00000", "2018-12-31": "53209.00000", "2017-12-31": "50463.00000", "2016-12-31": "49252.00000", "2015-12-31": "42898.00000", "2014-12-31": "30623.00000", "2013-12-31": "27881.00000", "2012-12-31": "27116.00000", "2011-12-31": "23922.00000", "2010-12-31": "23700.00000", "2009-12-31": "22163.00000", "2008-12-31": "19761.00000", "2007-12-31": "18492.00000", "2006-12-31": "18497.00000", "2005-12-31": "16653.00000"}, "Long Term Debt": {"2020-12-31": "38648.00000", "2019-12-31": "36808.00000", "2018-12-31": "34581.00000", "2017-12-31": "28835.00000", "2016-12-31": "25777.00000", "2015-12-31": "25331.00000", "2014-12-31": "16007.00000", "2013-12-31": "14891.00000", "2012-12-31": "14041.00000", "2011-12-31": "10656.00000", "2010-12-31": "8662.00000", "2009-12-31": "9009.00000", "2008-12-31": "11338.00000", "2007-12-31": "9063.00000", "2006-12-31": "5973.00000", "2005-12-31": "3834.00000"}, "Other Non-Current Liabilities": {"2020-12-31": "15682.00000", "2019-12-31": "10144.00000", "2018-12-31": "5730.00000", "2017-12-31": "5556.00000", "2016-12-31": "4831.00000", "2015-12-31": "3977.00000", "2014-12-31": "3845.00000", "2013-12-31": "3990.00000", "2012-12-31": "3979.00000", "2011-12-31": "3668.00000", "2010-12-31": "2361.00000", "2009-12-31": "2325.00000", "2008-12-31": "2286.00000", "2007-12-31": "1849.00000", "2006-12-31": "1850.00000", "2005-12-31": "1761.00000"}, "Total Long Term Liabilities": {"2020-12-31": "40859.00000", "2019-12-31": "51671.00000", "2018-12-31": "44693.00000", "2017-12-31": "38762.00000", "2016-12-31": "35381.00000", "2015-12-31": "34631.00000", "2014-12-31": "23305.00000", "2013-12-31": "21852.00000", "2012-12-31": "22591.00000", "2011-12-31": "15675.00000", "2010-12-31": "13538.00000", "2009-12-31": "13276.00000", "2008-12-31": "15274.00000", "2007-12-31": "12344.00000", "2006-12-31": "9013.00000", "2005-12-31": "6820.00000"}, "Total Liabilities": {"2020-12-31": "128961.00000", "2019-12-31": "113453.00000", "2018-12-31": "97902.00000", "2017-12-31": "89225.00000", "2016-12-31": "84633.00000", "2015-12-31": "77529.00000", "2014-12-31": "53928.00000", "2013-12-31": "49733.00000", "2012-12-31": "49707.00000", "2011-12-31": "39597.00000", "2010-12-31": "37238.00000", "2009-12-31": "35439.00000", "2008-12-31": "35035.00000", "2007-12-31": "30836.00000", "2006-12-31": "27510.00000", "2005-12-31": "23473.00000"}, "Common Stock Net": {"2020-12-31": "", "2019-12-31": "9.00000", "2018-12-31": "10.00000", "2017-12-31": "10.00000", "2016-12-31": "10.00000", "2015-12-31": "10.00000", "2014-12-31": "10.00000", "2013-12-31": "10.00000", "2012-12-31": "10.00000", "2011-12-31": "10.00000", "2010-12-31": "11.00000", "2009-12-31": "11.00000", "2008-12-31": "12.00000", "2007-12-31": "13.00000", "2006-12-31": "13.00000", "2005-12-31": "14.00000"}, "Retained Earnings (Accumulated Deficit)": {"2020-12-31": "", "2019-12-31": "61178.00000", "2018-12-31": "55846.00000", "2017-12-31": "48730.00000", "2016-12-31": "40945.00000", "2015-12-31": "37125.00000", "2014-12-31": "33836.00000", "2013-12-31": "33047.00000", "2012-12-31": "30664.00000", "2011-12-31": "27821.00000", "2010-12-31": "25562.00000", "2009-12-31": "23342.00000", "2008-12-31": "20782.00000", "2007-12-31": "18929.00000", "2006-12-31": "14376.00000", "2005-12-31": "10258.00000"}, "Comprehensive Income": {"2020-12-31": "", "2019-12-31": "-3578.00000", "2018-12-31": "-4160.00000", "2017-12-31": "-2667.00000", "2016-12-31": "-2681.00000", "2015-12-31": "-3334.00000", "2014-12-31": "-1392.00000", "2013-12-31": "-908.00000", "2012-12-31": "438.00000", "2011-12-31": "461.00000", "2010-12-31": "252.00000", "2009-12-31": "253.00000", "2008-12-31": "-52.00000", "2007-12-31": "98.00000", "2006-12-31": "15.00000", "2005-12-31": "33.00000"}, "Other Share Holders Equity": {"2020-12-31": "", "2019-12-31": "", "2018-12-31": "", "2017-12-31": "", "2016-12-31": "", "2015-12-31": "", "2014-12-31": "", "2013-12-31": "", "2012-12-31": "", "2011-12-31": "", "2010-12-31": "", "2009-12-31": "", "2008-12-31": "", "2007-12-31": "", "2006-12-31": "", "2005-12-31": ""}, "Share Holder Equity": {"2020-12-31": "68328.00000", "2019-12-31": "60436.00000", "2018-12-31": "54319.00000", "2017-12-31": "49833.00000", "2016-12-31": "38177.00000", "2015-12-31": "33725.00000", "2014-12-31": "32454.00000", "2013-12-31": "32149.00000", "2012-12-31": "31178.00000", "2011-12-31": "28292.00000", "2010-12-31": "25825.00000", "2009-12-31": "23606.00000", "2008-12-31": "20780.00000", "2007-12-31": "20063.00000", "2006-12-31": "20810.00000", "2005-12-31": "17815.00000"}, "Total Liabilities And Share Holders Equity": {"2020-12-31": "197289.00000", "2019-12-31": "173889.00000", "2018-12-31": "152221.00000", "2017-12-31": "139058.00000", "2016-12-31": "122810.00000", "2015-12-31": "111254.00000", "2014-12-31": "86382.00000", "2013-12-31": "81882.00000", "2012-12-31": "80885.00000", "2011-12-31": "67889.00000", "2010-12-31": "63063.00000", "2009-12-31": "59045.00000", "2008-12-31": "55815.00000", "2007-12-31": "50899.00000", "2006-12-31": "48320.00000", "2005-12-31": "41288.00000"}}, "balance sheet, quarterly": {"Cash On Hand": {"2020-12-31": "19781.00000", "2020-09-30": "20809.00000", "2020-06-30": "25593.00000", "2020-03-31": "24445.00000", "2019-12-31": "14245.00000", "2019-09-30": "15818.00000", "2019-06-30": "17269.00000", "2019-03-31": "15710.00000", "2018-12-31": "14324.00000", "2018-09-30": "13849.00000", "2018-06-30": "21860.00000", "2018-03-31": "22041.00000", "2017-12-31": "15490.00000", "2017-09-30": "19794.00000", "2017-06-30": "17970.00000", "2017-03-31": "19352.00000", "2016-12-31": "13275.00000", "2016-09-30": "15667.00000", "2016-06-30": "10974.00000", "2016-03-31": "13014.00000", "2015-12-31": "12911.00000", "2015-09-30": "9925.00000", "2015-06-30": "9802.00000", "2015-03-31": "10430.00000", "2014-12-31": "9236.00000", "2014-09-30": "9212.00000", "2014-06-30": "8289.00000", "2014-03-31": "9383.00000", "2013-12-31": "9213.00000", "2013-09-30": "10719.00000", "2013-06-30": "10097.00000", "2013-03-31": "13057.00000", "2012-12-31": "11437.00000", "2012-09-30": "11954.00000", "2012-06-30": "14430.00000", "2012-03-31": "14326.00000", "2011-12-31": "12006.00000", "2011-09-30": "16377.00000", "2011-06-30": "12307.00000", "2011-03-31": "12150.00000", "2010-12-31": "11195.00000", "2010-09-30": "11003.00000", "2010-06-30": "11073.00000", "2010-03-31": "11075.00000", "2009-12-31": "11039.00000", "2009-09-30": "10501.00000", "2009-06-30": "8155.00000", "2009-03-31": "8845.00000", "2008-12-31": "8209.00000", "2008-09-30": "6800.00000", "2008-06-30": "6089.00000", "2008-03-31": "7040.00000", "2007-12-31": "9619.00000", "2007-09-30": "11121.00000", "2007-06-30": "13898.00000", "2007-03-31": "12855.00000", "2006-12-31": "10940.00000", "2006-09-30": "9925.00000", "2006-06-30": "10056.00000", "2006-03-31": "8361.00000", "2005-12-31": "6011.00000", "2005-09-30": "5493.00000", "2005-06-30": "4343.00000", "2005-03-31": "4350.00000"}, "Receivables": {"2020-12-31": "12870.00000", "2020-09-30": "25402.00000", "2020-06-30": "23976.00000", "2020-03-31": "24888.00000", "2019-12-31": "21462.00000", "2019-09-30": "21116.00000", "2019-06-30": "18175.00000", "2019-03-31": "20457.00000", "2018-12-31": "18250.00000", "2018-09-30": "18262.00000", "2018-06-30": "17646.00000", "2018-03-31": "18290.00000", "2017-12-31": "15830.00000", "2017-09-30": "15464.00000", "2017-06-30": "17770.00000", "2017-03-31": "16204.00000", "2016-12-31": "15651.00000", "2016-09-30": "14849.00000", "2016-06-30": "16701.00000", "2016-03-31": "14642.00000", "2015-12-31": "13324.00000", "2015-09-30": "14419.00000", "2015-06-30": "12194.00000", "2015-03-31": "10386.00000", "2014-12-31": "9750.00000", "2014-09-30": "9015.00000", "2014-06-30": "9424.00000", "2014-03-31": "7826.00000", "2013-12-31": "7050.00000", "2013-09-30": "6625.00000", "2013-06-30": "6694.00000", "2013-03-31": "5799.00000", "2012-12-31": "5598.00000", "2012-09-30": "4548.00000", "2012-06-30": "4535.00000", "2012-03-31": "4666.00000", "2011-12-31": "4549.00000", "2011-09-30": "4376.00000", "2011-06-30": "4812.00000", "2011-03-31": "4322.00000", "2010-12-31": "3704.00000", "2010-09-30": "3790.00000", "2010-06-30": "4576.00000", "2010-03-31": "3973.00000", "2009-12-31": "3792.00000", "2009-09-30": "3574.00000", "2009-06-30": "4226.00000", "2009-03-31": "4188.00000", "2008-12-31": "3644.00000", "2008-09-30": "1873.00000", "2008-06-30": "2350.00000", "2008-03-31": "1934.00000", "2007-12-31": "2900.00000", "2007-09-30": "1318.00000", "2007-06-30": "1536.00000", "2007-03-31": "1311.00000", "2006-12-31": "1323.00000", "2006-09-30": "1218.00000", "2006-06-30": "1350.00000", "2006-03-31": "1309.00000", "2005-12-31": "1207.00000", "2005-09-30": "941.00000", "2005-06-30": "914.00000", "2005-03-31": "908.00000"}, "Inventory": {"2020-12-31": "", "2020-09-30": "", "2020-06-30": "", "2020-03-31": "", "2019-12-31": "", "2019-09-30": "", "2019-06-30": "", "2019-03-31": "", "2018-12-31": "", "2018-09-30": "", "2018-06-30": "", "2018-03-31": "", "2017-12-31": "", "2017-09-30": "", "2017-06-30": "", "2017-03-31": "", "2016-12-31": "", "2016-09-30": "", "2016-06-30": "", "2016-03-31": "", "2015-12-31": "", "2015-09-30": "", "2015-06-30": "", "2015-03-31": "", "2014-12-31": "", "2014-09-30": "", "2014-06-30": "", "2014-03-31": "", "2013-12-31": "", "2013-09-30": "", "2013-06-30": "", "2013-03-31": "", "2012-12-31": "", "2012-09-30": "", "2012-06-30": "", "2012-03-31": "", "2011-12-31": "", "2011-09-30": "", "2011-06-30": "", "2011-03-31": "", "2010-12-31": "", "2010-09-30": "", "2010-06-30": "", "2010-03-31": "", "2009-12-31": "", "2009-09-30": "", "2009-06-30": "", "2009-03-31": "", "2008-12-31": "", "2008-09-30": "", "2008-06-30": "", "2008-03-31": "", "2007-12-31": "", "2007-09-30": "", "2007-06-30": "", "2007-03-31": "", "2006-12-31": "", "2006-09-30": "", "2006-06-30": "", "2006-03-31": "", "2005-12-31": "", "2005-09-30": "", "2005-06-30": "", "2005-03-31": ""}, "Pre-Paid Expenses": {"2020-12-31": "", "2020-09-30": "4822.00000", "2020-06-30": "5932.00000", "2020-03-31": "6608.00000", "2019-12-31": "3851.00000", "2019-09-30": "3556.00000", "2019-06-30": "3651.00000", "2019-03-31": "3697.00000", "2018-12-31": "3086.00000", "2018-09-30": "3707.00000", "2018-06-30": "4286.00000", "2018-03-31": "5100.00000", "2017-12-31": "2663.00000", "2017-09-30": "2581.00000", "2017-06-30": "2522.00000", "2017-03-31": "2547.00000", "2016-12-31": "1848.00000", "2016-09-30": "2300.00000", "2016-06-30": "2768.00000", "2016-03-31": "3211.00000", "2015-12-31": "2406.00000", "2015-09-30": "1973.00000", "2015-06-30": "2193.00000", "2015-03-31": "2632.00000", "2014-12-31": "1052.00000", "2014-09-30": "1361.00000", "2014-06-30": "1851.00000", "2014-03-31": "2056.00000", "2013-12-31": "930.00000", "2013-09-30": "790.00000", "2013-06-30": "848.00000", "2013-03-31": "866.00000", "2012-12-31": "781.00000", "2012-09-30": "678.00000", "2012-06-30": "673.00000", "2012-03-31": "698.00000", "2011-12-31": "615.00000", "2011-09-30": "666.00000", "2011-06-30": "647.00000", "2011-03-31": "641.00000", "2010-12-31": "541.00000", "2010-09-30": "450.00000", "2010-06-30": "501.00000", "2010-03-31": "595.00000", "2009-12-31": "", "2009-09-30": "475.00000", "2009-06-30": "758.00000", "2009-03-31": "500.00000", "2008-12-31": "", "2008-09-30": "", "2008-06-30": "", "2008-03-31": "", "2007-12-31": "", "2007-09-30": "", "2007-06-30": "", "2007-03-31": "", "2006-12-31": "", "2006-09-30": "", "2006-06-30": "", "2006-03-31": "", "2005-12-31": "", "2005-09-30": "", "2005-06-30": "", "2005-03-31": ""}, "Other Current Assets": {"2020-12-31": "21067.00000", "2020-09-30": "3788.00000", "2020-06-30": "3417.00000", "2020-03-31": "2866.00000", "2019-12-31": "3076.00000", "2019-09-30": "3051.00000", "2019-06-30": "2943.00000", "2019-03-31": "2951.00000", "2018-12-31": "3032.00000", "2018-09-30": "2936.00000", "2018-06-30": "2842.00000", "2018-03-31": "2922.00000", "2017-12-31": "3101.00000", "2017-09-30": "3082.00000", "2017-06-30": "2977.00000", "2017-03-31": "2886.00000", "2016-12-31": "3105.00000", "2016-09-30": "2952.00000", "2016-06-30": "2855.00000", "2016-03-31": "2878.00000", "2015-12-31": "2998.00000", "2015-09-30": "2948.00000", "2015-06-30": "2863.00000", "2015-03-31": "2921.00000", "2014-12-31": "2962.00000", "2014-09-30": "2855.00000", "2014-06-30": "2791.00000", "2014-03-31": "2780.00000", "2013-12-31": "2757.00000", "2013-09-30": "2694.00000", "2013-06-30": "2613.00000", "2013-03-31": "2659.00000", "2012-12-31": "2773.00000", "2012-09-30": "2737.00000", "2012-06-30": "2628.00000", "2012-03-31": "2568.00000", "2011-12-31": "2708.00000", "2011-09-30": "2597.00000", "2011-06-30": "2510.00000", "2011-03-31": "2470.00000", "2010-12-31": "2550.00000", "2010-09-30": "2508.00000", "2010-06-30": "2441.00000", "2010-03-31": "2401.00000", "2009-12-31": "2921.00000", "2009-09-30": "2339.00000", "2009-06-30": "2224.00000", "2009-03-31": "2187.00000", "2008-12-31": "2713.00000", "2008-09-30": "3932.00000", "2008-06-30": "4436.00000", "2008-03-31": "4447.00000", "2007-12-31": "2639.00000", "2007-09-30": "3879.00000", "2007-06-30": "3924.00000", "2007-03-31": "3658.00000", "2006-12-31": "3220.00000", "2006-09-30": "3285.00000", "2006-06-30": "3445.00000", "2006-03-31": "3264.00000", "2005-12-31": "2679.00000", "2005-09-30": "1799.00000", "2005-06-30": "1839.00000", "2005-03-31": "1862.00000"}, "Total Current Assets": {"2020-12-31": "19781.00000", "2020-09-30": "54821.00000", "2020-06-30": "58918.00000", "2020-03-31": "58807.00000", "2019-12-31": "42634.00000", "2019-09-30": "43541.00000", "2019-06-30": "42038.00000", "2019-03-31": "42815.00000", "2018-12-31": "38692.00000", "2018-09-30": "38754.00000", "2018-06-30": "46634.00000", "2018-03-31": "48353.00000", "2017-12-31": "37084.00000", "2017-09-30": "40921.00000", "2017-06-30": "41239.00000", "2017-03-31": "40989.00000", "2016-12-31": "33879.00000", "2016-09-30": "35768.00000", "2016-06-30": "33298.00000", "2016-03-31": "33745.00000", "2015-12-31": "31639.00000", "2015-09-30": "29935.00000", "2015-06-30": "27566.00000", "2015-03-31": "26774.00000", "2014-12-31": "23556.00000", "2014-09-30": "22963.00000", "2014-06-30": "22851.00000", "2014-03-31": "22364.00000", "2013-12-31": "20380.00000", "2013-09-30": "21194.00000", "2013-06-30": "20618.00000", "2013-03-31": "22717.00000", "2012-12-31": "21052.00000", "2012-09-30": "20331.00000", "2012-06-30": "22727.00000", "2012-03-31": "22690.00000", "2011-12-31": "20350.00000", "2011-09-30": "24508.00000", "2011-06-30": "20429.00000", "2011-03-31": "19818.00000", "2010-12-31": "18393.00000", "2010-09-30": "18256.00000", "2010-06-30": "18982.00000", "2010-03-31": "18379.00000", "2009-12-31": "18200.00000", "2009-09-30": "17304.00000", "2009-06-30": "15684.00000", "2009-03-31": "16123.00000", "2008-12-31": "14990.00000", "2008-09-30": "12959.00000", "2008-06-30": "13255.00000", "2008-03-31": "13767.00000", "2007-12-31": "15544.00000", "2007-09-30": "16839.00000", "2007-06-30": "19953.00000", "2007-03-31": "18407.00000", "2006-12-31": "16044.00000", "2006-09-30": "14996.00000", "2006-06-30": "15478.00000", "2006-03-31": "13623.00000", "2005-12-31": "10547.00000", "2005-09-30": "9252.00000", "2005-06-30": "8060.00000", "2005-03-31": "8057.00000"}, "Property, Plant, And Equipment": {"2020-12-31": "", "2020-09-30": "8151.00000", "2020-06-30": "8126.00000", "2020-03-31": "8173.00000", "2019-12-31": "8704.00000", "2019-09-30": "8501.00000", "2019-06-30": "8681.00000", "2019-03-31": "8230.00000", "2018-12-31": "8458.00000", "2018-09-30": "8042.00000", "2018-06-30": "7906.00000", "2018-03-31": "8144.00000", "2017-12-31": "7013.00000", "2017-09-30": "6562.00000", "2017-06-30": "6324.00000", "2017-03-31": "6329.00000", "2016-12-31": "5901.00000", "2016-09-30": "5524.00000", "2016-06-30": "5189.00000", "2016-03-31": "4976.00000", "2015-12-31": "4861.00000", "2015-09-30": "4532.00000", "2015-06-30": "4473.00000", "2015-03-31": "4245.00000", "2014-12-31": "4418.00000", "2014-09-30": "4309.00000", "2014-06-30": "4267.00000", "2014-03-31": "4065.00000", "2013-12-31": "4010.00000", "2013-09-30": "3829.00000", "2013-06-30": "3785.00000", "2013-03-31": "3945.00000", "2012-12-31": "3939.00000", "2012-09-30": "2619.00000", "2012-06-30": "2589.00000", "2012-03-31": "2560.00000", "2011-12-31": "2515.00000", "2011-09-30": "2388.00000", "2011-06-30": "2302.00000", "2011-03-31": "2189.00000", "2010-12-31": "2200.00000", "2010-09-30": "2033.00000", "2010-06-30": "2069.00000", "2010-03-31": "2070.00000", "2009-12-31": "2140.00000", "2009-09-30": "2054.00000", "2009-06-30": "2080.00000", "2009-03-31": "2106.00000", "2008-12-31": "2181.00000", "2008-09-30": "2246.00000", "2008-06-30": "2257.00000", "2008-03-31": "2203.00000", "2007-12-31": "2121.00000", "2007-09-30": "1999.00000", "2007-06-30": "1953.00000", "2007-03-31": "1884.00000", "2006-12-31": "1894.00000", "2006-09-30": "1721.00000", "2006-06-30": "1666.00000", "2006-03-31": "1681.00000", "2005-12-31": "1647.00000", "2005-09-30": "1345.00000", "2005-06-30": "1290.00000", "2005-03-31": "1270.00000"}, "Long-Term Investments": {"2020-12-31": "41242.00000", "2020-09-30": "39184.00000", "2020-06-30": "36778.00000", "2020-03-31": "36578.00000", "2019-12-31": "37209.00000", "2019-09-30": "36840.00000", "2019-06-30": "35696.00000", "2019-03-31": "33553.00000", "2018-12-31": "32510.00000", "2018-09-30": "31929.00000", "2018-06-30": "31237.00000", "2018-03-31": "29441.00000", "2017-12-31": "28341.00000", "2017-09-30": "27703.00000", "2017-06-30": "26397.00000", "2017-03-31": "25760.00000", "2016-12-31": "23868.00000", "2016-09-30": "23324.00000", "2016-06-30": "22211.00000", "2016-03-31": "20895.00000", "2015-12-31": "18792.00000", "2015-09-30": "18535.00000", "2015-06-30": "18996.00000", "2015-03-31": "19416.00000", "2014-12-31": "18827.00000", "2014-09-30": "19346.00000", "2014-06-30": "19274.00000", "2014-03-31": "19377.00000", "2013-12-31": "19605.00000", "2013-09-30": "18783.00000", "2013-06-30": "17976.00000", "2013-03-31": "17998.00000", "2012-12-31": "17711.00000", "2012-09-30": "17227.00000", "2012-06-30": "16698.00000", "2012-03-31": "16492.00000", "2011-12-31": "16166.00000", "2011-09-30": "15398.00000", "2011-06-30": "14935.00000", "2011-03-31": "14932.00000", "2010-12-31": "14707.00000", "2010-09-30": "14749.00000", "2010-06-30": "14019.00000", "2010-03-31": "13835.00000", "2009-12-31": "13311.00000", "2009-09-30": "13231.00000", "2009-06-30": "13163.00000", "2009-03-31": "13250.00000", "2008-12-31": "13366.00000", "2008-09-30": "13589.00000", "2008-06-30": "13700.00000", "2008-03-31": "13345.00000", "2007-12-31": "12667.00000", "2007-09-30": "10946.00000", "2007-06-30": "10557.00000", "2007-03-31": "10023.00000", "2006-12-31": "9642.00000", "2006-09-30": "9152.00000", "2006-06-30": "8937.00000", "2006-03-31": "9220.00000", "2005-12-31": "8971.00000", "2005-09-30": "8235.00000", "2005-06-30": "8430.00000", "2005-03-31": "8213.00000"}, "Goodwill And Intangible Assets": {"2020-12-31": "", "2020-09-30": "78461.00000", "2020-06-30": "78424.00000", "2020-03-31": "75501.00000", "2019-12-31": "76008.00000", "2019-09-30": "75726.00000", "2019-06-30": "71999.00000", "2019-03-31": "68624.00000", "2018-12-31": "68235.00000", "2018-09-30": "68201.00000", "2018-06-30": "64951.00000", "2018-03-31": "65883.00000", "2017-12-31": "63045.00000", "2017-09-30": "61859.00000", "2017-06-30": "60836.00000", "2017-03-31": "60994.00000", "2016-12-31": "56125.00000", "2016-09-30": "55902.00000", "2016-06-30": "55759.00000", "2016-03-31": "55155.00000", "2015-12-31": "52844.00000", "2015-09-30": "52085.00000", "2015-06-30": "37470.00000", "2015-03-31": "36223.00000", "2014-12-31": "36609.00000", "2014-09-30": "35936.00000", "2014-06-30": "36253.00000", "2014-03-31": "36017.00000", "2013-12-31": "35448.00000", "2013-09-30": "35770.00000", "2013-06-30": "35506.00000", "2013-03-31": "36119.00000", "2012-12-31": "35968.00000", "2012-09-30": "29388.00000", "2012-06-30": "29332.00000", "2012-03-31": "28857.00000", "2011-12-31": "26770.00000", "2011-09-30": "26578.00000", "2011-06-30": "26301.00000", "2011-03-31": "26286.00000", "2010-12-31": "25655.00000", "2010-09-30": "25863.00000", "2010-06-30": "23242.00000", "2010-03-31": "23127.00000", "2009-12-31": "23108.00000", "2009-09-30": "22692.00000", "2009-06-30": "22755.00000", "2009-03-31": "22378.00000", "2008-12-31": "22417.00000", "2008-09-30": "22467.00000", "2008-06-30": "22545.00000", "2008-03-31": "21763.00000", "2007-12-31": "18591.00000", "2007-09-30": "18686.00000", "2007-06-30": "18726.00000", "2007-03-31": "18734.00000", "2006-12-31": "18726.00000", "2006-09-30": "18633.00000", "2006-06-30": "18624.00000", "2006-03-31": "18618.00000", "2005-12-31": "18258.00000", "2005-09-30": "10864.00000", "2005-06-30": "10741.00000", "2005-03-31": "10678.00000"}, "Other Long-Term Assets": {"2020-12-31": "102329.00000", "2020-09-30": "10352.00000", "2020-06-30": "10237.00000", "2020-03-31": "10008.00000", "2019-12-31": "9334.00000", "2019-09-30": "9101.00000", "2019-06-30": "8786.00000", "2019-03-31": "7975.00000", "2018-12-31": "4326.00000", "2018-09-30": "4161.00000", "2018-06-30": "3883.00000", "2018-03-31": "3748.00000", "2017-12-31": "3575.00000", "2017-09-30": "3387.00000", "2017-06-30": "3301.00000", "2017-03-31": "3085.00000", "2016-12-31": "3037.00000", "2016-09-30": "3124.00000", "2016-06-30": "3146.00000", "2016-03-31": "3084.00000", "2015-12-31": "3118.00000", "2015-09-30": "3185.00000", "2015-06-30": "2918.00000", "2015-03-31": "3061.00000", "2014-12-31": "2972.00000", "2014-09-30": "2872.00000", "2014-06-30": "2821.00000", "2014-03-31": "2799.00000", "2013-12-31": "2439.00000", "2013-09-30": "2287.00000", "2013-06-30": "2316.00000", "2013-03-31": "2347.00000", "2012-12-31": "2215.00000", "2012-09-30": "2135.00000", "2012-06-30": "2119.00000", "2012-03-31": "2091.00000", "2011-12-31": "2088.00000", "2011-09-30": "2038.00000", "2011-06-30": "2148.00000", "2011-03-31": "2110.00000", "2010-12-31": "2108.00000", "2010-09-30": "2122.00000", "2010-06-30": "2112.00000", "2010-03-31": "2130.00000", "2009-12-31": "2286.00000", "2009-09-30": "2168.00000", "2009-06-30": "2208.00000", "2009-03-31": "2228.00000", "2008-12-31": "2861.00000", "2008-09-30": "2446.00000", "2008-06-30": "2411.00000", "2008-03-31": "2465.00000", "2007-12-31": "1976.00000", "2007-09-30": "1971.00000", "2007-06-30": "1965.00000", "2007-03-31": "1961.00000", "2006-12-31": "2014.00000", "2006-09-30": "1922.00000", "2006-06-30": "1932.00000", "2006-03-31": "1932.00000", "2005-12-31": "1865.00000", "2005-09-30": "", "2005-06-30": "", "2005-03-31": ""}, "Total Long-Term Assets": {"2020-12-31": "143571.00000", "2020-09-30": "136148.00000", "2020-06-30": "133565.00000", "2020-03-31": "130260.00000", "2019-12-31": "131255.00000", "2019-09-30": "130168.00000", "2019-06-30": "125162.00000", "2019-03-31": "118382.00000", "2018-12-31": "113529.00000", "2018-09-30": "112333.00000", "2018-06-30": "107977.00000", "2018-03-31": "107216.00000", "2017-12-31": "101974.00000", "2017-09-30": "99511.00000", "2017-06-30": "96858.00000", "2017-03-31": "96168.00000", "2016-12-31": "88931.00000", "2016-09-30": "87874.00000", "2016-06-30": "86305.00000", "2016-03-31": "84110.00000", "2015-12-31": "79615.00000", "2015-09-30": "78337.00000", "2015-06-30": "63857.00000", "2015-03-31": "62945.00000", "2014-12-31": "62826.00000", "2014-09-30": "62463.00000", "2014-06-30": "62615.00000", "2014-03-31": "62258.00000", "2013-12-31": "61502.00000", "2013-09-30": "60669.00000", "2013-06-30": "59583.00000", "2013-03-31": "60409.00000", "2012-12-31": "59833.00000", "2012-09-30": "51369.00000", "2012-06-30": "50738.00000", "2012-03-31": "50000.00000", "2011-12-31": "47539.00000", "2011-09-30": "46402.00000", "2011-06-30": "45686.00000", "2011-03-31": "45517.00000", "2010-12-31": "44670.00000", "2010-09-30": "44767.00000", "2010-06-30": "41442.00000", "2010-03-31": "41162.00000", "2009-12-31": "40845.00000", "2009-09-30": "40145.00000", "2009-06-30": "40206.00000", "2009-03-31": "39962.00000", "2008-12-31": "40825.00000", "2008-09-30": "40748.00000", "2008-06-30": "40913.00000", "2008-03-31": "39776.00000", "2007-12-31": "35355.00000", "2007-09-30": "33602.00000", "2007-06-30": "33201.00000", "2007-03-31": "32602.00000", "2006-12-31": "32276.00000", "2006-09-30": "31428.00000", "2006-06-30": "31159.00000", "2006-03-31": "31451.00000", "2005-12-31": "30741.00000", "2005-09-30": "20444.00000", "2005-06-30": "20461.00000", "2005-03-31": "20161.00000"}, "Total Assets": {"2020-12-31": "197289.00000", "2020-09-30": "190969.00000", "2020-06-30": "192483.00000", "2020-03-31": "189067.00000", "2019-12-31": "173889.00000", "2019-09-30": "173709.00000", "2019-06-30": "167200.00000", "2019-03-31": "161197.00000", "2018-12-31": "152221.00000", "2018-09-30": "151087.00000", "2018-06-30": "154611.00000", "2018-03-31": "155569.00000", "2017-12-31": "139058.00000", "2017-09-30": "140432.00000", "2017-06-30": "138097.00000", "2017-03-31": "137157.00000", "2016-12-31": "122810.00000", "2016-09-30": "123642.00000", "2016-06-30": "119603.00000", "2016-03-31": "117855.00000", "2015-12-31": "111254.00000", "2015-09-30": "108272.00000", "2015-06-30": "91423.00000", "2015-03-31": "89719.00000", "2014-12-31": "86382.00000", "2014-09-30": "85426.00000", "2014-06-30": "85466.00000", "2014-03-31": "84622.00000", "2013-12-31": "81882.00000", "2013-09-30": "81863.00000", "2013-06-30": "80201.00000", "2013-03-31": "83126.00000", "2012-12-31": "80885.00000", "2012-09-30": "71700.00000", "2012-06-30": "73465.00000", "2012-03-31": "72690.00000", "2011-12-31": "67889.00000", "2011-09-30": "70910.00000", "2011-06-30": "66115.00000", "2011-03-31": "65335.00000", "2010-12-31": "63063.00000", "2010-09-30": "63023.00000", "2010-06-30": "60424.00000", "2010-03-31": "59541.00000", "2009-12-31": "59045.00000", "2009-09-30": "57449.00000", "2009-06-30": "55890.00000", "2009-03-31": "56085.00000", "2008-12-31": "55815.00000", "2008-09-30": "53707.00000", "2008-06-30": "54168.00000", "2008-03-31": "53543.00000", "2007-12-31": "50899.00000", "2007-09-30": "50441.00000", "2007-06-30": "53154.00000", "2007-03-31": "51009.00000", "2006-12-31": "48320.00000", "2006-09-30": "46424.00000", "2006-06-30": "46637.00000", "2006-03-31": "45074.00000", "2005-12-31": "41288.00000", "2005-09-30": "29696.00000", "2005-06-30": "28521.00000", "2005-03-31": "28218.00000"}, "Total Current Liabilities": {"2020-12-31": "72420.00000", "2020-09-30": "66597.00000", "2020-06-30": "69883.00000", "2020-03-31": "78606.00000", "2019-12-31": "61782.00000", "2019-09-30": "62641.00000", "2019-06-30": "62328.00000", "2019-03-31": "58933.00000", "2018-12-31": "53209.00000", "2018-09-30": "56377.00000", "2018-06-30": "62052.00000", "2018-03-31": "67667.00000", "2017-12-31": "50463.00000", "2017-09-30": "58088.00000", "2017-06-30": "57121.00000", "2017-03-31": "57543.00000", "2016-12-31": "49252.00000", "2016-09-30": "51096.00000", "2016-06-30": "47376.00000", "2016-03-31": "46285.00000", "2015-12-31": "42898.00000", "2015-09-30": "39953.00000", "2015-06-30": "35741.00000", "2015-03-31": "34978.00000", "2014-12-31": "30623.00000", "2014-09-30": "31130.00000", "2014-06-30": "30776.00000", "2014-03-31": "30716.00000", "2013-12-31": "27881.00000", "2013-09-30": "27867.00000", "2013-06-30": "26405.00000", "2013-03-31": "27183.00000", "2012-12-31": "27116.00000", "2012-09-30": "24853.00000", "2012-06-30": "27623.00000", "2012-03-31": "27462.00000", "2011-12-31": "23922.00000", "2011-09-30": "28618.00000", "2011-06-30": "24374.00000", "2011-03-31": "24527.00000", "2010-12-31": "23700.00000", "2010-09-30": "24442.00000", "2010-06-30": "23103.00000", "2010-03-31": "22942.00000", "2009-12-31": "22163.00000", "2009-09-30": "19745.00000", "2009-06-30": "19652.00000", "2009-03-31": "19549.00000", "2008-12-31": "19761.00000", "2008-09-30": "19633.00000", "2008-06-30": "19987.00000", "2008-03-31": "18783.00000", "2007-12-31": "18492.00000", "2007-09-30": "19629.00000", "2007-06-30": "21963.00000", "2007-03-31": "21282.00000", "2006-12-31": "18497.00000", "2006-09-30": "18052.00000", "2006-06-30": "19268.00000", "2006-03-31": "18030.00000", "2005-12-31": "16653.00000", "2005-09-30": "12029.00000", "2005-06-30": "11562.00000", "2005-03-31": "11285.00000"}, "Long Term Debt": {"2020-12-31": "38648.00000", "2020-09-30": "39895.00000", "2020-06-30": "39901.00000", "2020-03-31": "35779.00000", "2019-12-31": "36808.00000", "2019-09-30": "38507.00000", "2019-06-30": "34473.00000", "2019-03-31": "34419.00000", "2018-12-31": "34581.00000", "2018-09-30": "32053.00000", "2018-06-30": "32096.00000", "2018-03-31": "28206.00000", "2017-12-31": "28835.00000", "2017-09-30": "24723.00000", "2017-06-30": "26197.00000", "2017-03-31": "26154.00000", "2016-12-31": "25777.00000", "2016-09-30": "26022.00000", "2016-06-30": "26834.00000", "2016-03-31": "27218.00000", "2015-12-31": "25331.00000", "2015-09-30": "26015.00000", "2015-06-30": "15378.00000", "2015-03-31": "15577.00000", "2014-12-31": "16007.00000", "2014-09-30": "14592.00000", "2014-06-30": "14630.00000", "2014-03-31": "14524.00000", "2013-12-31": "14891.00000", "2013-09-30": "14888.00000", "2013-06-30": "15543.00000", "2013-03-31": "15659.00000", "2012-12-31": "14041.00000", "2012-09-30": "11146.00000", "2012-06-30": "11156.00000", "2012-03-31": "11083.00000", "2011-12-31": "10656.00000", "2011-09-30": "9555.00000", "2011-06-30": "9442.00000", "2011-03-31": "9359.00000", "2010-12-31": "8662.00000", "2010-09-30": "8076.00000", "2010-06-30": "8036.00000", "2010-03-31": "8001.00000", "2009-12-31": "9009.00000", "2009-09-30": "10690.00000", "2009-06-30": "10707.00000", "2009-03-31": "11223.00000", "2008-12-31": "11338.00000", "2008-09-30": "10876.00000", "2008-06-30": "11222.00000", "2008-03-31": "11495.00000", "2007-12-31": "9063.00000", "2007-09-30": "6965.00000", "2007-06-30": "6964.00000", "2007-03-31": "5473.00000", "2006-12-31": "5973.00000", "2006-09-30": "5878.00000", "2006-06-30": "6426.00000", "2006-03-31": "6450.00000", "2005-12-31": "3834.00000", "2005-09-30": "3850.00000", "2005-06-30": "3850.00000", "2005-03-31": "3850.00000"}, "Other Non-Current Liabilities": {"2020-12-31": "15682.00000", "2020-09-30": "11186.00000", "2020-06-30": "11056.00000", "2020-03-31": "10048.00000", "2019-12-31": "10144.00000", "2019-09-30": "9912.00000", "2019-06-30": "9435.00000", "2019-03-31": "8554.00000", "2018-12-31": "5730.00000", "2018-09-30": "5858.00000", "2018-06-30": "5746.00000", "2018-03-31": "5557.00000", "2017-12-31": "5556.00000", "2017-09-30": "5444.00000", "2017-06-30": "4942.00000", "2017-03-31": "4904.00000", "2016-12-31": "4831.00000", "2016-09-30": "4541.00000", "2016-06-30": "4505.00000", "2016-03-31": "4395.00000", "2015-12-31": "3977.00000", "2015-09-30": "4018.00000", "2015-06-30": "3792.00000", "2015-03-31": "3778.00000", "2014-12-31": "3845.00000", "2014-09-30": "3813.00000", "2014-06-30": "3811.00000", "2014-03-31": "3734.00000", "2013-12-31": "3990.00000", "2013-09-30": "4081.00000", "2013-06-30": "4027.00000", "2013-03-31": "4018.00000", "2012-12-31": "3979.00000", "2012-09-30": "2445.00000", "2012-06-30": "2441.00000", "2012-03-31": "2444.00000", "2011-12-31": "3668.00000", "2011-09-30": "2443.00000", "2011-06-30": "2448.00000", "2011-03-31": "2442.00000", "2010-12-31": "2361.00000", "2010-09-30": "4894.00000", "2010-06-30": "4456.00000", "2010-03-31": "4279.00000", "2009-12-31": "2325.00000", "2009-09-30": "2307.00000", "2009-06-30": "2296.00000", "2009-03-31": "2291.00000", "2008-12-31": "2286.00000", "2008-09-30": "1864.00000", "2008-06-30": "1860.00000", "2008-03-31": "1854.00000", "2007-12-31": "1849.00000", "2007-09-30": "1839.00000", "2007-06-30": "1830.00000", "2007-03-31": "1830.00000", "2006-12-31": "1850.00000", "2006-09-30": "1821.00000", "2006-06-30": "1799.00000", "2006-03-31": "1785.00000", "2005-12-31": "1761.00000", "2005-09-30": "1750.00000", "2005-06-30": "1719.00000", "2005-03-31": "1691.00000"}, "Total Long Term Liabilities": {"2020-12-31": "40859.00000", "2020-09-30": "56268.00000", "2020-06-30": "56085.00000", "2020-03-31": "50598.00000", "2019-12-31": "51671.00000", "2019-09-30": "53312.00000", "2019-06-30": "49018.00000", "2019-03-31": "47813.00000", "2018-12-31": "44693.00000", "2018-09-30": "42114.00000", "2018-06-30": "41776.00000", "2018-03-31": "37866.00000", "2017-12-31": "38762.00000", "2017-09-30": "35034.00000", "2017-06-30": "35640.00000", "2017-03-31": "35619.00000", "2016-12-31": "35381.00000", "2016-09-30": "34992.00000", "2016-06-30": "35940.00000", "2016-03-31": "36503.00000", "2015-12-31": "34631.00000", "2015-09-30": "35197.00000", "2015-06-30": "22662.00000", "2015-03-31": "22863.00000", "2014-12-31": "23305.00000", "2014-09-30": "21692.00000", "2014-06-30": "21755.00000", "2014-03-31": "21357.00000", "2013-12-31": "21852.00000", "2013-09-30": "21980.00000", "2013-06-30": "22415.00000", "2013-03-31": "24186.00000", "2012-12-31": "22591.00000", "2012-09-30": "16624.00000", "2012-06-30": "16467.00000", "2012-03-31": "16372.00000", "2011-12-31": "15675.00000", "2011-09-30": "14420.00000", "2011-06-30": "14378.00000", "2011-03-31": "14237.00000", "2010-12-31": "13538.00000", "2010-09-30": "12970.00000", "2010-06-30": "12492.00000", "2010-03-31": "12280.00000", "2009-12-31": "13276.00000", "2009-09-30": "14806.00000", "2009-06-30": "14693.00000", "2009-03-31": "15161.00000", "2008-12-31": "15274.00000", "2008-09-30": "14189.00000", "2008-06-30": "14777.00000", "2008-03-31": "15001.00000", "2007-12-31": "12344.00000", "2007-09-30": "10147.00000", "2007-06-30": "10126.00000", "2007-03-31": "8659.00000", "2006-12-31": "9013.00000", "2006-09-30": "8872.00000", "2006-06-30": "9331.00000", "2006-03-31": "9398.00000", "2005-12-31": "6820.00000", "2005-09-30": "6438.00000", "2005-06-30": "6430.00000", "2005-03-31": "6378.00000"}, "Total Liabilities": {"2020-12-31": "128961.00000", "2020-09-30": "122865.00000", "2020-06-30": "125968.00000", "2020-03-31": "129204.00000", "2019-12-31": "113453.00000", "2019-09-30": "115953.00000", "2019-06-30": "111346.00000", "2019-03-31": "106746.00000", "2018-12-31": "97902.00000", "2018-09-30": "98491.00000", "2018-06-30": "103828.00000", "2018-03-31": "105533.00000", "2017-12-31": "89225.00000", "2017-09-30": "93122.00000", "2017-06-30": "92761.00000", "2017-03-31": "93162.00000", "2016-12-31": "84633.00000", "2016-09-30": "86088.00000", "2016-06-30": "83316.00000", "2016-03-31": "82788.00000", "2015-12-31": "77529.00000", "2015-09-30": "75150.00000", "2015-06-30": "58403.00000", "2015-03-31": "57841.00000", "2014-12-31": "53928.00000", "2014-09-30": "52822.00000", "2014-06-30": "52531.00000", "2014-03-31": "52073.00000", "2013-12-31": "49733.00000", "2013-09-30": "49847.00000", "2013-06-30": "48820.00000", "2013-03-31": "51369.00000", "2012-12-31": "49707.00000", "2012-09-30": "41477.00000", "2012-06-30": "44090.00000", "2012-03-31": "43834.00000", "2011-12-31": "39597.00000", "2011-09-30": "43038.00000", "2011-06-30": "38752.00000", "2011-03-31": "38764.00000", "2010-12-31": "37238.00000", "2010-09-30": "37412.00000", "2010-06-30": "35595.00000", "2010-03-31": "35222.00000", "2009-12-31": "35439.00000", "2009-09-30": "34551.00000", "2009-06-30": "34345.00000", "2009-03-31": "34710.00000", "2008-12-31": "35035.00000", "2008-09-30": "33822.00000", "2008-06-30": "34764.00000", "2008-03-31": "33784.00000", "2007-12-31": "30836.00000", "2007-09-30": "29776.00000", "2007-06-30": "32089.00000", "2007-03-31": "29941.00000", "2006-12-31": "27510.00000", "2006-09-30": "26924.00000", "2006-06-30": "28599.00000", "2006-03-31": "27428.00000", "2005-12-31": "23473.00000", "2005-09-30": "18467.00000", "2005-06-30": "17992.00000", "2005-03-31": "17663.00000"}, "Common Stock Net": {"2020-12-31": "", "2020-09-30": "10.00000", "2020-06-30": "10.00000", "2020-03-31": "10.00000", "2019-12-31": "9.00000", "2019-09-30": "9.00000", "2019-06-30": "9.00000", "2019-03-31": "10.00000", "2018-12-31": "10.00000", "2018-09-30": "10.00000", "2018-06-30": "10.00000", "2018-03-31": "10.00000", "2017-12-31": "10.00000", "2017-09-30": "10.00000", "2017-06-30": "10.00000", "2017-03-31": "10.00000", "2016-12-31": "10.00000", "2016-09-30": "10.00000", "2016-06-30": "10.00000", "2016-03-31": "10.00000", "2015-12-31": "10.00000", "2015-09-30": "10.00000", "2015-06-30": "10.00000", "2015-03-31": "10.00000", "2014-12-31": "10.00000", "2014-09-30": "10.00000", "2014-06-30": "10.00000", "2014-03-31": "10.00000", "2013-12-31": "10.00000", "2013-09-30": "10.00000", "2013-06-30": "10.00000", "2013-03-31": "10.00000", "2012-12-31": "10.00000", "2012-09-30": "10.00000", "2012-06-30": "10.00000", "2012-03-31": "10.00000", "2011-12-31": "10.00000", "2011-09-30": "11.00000", "2011-06-30": "11.00000", "2011-03-31": "11.00000", "2010-12-31": "11.00000", "2010-09-30": "11.00000", "2010-06-30": "11.00000", "2010-03-31": "11.00000", "2009-12-31": "11.00000", "2009-09-30": "12.00000", "2009-06-30": "11.00000", "2009-03-31": "12.00000", "2008-12-31": "12.00000", "2008-09-30": "12.00000", "2008-06-30": "12.00000", "2008-03-31": "12.00000", "2007-12-31": "13.00000", "2007-09-30": "13.00000", "2007-06-30": "13.00000", "2007-03-31": "13.00000", "2006-12-31": "13.00000", "2006-09-30": "13.00000", "2006-06-30": "13.00000", "2006-03-31": "13.00000", "2005-12-31": "14.00000", "2005-09-30": "13.00000", "2005-06-30": "13.00000", "2005-03-31": "6.00000"}, "Retained Earnings (Accumulated Deficit)": {"2020-12-31": "", "2020-09-30": "69715.00000", "2020-06-30": "67776.00000", "2020-03-31": "62327.00000", "2019-12-31": "61178.00000", "2019-09-30": "58696.00000", "2019-06-30": "56367.00000", "2019-03-31": "55472.00000", "2018-12-31": "55846.00000", "2018-09-30": "54386.00000", "2018-06-30": "52363.00000", "2018-03-31": "50494.00000", "2017-12-31": "48730.00000", "2017-09-30": "45840.00000", "2017-06-30": "44081.00000", "2017-03-31": "42521.00000", "2016-12-31": "40945.00000", "2016-09-30": "39945.00000", "2016-06-30": "38579.00000", "2016-03-31": "37963.00000", "2015-12-31": "37125.00000", "2015-09-30": "36382.00000", "2015-06-30": "35262.00000", "2015-03-31": "34153.00000", "2014-12-31": "33836.00000", "2014-09-30": "33578.00000", "2014-06-30": "33215.00000", "2014-03-31": "33112.00000", "2013-12-31": "33047.00000", "2013-09-30": "32593.00000", "2013-06-30": "31906.00000", "2013-03-31": "31359.00000", "2012-12-31": "30664.00000", "2012-09-30": "29638.00000", "2012-06-30": "28896.00000", "2012-03-31": "28388.00000", "2011-12-31": "27821.00000", "2011-09-30": "27464.00000", "2011-06-30": "27020.00000", "2011-03-31": "26353.00000", "2010-12-31": "25562.00000", "2010-09-30": "25109.00000", "2010-06-30": "24465.00000", "2010-03-31": "24056.00000", "2009-12-31": "23342.00000", "2009-09-30": "22476.00000", "2009-06-30": "21440.00000", "2009-03-31": "21357.00000", "2008-12-31": "20782.00000", "2008-09-30": "20055.00000", "2008-06-30": "19427.00000", "2008-03-31": "19621.00000", "2007-12-31": "18929.00000", "2007-09-30": "17714.00000", "2007-06-30": "16430.00000", "2007-03-31": "15243.00000", "2006-12-31": "14376.00000", "2006-09-30": "13201.00000", "2006-06-30": "12089.00000", "2006-03-31": "10840.00000", "2005-12-31": "10258.00000", "2005-09-30": "9895.00000", "2005-06-30": "9053.00000", "2005-03-31": "8263.00000"}, "Comprehensive Income": {"2020-12-31": "", "2020-09-30": "-4494.00000", "2020-06-30": "-4550.00000", "2020-03-31": "-5360.00000", "2019-12-31": "-3578.00000", "2019-09-30": "-3709.00000", "2019-06-30": "-3273.00000", "2019-03-31": "-3758.00000", "2018-12-31": "-4160.00000", "2018-09-30": "-4386.00000", "2018-06-30": "-4080.00000", "2018-03-31": "-2951.00000", "2017-12-31": "-2667.00000", "2017-09-30": "-2353.00000", "2017-06-30": "-2591.00000", "2017-03-31": "-2447.00000", "2016-12-31": "-2681.00000", "2016-09-30": "-2303.00000", "2016-06-30": "-2203.00000", "2016-03-31": "-2804.00000", "2015-12-31": "-3334.00000", "2015-09-30": "-3347.00000", "2015-06-30": "-2307.00000", "2015-03-31": "-2285.00000", "2014-12-31": "-1392.00000", "2014-09-30": "-984.00000", "2014-06-30": "-290.00000", "2014-03-31": "-573.00000", "2013-12-31": "-908.00000", "2013-09-30": "-587.00000", "2013-06-30": "-535.00000", "2013-03-31": "388.00000", "2012-12-31": "438.00000", "2012-09-30": "575.00000", "2012-06-30": "469.00000", "2012-03-31": "458.00000", "2011-12-31": "461.00000", "2011-09-30": "397.00000", "2011-06-30": "332.00000", "2011-03-31": "207.00000", "2010-12-31": "252.00000", "2010-09-30": "491.00000", "2010-06-30": "353.00000", "2010-03-31": "252.00000", "2009-12-31": "253.00000", "2009-09-30": "329.00000", "2009-06-30": "94.00000", "2009-03-31": "6.00000", "2008-12-31": "-52.00000", "2008-09-30": "-182.00000", "2008-06-30": "-35.00000", "2008-03-31": "126.00000", "2007-12-31": "98.00000", "2007-09-30": "22.00000", "2007-06-30": "-62.00000", "2007-03-31": "24.00000", "2006-12-31": "15.00000", "2006-09-30": "17.00000", "2006-06-30": "-93.00000", "2006-03-31": "-48.00000", "2005-12-31": "33.00000", "2005-09-30": "42.00000", "2005-06-30": "123.00000", "2005-03-31": "42.00000"}, "Other Share Holders Equity": {"2020-12-31": "", "2020-09-30": "", "2020-06-30": "", "2020-03-31": "", "2019-12-31": "", "2019-09-30": "", "2019-06-30": "", "2019-03-31": "", "2018-12-31": "", "2018-09-30": "", "2018-06-30": "", "2018-03-31": "", "2017-12-31": "", "2017-09-30": "", "2017-06-30": "", "2017-03-31": "", "2016-12-31": "", "2016-09-30": "", "2016-06-30": "", "2016-03-31": "", "2015-12-31": "", "2015-09-30": "", "2015-06-30": "", "2015-03-31": "", "2014-12-31": "", "2014-09-30": "", "2014-06-30": "", "2014-03-31": "", "2013-12-31": "", "2013-09-30": "", "2013-06-30": "", "2013-03-31": "", "2012-12-31": "", "2012-09-30": "", "2012-06-30": "", "2012-03-31": "", "2011-12-31": "", "2011-09-30": "", "2011-06-30": "", "2011-03-31": "", "2010-12-31": "", "2010-09-30": "", "2010-06-30": "", "2010-03-31": "", "2009-12-31": "", "2009-09-30": "", "2009-06-30": "", "2009-03-31": "", "2008-12-31": "", "2008-09-30": "", "2008-06-30": "", "2008-03-31": "", "2007-12-31": "", "2007-09-30": "", "2007-06-30": "", "2007-03-31": "", "2006-12-31": "", "2006-09-30": "", "2006-06-30": "", "2006-03-31": "", "2005-12-31": "", "2005-09-30": "", "2005-06-30": "", "2005-03-31": ""}, "Share Holder Equity": {"2020-12-31": "68328.00000", "2020-09-30": "68104.00000", "2020-06-30": "66515.00000", "2020-03-31": "59863.00000", "2019-12-31": "60436.00000", "2019-09-30": "57756.00000", "2019-06-30": "55854.00000", "2019-03-31": "54451.00000", "2018-12-31": "54319.00000", "2018-09-30": "52596.00000", "2018-06-30": "50783.00000", "2018-03-31": "50036.00000", "2017-12-31": "49833.00000", "2017-09-30": "47310.00000", "2017-06-30": "45336.00000", "2017-03-31": "43995.00000", "2016-12-31": "38177.00000", "2016-09-30": "37554.00000", "2016-06-30": "36287.00000", "2016-03-31": "35067.00000", "2015-12-31": "33725.00000", "2015-09-30": "33122.00000", "2015-06-30": "33020.00000", "2015-03-31": "31878.00000", "2014-12-31": "32454.00000", "2014-09-30": "32604.00000", "2014-06-30": "32935.00000", "2014-03-31": "32549.00000", "2013-12-31": "32149.00000", "2013-09-30": "32016.00000", "2013-06-30": "31381.00000", "2013-03-31": "31757.00000", "2012-12-31": "31178.00000", "2012-09-30": "30223.00000", "2012-06-30": "29375.00000", "2012-03-31": "28856.00000", "2011-12-31": "28292.00000", "2011-09-30": "27872.00000", "2011-06-30": "27363.00000", "2011-03-31": "26571.00000", "2010-12-31": "25825.00000", "2010-09-30": "25611.00000", "2010-06-30": "24829.00000", "2010-03-31": "24319.00000", "2009-12-31": "23606.00000", "2009-09-30": "22898.00000", "2009-06-30": "21545.00000", "2009-03-31": "21375.00000", "2008-12-31": "20780.00000", "2008-09-30": "19885.00000", "2008-06-30": "19404.00000", "2008-03-31": "19759.00000", "2007-12-31": "20063.00000", "2007-09-30": "20665.00000", "2007-06-30": "21065.00000", "2007-03-31": "21068.00000", "2006-12-31": "20810.00000", "2006-09-30": "19500.00000", "2006-06-30": "18038.00000", "2006-03-31": "17646.00000", "2005-12-31": "17815.00000", "2005-09-30": "11229.00000", "2005-06-30": "10529.00000", "2005-03-31": "10555.00000"}, "Total Liabilities And Share Holders Equity": {"2020-12-31": "197289.00000", "2020-09-30": "190969.00000", "2020-06-30": "192483.00000", "2020-03-31": "189067.00000", "2019-12-31": "173889.00000", "2019-09-30": "173709.00000", "2019-06-30": "167200.00000", "2019-03-31": "161197.00000", "2018-12-31": "152221.00000", "2018-09-30": "151087.00000", "2018-06-30": "154611.00000", "2018-03-31": "155569.00000", "2017-12-31": "139058.00000", "2017-09-30": "140432.00000", "2017-06-30": "138097.00000", "2017-03-31": "137157.00000", "2016-12-31": "122810.00000", "2016-09-30": "123642.00000", "2016-06-30": "119603.00000", "2016-03-31": "117855.00000", "2015-12-31": "111254.00000", "2015-09-30": "108272.00000", "2015-06-30": "91423.00000", "2015-03-31": "89719.00000", "2014-12-31": "86382.00000", "2014-09-30": "85426.00000", "2014-06-30": "85466.00000", "2014-03-31": "84622.00000", "2013-12-31": "81882.00000", "2013-09-30": "81863.00000", "2013-06-30": "80201.00000", "2013-03-31": "83126.00000", "2012-12-31": "80885.00000", "2012-09-30": "71700.00000", "2012-06-30": "73465.00000", "2012-03-31": "72690.00000", "2011-12-31": "67889.00000", "2011-09-30": "70910.00000", "2011-06-30": "66115.00000", "2011-03-31": "65335.00000", "2010-12-31": "63063.00000", "2010-09-30": "63023.00000", "2010-06-30": "60424.00000", "2010-03-31": "59541.00000", "2009-12-31": "59045.00000", "2009-09-30": "57449.00000", "2009-06-30": "55890.00000", "2009-03-31": "56085.00000", "2008-12-31": "55815.00000", "2008-09-30": "53707.00000", "2008-06-30": "54168.00000", "2008-03-31": "53543.00000", "2007-12-31": "50899.00000", "2007-09-30": "50441.00000", "2007-06-30": "53154.00000", "2007-03-31": "51009.00000", "2006-12-31": "48320.00000", "2006-09-30": "46424.00000", "2006-06-30": "46637.00000", "2006-03-31": "45074.00000", "2005-12-31": "41288.00000", "2005-09-30": "29696.00000", "2005-06-30": "28521.00000", "2005-03-31": "28218.00000"}}, "cash flow statement": {"Net Income/Loss": {"2020-12-31": "15769.00000", "2019-12-31": "14239.00000", "2018-12-31": "12382.00000", "2017-12-31": "10823.00000", "2016-12-31": "7073.00000", "2015-12-31": "5868.00000", "2014-12-31": "5619.00000", "2013-12-31": "5673.00000", "2012-12-31": "5526.00000", "2011-12-31": "5142.00000", "2010-12-31": "4634.00000", "2009-12-31": "3822.00000", "2008-12-31": "2977.00000", "2007-12-31": "4654.00000", "2006-12-31": "4159.00000", "2005-12-31": "3083.00000"}, "Total Depreciation And Amortization - Cash Flow": {"2020-12-31": "2891.00000", "2019-12-31": "2720.00000", "2018-12-31": "2428.00000", "2017-12-31": "2245.00000", "2016-12-31": "2055.00000", "2015-12-31": "1693.00000", "2014-12-31": "1478.00000", "2013-12-31": "1375.00000", "2012-12-31": "1309.00000", "2011-12-31": "1124.00000", "2010-12-31": "1064.00000", "2009-12-31": "991.00000", "2008-12-31": "981.00000", "2007-12-31": "796.00000", "2006-12-31": "670.00000", "2005-12-31": "453.00000"}, "Other Non-Cash Items": {"2020-12-31": "619.00000", "2019-12-31": "821.00000", "2018-12-31": "609.00000", "2017-12-31": "-151.00000", "2016-12-31": "484.00000", "2015-12-31": "98.00000", "2014-12-31": "-51.00000", "2013-12-31": "249.00000", "2012-12-31": "498.00000", "2011-12-31": "393.00000", "2010-12-31": "574.00000", "2009-12-31": "341.00000", "2008-12-31": "-153.00000", "2007-12-31": "566.00000", "2006-12-31": "474.00000", "2005-12-31": "135.00000"}, "Total Non-Cash Items": {"2020-12-31": "3510.00000", "2019-12-31": "3541.00000", "2018-12-31": "3037.00000", "2017-12-31": "2094.00000", "2016-12-31": "2539.00000", "2015-12-31": "1791.00000", "2014-12-31": "1427.00000", "2013-12-31": "1624.00000", "2012-12-31": "1807.00000", "2011-12-31": "1517.00000", "2010-12-31": "1638.00000", "2009-12-31": "1332.00000", "2008-12-31": "828.00000", "2007-12-31": "1362.00000", "2006-12-31": "1144.00000", "2005-12-31": "588.00000"}, "Change In Accounts Receivable": {"2020-12-31": "", "2019-12-31": "162.00000", "2018-12-31": "-1351.00000", "2017-12-31": "-1062.00000", "2016-12-31": "-1357.00000", "2015-12-31": "-591.00000", "2014-12-31": "-911.00000", "2013-12-31": "-317.00000", "2012-12-31": "-130.00000", "2011-12-31": "-267.00000", "2010-12-31": "-16.00000", "2009-12-31": "100.00000", "2008-12-31": "-219.00000", "2007-12-31": "-194.00000", "2006-12-31": "-28.00000", "2005-12-31": "-86.00000"}, "Change In Inventories": {"2020-12-31": "", "2019-12-31": "", "2018-12-31": "", "2017-12-31": "", "2016-12-31": "", "2015-12-31": "", "2014-12-31": "", "2013-12-31": "", "2012-12-31": "", "2011-12-31": "", "2010-12-31": "", "2009-12-31": "", "2008-12-31": "", "2007-12-31": "", "2006-12-31": "", "2005-12-31": ""}, "Change In Accounts Payable": {"2020-12-31": "", "2019-12-31": "1221.00000", "2018-12-31": "1831.00000", "2017-12-31": "1284.00000", "2016-12-31": "1849.00000", "2015-12-31": "2585.00000", "2014-12-31": "484.00000", "2013-12-31": "509.00000", "2012-12-31": "101.00000", "2011-12-31": "377.00000", "2010-12-31": "-88.00000", "2009-12-31": "424.00000", "2008-12-31": "-41.00000", "2007-12-31": "149.00000", "2006-12-31": "597.00000", "2005-12-31": "196.00000"}, "Change In Assets/Liabilities": {"2020-12-31": "2895.00000", "2019-12-31": "-1433.00000", "2018-12-31": "-712.00000", "2017-12-31": "-473.00000", "2016-12-31": "-1803.00000", "2015-12-31": "-1193.00000", "2014-12-31": "-205.00000", "2013-12-31": "-957.00000", "2012-12-31": "-348.00000", "2011-12-31": "53.00000", "2010-12-31": "446.00000", "2009-12-31": "-152.00000", "2008-12-31": "-15.00000", "2007-12-31": "-363.00000", "2006-12-31": "-293.00000", "2005-12-31": "-300.00000"}, "Total Change In Assets/Liabilities": {"2020-12-31": "2895.00000", "2019-12-31": "683.00000", "2018-12-31": "294.00000", "2017-12-31": "679.00000", "2016-12-31": "183.00000", "2015-12-31": "2081.00000", "2014-12-31": "1005.00000", "2013-12-31": "-306.00000", "2012-12-31": "-178.00000", "2011-12-31": "309.00000", "2010-12-31": "1.00000", "2009-12-31": "471.00000", "2008-12-31": "433.00000", "2007-12-31": "-139.00000", "2006-12-31": "1223.00000", "2005-12-31": "412.00000"}, "Cash Flow From Operating Activities": {"2020-12-31": "22174.00000", "2019-12-31": "18463.00000", "2018-12-31": "15713.00000", "2017-12-31": "13596.00000", "2016-12-31": "9795.00000", "2015-12-31": "9740.00000", "2014-12-31": "8051.00000", "2013-12-31": "6991.00000", "2012-12-31": "7155.00000", "2011-12-31": "6968.00000", "2010-12-31": "6273.00000", "2009-12-31": "5625.00000", "2008-12-31": "4238.00000", "2007-12-31": "5877.00000", "2006-12-31": "6526.00000", "2005-12-31": "4083.00000"}, "Net Change In Property, Plant, And Equipment": {"2020-12-31": "-2051.00000", "2019-12-31": "-2071.00000", "2018-12-31": "-2063.00000", "2017-12-31": "-2023.00000", "2016-12-31": "-1705.00000", "2015-12-31": "-1556.00000", "2014-12-31": "-1525.00000", "2013-12-31": "-1307.00000", "2012-12-31": "-1070.00000", "2011-12-31": "-1018.00000", "2010-12-31": "-878.00000", "2009-12-31": "-739.00000", "2008-12-31": "-606.00000", "2007-12-31": "-871.00000", "2006-12-31": "-676.00000", "2005-12-31": "-509.00000"}, "Net Change In Intangible Assets": {"2020-12-31": "", "2019-12-31": "", "2018-12-31": "", "2017-12-31": "", "2016-12-31": "", "2015-12-31": "", "2014-12-31": "", "2013-12-31": "", "2012-12-31": "", "2011-12-31": "", "2010-12-31": "", "2009-12-31": "", "2008-12-31": "", "2007-12-31": "", "2006-12-31": "", "2005-12-31": ""}, "Net Acquisitions/Divestitures": {"2020-12-31": "-7139.00000", "2019-12-31": "-8343.00000", "2018-12-31": "-5997.00000", "2017-12-31": "-2131.00000", "2016-12-31": "-1760.00000", "2015-12-31": "-16164.00000", "2014-12-31": "-1923.00000", "2013-12-31": "-362.00000", "2012-12-31": "-6280.00000", "2011-12-31": "-1459.00000", "2010-12-31": "-2304.00000", "2009-12-31": "-486.00000", "2008-12-31": "-3813.00000", "2007-12-31": "-262.00000", "2006-12-31": "-670.00000", "2005-12-31": "-2925.00000"}, "Net Change In Short-term Investments": {"2020-12-31": "", "2019-12-31": "", "2018-12-31": "", "2017-12-31": "", "2016-12-31": "", "2015-12-31": "", "2014-12-31": "", "2013-12-31": "", "2012-12-31": "", "2011-12-31": "", "2010-12-31": "", "2009-12-31": "", "2008-12-31": "", "2007-12-31": "", "2006-12-31": "", "2005-12-31": ""}, "Net Change In Long-Term Investments": {"2020-12-31": "-2836.00000", "2019-12-31": "-2504.00000", "2018-12-31": "-4099.00000", "2017-12-31": "-4319.00000", "2016-12-31": "-5927.00000", "2015-12-31": "-531.00000", "2014-12-31": "799.00000", "2013-12-31": "-1611.00000", "2012-12-31": "-1299.00000", "2011-12-31": "-1695.00000", "2010-12-31": "-2157.00000", "2009-12-31": "249.00000", "2008-12-31": "-653.00000", "2007-12-31": "-3014.00000", "2006-12-31": "-755.00000", "2005-12-31": "-55.00000"}, "Net Change In Investments - Total": {"2020-12-31": "-2836.00000", "2019-12-31": "-2504.00000", "2018-12-31": "-4099.00000", "2017-12-31": "-4319.00000", "2016-12-31": "-5927.00000", "2015-12-31": "-531.00000", "2014-12-31": "799.00000", "2013-12-31": "-1611.00000", "2012-12-31": "-1299.00000", "2011-12-31": "-1695.00000", "2010-12-31": "-2157.00000", "2009-12-31": "249.00000", "2008-12-31": "-653.00000", "2007-12-31": "-3014.00000", "2006-12-31": "-755.00000", "2005-12-31": "-55.00000"}, "Investing Activities - Other": {"2020-12-31": "-506.00000", "2019-12-31": "219.00000", "2018-12-31": "-226.00000", "2017-12-31": "-126.00000", "2016-12-31": "37.00000", "2015-12-31": "-144.00000", "2014-12-31": "115.00000", "2013-12-31": "191.00000", "2012-12-31": "", "2011-12-31": "", "2010-12-31": "", "2009-12-31": "", "2008-12-31": "", "2007-12-31": "", "2006-12-31": "", "2005-12-31": ""}, "Cash Flow From Investing Activities": {"2020-12-31": "-12532.00000", "2019-12-31": "-12699.00000", "2018-12-31": "-12385.00000", "2017-12-31": "-8599.00000", "2016-12-31": "-9355.00000", "2015-12-31": "-18395.00000", "2014-12-31": "-2534.00000", "2013-12-31": "-3089.00000", "2012-12-31": "-8649.00000", "2011-12-31": "-4172.00000", "2010-12-31": "-5339.00000", "2009-12-31": "-976.00000", "2008-12-31": "-5072.00000", "2007-12-31": "-4147.00000", "2006-12-31": "-2101.00000", "2005-12-31": "-3489.00000"}, "Net Long-Term Debt": {"2020-12-31": "2586.00000", "2019-12-31": "3994.00000", "2018-12-31": "4134.00000", "2017-12-31": "-2615.00000", "2016-12-31": "990.00000", "2015-12-31": "14607.00000", "2014-12-31": "391.00000", "2013-12-31": "152.00000", "2012-12-31": "4567.00000", "2011-12-31": "346.00000", "2010-12-31": "94.00000", "2009-12-31": "-1449.00000", "2008-12-31": "1135.00000", "2007-12-31": "3579.00000", "2006-12-31": "577.00000", "2005-12-31": "2656.00000"}, "Net Current Debt": {"2020-12-31": "", "2019-12-31": "", "2018-12-31": "", "2017-12-31": "", "2016-12-31": "", "2015-12-31": "", "2014-12-31": "", "2013-12-31": "", "2012-12-31": "", "2011-12-31": "", "2010-12-31": "", "2009-12-31": "", "2008-12-31": "", "2007-12-31": "", "2006-12-31": "", "2005-12-31": ""}, "Debt Issuance/Retirement Net - Total": {"2020-12-31": "2586.00000", "2019-12-31": "3994.00000", "2018-12-31": "4134.00000", "2017-12-31": "-2615.00000", "2016-12-31": "990.00000", "2015-12-31": "14607.00000", "2014-12-31": "391.00000", "2013-12-31": "152.00000", "2012-12-31": "4567.00000", "2011-12-31": "346.00000", "2010-12-31": "94.00000", "2009-12-31": "-1449.00000", "2008-12-31": "1135.00000", "2007-12-31": "3579.00000", "2006-12-31": "577.00000", "2005-12-31": "2656.00000"}, "Net Common Equity Issued/Repurchased": {"2020-12-31": "-4250.00000", "2019-12-31": "-4463.00000", "2018-12-31": "-3662.00000", "2017-12-31": "-812.00000", "2016-12-31": "-851.00000", "2015-12-31": "-798.00000", "2014-12-31": "-3546.00000", "2013-12-31": "-2572.00000", "2012-12-31": "-2006.00000", "2011-12-31": "-2613.00000", "2010-12-31": "-2245.00000", "2009-12-31": "-1519.00000", "2008-12-31": "-2385.00000", "2007-12-31": "-5887.00000", "2006-12-31": "-1948.00000", "2005-12-31": "-2134.00000"}, "Net Total Equity Issued/Repurchased": {"2020-12-31": "-4250.00000", "2019-12-31": "-4463.00000", "2018-12-31": "-3662.00000", "2017-12-31": "-812.00000", "2016-12-31": "-851.00000", "2015-12-31": "-798.00000", "2014-12-31": "-3546.00000", "2013-12-31": "-2572.00000", "2012-12-31": "-2006.00000", "2011-12-31": "-2613.00000", "2010-12-31": "-2245.00000", "2009-12-31": "-1519.00000", "2008-12-31": "-2385.00000", "2007-12-31": "-5887.00000", "2006-12-31": "-1948.00000", "2005-12-31": "-2134.00000"}, "Total Common And Preferred Stock Dividends Paid": {"2020-12-31": "-4584.00000", "2019-12-31": "-3932.00000", "2018-12-31": "-3320.00000", "2017-12-31": "-2773.00000", "2016-12-31": "-2261.00000", "2015-12-31": "-1786.00000", "2014-12-31": "-1362.00000", "2013-12-31": "-1056.00000", "2012-12-31": "-820.00000", "2011-12-31": "-651.00000", "2010-12-31": "-449.00000", "2009-12-31": "-36.00000", "2008-12-31": "-37.00000", "2007-12-31": "-40.00000", "2006-12-31": "-41.00000", "2005-12-31": "-19.00000"}, "Financial Activities - Other": {"2020-12-31": "2658.00000", "2019-12-31": "-1224.00000", "2018-12-31": "-1517.00000", "2017-12-31": "2759.00000", "2016-12-31": "1111.00000", "2015-12-31": "216.00000", "2014-12-31": "-776.00000", "2013-12-31": "-1470.00000", "2012-12-31": "-1270.00000", "2011-12-31": "428.00000", "2010-12-31": "989.00000", "2009-12-31": "729.00000", "2008-12-31": "682.00000", "2007-12-31": "-837.00000", "2006-12-31": "1886.00000", "2005-12-31": "333.00000"}, "Cash Flow From Financial Activities": {"2020-12-31": "-3590.00000", "2019-12-31": "-5625.00000", "2018-12-31": "-4365.00000", "2017-12-31": "-3441.00000", "2016-12-31": "-1011.00000", "2015-12-31": "12239.00000", "2014-12-31": "-5293.00000", "2013-12-31": "-4946.00000", "2012-12-31": "471.00000", "2011-12-31": "-2490.00000", "2010-12-31": "-1611.00000", "2009-12-31": "-2275.00000", "2008-12-31": "-605.00000", "2007-12-31": "-3185.00000", "2006-12-31": "474.00000", "2005-12-31": "836.00000"}, "Net Cash Flow": {"2020-12-31": "5936.00000", "2019-12-31": "119.00000", "2018-12-31": "-1115.00000", "2017-12-31": "1551.00000", "2016-12-31": "-493.00000", "2015-12-31": "3428.00000", "2014-12-31": "219.00000", "2013-12-31": "-1130.00000", "2012-12-31": "-1023.00000", "2011-12-31": "306.00000", "2010-12-31": "-677.00000", "2009-12-31": "2374.00000", "2008-12-31": "-1439.00000", "2007-12-31": "-1455.00000", "2006-12-31": "4899.00000", "2005-12-31": "1430.00000"}, "Stock-Based Compensation": {"2020-12-31": "679.00000", "2019-12-31": "697.00000", "2018-12-31": "638.00000", "2017-12-31": "597.00000", "2016-12-31": "485.00000", "2015-12-31": "406.00000", "2014-12-31": "364.00000", "2013-12-31": "331.00000", "2012-12-31": "421.00000", "2011-12-31": "401.00000", "2010-12-31": "326.00000", "2009-12-31": "334.00000", "2008-12-31": "305.00000", "2007-12-31": "505.00000", "2006-12-31": "404.00000", "2005-12-31": "306.00000"}, "Common Stock Dividends Paid": {"2020-12-31": "-4584.00000", "2019-12-31": "-3932.00000", "2018-12-31": "-3320.00000", "2017-12-31": "-2773.00000", "2016-12-31": "-2261.00000", "2015-12-31": "-1786.00000", "2014-12-31": "-1362.00000", "2013-12-31": "-1056.00000", "2012-12-31": "-820.00000", "2011-12-31": "-651.00000", "2010-12-31": "-449.00000", "2009-12-31": "-36.00000", "2008-12-31": "-37.00000", "2007-12-31": "-40.00000", "2006-12-31": "-41.00000", "2005-12-31": "-19.00000"}}, "cash flow statement, quarterly": {"Net Income/Loss": {"2020-12-31": 2352, "2020-09-30": 3256, "2020-06-30": 6696, "2020-03-31": "3465.00000", "2019-12-31": 3668, "2019-09-30": 3629, "2019-06-30": 3385, "2019-03-31": "3557.00000", "2018-12-31": 3164, "2018-09-30": 3284, "2018-06-30": 3010, "2018-03-31": "2924.00000", "2017-12-31": 3721, "2017-09-30": 2561, "2017-06-30": 2350, "2017-03-31": "2191.00000", "2016-12-31": 1708, "2016-09-30": 1978, "2016-06-30": 1760, "2016-03-31": "1627.00000", "2015-12-31": 1252, "2015-09-30": 1618, "2015-06-30": 1585, "2015-03-31": "1413.00000", "2014-12-31": 1510, "2014-09-30": 1602, "2014-06-30": 1408, "2014-03-31": "1099.00000", "2013-12-31": 1427, "2013-09-30": 1570, "2013-06-30": 1436, "2013-03-31": "1240.00000", "2012-12-31": 1244, "2012-09-30": 1557, "2012-06-30": 1337, "2012-03-31": "1388.00000", "2011-12-31": 1258, "2011-09-30": 1271, "2011-06-30": 1267, "2011-03-31": "1346.00000", "2010-12-31": 1043, "2010-09-30": 1277, "2010-06-30": 1123, "2010-03-31": "1191.00000", "2009-12-31": 944, "2009-09-30": 1035, "2009-06-30": 859, "2009-03-31": "984.00000", "2008-12-31": 726, "2008-09-30": 920, "2008-06-30": 337, "2008-03-31": "994.00000", "2007-12-31": 1216, "2007-09-30": 1283, "2007-06-30": 1228, "2007-03-31": "927.00000", "2006-12-31": 1175, "2006-09-30": 1112, "2006-06-30": 981, "2006-03-31": "891.00000", "2005-12-31": 778, "2005-09-30": 800, "2005-06-30": 762, "2005-03-31": "743.00000"}, "Total Depreciation And Amortization - Cash Flow": {"2020-12-31": 732, "2020-09-30": 719, "2020-06-30": 717, "2020-03-31": "723.00000", "2019-12-31": 718, "2019-09-30": 709, "2019-06-30": 654, "2019-03-31": "639.00000", "2018-12-31": 637, "2018-09-30": 611, "2018-06-30": 598, "2018-03-31": "582.00000", "2017-12-31": 578, "2017-09-30": 578, "2017-06-30": 556, "2017-03-31": "533.00000", "2016-12-31": 527, "2016-09-30": 515, "2016-06-30": 511, "2016-03-31": "502.00000", "2015-12-31": 484, "2015-09-30": 452, "2015-06-30": 379, "2015-03-31": "378.00000", "2014-12-31": 381, "2014-09-30": 373, "2014-06-30": 364, "2014-03-31": "360.00000", "2013-12-31": 350, "2013-09-30": 349, "2013-06-30": 340, "2013-03-31": "336.00000", "2012-12-31": 370, "2012-09-30": 317, "2012-06-30": 326, "2012-03-31": "296.00000", "2011-12-31": 290, "2011-09-30": 294, "2011-06-30": 270, "2011-03-31": "270.00000", "2010-12-31": 320, "2010-09-30": 247, "2010-06-30": 249, "2010-03-31": "248.00000", "2009-12-31": 258, "2009-09-30": 250, "2009-06-30": 249, "2009-03-31": "234.00000", "2008-12-31": 259, "2008-09-30": 254, "2008-06-30": 243, "2008-03-31": "225.00000", "2007-12-31": 207, "2007-09-30": 202, "2007-06-30": 196, "2007-03-31": "191.00000", "2006-12-31": 177, "2006-09-30": 168, "2006-06-30": 168, "2006-03-31": "157.00000", "2005-12-31": 120, "2005-09-30": 116, "2005-06-30": 108, "2005-03-31": "109.00000"}, "Other Non-Cash Items": {"2020-12-31": -75, "2020-09-30": 68, "2020-06-30": 148, "2020-03-31": "478.00000", "2019-12-31": 300, "2019-09-30": 55, "2019-06-30": 47, "2019-03-31": "419.00000", "2018-12-31": 224, "2018-09-30": 175, "2018-06-30": 49, "2018-03-31": "161.00000", "2017-12-31": -316, "2017-09-30": -78, "2017-06-30": 93, "2017-03-31": "150.00000", "2016-12-31": 588, "2016-09-30": -205, "2016-06-30": -207, "2016-03-31": "308.00000", "2015-12-31": 49, "2015-09-30": 28, "2015-06-30": -182, "2015-03-31": "203.00000", "2014-12-31": 40, "2014-09-30": -115, "2014-06-30": -115, "2014-03-31": "139.00000", "2013-12-31": 19, "2013-09-30": 40, "2013-06-30": 1, "2013-03-31": "189.00000", "2012-12-31": 142, "2012-09-30": 169, "2012-06-30": 9, "2012-03-31": "178.00000", "2011-12-31": 245, "2011-09-30": -272, "2011-06-30": 155, "2011-03-31": "265.00000", "2010-12-31": 303, "2010-09-30": 36, "2010-06-30": 60, "2010-03-31": "175.00000", "2009-12-31": 62, "2009-09-30": -22, "2009-06-30": 212, "2009-03-31": "89.00000", "2008-12-31": -147, "2008-09-30": 92, "2008-06-30": -197, "2008-03-31": "99.00000", "2007-12-31": 404, "2007-09-30": 82, "2007-06-30": -44, "2007-03-31": "124.00000", "2006-12-31": 494, "2006-09-30": 89, "2006-06-30": 28, "2006-03-31": "-137.00000", "2005-12-31": 88, "2005-09-30": -8, "2005-06-30": 74, "2005-03-31": "-19.00000"}, "Total Non-Cash Items": {"2020-12-31": 657, "2020-09-30": 787, "2020-06-30": 865, "2020-03-31": "1201.00000", "2019-12-31": 1018, "2019-09-30": 764, "2019-06-30": 701, "2019-03-31": "1058.00000", "2018-12-31": 861, "2018-09-30": 786, "2018-06-30": 647, "2018-03-31": "743.00000", "2017-12-31": 262, "2017-09-30": 500, "2017-06-30": 649, "2017-03-31": "683.00000", "2016-12-31": 1115, "2016-09-30": 310, "2016-06-30": 304, "2016-03-31": "810.00000", "2015-12-31": 533, "2015-09-30": 480, "2015-06-30": 197, "2015-03-31": "581.00000", "2014-12-31": 421, "2014-09-30": 258, "2014-06-30": 249, "2014-03-31": "499.00000", "2013-12-31": 369, "2013-09-30": 389, "2013-06-30": 341, "2013-03-31": "525.00000", "2012-12-31": 512, "2012-09-30": 486, "2012-06-30": 335, "2012-03-31": "474.00000", "2011-12-31": 535, "2011-09-30": 22, "2011-06-30": 425, "2011-03-31": "535.00000", "2010-12-31": 623, "2010-09-30": 283, "2010-06-30": 309, "2010-03-31": "423.00000", "2009-12-31": 320, "2009-09-30": 228, "2009-06-30": 461, "2009-03-31": "323.00000", "2008-12-31": 112, "2008-09-30": 346, "2008-06-30": 46, "2008-03-31": "324.00000", "2007-12-31": 611, "2007-09-30": 284, "2007-06-30": 152, "2007-03-31": "315.00000", "2006-12-31": 671, "2006-09-30": 257, "2006-06-30": 196, "2006-03-31": "20.00000", "2005-12-31": 208, "2005-09-30": 108, "2005-06-30": 182, "2005-03-31": "90.00000"}, "Change In Accounts Receivable": {"2020-12-31": 194, "2020-09-30": 245, "2020-06-30": 2213, "2020-03-31": "-2652.00000", "2019-12-31": -795, "2019-09-30": -1239, "2019-06-30": 3617, "2019-03-31": "-1421.00000", "2018-12-31": -367, "2018-09-30": 37, "2018-06-30": 558, "2018-03-31": "-1579.00000", "2017-12-31": -818, "2017-09-30": 1941, "2017-06-30": -1245, "2017-03-31": "-940.00000", "2016-12-31": -777, "2016-09-30": -628, "2016-06-30": 1158, "2016-03-31": "-1110.00000", "2015-12-31": 316, "2015-09-30": 818, "2015-06-30": -967, "2015-03-31": "-758.00000", "2014-12-31": -366, "2014-09-30": 1586, "2014-06-30": -1141, "2014-03-31": "-990.00000", "2013-12-31": -197, "2013-09-30": 832, "2013-06-30": -489, "2013-03-31": "-463.00000", "2012-12-31": -223, "2012-09-30": 281, "2012-06-30": 128, "2012-03-31": "-316.00000", "2011-12-31": -52, "2011-09-30": 628, "2011-06-30": -458, "2011-03-31": "-385.00000", "2010-12-31": 19, "2010-09-30": 754, "2010-06-30": -471, "2010-03-31": "-318.00000", "2009-12-31": 73, "2009-09-30": 747, "2009-06-30": -383, "2009-03-31": "-337.00000", "2008-12-31": -52, "2008-09-30": 476, "2008-06-30": -394, "2008-03-31": "-249.00000", "2007-12-31": 194, "2007-09-30": 369, "2007-06-30": -426, "2007-03-31": "-331.00000", "2006-12-31": 416, "2006-09-30": 361, "2006-06-30": -199, "2006-03-31": "-606.00000", "2005-12-31": -47, "2005-09-30": 3, "2005-06-30": -54, "2005-03-31": "12.00000"}, "Change In Inventories": {"2020-12-31": 0, "2020-09-30": 0, "2020-06-30": 0, "2020-03-31": "", "2019-12-31": 0, "2019-09-30": 0, "2019-06-30": 0, "2019-03-31": "", "2018-12-31": 0, "2018-09-30": 0, "2018-06-30": 0, "2018-03-31": "", "2017-12-31": 0, "2017-09-30": 0, "2017-06-30": 0, "2017-03-31": "", "2016-12-31": 0, "2016-09-30": 0, "2016-06-30": 0, "2016-03-31": "", "2015-12-31": 0, "2015-09-30": 0, "2015-06-30": 0, "2015-03-31": "", "2014-12-31": 0, "2014-09-30": 0, "2014-06-30": 0, "2014-03-31": "", "2013-12-31": 0, "2013-09-30": 0, "2013-06-30": 0, "2013-03-31": "", "2012-12-31": 0, "2012-09-30": 0, "2012-06-30": 0, "2012-03-31": "", "2011-12-31": 0, "2011-09-30": 0, "2011-06-30": 0, "2011-03-31": "", "2010-12-31": 0, "2010-09-30": 0, "2010-06-30": 0, "2010-03-31": "", "2009-12-31": 0, "2009-09-30": 0, "2009-06-30": 0, "2009-03-31": "", "2008-12-31": 0, "2008-09-30": 0, "2008-06-30": 0, "2008-03-31": "", "2007-12-31": 0, "2007-09-30": 0, "2007-06-30": 0, "2007-03-31": "", "2006-12-31": 0, "2006-09-30": 0, "2006-06-30": 0, "2006-03-31": "", "2005-12-31": 0, "2005-09-30": 0, "2005-06-30": 0, "2005-03-31": ""}, "Change In Accounts Payable": {"2020-12-31": 615, "2020-09-30": 1738, "2020-06-30": -3473, "2020-03-31": "1120.00000", "2019-12-31": 998, "2019-09-30": -224, "2019-06-30": -678, "2019-03-31": "1125.00000", "2018-12-31": 86, "2018-09-30": 482, "2018-06-30": -50, "2018-03-31": "1313.00000", "2017-12-31": -21, "2017-09-30": 210, "2017-06-30": 71, "2017-03-31": "1024.00000", "2016-12-31": -135, "2016-09-30": -115, "2016-06-30": 731, "2016-03-31": "1368.00000", "2015-12-31": 448, "2015-09-30": 149, "2015-06-30": 378, "2015-03-31": "1610.00000", "2014-12-31": -170, "2014-09-30": 94, "2014-06-30": 173, "2014-03-31": "387.00000", "2013-12-31": -279, "2013-09-30": -4, "2013-06-30": 119, "2013-03-31": "673.00000", "2012-12-31": -40, "2012-09-30": -157, "2012-06-30": 52, "2012-03-31": "246.00000", "2011-12-31": 303, "2011-09-30": -46, "2011-06-30": -23, "2011-03-31": "143.00000", "2010-12-31": 64, "2010-09-30": -193, "2010-06-30": 147, "2010-03-31": "-106.00000", "2009-12-31": -90, "2009-09-30": -256, "2009-06-30": 266, "2009-03-31": "504.00000", "2008-12-31": -111, "2008-09-30": -82, "2008-06-30": 152, "2008-03-31": "", "2007-12-31": -69, "2007-09-30": -72, "2007-06-30": -121, "2007-03-31": "411.00000", "2006-12-31": -199, "2006-09-30": 65, "2006-06-30": 11, "2006-03-31": "720.00000", "2005-12-31": 41, "2005-09-30": -108, "2005-06-30": -1, "2005-03-31": "264.00000"}, "Change In Assets/Liabilities": {"2020-12-31": 5724, "2020-09-30": 1251, "2020-06-30": 248, "2020-03-31": "-4328.00000", "2019-12-31": 688, "2019-09-30": 82, "2019-06-30": -800, "2019-03-31": "-1403.00000", "2018-12-31": 909, "2018-09-30": -4198, "2018-06-30": 430, "2018-03-31": "2147.00000", "2017-12-31": -4368, "2017-09-30": 1272, "2017-06-30": -875, "2017-03-31": "3498.00000", "2016-12-31": -3534, "2016-09-30": 4378, "2016-06-30": -234, "2016-03-31": "-2413.00000", "2015-12-31": 298, "2015-09-30": 925, "2015-06-30": -191, "2015-03-31": "-2225.00000", "2014-12-31": 523, "2014-09-30": 753, "2014-06-30": -229, "2014-03-31": "-1252.00000", "2013-12-31": -319, "2013-09-30": 324, "2013-06-30": -277, "2013-03-31": "-685.00000", "2012-12-31": 242, "2012-09-30": -2694, "2012-06-30": 108, "2012-03-31": "1996.00000", "2011-12-31": -2351, "2011-09-30": 2707, "2011-06-30": 160, "2011-03-31": "-463.00000", "2010-12-31": 330, "2010-09-30": 472, "2010-06-30": -106, "2010-03-31": "-250.00000", "2009-12-31": 161, "2009-09-30": 484, "2009-06-30": -222, "2009-03-31": "-575.00000", "2008-12-31": 242, "2008-09-30": 613, "2008-06-30": -210, "2008-03-31": "-660.00000", "2007-12-31": -261, "2007-09-30": -1640, "2007-06-30": -28, "2007-03-31": "1566.00000", "2006-12-31": -368, "2006-09-30": -1532, "2006-06-30": 107, "2006-03-31": "1500.00000", "2005-12-31": -348, "2005-09-30": 299, "2005-06-30": -38, "2005-03-31": "-213.00000"}, "Total Change In Assets/Liabilities": {"2020-12-31": 3092, "2020-09-30": -916, "2020-06-30": 2442, "2020-03-31": "-1723.00000", "2019-12-31": 1519, "2019-09-30": -1243, "2019-06-30": 1788, "2019-03-31": "-1381.00000", "2018-12-31": -1629, "2018-09-30": -3129, "2018-06-30": 350, "2018-03-31": "4702.00000", "2017-12-31": -6560, "2017-09-30": 4485, "2017-06-30": -828, "2017-03-31": "3582.00000", "2016-12-31": -4232, "2016-09-30": 4915, "2016-06-30": -381, "2016-03-31": "-119.00000", "2015-12-31": 1726, "2015-09-30": 699, "2015-06-30": -619, "2015-03-31": "275.00000", "2014-12-31": 498, "2014-09-30": 1340, "2014-06-30": -643, "2014-03-31": "-190.00000", "2013-12-31": -728, "2013-09-30": 1437, "2013-06-30": -303, "2013-03-31": "-712.00000", "2012-12-31": -74, "2012-09-30": -2341, "2012-06-30": 513, "2012-03-31": "1724.00000", "2011-12-31": -2208, "2011-09-30": 3671, "2011-06-30": -497, "2011-03-31": "-657.00000", "2010-12-31": -225, "2010-09-30": 1344, "2010-06-30": -709, "2010-03-31": "-409.00000", "2009-12-31": 16, "2009-09-30": 1478, "2009-06-30": -828, "2009-03-31": "-195.00000", "2008-12-31": 763, "2008-09-30": 491, "2008-06-30": 217, "2008-03-31": "-1038.00000", "2007-12-31": -757, "2007-09-30": -1051, "2007-06-30": 323, "2007-03-31": "1346.00000", "2006-12-31": -246, "2006-09-30": -1055, "2006-06-30": 545, "2006-03-31": "1979.00000", "2005-12-31": -425, "2005-09-30": 231, "2005-06-30": 304, "2005-03-31": "302.00000"}, "Cash Flow From Operating Activities": {"2020-12-31": 6101, "2020-09-30": 3127, "2020-06-30": 10003, "2020-03-31": "2943.00000", "2019-12-31": 6205, "2019-09-30": 3150, "2019-06-30": 5874, "2019-03-31": "3234.00000", "2018-12-31": 2396, "2018-09-30": 941, "2018-06-30": 4007, "2018-03-31": "8369.00000", "2017-12-31": -2577, "2017-09-30": 7546, "2017-06-30": 2171, "2017-03-31": "6456.00000", "2016-12-31": -1409, "2016-09-30": 7203, "2016-06-30": 1683, "2016-03-31": "2318.00000", "2015-12-31": 3511, "2015-09-30": 2797, "2015-06-30": 1163, "2015-03-31": "2269.00000", "2014-12-31": 2429, "2014-09-30": 3200, "2014-06-30": 1014, "2014-03-31": "1408.00000", "2013-12-31": 1068, "2013-09-30": 3396, "2013-06-30": 1474, "2013-03-31": "1053.00000", "2012-12-31": 1682, "2012-09-30": -298, "2012-06-30": 2185, "2012-03-31": "3586.00000", "2011-12-31": -415, "2011-09-30": 4964, "2011-06-30": 1195, "2011-03-31": "1224.00000", "2010-12-31": 1441, "2010-09-30": 2904, "2010-06-30": 723, "2010-03-31": "1205.00000", "2009-12-31": 1280, "2009-09-30": 2741, "2009-06-30": 492, "2009-03-31": "1112.00000", "2008-12-31": 1601, "2008-09-30": 1757, "2008-06-30": 600, "2008-03-31": "280.00000", "2007-12-31": 1070, "2007-09-30": 516, "2007-06-30": 1703, "2007-03-31": "2588.00000", "2006-12-31": 1600, "2006-09-30": 314, "2006-06-30": 1722, "2006-03-31": "2890.00000", "2005-12-31": 561, "2005-09-30": 1139, "2005-06-30": 1248, "2005-03-31": "1135.00000"}, "Net Change In Property, Plant, And Equipment": {"2020-12-31": -574, "2020-09-30": -557, "2020-06-30": -451, "2020-03-31": "-469.00000", "2019-12-31": -650, "2019-09-30": -444, "2019-06-30": -415, "2019-03-31": "-562.00000", "2018-12-31": -558, "2018-09-30": -545, "2018-06-30": -483, "2018-03-31": "-477.00000", "2017-12-31": -632, "2017-09-30": -466, "2017-06-30": -418, "2017-03-31": "-507.00000", "2016-12-31": -485, "2016-09-30": -407, "2016-06-30": -388, "2016-03-31": "-425.00000", "2015-12-31": -484, "2015-09-30": -356, "2015-06-30": -343, "2015-03-31": "-373.00000", "2014-12-31": -404, "2014-09-30": -405, "2014-06-30": -363, "2014-03-31": "-353.00000", "2013-12-31": -467, "2013-09-30": -361, "2013-06-30": -156, "2013-03-31": "-323.00000", "2012-12-31": -284, "2012-09-30": -321, "2012-06-30": -196, "2012-03-31": "-269.00000", "2011-12-31": -212, "2011-09-30": -290, "2011-06-30": -303, "2011-03-31": "-213.00000", "2010-12-31": -330, "2010-09-30": -205, "2010-06-30": -211, "2010-03-31": "-132.00000", "2009-12-31": -256, "2009-09-30": -172, "2009-06-30": -151, "2009-03-31": "-160.00000", "2008-12-31": -8, "2008-09-30": -183, "2008-06-30": -203, "2008-03-31": "-212.00000", "2007-12-31": -185, "2007-09-30": -223, "2007-06-30": -239, "2007-03-31": "-224.00000", "2006-12-31": -210, "2006-09-30": -137, "2006-06-30": -158, "2006-03-31": "-171.00000", "2005-12-31": -142, "2005-09-30": -145, "2005-06-30": -109, "2005-03-31": "-113.00000"}, "Net Change In Intangible Assets": {"2020-12-31": 0, "2020-09-30": 0, "2020-06-30": 0, "2020-03-31": "", "2019-12-31": 0, "2019-09-30": 0, "2019-06-30": 0, "2019-03-31": "", "2018-12-31": 0, "2018-09-30": 0, "2018-06-30": 0, "2018-03-31": "", "2017-12-31": 0, "2017-09-30": 0, "2017-06-30": 0, "2017-03-31": "", "2016-12-31": 0, "2016-09-30": 0, "2016-06-30": 0, "2016-03-31": "", "2015-12-31": 0, "2015-09-30": 0, "2015-06-30": 0, "2015-03-31": "", "2014-12-31": 0, "2014-09-30": 0, "2014-06-30": 0, "2014-03-31": "", "2013-12-31": 0, "2013-09-30": 0, "2013-06-30": 0, "2013-03-31": "", "2012-12-31": 0, "2012-09-30": 0, "2012-06-30": 0, "2012-03-31": "", "2011-12-31": 0, "2011-09-30": 0, "2011-06-30": 0, "2011-03-31": "", "2010-12-31": 0, "2010-09-30": 0, "2010-06-30": 0, "2010-03-31": "", "2009-12-31": 0, "2009-09-30": 0, "2009-06-30": 0, "2009-03-31": "", "2008-12-31": 0, "2008-09-30": 0, "2008-06-30": 0, "2008-03-31": "", "2007-12-31": 0, "2007-09-30": 0, "2007-06-30": 0, "2007-03-31": "", "2006-12-31": 0, "2006-09-30": 0, "2006-06-30": 0, "2006-03-31": "", "2005-12-31": 0, "2005-09-30": 0, "2005-06-30": 0, "2005-03-31": ""}, "Net Acquisitions/Divestitures": {"2020-12-31": -2813, "2020-09-30": -374, "2020-06-30": -3023, "2020-03-31": "-929.00000", "2019-12-31": -143, "2019-09-30": -3449, "2019-06-30": -4062, "2019-03-31": "-689.00000", "2018-12-31": -173, "2018-09-30": -3188, "2018-06-30": -53, "2018-03-31": "-2583.00000", "2017-12-31": -1223, "2017-09-30": -204, "2017-06-30": -236, "2017-03-31": "-468.00000", "2016-12-31": 967, "2016-09-30": -692, "2016-06-30": -338, "2016-03-31": "-1697.00000", "2015-12-31": 19, "2015-09-30": -14405, "2015-06-30": -1203, "2015-03-31": "-575.00000", "2014-12-31": -1072, "2014-09-30": -328, "2014-06-30": -178, "2014-03-31": "-345.00000", "2013-12-31": -32, "2013-09-30": -46, "2013-06-30": -5, "2013-03-31": "-279.00000", "2012-12-31": -3730, "2012-09-30": -146, "2012-06-30": -469, "2012-03-31": "-1935.00000", "2011-12-31": -366, "2011-09-30": -644, "2011-06-30": 92, "2011-03-31": "-541.00000", "2010-12-31": -232, "2010-09-30": -1907, "2010-06-30": -87, "2010-03-31": "-78.00000", "2009-12-31": -84, "2009-09-30": -2, "2009-06-30": -400, "2009-03-31": "", "2008-12-31": -53, "2008-09-30": -48, "2008-06-30": -447, "2008-03-31": "-3265.00000", "2007-12-31": -57, "2007-09-30": -62, "2007-06-30": -89, "2007-03-31": "-54.00000", "2006-12-31": 48, "2006-09-30": -71, "2006-06-30": -92, "2006-03-31": "-555.00000", "2005-12-31": -2639, "2005-09-30": -171, "2005-06-30": -96, "2005-03-31": "-19.00000"}, "Net Change In Short-term Investments": {"2020-12-31": 0, "2020-09-30": 0, "2020-06-30": 0, "2020-03-31": "", "2019-12-31": 0, "2019-09-30": 0, "2019-06-30": 0, "2019-03-31": "", "2018-12-31": 0, "2018-09-30": 0, "2018-06-30": 0, "2018-03-31": "", "2017-12-31": 0, "2017-09-30": 0, "2017-06-30": 0, "2017-03-31": "", "2016-12-31": 0, "2016-09-30": 0, "2016-06-30": 0, "2016-03-31": "", "2015-12-31": 0, "2015-09-30": 0, "2015-06-30": 0, "2015-03-31": "", "2014-12-31": 0, "2014-09-30": 0, "2014-06-30": 0, "2014-03-31": "", "2013-12-31": 0, "2013-09-30": 0, "2013-06-30": 0, "2013-03-31": "", "2012-12-31": 0, "2012-09-30": 0, "2012-06-30": 0, "2012-03-31": "", "2011-12-31": 0, "2011-09-30": 0, "2011-06-30": 0, "2011-03-31": "", "2010-12-31": 0, "2010-09-30": 0, "2010-06-30": 0, "2010-03-31": "", "2009-12-31": 0, "2009-09-30": 0, "2009-06-30": 0, "2009-03-31": "", "2008-12-31": 0, "2008-09-30": 0, "2008-06-30": 0, "2008-03-31": "", "2007-12-31": 0, "2007-09-30": 0, "2007-06-30": 0, "2007-03-31": "", "2006-12-31": 0, "2006-09-30": 0, "2006-06-30": 0, "2006-03-31": "", "2005-12-31": 0, "2005-09-30": 0, "2005-06-30": 0, "2005-03-31": ""}, "Net Change In Long-Term Investments": {"2020-12-31": -1450, "2020-09-30": -1959, "2020-06-30": 543, "2020-03-31": "30.00000", "2019-12-31": -476, "2019-09-30": -374, "2019-06-30": -1335, "2019-03-31": "-319.00000", "2018-12-31": -370, "2018-09-30": -761, "2018-06-30": -1583, "2018-03-31": "-1385.00000", "2017-12-31": -753, "2017-09-30": -1484, "2017-06-30": -743, "2017-03-31": "-1339.00000", "2016-12-31": -1158, "2016-09-30": -1188, "2016-06-30": -1508, "2016-03-31": "-2073.00000", "2015-12-31": -417, "2015-09-30": 290, "2015-06-30": 141, "2015-03-31": "-545.00000", "2014-12-31": 546, "2014-09-30": -207, "2014-06-30": 314, "2014-03-31": "146.00000", "2013-12-31": -463, "2013-09-30": -848, "2013-06-30": 47, "2013-03-31": "-347.00000", "2012-12-31": -175, "2012-09-30": -590, "2012-06-30": -340, "2012-03-31": "-194.00000", "2011-12-31": -671, "2011-09-30": -431, "2011-06-30": -10, "2011-03-31": "-583.00000", "2010-12-31": -1143, "2010-09-30": -704, "2010-06-30": 63, "2010-03-31": "-373.00000", "2009-12-31": -522, "2009-09-30": 550, "2009-06-30": 217, "2009-03-31": "4.00000", "2008-12-31": 339, "2008-09-30": -49, "2008-06-30": -650, "2008-03-31": "-293.00000", "2007-12-31": -1598, "2007-09-30": -147, "2007-06-30": -735, "2007-03-31": "-534.00000", "2006-12-31": -456, "2006-09-30": -152, "2006-06-30": 203, "2006-03-31": "-350.00000", "2005-12-31": 294, "2005-09-30": 122, "2005-06-30": -204, "2005-03-31": "-267.00000"}, "Net Change In Investments - Total": {"2020-12-31": -1450, "2020-09-30": -1959, "2020-06-30": 543, "2020-03-31": "30.00000", "2019-12-31": -476, "2019-09-30": -374, "2019-06-30": -1335, "2019-03-31": "-319.00000", "2018-12-31": -370, "2018-09-30": -761, "2018-06-30": -1583, "2018-03-31": "-1385.00000", "2017-12-31": -753, "2017-09-30": -1484, "2017-06-30": -743, "2017-03-31": "-1339.00000", "2016-12-31": -1158, "2016-09-30": -1188, "2016-06-30": -1508, "2016-03-31": "-2073.00000", "2015-12-31": -417, "2015-09-30": 290, "2015-06-30": 141, "2015-03-31": "-545.00000", "2014-12-31": 546, "2014-09-30": -207, "2014-06-30": 314, "2014-03-31": "146.00000", "2013-12-31": -463, "2013-09-30": -848, "2013-06-30": 47, "2013-03-31": "-347.00000", "2012-12-31": -175, "2012-09-30": -590, "2012-06-30": -340, "2012-03-31": "-194.00000", "2011-12-31": -671, "2011-09-30": -431, "2011-06-30": -10, "2011-03-31": "-583.00000", "2010-12-31": -1143, "2010-09-30": -704, "2010-06-30": 63, "2010-03-31": "-373.00000", "2009-12-31": -522, "2009-09-30": 550, "2009-06-30": 217, "2009-03-31": "4.00000", "2008-12-31": 339, "2008-09-30": -49, "2008-06-30": -650, "2008-03-31": "-293.00000", "2007-12-31": -1598, "2007-09-30": -147, "2007-06-30": -735, "2007-03-31": "-534.00000", "2006-12-31": -456, "2006-09-30": -152, "2006-06-30": 203, "2006-03-31": "-350.00000", "2005-12-31": 294, "2005-09-30": 122, "2005-06-30": -204, "2005-03-31": "-267.00000"}, "Investing Activities - Other": {"2020-12-31": -341, "2020-09-30": 21, "2020-06-30": -21, "2020-03-31": "-165.00000", "2019-12-31": -119, "2019-09-30": -166, "2019-06-30": 350, "2019-03-31": "154.00000", "2018-12-31": -39, "2018-09-30": -53, "2018-06-30": -62, "2018-03-31": "-72.00000", "2017-12-31": -96, "2017-09-30": -85, "2017-06-30": 30, "2017-03-31": "25.00000", "2016-12-31": 62, "2016-09-30": -41, "2016-06-30": 2, "2016-03-31": "14.00000", "2015-12-31": -93, "2015-09-30": -99, "2015-06-30": 80, "2015-03-31": "-32.00000", "2014-12-31": 254, "2014-09-30": -40, "2014-06-30": -48, "2014-03-31": "-51.00000", "2013-12-31": 146, "2013-09-30": 0, "2013-06-30": 0, "2013-03-31": "45.00000", "2012-12-31": 0, "2012-09-30": 0, "2012-06-30": 0, "2012-03-31": "", "2011-12-31": 0, "2011-09-30": 0, "2011-06-30": 0, "2011-03-31": "", "2010-12-31": 0, "2010-09-30": 0, "2010-06-30": 0, "2010-03-31": "", "2009-12-31": 0, "2009-09-30": 0, "2009-06-30": 0, "2009-03-31": "", "2008-12-31": 0, "2008-09-30": 0, "2008-06-30": 0, "2008-03-31": "", "2007-12-31": 0, "2007-09-30": 0, "2007-06-30": 0, "2007-03-31": "", "2006-12-31": 0, "2006-09-30": 0, "2006-06-30": 0, "2006-03-31": "", "2005-12-31": 0, "2005-09-30": 0, "2005-06-30": 0, "2005-03-31": ""}, "Cash Flow From Investing Activities": {"2020-12-31": -5178, "2020-09-30": -2869, "2020-06-30": -2952, "2020-03-31": "-1533.00000", "2019-12-31": -1388, "2019-09-30": -4433, "2019-06-30": -5462, "2019-03-31": "-1416.00000", "2018-12-31": -1140, "2018-09-30": -4547, "2018-06-30": -2181, "2018-03-31": "-4517.00000", "2017-12-31": -2704, "2017-09-30": -2239, "2017-06-30": -1367, "2017-03-31": "-2289.00000", "2016-12-31": -614, "2016-09-30": -2328, "2016-06-30": -2232, "2016-03-31": "-4181.00000", "2015-12-31": -975, "2015-09-30": -14570, "2015-06-30": -1325, "2015-03-31": "-1525.00000", "2014-12-31": -676, "2014-09-30": -980, "2014-06-30": -275, "2014-03-31": "-603.00000", "2013-12-31": -816, "2013-09-30": -1255, "2013-06-30": -114, "2013-03-31": "-904.00000", "2012-12-31": -4189, "2012-09-30": -1057, "2012-06-30": -1005, "2012-03-31": "-2398.00000", "2011-12-31": -1249, "2011-09-30": -1365, "2011-06-30": -221, "2011-03-31": "-1337.00000", "2010-12-31": -1705, "2010-09-30": -2816, "2010-06-30": -235, "2010-03-31": "-583.00000", "2009-12-31": -862, "2009-09-30": 376, "2009-06-30": -334, "2009-03-31": "-156.00000", "2008-12-31": 278, "2008-09-30": -280, "2008-06-30": -1300, "2008-03-31": "-3770.00000", "2007-12-31": -1840, "2007-09-30": -432, "2007-06-30": -1063, "2007-03-31": "-812.00000", "2006-12-31": -618, "2006-09-30": -360, "2006-06-30": -47, "2006-03-31": "-1076.00000", "2005-12-31": -2487, "2005-09-30": -194, "2005-06-30": -409, "2005-03-31": "-399.00000"}, "Net Long-Term Debt": {"2020-12-31": -355, "2020-09-30": -2274, "2020-06-30": -5582, "2020-03-31": "10797.00000", "2019-12-31": -4198, "2019-09-30": 2518, "2019-06-30": 3823, "2019-03-31": "1851.00000", "2018-12-31": 2934, "2018-09-30": -1483, "2018-06-30": -476, "2018-03-31": "3159.00000", "2017-12-31": 2262, "2017-09-30": -2706, "2017-06-30": -1982, "2017-03-31": "-189.00000", "2016-12-31": -87, "2016-09-30": 69, "2016-06-30": -591, "2016-03-31": "1599.00000", "2015-12-31": 376, "2015-09-30": 13561, "2015-06-30": -108, "2015-03-31": "778.00000", "2014-12-31": -152, "2014-09-30": 816, "2014-06-30": -110, "2014-03-31": "-163.00000", "2013-12-31": 6, "2013-09-30": 159, "2013-06-30": -1301, "2013-03-31": "1288.00000", "2012-12-31": 3178, "2012-09-30": 394, "2012-06-30": -244, "2012-03-31": "1239.00000", "2011-12-31": -266, "2011-09-30": 666, "2011-06-30": -605, "2011-03-31": "551.00000", "2010-12-31": 296, "2010-09-30": 251, "2010-06-30": 155, "2010-03-31": "-608.00000", "2009-12-31": 0, "2009-09-30": -510, "2009-06-30": 0, "2009-03-31": "-939.00000", "2008-12-31": -486, "2008-09-30": -441, "2008-06-30": 204, "2008-03-31": "1858.00000", "2007-12-31": 2895, "2007-09-30": -291, "2007-06-30": 1373, "2007-03-31": "-398.00000", "2006-12-31": 32, "2006-09-30": -28, "2006-06-30": -143, "2006-03-31": "716.00000", "2005-12-31": 2198, "2005-09-30": 231, "2005-06-30": 0, "2005-03-31": "227.00000"}, "Net Current Debt": {"2020-12-31": 0, "2020-09-30": 0, "2020-06-30": 0, "2020-03-31": "", "2019-12-31": 0, "2019-09-30": 0, "2019-06-30": 0, "2019-03-31": "", "2018-12-31": 0, "2018-09-30": 0, "2018-06-30": 0, "2018-03-31": "", "2017-12-31": 0, "2017-09-30": 0, "2017-06-30": 0, "2017-03-31": "", "2016-12-31": 0, "2016-09-30": 0, "2016-06-30": 0, "2016-03-31": "", "2015-12-31": 0, "2015-09-30": 0, "2015-06-30": 0, "2015-03-31": "", "2014-12-31": 0, "2014-09-30": 0, "2014-06-30": 0, "2014-03-31": "", "2013-12-31": 0, "2013-09-30": 0, "2013-06-30": 0, "2013-03-31": "", "2012-12-31": 0, "2012-09-30": 0, "2012-06-30": 0, "2012-03-31": "", "2011-12-31": 0, "2011-09-30": 0, "2011-06-30": 0, "2011-03-31": "", "2010-12-31": 0, "2010-09-30": 0, "2010-06-30": 0, "2010-03-31": "", "2009-12-31": 0, "2009-09-30": 0, "2009-06-30": 0, "2009-03-31": "", "2008-12-31": 0, "2008-09-30": 0, "2008-06-30": 0, "2008-03-31": "", "2007-12-31": 0, "2007-09-30": 0, "2007-06-30": 0, "2007-03-31": "", "2006-12-31": 0, "2006-09-30": 0, "2006-06-30": 0, "2006-03-31": "", "2005-12-31": 0, "2005-09-30": 0, "2005-06-30": 0, "2005-03-31": ""}, "Debt Issuance/Retirement Net - Total": {"2020-12-31": -355, "2020-09-30": -2274, "2020-06-30": -5582, "2020-03-31": "10797.00000", "2019-12-31": -4198, "2019-09-30": 2518, "2019-06-30": 3823, "2019-03-31": "1851.00000", "2018-12-31": 2934, "2018-09-30": -1483, "2018-06-30": -476, "2018-03-31": "3159.00000", "2017-12-31": 2262, "2017-09-30": -2706, "2017-06-30": -1982, "2017-03-31": "-189.00000", "2016-12-31": -87, "2016-09-30": 69, "2016-06-30": -591, "2016-03-31": "1599.00000", "2015-12-31": 376, "2015-09-30": 13561, "2015-06-30": -108, "2015-03-31": "778.00000", "2014-12-31": -152, "2014-09-30": 816, "2014-06-30": -110, "2014-03-31": "-163.00000", "2013-12-31": 6, "2013-09-30": 159, "2013-06-30": -1301, "2013-03-31": "1288.00000", "2012-12-31": 3178, "2012-09-30": 394, "2012-06-30": -244, "2012-03-31": "1239.00000", "2011-12-31": -266, "2011-09-30": 666, "2011-06-30": -605, "2011-03-31": "551.00000", "2010-12-31": 296, "2010-09-30": 251, "2010-06-30": 155, "2010-03-31": "-608.00000", "2009-12-31": 0, "2009-09-30": -510, "2009-06-30": 0, "2009-03-31": "-939.00000", "2008-12-31": -486, "2008-09-30": -441, "2008-06-30": 204, "2008-03-31": "1858.00000", "2007-12-31": 2895, "2007-09-30": -291, "2007-06-30": 1373, "2007-03-31": "-398.00000", "2006-12-31": 32, "2006-09-30": -28, "2006-06-30": -143, "2006-03-31": "716.00000", "2005-12-31": 2198, "2005-09-30": 231, "2005-06-30": 0, "2005-03-31": "227.00000"}, "Net Common Equity Issued/Repurchased": {"2020-12-31": -2915, "2020-09-30": -514, "2020-06-30": 313, "2020-03-31": "-1134.00000", "2019-12-31": -102, "2019-09-30": -308, "2019-06-30": -1374, "2019-03-31": "-2679.00000", "2018-12-31": -757, "2018-09-30": -233, "2018-06-30": -317, "2018-03-31": "-2355.00000", "2017-12-31": -243, "2017-09-30": 85, "2017-06-30": -242, "2017-03-31": "-412.00000", "2016-12-31": -121, "2016-09-30": -4, "2016-06-30": -424, "2016-03-31": "-302.00000", "2015-12-31": -34, "2015-09-30": -53, "2015-06-30": -7, "2015-03-31": "-704.00000", "2014-12-31": -922, "2014-09-30": -954, "2014-06-30": -975, "2014-03-31": "-695.00000", "2013-12-31": -762, "2013-09-30": -790, "2013-06-30": -593, "2013-03-31": "-427.00000", "2012-12-31": 80, "2012-09-30": -687, "2012-06-30": -665, "2012-03-31": "-734.00000", "2011-12-31": -830, "2011-09-30": -753, "2011-06-30": -506, "2011-03-31": "-524.00000", "2010-12-31": -542, "2010-09-30": -568, "2010-06-30": -604, "2010-03-31": "-531.00000", "2009-12-31": -198, "2009-09-30": 0, "2009-06-30": -805, "2009-03-31": "-516.00000", "2008-12-31": -56, "2008-09-30": -371, "2008-06-30": -561, "2008-03-31": "-1397.00000", "2007-12-31": -1992, "2007-09-30": -1879, "2007-06-30": -1248, "2007-03-31": "-768.00000", "2006-12-31": 46, "2006-09-30": 105, "2006-06-30": -490, "2006-03-31": "-1609.00000", "2005-12-31": -86, "2005-09-30": -134, "2005-06-30": -946, "2005-03-31": "-968.00000"}, "Net Total Equity Issued/Repurchased": {"2020-12-31": -2915, "2020-09-30": -514, "2020-06-30": 313, "2020-03-31": "-1134.00000", "2019-12-31": -102, "2019-09-30": -308, "2019-06-30": -1374, "2019-03-31": "-2679.00000", "2018-12-31": -757, "2018-09-30": -233, "2018-06-30": -317, "2018-03-31": "-2355.00000", "2017-12-31": -243, "2017-09-30": 85, "2017-06-30": -242, "2017-03-31": "-412.00000", "2016-12-31": -121, "2016-09-30": -4, "2016-06-30": -424, "2016-03-31": "-302.00000", "2015-12-31": -34, "2015-09-30": -53, "2015-06-30": -7, "2015-03-31": "-704.00000", "2014-12-31": -922, "2014-09-30": -954, "2014-06-30": -975, "2014-03-31": "-695.00000", "2013-12-31": -762, "2013-09-30": -790, "2013-06-30": -593, "2013-03-31": "-427.00000", "2012-12-31": 80, "2012-09-30": -687, "2012-06-30": -665, "2012-03-31": "-734.00000", "2011-12-31": -830, "2011-09-30": -753, "2011-06-30": -506, "2011-03-31": "-524.00000", "2010-12-31": -542, "2010-09-30": -568, "2010-06-30": -604, "2010-03-31": "-531.00000", "2009-12-31": -198, "2009-09-30": 0, "2009-06-30": -805, "2009-03-31": "-516.00000", "2008-12-31": -56, "2008-09-30": -371, "2008-06-30": -561, "2008-03-31": "-1397.00000", "2007-12-31": -1992, "2007-09-30": -1879, "2007-06-30": -1248, "2007-03-31": "-768.00000", "2006-12-31": 46, "2006-09-30": 105, "2006-06-30": -490, "2006-03-31": "-1609.00000", "2005-12-31": -86, "2005-09-30": -134, "2005-06-30": -946, "2005-03-31": "-968.00000"}, "Total Common And Preferred Stock Dividends Paid": {"2020-12-31": -1184, "2020-09-30": -1188, "2020-06-30": -1188, "2020-03-31": "-1024.00000", "2019-12-31": -1024, "2019-09-30": -1024, "2019-06-30": -1024, "2019-03-31": "-860.00000", "2018-12-31": -866, "2018-09-30": -866, "2018-06-30": -866, "2018-03-31": "-722.00000", "2017-12-31": -727, "2017-09-30": -726, "2017-06-30": -724, "2017-03-31": "-596.00000", "2016-12-31": -595, "2016-09-30": -595, "2016-06-30": -594, "2016-03-31": "-477.00000", "2015-12-31": -476, "2015-09-30": -477, "2015-06-30": -476, "2015-03-31": "-357.00000", "2014-12-31": -358, "2014-09-30": -362, "2014-06-30": -366, "2014-03-31": "-276.00000", "2013-12-31": -279, "2013-09-30": -280, "2013-06-30": -281, "2013-03-31": "-216.00000", "2012-12-31": -217, "2012-09-30": -217, "2012-06-30": -218, "2012-03-31": "-168.00000", "2011-12-31": -170, "2011-09-30": -172, "2011-06-30": -174, "2011-03-31": "-135.00000", "2010-12-31": -136, "2010-09-30": -139, "2010-06-30": -174, "2010-03-31": "", "2009-12-31": 0, "2009-09-30": 0, "2009-06-30": -36, "2009-03-31": "", "2008-12-31": 0, "2008-09-30": 0, "2008-06-30": -37, "2008-03-31": "", "2007-12-31": 0, "2007-09-30": 0, "2007-06-30": -40, "2007-03-31": "", "2006-12-31": 0, "2006-09-30": 0, "2006-06-30": -41, "2006-03-31": "", "2005-12-31": 0, "2005-09-30": 0, "2005-06-30": -19, "2005-03-31": ""}, "Financial Activities - Other": {"2020-12-31": 2858, "2020-09-30": -1042, "2020-06-30": 178, "2020-03-31": "664.00000", "2019-12-31": -888, "2019-09-30": -1242, "2019-06-30": -510, "2019-03-31": "1416.00000", "2018-12-31": -1983, "2018-09-30": -1898, "2018-06-30": 24, "2018-03-31": "2340.00000", "2017-12-31": -276, "2017-09-30": -298, "2017-06-30": 611, "2017-03-31": "2722.00000", "2016-12-31": 452, "2016-09-30": 229, "2016-06-30": -252, "2016-03-31": "682.00000", "2015-12-31": 543, "2015-09-30": -1080, "2015-06-30": -26, "2015-03-31": "779.00000", "2014-12-31": -51, "2014-09-30": -888, "2014-06-30": -398, "2014-03-31": "561.00000", "2013-12-31": -228, "2013-09-30": -605, "2013-06-30": -1495, "2013-03-31": "858.00000", "2012-12-31": -1044, "2012-09-30": -797, "2012-06-30": -136, "2012-03-31": "707.00000", "2011-12-31": -1320, "2011-09-30": 564, "2011-06-30": 296, "2011-03-31": "888.00000", "2010-12-31": 192, "2010-09-30": -38, "2010-06-30": 198, "2010-03-31": "637.00000", "2009-12-31": 45, "2009-09-30": -319, "2009-06-30": 43, "2009-03-31": "960.00000", "2008-12-31": 8, "2008-09-30": 143, "2008-06-30": 92, "2008-03-31": "439.00000", "2007-12-31": -1618, "2007-09-30": -596, "2007-06-30": 248, "2007-03-31": "1129.00000", "2006-12-31": 8, "2006-09-30": -251, "2006-06-30": 627, "2006-03-31": "1502.00000", "2005-12-31": 58, "2005-09-30": 93, "2005-06-30": 95, "2005-03-31": "87.00000"}, "Cash Flow From Financial Activities": {"2020-12-31": -1596, "2020-09-30": -5018, "2020-06-30": -6279, "2020-03-31": "9303.00000", "2019-12-31": -6212, "2019-09-30": -56, "2019-06-30": 915, "2019-03-31": "-272.00000", "2018-12-31": -672, "2018-09-30": -4480, "2018-06-30": -1635, "2018-03-31": "2422.00000", "2017-12-31": 1016, "2017-09-30": -3645, "2017-06-30": -2337, "2017-03-31": "1525.00000", "2016-12-31": -351, "2016-09-30": -301, "2016-06-30": -1861, "2016-03-31": "1502.00000", "2015-12-31": 409, "2015-09-30": 11951, "2015-06-30": -617, "2015-03-31": "496.00000", "2014-12-31": -1483, "2014-09-30": -1388, "2014-06-30": -1849, "2014-03-31": "-573.00000", "2013-12-31": -1263, "2013-09-30": -1516, "2013-06-30": -3670, "2013-03-31": "1503.00000", "2012-12-31": 1997, "2012-09-30": -1307, "2012-06-30": -1263, "2012-03-31": "1044.00000", "2011-12-31": -2586, "2011-09-30": 305, "2011-06-30": -989, "2011-03-31": "780.00000", "2010-12-31": -190, "2010-09-30": -494, "2010-06-30": -425, "2010-03-31": "-502.00000", "2009-12-31": -153, "2009-09-30": -829, "2009-06-30": -798, "2009-03-31": "-495.00000", "2008-12-31": -534, "2008-09-30": -669, "2008-06-30": -302, "2008-03-31": "900.00000", "2007-12-31": -715, "2007-09-30": -2766, "2007-06-30": 333, "2007-03-31": "-37.00000", "2006-12-31": 86, "2006-09-30": -174, "2006-06-30": -47, "2006-03-31": "609.00000", "2005-12-31": 2170, "2005-09-30": 190, "2005-06-30": -870, "2005-03-31": "-654.00000"}, "Net Cash Flow": {"2020-12-31": -629, "2020-09-30": -4777, "2020-06-30": 758, "2020-03-31": "10584.00000", "2019-12-31": -1378, "2019-09-30": -1382, "2019-06-30": 1338, "2019-03-31": "1541.00000", "2018-12-31": 603, "2018-09-30": -8105, "2018-06-30": 125, "2018-03-31": "6262.00000", "2017-12-31": -4288, "2017-09-30": 1687, "2017-06-30": -1560, "2017-03-31": "5712.00000", "2016-12-31": -2366, "2016-09-30": 4579, "2016-06-30": -2379, "2016-03-31": "-327.00000", "2015-12-31": 2940, "2015-09-30": 96, "2015-06-30": -763, "2015-03-31": "1155.00000", "2014-12-31": 262, "2014-09-30": 821, "2014-06-30": -1102, "2014-03-31": "238.00000", "2013-12-31": -1010, "2013-09-30": 632, "2013-06-30": -2384, "2013-03-31": "1632.00000", "2012-12-31": -510, "2012-09-30": -2662, "2012-06-30": -83, "2012-03-31": "2232.00000", "2011-12-31": -4250, "2011-09-30": 3904, "2011-06-30": -15, "2011-03-31": "667.00000", "2010-12-31": -454, "2010-09-30": -406, "2010-06-30": 63, "2010-03-31": "120.00000", "2009-12-31": 265, "2009-09-30": 2288, "2009-06-30": -640, "2009-03-31": "461.00000", "2008-12-31": 1345, "2008-09-30": 808, "2008-06-30": -1002, "2008-03-31": "-2590.00000", "2007-12-31": -1485, "2007-09-30": -2682, "2007-06-30": 973, "2007-03-31": "1739.00000", "2006-12-31": 1068, "2006-09-30": -220, "2006-06-30": 1628, "2006-03-31": "2423.00000", "2005-12-31": 244, "2005-09-30": 1135, "2005-06-30": -31, "2005-03-31": "82.00000"}, "Stock-Based Compensation": {"2020-12-31": 152, "2020-09-30": 139, "2020-06-30": 157, "2020-03-31": "231.00000", "2019-12-31": 172, "2019-09-30": 127, "2019-06-30": 155, "2019-03-31": "243.00000", "2018-12-31": 126, "2018-09-30": 154, "2018-06-30": 150, "2018-03-31": "208.00000", "2017-12-31": 141, "2017-09-30": 124, "2017-06-30": 136, "2017-03-31": "196.00000", "2016-12-31": 116, "2016-09-30": 107, "2016-06-30": 105, "2016-03-31": "157.00000", "2015-12-31": 100, "2015-09-30": 95, "2015-06-30": 86, "2015-03-31": "125.00000", "2014-12-31": 95, "2014-09-30": 81, "2014-06-30": 83, "2014-03-31": "105.00000", "2013-12-31": 76, "2013-09-30": 79, "2013-06-30": 77, "2013-03-31": "99.00000", "2012-12-31": 92, "2012-09-30": 87, "2012-06-30": 102, "2012-03-31": "140.00000", "2011-12-31": 85, "2011-09-30": 98, "2011-06-30": 95, "2011-03-31": "123.00000", "2010-12-31": 76, "2010-09-30": 83, "2010-06-30": 67, "2010-03-31": "100.00000", "2009-12-31": 75, "2009-09-30": 79, "2009-06-30": 85, "2009-03-31": "95.00000", "2008-12-31": 74, "2008-09-30": 84, "2008-06-30": 75, "2008-03-31": "72.00000", "2007-12-31": 60, "2007-09-30": 95, "2007-06-30": 90, "2007-03-31": "260.00000", "2006-12-31": 127, "2006-09-30": 93, "2006-06-30": 94, "2006-03-31": "90.00000", "2005-12-31": 81, "2005-09-30": 81, "2005-06-30": 88, "2005-03-31": "56.00000"}, "Common Stock Dividends Paid": {"2020-12-31": -1184, "2020-09-30": -1188, "2020-06-30": -1188, "2020-03-31": "-1024.00000", "2019-12-31": -1024, "2019-09-30": -1024, "2019-06-30": -1024, "2019-03-31": "-860.00000", "2018-12-31": -866, "2018-09-30": -866, "2018-06-30": -866, "2018-03-31": "-722.00000", "2017-12-31": -727, "2017-09-30": -726, "2017-06-30": -724, "2017-03-31": "-596.00000", "2016-12-31": -595, "2016-09-30": -595, "2016-06-30": -594, "2016-03-31": "-477.00000", "2015-12-31": -476, "2015-09-30": -477, "2015-06-30": -476, "2015-03-31": "-357.00000", "2014-12-31": -358, "2014-09-30": -362, "2014-06-30": -366, "2014-03-31": "-276.00000", "2013-12-31": -279, "2013-09-30": -280, "2013-06-30": -281, "2013-03-31": "-216.00000", "2012-12-31": -217, "2012-09-30": -217, "2012-06-30": -218, "2012-03-31": "-168.00000", "2011-12-31": -170, "2011-09-30": -172, "2011-06-30": -174, "2011-03-31": "-135.00000", "2010-12-31": -136, "2010-09-30": -139, "2010-06-30": -174, "2010-03-31": "", "2009-12-31": 0, "2009-09-30": 0, "2009-06-30": -36, "2009-03-31": "", "2008-12-31": 0, "2008-09-30": 0, "2008-06-30": -37, "2008-03-31": "", "2007-12-31": 0, "2007-09-30": 0, "2007-06-30": -40, "2007-03-31": "", "2006-12-31": 0, "2006-09-30": 0, "2006-06-30": -41, "2006-03-31": "", "2005-12-31": 0, "2005-09-30": 0, "2005-06-30": -19, "2005-03-31": ""}}, "financial ratios": {"Current Ratio": {"2019-12-31": "0.69010", "2018-12-31": "0.72720", "2017-12-31": "0.73490", "2016-12-31": "0.68790", "2015-12-31": "0.73750", "2014-12-31": "0.76920", "2013-12-31": "0.73100", "2012-12-31": "0.77640", "2011-12-31": "0.85070", "2010-12-31": "0.77610", "2009-12-31": "0.82120", "2008-12-31": "0.75860", "2007-12-31": "0.84060", "2006-12-31": "0.86740", "2005-12-31": "0.63330"}, "Long-term Debt / Capital": {"2019-12-31": "0.37850", "2018-12-31": "0.38900", "2017-12-31": "0.36650", "2016-12-31": "0.40310", "2015-12-31": "0.42890", "2014-12-31": "0.33030", "2013-12-31": "0.31660", "2012-12-31": "0.31050", "2011-12-31": "0.27360", "2010-12-31": "0.25120", "2009-12-31": "0.27620", "2008-12-31": "0.35300", "2007-12-31": "0.31120", "2006-12-31": "0.22300", "2005-12-31": "0.17710"}, "Debt/Equity Ratio": {"2019-12-31": "0.67310", "2018-12-31": "0.67300", "2017-12-31": "0.63600", "2016-12-31": "0.86360", "2015-12-31": "0.94780", "2014-12-31": "0.53630", "2013-12-31": "0.52440", "2012-12-31": "0.53740", "2011-12-31": "0.41140", "2010-12-31": "0.43140", "2009-12-31": "0.47330", "2008-12-31": "0.61570", "2007-12-31": "0.54870", "2006-12-31": "0.35830", "2005-12-31": "0.39830"}, "Gross Margin": {"2019-12-31": "23.78560", "2018-12-31": "23.79970", "2017-12-31": "23.37010", "2016-12-31": "23.47220", "2015-12-31": "23.56740", "2014-12-31": "25.30390", "2013-12-31": "24.44220", "2012-12-31": "25.19390", "2011-12-31": "24.68540", "2010-12-31": "24.63810", "2009-12-31": "23.04850", "2008-12-31": "23.83050", "2007-12-31": "25.49090", "2006-12-31": "24.64990", "2005-12-31": "27.28490"}, "Operating Margin": {"2019-12-31": "8.12910", "2018-12-31": "7.66600", "2017-12-31": "7.56070", "2016-12-31": "6.99520", "2015-12-31": "7.01500", "2014-12-31": "7.87440", "2013-12-31": "7.85620", "2012-12-31": "8.36570", "2011-12-31": "8.30930", "2010-12-31": "8.35220", "2009-12-31": "7.29760", "2008-12-31": "6.48260", "2007-12-31": "10.40550", "2006-12-31": "9.76210", "2005-12-31": "10.94240"}, "EBIT Margin": {"2019-12-31": "8.12910", "2018-12-31": "7.66600", "2017-12-31": "7.56070", "2016-12-31": "6.99520", "2015-12-31": "7.01500", "2014-12-31": "7.87440", "2013-12-31": "7.85620", "2012-12-31": "8.36570", "2011-12-31": "8.30930", "2010-12-31": "8.35220", "2009-12-31": "7.29760", "2008-12-31": "6.48260", "2007-12-31": "10.40550", "2006-12-31": "9.76210", "2005-12-31": "10.94240"}, "EBITDA Margin": {"2019-12-31": "9.25230", "2018-12-31": "8.73910", "2017-12-31": "8.67670", "2016-12-31": "8.10700", "2015-12-31": "8.09260", "2014-12-31": "9.00720", "2013-12-31": "8.97880", "2012-12-31": "9.54910", "2011-12-31": "9.41270", "2010-12-31": "9.48220", "2009-12-31": "8.43490", "2008-12-31": "7.69100", "2007-12-31": "11.46080", "2006-12-31": "10.69860", "2005-12-31": "11.91820"}, "Pre-Tax Profit Margin": {"2019-12-31": "7.42540", "2018-12-31": "7.04720", "2017-12-31": "6.97110", "2016-12-31": "6.41800", "2015-12-31": "6.51210", "2014-12-31": "7.40070", "2013-12-31": "7.27820", "2012-12-31": "7.79440", "2011-12-31": "7.81350", "2010-12-31": "7.84130", "2009-12-31": "6.66530", "2008-12-31": "5.69560", "2007-12-31": "9.68430", "2006-12-31": "9.12470", "2005-12-31": "10.42330"}, "Net Profit Margin": {"2019-12-31": "5.71490", "2018-12-31": "5.29780", "2017-12-31": "5.24860", "2016-12-31": "3.79630", "2015-12-31": "3.70000", "2014-12-31": "4.30660", "2013-12-31": "4.59220", "2012-12-31": "4.99560", "2011-12-31": "5.04800", "2010-12-31": "4.92170", "2009-12-31": "4.38610", "2008-12-31": "3.66690", "2007-12-31": "6.16990", "2006-12-31": "5.81340", "2005-12-31": "6.64080"}, "Asset Turnover": {"2019-12-31": "1.39260", "2018-12-31": "1.48630", "2017-12-31": "1.44660", "2016-12-31": "1.50510", "2015-12-31": "1.41210", "2014-12-31": "1.51040", "2013-12-31": "1.49590", "2012-12-31": "1.36760", "2011-12-31": "1.50040", "2010-12-31": "1.49300", "2009-12-31": "1.47580", "2008-12-31": "1.45460", "2007-12-31": "1.48200", "2006-12-31": "1.48060", "2005-12-31": "1.12440"}, "Inventory Turnover Ratio": {"2019-12-31": "", "2018-12-31": "", "2017-12-31": "", "2016-12-31": "", "2015-12-31": "", "2014-12-31": "", "2013-12-31": "", "2012-12-31": "", "2011-12-31": "", "2010-12-31": "", "2009-12-31": "", "2008-12-31": "", "2007-12-31": "", "2006-12-31": "", "2005-12-31": ""}, "Receiveable Turnover": {"2019-12-31": "11.28300", "2018-12-31": "12.39710", "2017-12-31": "12.70750", "2016-12-31": "11.81010", "2015-12-31": "11.79130", "2014-12-31": "13.38200", "2013-12-31": "17.37430", "2012-12-31": "19.76030", "2011-12-31": "22.39220", "2010-12-31": "25.41980", "2009-12-31": "22.97940", "2008-12-31": "22.27940", "2007-12-31": "26.01070", "2006-12-31": "54.07560", "2005-12-31": "38.46310"}, "Days Sales In Receivables": {"2019-12-31": "32.34970", "2018-12-31": "29.44240", "2017-12-31": "28.72330", "2016-12-31": "30.90570", "2015-12-31": "30.95510", "2014-12-31": "27.27560", "2013-12-31": "21.00800", "2012-12-31": "18.47140", "2011-12-31": "16.30030", "2010-12-31": "14.35890", "2009-12-31": "15.88380", "2008-12-31": "16.38290", "2007-12-31": "14.03270", "2006-12-31": "6.74980", "2005-12-31": "9.48960"}, "ROE - Return On Equity": {"2019-12-31": "23.56050", "2018-12-31": "22.79500", "2017-12-31": "21.71850", "2016-12-31": "18.52690", "2015-12-31": "17.39960", "2014-12-31": "17.31370", "2013-12-31": "17.64600", "2012-12-31": "17.72400", "2011-12-31": "18.17480", "2010-12-31": "17.94390", "2009-12-31": "16.19080", "2008-12-31": "14.32630", "2007-12-31": "23.19690", "2006-12-31": "19.98560", "2005-12-31": "17.30560"}, "Return On Tangible Equity": {"2019-12-31": "-91.43980", "2018-12-31": "-88.97670", "2017-12-31": "-81.91800", "2016-12-31": "-39.40830", "2015-12-31": "-30.69200", "2014-12-31": "-135.23460", "2013-12-31": "-171.96120", "2012-12-31": "-115.36530", "2011-12-31": "337.84490", "2010-12-31": "2725.88200", "2009-12-31": "767.46990", "2008-12-31": "-181.85710", "2007-12-31": "316.16850", "2006-12-31": "199.56810", "2005-12-31": "-695.93680"}, "ROA - Return On Assets": {"2019-12-31": "8.18860", "2018-12-31": "8.13420", "2017-12-31": "7.78310", "2016-12-31": "5.75930", "2015-12-31": "5.27440", "2014-12-31": "6.50480", "2013-12-31": "6.92830", "2012-12-31": "6.83190", "2011-12-31": "7.57410", "2010-12-31": "7.34820", "2009-12-31": "6.47300", "2008-12-31": "5.33370", "2007-12-31": "9.14360", "2006-12-31": "8.60720", "2005-12-31": "7.46710"}, "ROI - Return On Investment": {"2019-12-31": "14.64260", "2018-12-31": "13.92800", "2017-12-31": "13.75780", "2016-12-31": "11.05950", "2015-12-31": "9.93630", "2014-12-31": "11.59490", "2013-12-31": "12.06000", "2012-12-31": "12.22050", "2011-12-31": "13.20220", "2010-12-31": "13.43700", "2009-12-31": "11.71850", "2008-12-31": "9.26890", "2007-12-31": "15.97890", "2006-12-31": "15.52850", "2005-12-31": "14.24080"}, "Book Value Per Share": {"2019-12-31": "63.75110", "2018-12-31": "56.58230", "2017-12-31": "51.42730", "2016-12-31": "40.10190", "2015-12-31": "35.38830", "2014-12-31": "34.01890", "2013-12-31": "32.53950", "2012-12-31": "30.59670", "2011-12-31": "27.23000", "2010-12-31": "23.77990", "2009-12-31": "20.58060", "2008-12-31": "17.30230", "2007-12-31": "16.01200", "2006-12-31": "15.47210", "2005-12-31": "13.11860"}, "Operating Cash Flow Per Share": {"2019-12-31": 3.1281, "2018-12-31": 2.1816, "2017-12-31": 3.6843, "2016-12-31": 0.0464, "2015-12-31": 1.9071, "2014-12-31": 1.3315, "2013-12-31": -0.0065, "2012-12-31": 0.43, "2011-12-31": 0.8639, "2010-12-31": 0.7754, "2009-12-31": 1.356, "2008-12-31": -0.9031, "2007-12-31": -0.3367, "2006-12-31": 1.5918, "2005-12-31": 3.063}, "Free Cash Flow Per Share": {"2019-12-31": 3.0828, "2018-12-31": 2.1369, "2017-12-31": 3.3918, "2016-12-31": -0.1059, "2015-12-31": 1.8446, "2014-12-31": 1.0625, "2013-12-31": -0.2612, "2012-12-31": 0.3436, "2011-12-31": 0.7037, "2010-12-31": 0.6259, "2009-12-31": 1.2175, "2008-12-31": -0.7515, "2007-12-31": -0.4944, "2006-12-31": 1.4914, "2005-12-31": 2.6812}}, "financial ratios, quarterly": {"Current Ratio": {"2020-09-30": "0.82320", "2020-06-30": "0.84310", "2020-03-31": "0.74810", "2019-12-31": "0.69010", "2019-09-30": "0.69510", "2019-06-30": "0.67450", "2019-03-31": "0.72650", "2018-12-31": "0.72720", "2018-09-30": "0.68740", "2018-06-30": "0.75150", "2018-03-31": "0.71460", "2017-12-31": "0.73490", "2017-09-30": "0.70450", "2017-06-30": "0.72200", "2017-03-31": "0.71230", "2016-12-31": "0.68790", "2016-09-30": "0.70000", "2016-06-30": "0.70280", "2016-03-31": "0.72910", "2015-12-31": "0.73750", "2015-09-30": "0.74930", "2015-06-30": "0.77130", "2015-03-31": "0.76550", "2014-12-31": "0.76920", "2014-09-30": "0.73760", "2014-06-30": "0.74250", "2014-03-31": "0.72810", "2013-12-31": "0.73100", "2013-09-30": "0.76050", "2013-06-30": "0.78080", "2013-03-31": "0.83570", "2012-12-31": "0.77640", "2012-09-30": "0.81810", "2012-06-30": "0.82280", "2012-03-31": "0.82620", "2011-12-31": "0.85070", "2011-09-30": "0.85640", "2011-06-30": "0.83810", "2011-03-31": "0.80800", "2010-12-31": "0.77610", "2010-09-30": "0.74690", "2010-06-30": "0.82160", "2010-03-31": "0.80110", "2009-12-31": "0.82120", "2009-09-30": "0.87640", "2009-06-30": "0.79810", "2009-03-31": "0.82470", "2008-12-31": "0.75860", "2008-09-30": "0.66010", "2008-06-30": "0.66320", "2008-03-31": "0.73300", "2007-12-31": "0.84060", "2007-09-30": "0.85790", "2007-06-30": "0.90850", "2007-03-31": "0.86490", "2006-12-31": "0.86740", "2006-09-30": "0.83070", "2006-06-30": "0.80330", "2006-03-31": "0.75560", "2005-12-31": "0.63330", "2005-09-30": "0.76910", "2005-06-30": "0.69710", "2005-03-31": "0.71400"}, "Long-term Debt / Capital": {"2020-09-30": "0.36940", "2020-06-30": "0.37500", "2020-03-31": "0.37410", "2019-12-31": "0.37850", "2019-09-30": "0.40000", "2019-06-30": "0.38160", "2019-03-31": "0.38730", "2018-12-31": "0.38900", "2018-09-30": "0.37870", "2018-06-30": "0.38730", "2018-03-31": "0.36050", "2017-12-31": "0.36650", "2017-09-30": "0.34320", "2017-06-30": "0.36620", "2017-03-31": "0.37280", "2016-12-31": "0.40310", "2016-09-30": "0.40930", "2016-06-30": "0.42510", "2016-03-31": "0.43700", "2015-12-31": "0.42890", "2015-09-30": "0.43990", "2015-06-30": "0.31770", "2015-03-31": "0.32820", "2014-12-31": "0.33030", "2014-09-30": "0.30920", "2014-06-30": "0.30760", "2014-03-31": "0.30850", "2013-12-31": "0.31660", "2013-09-30": "0.31740", "2013-06-30": "0.33120", "2013-03-31": "0.33020", "2012-12-31": "0.31050", "2012-09-30": "0.26940", "2012-06-30": "0.27520", "2012-03-31": "0.27750", "2011-12-31": "0.27360", "2011-09-30": "0.25530", "2011-06-30": "0.25650", "2011-03-31": "0.26050", "2010-12-31": "0.25120", "2010-09-30": "0.23970", "2010-06-30": "0.24450", "2010-03-31": "0.24760", "2009-12-31": "0.27620", "2009-09-30": "0.31830", "2009-06-30": "0.33200", "2009-03-31": "0.34430", "2008-12-31": "0.35300", "2008-09-30": "0.35360", "2008-06-30": "0.36640", "2008-03-31": "0.36780", "2007-12-31": "0.31120", "2007-09-30": "0.25210", "2007-06-30": "0.24850", "2007-03-31": "0.20620", "2006-12-31": "0.22300", "2006-09-30": "0.23160", "2006-06-30": "0.26270", "2006-03-31": "0.26770", "2005-12-31": "0.17710", "2005-09-30": "0.25530", "2005-06-30": "0.26780", "2005-03-31": "0.26730"}, "Debt/Equity Ratio": {"2020-09-30": "0.64300", "2020-06-30": "0.69240", "2020-03-31": "0.86210", "2019-12-31": "0.67310", "2019-09-30": "0.77730", "2019-06-30": "0.75680", "2019-03-31": "0.70410", "2018-12-31": "0.67300", "2018-09-30": "0.63790", "2018-06-30": "0.69030", "2018-03-31": "0.71120", "2017-12-31": "0.63600", "2017-09-30": "0.61850", "2017-06-30": "0.70440", "2017-03-31": "0.77060", "2016-12-31": "0.86360", "2016-09-30": "0.88470", "2016-06-30": "0.91490", "2016-03-31": "0.96160", "2015-12-31": "0.94780", "2015-09-30": "0.95950", "2015-06-30": "0.54730", "2015-03-31": "0.57640", "2014-12-31": "0.53630", "2014-09-30": "0.53730", "2014-06-30": "0.50850", "2014-03-31": "0.51510", "2013-12-31": "0.52440", "2013-09-30": "0.52420", "2013-06-30": "0.52990", "2013-03-31": "0.56830", "2012-12-31": "0.53740", "2012-09-30": "0.43010", "2012-06-30": "0.42950", "2012-03-31": "0.44550", "2011-12-31": "0.41140", "2011-09-30": "0.42760", "2011-06-30": "0.40680", "2011-03-31": "0.43830", "2010-12-31": "0.43140", "2010-09-30": "0.42970", "2010-06-30": "0.43140", "2010-03-31": "0.43270", "2009-12-31": "0.47330", "2009-09-30": "0.48870", "2009-06-30": "0.54390", "2009-03-31": "0.54910", "2008-12-31": "0.61570", "2008-09-30": "0.64440", "2008-06-30": "0.67770", "2008-03-31": "0.66920", "2007-12-31": "0.54870", "2007-09-30": "0.39330", "2007-06-30": "0.40010", "2007-03-31": "0.33480", "2006-12-31": "0.35830", "2006-09-30": "0.37560", "2006-06-30": "0.40830", "2006-03-31": "0.42630", "2005-12-31": "0.39830", "2005-09-30": "0.39910", "2005-06-30": "0.40360", "2005-03-31": "0.40270"}, "Gross Margin": {"2020-09-30": "23.87160", "2020-06-30": "32.12040", "2020-03-31": "24.42370", "2019-12-31": "24.81730", "2019-09-30": "24.32930", "2019-06-30": "22.79560", "2019-03-31": "23.19430", "2018-12-31": "23.68660", "2018-09-30": "24.18840", "2018-06-30": "23.51390", "2018-03-31": "23.81130", "2017-12-31": "23.77020", "2017-09-30": "23.95180", "2017-06-30": "23.20540", "2017-03-31": "22.51090", "2016-12-31": "24.25790", "2016-09-30": "24.03820", "2016-06-30": "22.60300", "2016-03-31": "22.95240", "2015-12-31": "21.82160", "2015-09-30": "23.25440", "2015-06-30": "24.85180", "2015-03-31": "24.75670", "2014-12-31": "25.64230", "2014-09-30": "26.59420", "2014-06-30": "24.93400", "2014-03-31": "23.99400", "2013-12-31": "23.89370", "2013-09-30": "25.63020", "2013-06-30": "24.88160", "2013-03-31": "23.36520", "2012-12-31": "25.45800", "2012-09-30": "26.38630", "2012-06-30": "24.32420", "2012-03-31": "24.59130", "2011-12-31": "25.74470", "2011-09-30": "24.77450", "2011-06-30": "24.18170", "2011-03-31": "24.01700", "2010-12-31": "25.83850", "2010-09-30": "25.09720", "2010-06-30": "23.68040", "2010-03-31": "23.88650", "2009-12-31": "24.08190", "2009-09-30": "23.42480", "2009-06-30": "21.82410", "2009-03-31": "22.85950", "2008-12-31": "24.56240", "2008-09-30": "23.94320", "2008-06-30": "22.99720", "2008-03-31": "23.81300", "2007-12-31": "26.42610", "2007-09-30": "26.62350", "2007-06-30": "25.65790", "2007-03-31": "23.29500", "2006-12-31": "26.00400", "2006-09-30": "24.76350", "2006-06-30": "24.12810", "2006-03-31": "23.66760", "2005-12-31": "27.43500", "2005-09-30": "27.70170", "2005-06-30": "27.02350", "2005-03-31": "26.95270"}, "Operating Margin": {"2020-09-30": "7.14270", "2020-06-30": "14.87170", "2020-03-31": "7.75520", "2019-12-31": "8.36600", "2019-09-30": "8.30810", "2019-06-30": "7.82900", "2019-03-31": "8.01220", "2018-12-31": "7.69810", "2018-09-30": "8.11580", "2018-06-30": "7.49560", "2018-03-31": "7.34400", "2017-12-31": "7.63910", "2017-09-30": "8.12370", "2017-06-30": "7.45410", "2017-03-31": "7.00490", "2016-12-31": "6.70450", "2016-09-30": "7.73340", "2016-06-30": "6.89040", "2016-03-31": "6.64770", "2015-12-31": "5.66070", "2015-09-30": "7.27420", "2015-06-30": "7.98330", "2015-03-31": "7.38340", "2014-12-31": "8.27030", "2014-09-30": "8.86170", "2014-06-30": "7.83450", "2014-03-31": "6.47790", "2013-12-31": "7.87990", "2013-09-30": "8.59130", "2013-06-30": "7.89590", "2013-03-31": "7.05010", "2012-12-31": "7.30300", "2012-09-30": "9.55970", "2012-06-30": "8.16430", "2012-03-31": "8.49280", "2011-12-31": "8.00280", "2011-09-30": "8.18830", "2011-06-30": "8.31810", "2011-03-31": "8.73310", "2010-12-31": "7.49900", "2010-09-30": "9.06290", "2010-06-30": "8.17140", "2010-03-31": "8.69230", "2009-12-31": "7.23010", "2009-09-30": "7.72530", "2009-06-30": "6.64970", "2009-03-31": "7.58040", "2008-12-31": "6.25310", "2008-09-30": "7.92820", "2008-06-30": "3.31990", "2008-03-31": "8.43680", "2007-12-31": "10.89550", "2007-09-30": "11.53700", "2007-06-30": "10.91580", "2007-03-31": "8.30580", "2006-12-31": "10.92790", "2006-09-30": "10.36730", "2006-06-30": "9.33210", "2006-03-31": "8.37840", "2005-12-31": "10.55510", "2005-09-30": "11.39240", "2005-06-30": "11.09060", "2005-03-31": "10.74880"}, "EBIT Margin": {"2020-09-30": "7.14270", "2020-06-30": "14.87170", "2020-03-31": "7.75520", "2019-12-31": "8.36600", "2019-09-30": "8.30810", "2019-06-30": "7.82900", "2019-03-31": "8.01220", "2018-12-31": "7.69810", "2018-09-30": "8.11580", "2018-06-30": "7.49560", "2018-03-31": "7.34400", "2017-12-31": "7.63910", "2017-09-30": "8.12370", "2017-06-30": "7.45410", "2017-03-31": "7.00490", "2016-12-31": "6.70450", "2016-09-30": "7.73340", "2016-06-30": "6.89040", "2016-03-31": "6.64770", "2015-12-31": "5.66070", "2015-09-30": "7.27420", "2015-06-30": "7.98330", "2015-03-31": "7.38340", "2014-12-31": "8.27030", "2014-09-30": "8.86170", "2014-06-30": "7.83450", "2014-03-31": "6.47790", "2013-12-31": "7.87990", "2013-09-30": "8.59130", "2013-06-30": "7.89590", "2013-03-31": "7.05010", "2012-12-31": "7.30300", "2012-09-30": "9.55970", "2012-06-30": "8.16430", "2012-03-31": "8.49280", "2011-12-31": "8.00280", "2011-09-30": "8.18830", "2011-06-30": "8.31810", "2011-03-31": "8.73310", "2010-12-31": "7.49900", "2010-09-30": "9.06290", "2010-06-30": "8.17140", "2010-03-31": "8.69230", "2009-12-31": "7.23010", "2009-09-30": "7.72530", "2009-06-30": "6.64970", "2009-03-31": "7.58040", "2008-12-31": "6.25310", "2008-09-30": "7.92820", "2008-06-30": "3.31990", "2008-03-31": "8.43680", "2007-12-31": "10.89550", "2007-09-30": "11.53700", "2007-06-30": "10.91580", "2007-03-31": "8.30580", "2006-12-31": "10.92790", "2006-09-30": "10.36730", "2006-06-30": "9.33210", "2006-03-31": "8.37840", "2005-12-31": "10.55510", "2005-09-30": "11.39240", "2005-06-30": "11.09060", "2005-03-31": "10.74880"}, "EBITDA Margin": {"2020-09-30": "", "2020-06-30": "", "2020-03-31": "", "2019-12-31": "", "2019-09-30": "", "2019-06-30": "", "2019-03-31": "", "2018-12-31": "", "2018-09-30": "", "2018-06-30": "", "2018-03-31": "", "2017-12-31": "", "2017-09-30": "", "2017-06-30": "", "2017-03-31": "", "2016-12-31": "", "2016-09-30": "", "2016-06-30": "", "2016-03-31": "", "2015-12-31": "", "2015-09-30": "", "2015-06-30": "", "2015-03-31": "", "2014-12-31": "", "2014-09-30": "", "2014-06-30": "", "2014-03-31": "", "2013-12-31": "", "2013-09-30": "", "2013-06-30": "", "2013-03-31": "", "2012-12-31": "", "2012-09-30": "", "2012-06-30": "", "2012-03-31": "", "2011-12-31": "", "2011-09-30": "", "2011-06-30": "", "2011-03-31": "", "2010-12-31": "", "2010-09-30": "", "2010-06-30": "", "2010-03-31": "", "2009-12-31": "", "2009-09-30": "", "2009-06-30": "", "2009-03-31": "", "2008-12-31": "", "2008-09-30": "", "2008-06-30": "", "2008-03-31": "", "2007-12-31": "", "2007-09-30": "", "2007-06-30": "", "2007-03-31": "", "2006-12-31": "", "2006-09-30": "", "2006-06-30": "", "2006-03-31": "", "2005-12-31": "", "2005-09-30": "", "2005-06-30": "", "2005-03-31": ""}, "Pre-Tax Profit Margin": {"2020-09-30": "6.53610", "2020-06-30": "14.17970", "2020-03-31": "7.07690", "2019-12-31": "7.64850", "2019-09-30": "7.56410", "2019-06-30": "7.13920", "2019-03-31": "7.34890", "2018-12-31": "7.05790", "2018-09-30": "7.49170", "2018-06-30": "6.88230", "2018-03-31": "6.74780", "2017-12-31": "7.04750", "2017-09-30": "7.53940", "2017-06-30": "6.85270", "2017-03-31": "6.42410", "2016-12-31": "6.14070", "2016-09-30": "7.15230", "2016-06-30": "6.30740", "2016-03-31": "6.06600", "2015-12-31": "5.06430", "2015-09-30": "6.72230", "2015-06-30": "7.56690", "2015-03-31": "6.96390", "2014-12-31": "7.81860", "2014-09-30": "8.39770", "2014-06-30": "7.35860", "2014-03-31": "5.97330", "2013-12-31": "7.31430", "2013-09-30": "8.01010", "2013-06-30": "7.31720", "2013-03-31": "6.46340", "2012-12-31": "6.70170", "2012-09-30": "8.98100", "2012-06-30": "7.60320", "2012-03-31": "7.95030", "2011-12-31": "7.46640", "2011-09-30": "7.67800", "2011-06-30": "7.84660", "2011-03-31": "8.26910", "2010-12-31": "7.00790", "2010-09-30": "8.56010", "2010-06-30": "7.65990", "2010-03-31": "8.15330", "2009-12-31": "6.56900", "2009-09-30": "7.09380", "2009-06-30": "6.00790", "2009-03-31": "6.98510", "2008-12-31": "5.49530", "2008-09-30": "7.10460", "2008-06-30": "2.51090", "2008-03-31": "7.67830", "2007-12-31": "10.07750", "2007-09-30": "10.77680", "2007-06-30": "10.21580", "2007-03-31": "7.69680", "2006-12-31": "10.21620", "2006-09-30": "9.64940", "2006-06-30": "8.68280", "2006-03-31": "7.91200", "2005-12-31": "9.94380", "2005-09-30": "10.85850", "2005-06-30": "10.60730", "2005-03-31": "10.30990"}, "Net Profit Margin": {"2020-09-30": "4.87140", "2020-06-30": "10.68110", "2020-03-31": "5.24980", "2019-12-31": "5.81440", "2019-09-30": "5.86240", "2019-06-30": "5.43440", "2019-03-31": "5.74880", "2018-12-31": "5.20400", "2018-09-30": "5.63690", "2018-06-30": "5.20990", "2018-03-31": "5.13880", "2017-12-31": "6.94760", "2017-09-30": "4.93820", "2017-06-30": "4.56320", "2017-03-31": "4.45790", "2016-12-31": "3.54270", "2016-09-30": "4.25120", "2016-06-30": "3.77330", "2016-03-31": "3.61800", "2015-12-31": "2.79360", "2015-09-30": "3.84920", "2015-06-30": "4.37080", "2015-03-31": "3.95180", "2014-12-31": "4.51650", "2014-09-30": "4.89030", "2014-06-30": "4.32250", "2014-03-31": "3.46600", "2013-12-31": "4.58590", "2013-09-30": "5.12670", "2013-06-30": "4.72240", "2013-03-31": "3.92880", "2012-12-31": "4.32410", "2012-09-30": "5.70290", "2012-06-30": "4.90370", "2012-03-31": "5.08760", "2011-12-31": "4.85410", "2011-09-30": "5.02770", "2011-06-30": "5.02100", "2011-03-31": "5.29250", "2010-12-31": "4.34040", "2010-09-30": "5.39550", "2010-06-30": "4.82720", "2010-03-31": "5.13520", "2009-12-31": "4.33350", "2009-09-30": "4.77070", "2009-06-30": "3.96680", "2009-03-31": "4.47190", "2008-12-31": "3.54940", "2008-09-30": "4.56440", "2008-06-30": "1.66240", "2008-03-31": "4.89560", "2007-12-31": "6.50090", "2007-09-30": "6.86870", "2007-06-30": "6.46320", "2007-03-31": "4.86690", "2006-12-31": "6.48170", "2006-09-30": "6.18810", "2006-06-30": "5.49180", "2006-03-31": "5.06800", "2005-12-31": "6.28410", "2005-09-30": "6.88880", "2005-06-30": "6.75810", "2005-03-31": "6.65530"}, "Asset Turnover": {"2020-09-30": "0.34100", "2020-06-30": "0.32280", "2020-03-31": "0.34070", "2019-12-31": "0.35020", "2019-09-30": "0.34740", "2019-06-30": "0.36240", "2019-03-31": "0.37410", "2018-12-31": "0.38380", "2018-09-30": "0.37430", "2018-06-30": "0.36280", "2018-03-31": "0.35470", "2017-12-31": "0.37440", "2017-09-30": "0.35830", "2017-06-30": "0.36240", "2017-03-31": "0.35520", "2016-12-31": "0.38710", "2016-09-30": "0.37440", "2016-06-30": "0.38870", "2016-03-31": "0.37780", "2015-12-31": "0.39190", "2015-09-30": "0.38320", "2015-06-30": "0.39670", "2015-03-31": "0.39850", "2014-12-31": "0.38700", "2014-09-30": "0.38350", "2014-06-30": "0.38110", "2014-03-31": "0.37470", "2013-12-31": "0.38000", "2013-09-30": "0.37410", "2013-06-30": "0.37910", "2013-03-31": "0.36500", "2012-12-31": "0.35570", "2012-09-30": "0.38080", "2012-06-30": "0.37110", "2012-03-31": "0.37530", "2011-12-31": "0.38170", "2011-09-30": "0.35650", "2011-06-30": "0.38170", "2011-03-31": "0.38930", "2010-12-31": "0.38100", "2010-09-30": "0.37550", "2010-06-30": "0.38500", "2010-03-31": "0.38950", "2009-12-31": "0.36890", "2009-09-30": "0.37760", "2009-06-30": "0.38750", "2009-03-31": "0.39230", "2008-12-31": "0.36650", "2008-09-30": "0.37530", "2008-06-30": "0.37420", "2008-03-31": "0.37920", "2007-12-31": "0.36750", "2007-09-30": "0.37030", "2007-06-30": "0.35750", "2007-03-31": "0.37340", "2006-12-31": "0.37520", "2006-09-30": "0.38710", "2006-06-30": "0.38300", "2006-03-31": "0.39000", "2005-12-31": "0.29720", "2005-09-30": "0.39110", "2005-06-30": "0.39900", "2005-03-31": "0.39560"}, "Inventory Turnover Ratio": {"2020-09-30": "", "2020-06-30": "", "2020-03-31": "", "2019-12-31": "", "2019-09-30": "", "2019-06-30": "", "2019-03-31": "", "2018-12-31": "", "2018-09-30": "", "2018-06-30": "", "2018-03-31": "", "2017-12-31": "", "2017-09-30": "", "2017-06-30": "", "2017-03-31": "", "2016-12-31": "", "2016-09-30": "", "2016-06-30": "", "2016-03-31": "", "2015-12-31": "", "2015-09-30": "", "2015-06-30": "", "2015-03-31": "", "2014-12-31": "", "2014-09-30": "", "2014-06-30": "", "2014-03-31": "", "2013-12-31": "", "2013-09-30": "", "2013-06-30": "", "2013-03-31": "", "2012-12-31": "", "2012-09-30": "", "2012-06-30": "", "2012-03-31": "", "2011-12-31": "", "2011-09-30": "", "2011-06-30": "", "2011-03-31": "", "2010-12-31": "", "2010-09-30": "", "2010-06-30": "", "2010-03-31": "", "2009-12-31": "", "2009-09-30": "", "2009-06-30": "", "2009-03-31": "", "2008-12-31": "", "2008-09-30": "", "2008-06-30": "", "2008-03-31": "", "2007-12-31": "", "2007-09-30": "", "2007-06-30": "", "2007-03-31": "", "2006-12-31": "", "2006-09-30": "", "2006-06-30": "", "2006-03-31": "", "2005-12-31": "", "2005-09-30": "", "2005-06-30": "", "2005-03-31": ""}, "Receiveable Turnover": {"2020-09-30": "2.56340", "2020-06-30": "2.59170", "2020-03-31": "2.58840", "2019-12-31": "2.83760", "2019-09-30": "2.85810", "2019-06-30": "3.33400", "2019-03-31": "2.94800", "2018-12-31": "3.20090", "2018-09-30": "3.09690", "2018-06-30": "3.17840", "2018-03-31": "3.01740", "2017-12-31": "3.28880", "2017-09-30": "3.25410", "2017-06-30": "2.81670", "2017-03-31": "3.00690", "2016-12-31": "3.03720", "2016-09-30": "3.11760", "2016-06-30": "2.78340", "2016-03-31": "3.04100", "2015-12-31": "3.27220", "2015-09-30": "2.87740", "2015-06-30": "2.97380", "2015-03-31": "3.44270", "2014-12-31": "3.42900", "2014-09-30": "3.63380", "2014-06-30": "3.45650", "2014-03-31": "4.05160", "2013-12-31": "4.41380", "2013-09-30": "4.62250", "2013-06-30": "4.54260", "2013-03-31": "5.23190", "2012-12-31": "5.13920", "2012-09-30": "6.00310", "2012-06-30": "6.01210", "2012-03-31": "5.84700", "2011-12-31": "5.69710", "2011-09-30": "5.77700", "2011-06-30": "5.24400", "2011-03-31": "5.88430", "2010-12-31": "6.48760", "2010-09-30": "6.24490", "2010-06-30": "5.08390", "2010-03-31": "5.83770", "2009-12-31": "5.74470", "2009-09-30": "6.07020", "2009-06-30": "5.12420", "2009-03-31": "5.25410", "2008-12-31": "5.61310", "2008-09-30": "10.76140", "2008-06-30": "8.62640", "2008-03-31": "10.49850", "2007-12-31": "6.45000", "2007-09-30": "14.17220", "2007-06-30": "12.36980", "2007-03-31": "14.52860", "2006-12-31": "13.70220", "2006-09-30": "14.75370", "2006-06-30": "13.23190", "2006-03-31": "13.43090", "2005-12-31": "10.16490", "2005-09-30": "12.34110", "2005-06-30": "12.44970", "2005-03-31": "12.29520"}, "Days Sales In Receivables": {"2020-09-30": "35.10990", "2020-06-30": "34.72660", "2020-03-31": "34.77000", "2019-12-31": "31.71670", "2019-09-30": "31.48980", "2019-06-30": "26.99480", "2019-03-31": "30.52880", "2018-12-31": "28.11680", "2018-09-30": "29.06110", "2018-06-30": "28.31620", "2018-03-31": "29.82710", "2017-12-31": "27.36600", "2017-09-30": "27.65710", "2017-06-30": "31.95210", "2017-03-31": "29.93170", "2016-12-31": "29.63270", "2016-09-30": "28.86850", "2016-06-30": "32.33500", "2016-03-31": "29.59510", "2015-12-31": "27.50430", "2015-09-30": "31.27840", "2015-06-30": "30.26390", "2015-03-31": "26.14220", "2014-12-31": "26.24650", "2014-09-30": "24.76720", "2014-06-30": "26.03790", "2014-03-31": "22.21330", "2013-12-31": "20.39080", "2013-09-30": "19.47000", "2013-06-30": "19.81260", "2013-03-31": "17.20200", "2012-12-31": "17.51260", "2012-09-30": "14.99230", "2012-06-30": "14.96970", "2012-03-31": "15.39260", "2011-12-31": "15.79760", "2011-09-30": "15.57910", "2011-06-30": "17.16260", "2011-03-31": "15.29490", "2010-12-31": "13.87270", "2010-09-30": "14.41190", "2010-06-30": "17.70290", "2010-03-31": "15.41720", "2009-12-31": "15.66650", "2009-09-30": "14.82650", "2009-06-30": "17.56360", "2009-03-31": "17.12960", "2008-12-31": "16.03400", "2008-09-30": "8.36330", "2008-06-30": "10.43310", "2008-03-31": "8.57270", "2007-12-31": "13.95350", "2007-09-30": "6.35040", "2007-06-30": "7.27580", "2007-03-31": "6.19470", "2006-12-31": "6.56830", "2006-09-30": "6.10020", "2006-06-30": "6.80180", "2006-03-31": "6.70100", "2005-12-31": "8.85400", "2005-09-30": "7.29270", "2005-06-30": "7.22910", "2005-03-31": "7.32000"}, "ROE - Return On Equity": {"2020-09-30": "4.78090", "2020-06-30": "10.06690", "2020-03-31": "5.78820", "2019-12-31": "6.06920", "2019-09-30": "6.28330", "2019-06-30": "6.06040", "2019-03-31": "6.53250", "2018-12-31": "5.82490", "2018-09-30": "6.24380", "2018-06-30": "5.92720", "2018-03-31": "5.84380", "2017-12-31": "7.46690", "2017-09-30": "5.41320", "2017-06-30": "5.18350", "2017-03-31": "4.98010", "2016-12-31": "4.47390", "2016-09-30": "5.26710", "2016-06-30": "4.85020", "2016-03-31": "4.63970", "2015-12-31": "3.71240", "2015-09-30": "4.88500", "2015-06-30": "4.80010", "2015-03-31": "4.43250", "2014-12-31": "4.65270", "2014-09-30": "4.91350", "2014-06-30": "4.27510", "2014-03-31": "3.37640", "2013-12-31": "4.43870", "2013-09-30": "4.90380", "2013-06-30": "4.57600", "2013-03-31": "3.90470", "2012-12-31": "3.99000", "2012-09-30": "5.15170", "2012-06-30": "4.55150", "2012-03-31": "4.81010", "2011-12-31": "4.44650", "2011-09-30": "4.56010", "2011-06-30": "4.63030", "2011-03-31": "5.06570", "2010-12-31": "4.03870", "2010-09-30": "4.98610", "2010-06-30": "4.52290", "2010-03-31": "4.89740", "2009-12-31": "3.99900", "2009-09-30": "4.52000", "2009-06-30": "3.98700", "2009-03-31": "4.60350", "2008-12-31": "3.49370", "2008-09-30": "4.62660", "2008-06-30": "1.73680", "2008-03-31": "5.03060", "2007-12-31": "6.06090", "2007-09-30": "6.20860", "2007-06-30": "5.82960", "2007-03-31": "4.40000", "2006-12-31": "5.64630", "2006-09-30": "5.70260", "2006-06-30": "5.43850", "2006-03-31": "5.04930", "2005-12-31": "4.32780", "2005-09-30": "7.12440", "2005-06-30": "7.30360", "2005-03-31": "7.03930"}, "Return On Tangible Equity": {"2020-09-30": "-31.43770", "2020-06-30": "-56.22640", "2020-03-31": "-22.15760", "2019-12-31": "-23.55510", "2019-09-30": "-20.19480", "2019-06-30": "-20.96620", "2019-03-31": "-25.09700", "2018-12-31": "-22.73640", "2018-09-30": "-21.04450", "2018-06-30": "-21.24510", "2018-03-31": "-18.45140", "2017-12-31": "-28.16380", "2017-09-30": "-17.60260", "2017-06-30": "-15.16130", "2017-03-31": "-12.88900", "2016-12-31": "-9.51640", "2016-09-30": "-10.78050", "2016-06-30": "-9.03860", "2016-03-31": "-8.09940", "2015-12-31": "-6.54850", "2015-09-30": "-8.53240", "2015-06-30": "-35.61800", "2015-03-31": "-32.52010", "2014-12-31": "-36.34180", "2014-09-30": "-48.07920", "2014-06-30": "-42.43520", "2014-03-31": "-31.68970", "2013-12-31": "-43.25550", "2013-09-30": "-41.82210", "2013-06-30": "-34.81210", "2013-03-31": "-28.42730", "2012-12-31": "-25.97080", "2012-09-30": "186.46710", "2012-06-30": "3109.30200", "2012-03-31": "-138800.00000", "2011-12-31": "82.65440", "2011-09-30": "98.22260", "2011-06-30": "119.30320", "2011-03-31": "472.28070", "2010-12-31": "613.52940", "2010-09-30": "-506.74610", "2010-06-30": "70.76240", "2010-03-31": "99.91610", "2009-12-31": "189.55820", "2009-09-30": "502.42720", "2009-06-30": "-70.99170", "2009-03-31": "-98.10570", "2008-12-31": "-44.34940", "2008-09-30": "-35.63130", "2008-06-30": "-10.72910", "2008-03-31": "-49.60080", "2007-12-31": "82.60870", "2007-09-30": "64.83070", "2007-06-30": "52.50110", "2007-03-31": "39.71720", "2006-12-31": "56.38200", "2006-09-30": "128.25840", "2006-06-30": "-167.40610", "2006-03-31": "-91.66670", "2005-12-31": "-174.04060", "2005-09-30": "219.17810", "2005-06-30": "-362.73580", "2005-03-31": "-604.06510"}, "ROA - Return On Assets": {"2020-09-30": "1.70500", "2020-06-30": "3.47870", "2020-03-31": "1.83270", "2019-12-31": "2.10940", "2019-09-30": "2.08910", "2019-06-30": "2.02450", "2019-03-31": "2.20660", "2018-12-31": "2.07860", "2018-09-30": "2.17360", "2018-06-30": "1.94680", "2018-03-31": "1.87960", "2017-12-31": "2.67590", "2017-09-30": "1.82370", "2017-06-30": "1.70170", "2017-03-31": "1.59740", "2016-12-31": "1.39080", "2016-09-30": "1.59980", "2016-06-30": "1.47150", "2016-03-31": "1.38050", "2015-12-31": "1.12540", "2015-09-30": "1.49440", "2015-06-30": "1.73370", "2015-03-31": "1.57490", "2014-12-31": "1.74800", "2014-09-30": "1.87530", "2014-06-30": "1.64740", "2014-03-31": "1.29870", "2013-12-31": "1.74280", "2013-09-30": "1.91780", "2013-06-30": "1.79050", "2013-03-31": "1.49170", "2012-12-31": "1.53800", "2012-09-30": "2.17150", "2012-06-30": "1.81990", "2012-03-31": "1.90950", "2011-12-31": "1.85300", "2011-09-30": "1.79240", "2011-06-30": "1.91640", "2011-03-31": "2.06020", "2010-12-31": "1.65390", "2010-09-30": "2.02620", "2010-06-30": "1.85850", "2010-03-31": "2.00030", "2009-12-31": "1.59880", "2009-09-30": "1.80160", "2009-06-30": "1.53690", "2009-03-31": "1.75450", "2008-12-31": "1.30070", "2008-09-30": "1.71300", "2008-06-30": "0.62210", "2008-03-31": "1.85650", "2007-12-31": "2.38900", "2007-09-30": "2.54360", "2007-06-30": "2.31030", "2007-03-31": "1.81730", "2006-12-31": "2.43170", "2006-09-30": "2.39530", "2006-06-30": "2.10350", "2006-03-31": "1.97670", "2005-12-31": "1.86740", "2005-09-30": "2.69400", "2005-06-30": "2.69630", "2005-03-31": "2.63310"}, "ROI - Return On Investment": {"2020-09-30": "3.01480", "2020-06-30": "6.29230", "2020-03-31": "3.62290", "2019-12-31": "3.77200", "2019-09-30": "3.76990", "2019-06-30": "3.74750", "2019-03-31": "4.00250", "2018-12-31": "3.55910", "2018-09-30": "3.87960", "2018-06-30": "3.63180", "2018-03-31": "3.73710", "2017-12-31": "4.73000", "2017-09-30": "3.55530", "2017-06-30": "3.28520", "2017-03-31": "3.12340", "2016-12-31": "2.67070", "2016-09-30": "3.11120", "2016-06-30": "2.78830", "2016-03-31": "2.61220", "2015-12-31": "2.12000", "2015-09-30": "2.73600", "2015-06-30": "3.27490", "2015-03-31": "2.97760", "2014-12-31": "3.11590", "2014-09-30": "3.39440", "2014-06-30": "2.96020", "2014-03-31": "2.33470", "2013-12-31": "3.03360", "2013-09-30": "3.34730", "2013-06-30": "3.06030", "2013-03-31": "2.61520", "2012-12-31": "2.75110", "2012-09-30": "3.76370", "2012-06-30": "3.29870", "2012-03-31": "3.47530", "2011-12-31": "3.22990", "2011-09-30": "3.39590", "2011-06-30": "3.44250", "2011-03-31": "3.74620", "2010-12-31": "3.02430", "2010-09-30": "3.79080", "2010-06-30": "3.41700", "2010-03-31": "3.68500", "2009-12-31": "2.89440", "2009-09-30": "3.08150", "2009-06-30": "2.66340", "2009-03-31": "3.01860", "2008-12-31": "2.26040", "2008-09-30": "2.99080", "2008-06-30": "1.10040", "2008-03-31": "3.18040", "2007-12-31": "4.17500", "2007-09-30": "4.64350", "2007-06-30": "4.38120", "2007-03-31": "3.49270", "2006-12-31": "4.38710", "2006-09-30": "4.38170", "2006-06-30": "4.01000", "2006-03-31": "3.69770", "2005-12-31": "3.56140", "2005-09-30": "5.30540", "2005-06-30": "5.34810", "2005-03-31": "5.15790"}, "Book Value Per Share": {"2020-09-30": "71.76400", "2020-06-30": "70.01580", "2020-03-31": "63.21330", "2019-12-31": "63.75110", "2019-09-30": "60.98840", "2019-06-30": "58.91770", "2019-03-31": "57.13640", "2018-12-31": "56.58230", "2018-09-30": "54.67360", "2018-06-30": "52.78900", "2018-03-31": "52.01250", "2017-12-31": "51.42730", "2017-09-30": "48.82350", "2017-06-30": "46.98030", "2017-03-31": "45.59070", "2016-12-31": "40.10190", "2016-09-30": "39.44750", "2016-06-30": "38.15670", "2016-03-31": "36.75790", "2015-12-31": "35.38830", "2015-09-30": "34.75550", "2015-06-30": "34.68490", "2015-03-31": "33.48530", "2014-12-31": "34.01890", "2014-09-30": "33.89190", "2014-06-30": "33.84890", "2014-03-31": "33.07830", "2013-12-31": "32.53950", "2013-09-30": "31.41900", "2013-06-30": "31.19380", "2013-03-31": "31.34950", "2012-12-31": "30.59670", "2012-09-30": "29.86460", "2012-06-30": "28.68650", "2012-03-31": "27.93420", "2011-12-31": "27.23000", "2011-09-30": "26.44400", "2011-06-30": "25.59680", "2011-03-31": "24.67130", "2010-12-31": "23.77990", "2010-09-30": "23.30390", "2010-06-30": "22.26820", "2010-03-31": "21.46430", "2009-12-31": "20.58060", "2009-09-30": "19.85950", "2009-06-30": "18.71850", "2009-03-31": "18.09910", "2008-12-31": "17.30230", "2008-09-30": "16.59850", "2008-06-30": "16.03640", "2008-03-31": "16.12980", "2007-12-31": "16.01200", "2007-09-30": "16.06920", "2007-06-30": "15.97040", "2007-03-31": "15.84060", "2006-12-31": "15.47210", "2006-09-30": "14.51970", "2006-06-30": "13.48130", "2006-03-31": "13.13920", "2005-12-31": "13.11860", "2005-09-30": "8.94030", "2005-06-30": "8.38960", "2005-03-31": "8.32410"}, "Operating Cash Flow Per Share": {"2020-09-30": 3.2225, "2020-06-30": 10.4261, "2020-03-31": "3.05930", "2019-12-31": 6.3838, "2019-09-30": 3.2809, "2019-06-30": 6.1312, "2019-03-31": "3.31690", "2018-12-31": 2.4374, "2018-09-30": 0.9444, "2018-06-30": 4.1237, "2018-03-31": "8.47920", "2017-12-31": -2.5498, "2017-09-30": 7.5945, "2017-06-30": 2.1369, "2017-03-31": "6.62150", "2016-12-31": -1.4436, "2016-09-30": 7.4249, "2016-06-30": 1.7404, "2016-03-31": "2.39710", "2015-12-31": 3.6308, "2015-09-30": 2.8888, "2015-06-30": 1.2112, "2015-03-31": "2.34160", "2014-12-31": 2.4402, "2014-09-30": 3.2811, "2014-06-30": 1.0303, "2014-03-31": "1.41370", "2013-12-31": 1.0496, "2013-09-30": 3.3212, "2013-06-30": 1.4397, "2013-03-31": "1.02330", "2012-12-31": 1.5727, "2012-09-30": -0.2338, "2012-06-30": 2.1184, "2012-03-31": "3.38300", "2011-12-31": -0.4069, "2011-09-30": 4.606, "2011-06-30": 1.0975, "2011-03-31": "1.11370", "2010-12-31": 1.2475, "2010-09-30": 2.6002, "2010-06-30": 0.6563, "2010-03-31": "1.04240", "2009-12-31": 1.0382, "2009-09-30": 2.3735, "2009-06-30": 0.4403, "2009-03-31": "0.91900", "2008-12-31": 1.2659, "2008-09-30": 1.4423, "2008-06-30": 0.4877, "2008-03-31": "0.21910", "2007-12-31": 0.7521, "2007-09-30": 0.4498, "2007-06-30": 1.2663, "2007-03-31": "1.84990", "2006-12-31": 1.1287, "2006-09-30": 0.22, "2006-06-30": 1.2695, "2006-03-31": "2.03660", "2005-12-31": 0.3989, "2005-09-30": 0.8643, "2005-06-30": 0.9528, "2005-03-31": "0.84700"}, "Free Cash Flow Per Share": {"2020-09-30": 2.6455, "2020-06-30": 9.9554, "2020-03-31": "2.57170", "2019-12-31": 5.7155, "2019-09-30": 2.8188, "2019-06-30": 5.6941, "2019-03-31": "2.74050", "2018-12-31": 1.8698, "2018-09-30": 0.391, "2018-06-30": 3.6294, "2018-03-31": "7.99590", "2017-12-31": -3.1972, "2017-09-30": 7.1271, "2017-06-30": 1.7178, "2017-03-31": "6.10150", "2016-12-31": -1.946, "2016-09-30": 7.0066, "2016-06-30": 1.3392, "2016-03-31": "1.95760", "2015-12-31": 3.1303, "2015-09-30": 2.5214, "2015-06-30": 0.8549, "2015-03-31": "1.95670", "2014-12-31": 2.0352, "2014-09-30": 2.862, "2014-06-30": 0.6623, "2014-03-31": "1.05920", "2013-12-31": 0.5923, "2013-09-30": 2.9678, "2013-06-30": 1.2867, "2013-03-31": "0.70940", "2012-12-31": 1.3063, "2012-09-30": -0.5471, "2012-06-30": 1.929, "2012-03-31": "3.12920", "2011-12-31": -0.5991, "2011-09-30": 4.3334, "2011-06-30": 0.8196, "2011-03-31": "0.91990", "2010-12-31": 0.9587, "2010-09-30": 2.4149, "2010-06-30": 0.4683, "2010-03-31": "0.92820", "2009-12-31": 0.8263, "2009-09-30": 2.2221, "2009-06-30": 0.309, "2009-03-31": "0.78680", "2008-12-31": 1.2649, "2008-09-30": 1.2883, "2008-06-30": 0.3203, "2008-03-31": "0.05320", "2007-12-31": 0.6211, "2007-09-30": 0.2771, "2007-06-30": 1.0902, "2007-03-31": "1.68980", "2006-12-31": 0.98, "2006-09-30": 0.1223, "2006-06-30": 1.1542, "2006-03-31": "1.91610", "2005-12-31": 0.2947, "2005-09-30": 0.7543, "2005-06-30": 0.8695, "2005-03-31": "0.76270"}}, "revenue": {"UnitedHealth Group Annual Revenue (Millions of US $)": {"2020": "$257,141", "2019": "$242,155", "2018": "$226,247", "2017": "$201,159", "2016": "$184,840", "2015": "$157,107", "2014": "$130,474", "2013": "$122,489", "2012": "$110,618", "2011": "$101,862", "2010": "$94,155", "2009": "$87,138", "2008": "$81,186", "2007": "$75,431", "2006": "$71,542", "2005": "$46,425"}, "UnitedHealth Group Quarterly Revenue (Millions of US $)": {"2020-12-31": "$65,467", "2020-09-30": "$65,115", "2020-06-30": "$62,138", "2020-03-31": "$64,421", "2019-12-31": "$60,901", "2019-09-30": "$60,351", "2019-06-30": "$60,595", "2019-03-31": "$60,308", "2018-12-31": "$58,417", "2018-09-30": "$56,556", "2018-06-30": "$56,086", "2018-03-31": "$55,188", "2017-12-31": "$52,061", "2017-09-30": "$50,322", "2017-06-30": "$50,053", "2017-03-31": "$48,723", "2016-12-31": "$47,535", "2016-09-30": "$46,293", "2016-06-30": "$46,485", "2016-03-31": "$44,527", "2015-12-31": "$43,599", "2015-09-30": "$41,489", "2015-06-30": "$36,263", "2015-03-31": "$35,756", "2014-12-31": "$33,433", "2014-09-30": "$32,759", "2014-06-30": "$32,574", "2014-03-31": "$31,708", "2013-12-31": "$31,117", "2013-09-30": "$30,624", "2013-06-30": "$30,408", "2013-03-31": "$30,340", "2012-12-31": "$28,769", "2012-09-30": "$27,302", "2012-06-30": "$27,265", "2012-03-31": "$27,282", "2011-12-31": "$25,916", "2011-09-30": "$25,280", "2011-06-30": "$25,234", "2011-03-31": "$25,432", "2010-12-31": "$24,030", "2010-09-30": "$23,668", "2010-06-30": "$23,264", "2010-03-31": "$23,193", "2009-12-31": "$21,784", "2009-09-30": "$21,695", "2009-06-30": "$21,655", "2009-03-31": "$22,004", "2008-12-31": "$20,454", "2008-09-30": "$20,156", "2008-06-30": "$20,272", "2008-03-31": "$20,304", "2007-12-31": "$18,705", "2007-09-30": "$18,679", "2007-06-30": "$19,000", "2007-03-31": "$19,047", "2006-12-31": "$18,128", "2006-09-30": "$17,970", "2006-06-30": "$17,863", "2006-03-31": "$17,581", "2005-12-31": "$12,269", "2005-09-30": "$11,613", "2005-06-30": "$11,379", "2005-03-31": "$11,164"}}, "gross-profit": {"UnitedHealth Group Annual Gross Profit (Millions of US $)": {"2020": "$67,000", "2019": "$57,598", "2018": "$53,846", "2017": "$47,011", "2016": "$43,386", "2015": "$37,026", "2014": "$33,015", "2013": "$29,939", "2012": "$27,869", "2011": "$25,145", "2010": "$23,198", "2009": "$20,084", "2008": "$19,347", "2007": "$19,228", "2006": "$17,635", "2005": "$12,667"}, "UnitedHealth Group Quarterly Gross Profit (Millions of US $)": {"2020-12-31": "$15,763", "2020-09-30": "$15,544", "2020-06-30": "$19,959", "2020-03-31": "$15,734", "2019-12-31": "$15,114", "2019-09-30": "$14,683", "2019-06-30": "$13,813", "2019-03-31": "$13,988", "2018-12-31": "$13,837", "2018-09-30": "$13,680", "2018-06-30": "$13,188", "2018-03-31": "$13,141", "2017-12-31": "$12,375", "2017-09-30": "$12,053", "2017-06-30": "$11,615", "2017-03-31": "$10,968", "2016-12-31": "$11,531", "2016-09-30": "$11,128", "2016-06-30": "$10,507", "2016-03-31": "$10,220", "2015-12-31": "$9,514", "2015-09-30": "$9,648", "2015-06-30": "$9,012", "2015-03-31": "$8,852", "2014-12-31": "$8,573", "2014-09-30": "$8,712", "2014-06-30": "$8,122", "2014-03-31": "$7,608", "2013-12-31": "$7,435", "2013-09-30": "$7,849", "2013-06-30": "$7,566", "2013-03-31": "$7,089", "2012-12-31": "$7,324", "2012-09-30": "$7,204", "2012-06-30": "$6,632", "2012-03-31": "$6,709", "2011-12-31": "$6,672", "2011-09-30": "$6,263", "2011-06-30": "$6,102", "2011-03-31": "$6,108", "2010-12-31": "$6,209", "2010-09-30": "$5,940", "2010-06-30": "$5,509", "2010-03-31": "$5,540", "2009-12-31": "$5,246", "2009-09-30": "$5,082", "2009-06-30": "$4,726", "2009-03-31": "$5,030", "2008-12-31": "$5,024", "2008-09-30": "$4,826", "2008-06-30": "$4,662", "2008-03-31": "$4,835", "2007-12-31": "$4,943", "2007-09-30": "$4,973", "2007-06-30": "$4,875", "2007-03-31": "$4,437", "2006-12-31": "$4,714", "2006-09-30": "$4,450", "2006-06-30": "$4,310", "2006-03-31": "$4,161", "2005-12-31": "$3,366", "2005-09-30": "$3,217", "2005-06-30": "$3,075", "2005-03-31": "$3,009"}}, "operating-income": {"UnitedHealth Group Annual Operating Income (Millions of US $)": {"2020": "$22,405", "2019": "$19,685", "2018": "$17,344", "2017": "$15,209", "2016": "$12,930", "2015": "$11,021", "2014": "$10,274", "2013": "$9,623", "2012": "$9,254", "2011": "$8,464", "2010": "$7,864", "2009": "$6,359", "2008": "$5,263", "2007": "$7,849", "2006": "$6,984", "2005": "$5,080"}, "UnitedHealth Group Quarterly Operating Income (Millions of US $)": {"2020-12-31": "$3,517", "2020-09-30": "$4,651", "2020-06-30": "$9,241", "2020-03-31": "$4,996", "2019-12-31": "$5,095", "2019-09-30": "$5,014", "2019-06-30": "$4,744", "2019-03-31": "$4,832", "2018-12-31": "$4,497", "2018-09-30": "$4,590", "2018-06-30": "$4,204", "2018-03-31": "$4,053", "2017-12-31": "$3,977", "2017-09-30": "$4,088", "2017-06-30": "$3,731", "2017-03-31": "$3,413", "2016-12-31": "$3,187", "2016-09-30": "$3,580", "2016-06-30": "$3,203", "2016-03-31": "$2,960", "2015-12-31": "$2,468", "2015-09-30": "$3,018", "2015-06-30": "$2,895", "2015-03-31": "$2,640", "2014-12-31": "$2,765", "2014-09-30": "$2,903", "2014-06-30": "$2,552", "2014-03-31": "$2,054", "2013-12-31": "$2,452", "2013-09-30": "$2,631", "2013-06-30": "$2,401", "2013-03-31": "$2,139", "2012-12-31": "$2,101", "2012-09-30": "$2,610", "2012-06-30": "$2,226", "2012-03-31": "$2,317", "2011-12-31": "$2,074", "2011-09-30": "$2,070", "2011-06-30": "$2,099", "2011-03-31": "$2,221", "2010-12-31": "$1,802", "2010-09-30": "$2,145", "2010-06-30": "$1,901", "2010-03-31": "$2,016", "2009-12-31": "$1,575", "2009-09-30": "$1,676", "2009-06-30": "$1,440", "2009-03-31": "$1,668", "2008-12-31": "$1,279", "2008-09-30": "$1,598", "2008-06-30": "$673", "2008-03-31": "$1,713", "2007-12-31": "$2,038", "2007-09-30": "$2,155", "2007-06-30": "$2,074", "2007-03-31": "$1,582", "2006-12-31": "$1,981", "2006-09-30": "$1,863", "2006-06-30": "$1,667", "2006-03-31": "$1,473", "2005-12-31": "$1,295", "2005-09-30": "$1,323", "2005-06-30": "$1,262", "2005-03-31": "$1,200"}}, "ebitda": {"UnitedHealth Group Annual EBITDA (Millions of US $)": {"2019": "$22,405", "2018": "$19,772", "2017": "$17,454", "2016": "$14,985", "2015": "$12,714", "2014": "$11,752", "2013": "$10,998", "2012": "$10,563", "2011": "$9,588", "2010": "$8,928", "2009": "$7,350", "2008": "$6,244", "2007": "$8,645", "2006": "$7,654", "2005": "$5,533"}, "UnitedHealth Group Quarterly EBITDA (Millions of US $)": {"2020-09-30": "$5,370", "2020-06-30": "$9,958", "2020-03-31": "$5,719", "2019-12-31": "$5,813", "2019-09-30": "$5,723", "2019-06-30": "$5,398", "2019-03-31": "$5,471", "2018-12-31": "$5,134", "2018-09-30": "$5,201", "2018-06-30": "$4,802", "2018-03-31": "$4,635", "2017-12-31": "$4,555", "2017-09-30": "$4,666", "2017-06-30": "$4,287", "2017-03-31": "$3,946", "2016-12-31": "$3,714", "2016-09-30": "$4,095", "2016-06-30": "$3,714", "2016-03-31": "$3,462", "2015-12-31": "$2,952", "2015-09-30": "$3,470", "2015-06-30": "$3,274", "2015-03-31": "$3,018", "2014-12-31": "$3,146", "2014-09-30": "$3,276", "2014-06-30": "$2,916", "2014-03-31": "$2,414", "2013-12-31": "$2,802", "2013-09-30": "$2,980", "2013-06-30": "$2,741", "2013-03-31": "$2,475", "2012-12-31": "$2,471", "2012-09-30": "$2,927", "2012-06-30": "$2,552", "2012-03-31": "$2,613", "2011-12-31": "$2,364", "2011-09-30": "$2,364", "2011-06-30": "$2,369", "2011-03-31": "$2,491", "2010-12-31": "$2,122", "2010-09-30": "$2,392", "2010-06-30": "$2,150", "2010-03-31": "$2,264", "2009-12-31": "$1,833", "2009-09-30": "$1,926", "2009-06-30": "$1,689", "2009-03-31": "$1,902", "2008-12-31": "$1,538", "2008-09-30": "$1,852", "2008-06-30": "$916", "2008-03-31": "$1,938", "2007-12-31": "$2,245", "2007-09-30": "$2,357", "2007-06-30": "$2,270", "2007-03-31": "$1,773", "2006-12-31": "$2,158", "2006-09-30": "$2,031", "2006-06-30": "$1,835", "2006-03-31": "$1,630", "2005-12-31": "$1,415", "2005-09-30": "$1,439", "2005-06-30": "$1,370", "2005-03-31": "$1,309"}}, "net-income": {"UnitedHealth Group Annual Net Income (Millions of US $)": {"2020": "$15,403", "2019": "$13,839", "2018": "$11,986", "2017": "$10,558", "2016": "$7,017", "2015": "$5,813", "2014": "$5,619", "2013": "$5,625", "2012": "$5,526", "2011": "$5,142", "2010": "$4,634", "2009": "$3,822", "2008": "$2,977", "2007": "$4,654", "2006": "$4,159", "2005": "$3,083"}, "UnitedHealth Group Quarterly Net Income (Millions of US $)": {"2020-12-31": "$2,212", "2020-09-30": "$3,172", "2020-06-30": "$6,637", "2020-03-31": "$3,382", "2019-12-31": "$3,541", "2019-09-30": "$3,538", "2019-06-30": "$3,293", "2019-03-31": "$3,467", "2018-12-31": "$3,040", "2018-09-30": "$3,188", "2018-06-30": "$2,922", "2018-03-31": "$2,836", "2017-12-31": "$3,617", "2017-09-30": "$2,485", "2017-06-30": "$2,284", "2017-03-31": "$2,172", "2016-12-31": "$1,684", "2016-09-30": "$1,968", "2016-06-30": "$1,754", "2016-03-31": "$1,611", "2015-12-31": "$1,218", "2015-09-30": "$1,597", "2015-06-30": "$1,585", "2015-03-31": "$1,413", "2014-12-31": "$1,510", "2014-09-30": "$1,602", "2014-06-30": "$1,408", "2014-03-31": "$1,099", "2013-12-31": "$1,427", "2013-09-30": "$1,570", "2013-06-30": "$1,436", "2013-03-31": "$1,192", "2012-12-31": "$1,244", "2012-09-30": "$1,557", "2012-06-30": "$1,337", "2012-03-31": "$1,388", "2011-12-31": "$1,258", "2011-09-30": "$1,271", "2011-06-30": "$1,267", "2011-03-31": "$1,346", "2010-12-31": "$1,043", "2010-09-30": "$1,277", "2010-06-30": "$1,123", "2010-03-31": "$1,191", "2009-12-31": "$944", "2009-09-30": "$1,035", "2009-06-30": "$859", "2009-03-31": "$984", "2008-12-31": "$726", "2008-09-30": "$920", "2008-06-30": "$337", "2008-03-31": "$994", "2007-12-31": "$1,216", "2007-09-30": "$1,283", "2007-06-30": "$1,228", "2007-03-31": "$927", "2006-12-31": "$1,175", "2006-09-30": "$1,112", "2006-06-30": "$981", "2006-03-31": "$891", "2005-12-31": "$771", "2005-09-30": "$800", "2005-06-30": "$769", "2005-03-31": "$743"}}, "eps-earnings-per-share-diluted": {"UnitedHealth Group Annual EPS": {"2020": "$16.03", "2019": "$14.33", "2018": "$12.19", "2017": "$10.72", "2016": "$7.25", "2015": "$6.01", "2014": "$5.70", "2013": "$5.50", "2012": "$5.28", "2011": "$4.73", "2010": "$4.10", "2009": "$3.24", "2008": "$2.40", "2007": "$3.42", "2006": "$2.97", "2005": "$2.31"}, "UnitedHealth Group Quarterly EPS": {"2020-12-31": "$2.30", "2020-09-30": "$3.30", "2020-06-30": "$6.91", "2020-03-31": "$3.52", "2019-12-31": "$3.68", "2019-09-30": "$3.67", "2019-06-30": "$3.42", "2019-03-31": "$3.56", "2018-12-31": "$3.10", "2018-09-30": "$3.24", "2018-06-30": "$2.98", "2018-03-31": "$2.87", "2017-12-31": "$3.66", "2017-09-30": "$2.51", "2017-06-30": "$2.32", "2017-03-31": "$2.23", "2016-12-31": "$1.74", "2016-09-30": "$2.03", "2016-06-30": "$1.81", "2016-03-31": "$1.67", "2015-12-31": "$1.26", "2015-09-30": "$1.65", "2015-06-30": "$1.64", "2015-03-31": "$1.46", "2014-12-31": "$1.55", "2014-09-30": "$1.63", "2014-06-30": "$1.42", "2014-03-31": "$1.10", "2013-12-31": "$1.41", "2013-09-30": "$1.53", "2013-06-30": "$1.40", "2013-03-31": "$1.16", "2012-12-31": "$1.20", "2012-09-30": "$1.50", "2012-06-30": "$1.27", "2012-03-31": "$1.31", "2011-12-31": "$1.18", "2011-09-30": "$1.17", "2011-06-30": "$1.16", "2011-03-31": "$1.22", "2010-12-31": "$0.94", "2010-09-30": "$1.14", "2010-06-30": "$0.99", "2010-03-31": "$1.03", "2009-12-31": "$0.81", "2009-09-30": "$0.89", "2009-06-30": "$0.73", "2009-03-31": "$0.81", "2008-12-31": "$0.60", "2008-09-30": "$0.75", "2008-06-30": "$0.27", "2008-03-31": "$0.78", "2007-12-31": "$0.92", "2007-09-30": "$0.95", "2007-06-30": "$0.89", "2007-03-31": "$0.66", "2006-12-31": "$0.84", "2006-09-30": "$0.80", "2006-06-30": "$0.70", "2006-03-31": "$0.63", "2005-12-31": "$0.57", "2005-09-30": "$0.61", "2005-06-30": "$0.58", "2005-03-31": "$0.55"}}, "shares-outstanding": {"UnitedHealth Group Annual Shares Outstanding (Millions of Shares)": {"2020": "961", "2019": "966", "2018": "983", "2017": "985", "2016": "968", "2015": "967", "2014": "986", "2013": "1,023", "2012": "1,046", "2011": "1,087", "2010": "1,131", "2009": "1,179", "2008": "1,241", "2007": "1,361", "2006": "1,402", "2005": "1,333"}, "UnitedHealth Group Quarterly Shares Outstanding (Millions of Shares)": {"2020-12-31": "961", "2020-09-30": "962", "2020-06-30": "960", "2020-03-31": "962", "2019-12-31": "966", "2019-09-30": "963", "2019-06-30": "964", "2019-03-31": "975", "2018-12-31": "983", "2018-09-30": "983", "2018-06-30": "982", "2018-03-31": "987", "2017-12-31": "985", "2017-09-30": "989", "2017-06-30": "985", "2017-03-31": "975", "2016-12-31": "968", "2016-09-30": "969", "2016-06-30": "967", "2016-03-31": "967", "2015-12-31": "967", "2015-09-30": "967", "2015-06-30": "966", "2015-03-31": "969", "2014-12-31": "986", "2014-09-30": "982", "2014-06-30": "991", "2014-03-31": "996", "2013-12-31": "1,023", "2013-09-30": "1,024", "2013-06-30": "1,026", "2013-03-31": "1,029", "2012-12-31": "1,046", "2012-09-30": "1,039", "2012-06-30": "1,049", "2012-03-31": "1,060", "2011-12-31": "1,087", "2011-09-30": "1,083", "2011-06-30": "1,094", "2011-03-31": "1,099", "2010-12-31": "1,131", "2010-09-30": "1,124", "2010-06-30": "1,135", "2010-03-31": "1,156", "2009-12-31": "1,179", "2009-09-30": "1,164", "2009-06-30": "1,180", "2009-03-31": "1,210", "2008-12-31": "1,241", "2008-09-30": "1,227", "2008-06-30": "1,245", "2008-03-31": "1,278", "2007-12-31": "1,361", "2007-09-30": "1,348", "2007-06-30": "1,377", "2007-03-31": "1,399", "2006-12-31": "1,402", "2006-09-30": "1,397", "2006-06-30": "1,395", "2006-03-31": "1,419", "2005-12-31": "1,333", "2005-09-30": "1,322", "2005-06-30": "1,324", "2005-03-31": "1,340"}}, "total-assets": {"UnitedHealth Group Annual Total Assets (Millions of US $)": {"2019": "$173,889", "2018": "$152,221", "2017": "$139,058", "2016": "$122,810", "2015": "$111,254", "2014": "$86,382", "2013": "$81,882", "2012": "$80,885", "2011": "$67,889", "2010": "$63,063", "2009": "$59,045", "2008": "$55,815", "2007": "$50,899", "2006": "$48,320", "2005": "$41,288"}, "UnitedHealth Group Quarterly Total Assets (Millions of US $)": {"2020-09-30": "$190,969", "2020-06-30": "$192,483", "2020-03-31": "$189,067", "2019-12-31": "$173,889", "2019-09-30": "$173,709", "2019-06-30": "$167,200", "2019-03-31": "$161,197", "2018-12-31": "$152,221", "2018-09-30": "$151,087", "2018-06-30": "$154,611", "2018-03-31": "$155,569", "2017-12-31": "$139,058", "2017-09-30": "$140,432", "2017-06-30": "$138,097", "2017-03-31": "$137,157", "2016-12-31": "$122,810", "2016-09-30": "$123,642", "2016-06-30": "$119,603", "2016-03-31": "$117,855", "2015-12-31": "$111,254", "2015-09-30": "$108,272", "2015-06-30": "$91,423", "2015-03-31": "$89,719", "2014-12-31": "$86,382", "2014-09-30": "$85,426", "2014-06-30": "$85,466", "2014-03-31": "$84,622", "2013-12-31": "$81,882", "2013-09-30": "$81,863", "2013-06-30": "$80,201", "2013-03-31": "$83,126", "2012-12-31": "$80,885", "2012-09-30": "$71,700", "2012-06-30": "$73,465", "2012-03-31": "$72,690", "2011-12-31": "$67,889", "2011-09-30": "$70,910", "2011-06-30": "$66,115", "2011-03-31": "$65,335", "2010-12-31": "$63,063", "2010-09-30": "$63,023", "2010-06-30": "$60,424", "2010-03-31": "$59,541", "2009-12-31": "$59,045", "2009-09-30": "$57,449", "2009-06-30": "$55,890", "2009-03-31": "$56,085", "2008-12-31": "$55,815", "2008-09-30": "$53,707", "2008-06-30": "$54,168", "2008-03-31": "$53,543", "2007-12-31": "$50,899", "2007-09-30": "$50,441", "2007-06-30": "$53,154", "2007-03-31": "$51,009", "2006-12-31": "$48,320", "2006-09-30": "$46,424", "2006-06-30": "$46,637", "2006-03-31": "$45,074", "2005-12-31": "$41,288", "2005-09-30": "$29,696", "2005-06-30": "$28,521", "2005-03-31": "$28,218"}}, "cash-on-hand": {"UnitedHealth Group Annual Cash on Hand (Millions of US $)": {"2019": "$14,245", "2018": "$14,324", "2017": "$15,490", "2016": "$13,275", "2015": "$12,911", "2014": "$9,236", "2013": "$9,213", "2012": "$11,437", "2011": "$12,006", "2010": "$11,195", "2009": "$11,039", "2008": "$8,209", "2007": "$9,619", "2006": "$10,940", "2005": "$6,011"}, "UnitedHealth Group Quarterly Cash on Hand (Millions of US $)": {"2020-09-30": "$20,809", "2020-06-30": "$25,593", "2020-03-31": "$24,445", "2019-12-31": "$14,245", "2019-09-30": "$15,818", "2019-06-30": "$17,269", "2019-03-31": "$15,710", "2018-12-31": "$14,324", "2018-09-30": "$13,849", "2018-06-30": "$21,860", "2018-03-31": "$22,041", "2017-12-31": "$15,490", "2017-09-30": "$19,794", "2017-06-30": "$17,970", "2017-03-31": "$19,352", "2016-12-31": "$13,275", "2016-09-30": "$15,667", "2016-06-30": "$10,974", "2016-03-31": "$13,014", "2015-12-31": "$12,911", "2015-09-30": "$9,925", "2015-06-30": "$9,802", "2015-03-31": "$10,430", "2014-12-31": "$9,236", "2014-09-30": "$9,212", "2014-06-30": "$8,289", "2014-03-31": "$9,383", "2013-12-31": "$9,213", "2013-09-30": "$10,719", "2013-06-30": "$10,097", "2013-03-31": "$13,057", "2012-12-31": "$11,437", "2012-09-30": "$11,954", "2012-06-30": "$14,430", "2012-03-31": "$14,326", "2011-12-31": "$12,006", "2011-09-30": "$16,377", "2011-06-30": "$12,307", "2011-03-31": "$12,150", "2010-12-31": "$11,195", "2010-09-30": "$11,003", "2010-06-30": "$11,073", "2010-03-31": "$11,075", "2009-12-31": "$11,039", "2009-09-30": "$10,501", "2009-06-30": "$8,155", "2009-03-31": "$8,845", "2008-12-31": "$8,209", "2008-09-30": "$6,800", "2008-06-30": "$6,089", "2008-03-31": "$7,040", "2007-12-31": "$9,619", "2007-09-30": "$11,121", "2007-06-30": "$13,898", "2007-03-31": "$12,855", "2006-12-31": "$10,940", "2006-09-30": "$9,925", "2006-06-30": "$10,056", "2006-03-31": "$8,361", "2005-12-31": "$6,011", "2005-09-30": "$5,493", "2005-06-30": "$4,343", "2005-03-31": "$4,350"}}, "long-term-debt": {"UnitedHealth Group Annual Long Term Debt (Millions of US $)": {"2019": "$36,808", "2018": "$34,581", "2017": "$28,835", "2016": "$25,777", "2015": "$25,331", "2014": "$16,007", "2013": "$14,891", "2012": "$14,041", "2011": "$10,656", "2010": "$8,662", "2009": "$9,009", "2008": "$11,338", "2007": "$9,063", "2006": "$5,973", "2005": "$3,834"}, "UnitedHealth Group Quarterly Long Term Debt (Millions of US $)": {"2020-09-30": "$39,895", "2020-06-30": "$39,901", "2020-03-31": "$35,779", "2019-12-31": "$36,808", "2019-09-30": "$38,507", "2019-06-30": "$34,473", "2019-03-31": "$34,419", "2018-12-31": "$34,581", "2018-09-30": "$32,053", "2018-06-30": "$32,096", "2018-03-31": "$28,206", "2017-12-31": "$28,835", "2017-09-30": "$24,723", "2017-06-30": "$26,197", "2017-03-31": "$26,154", "2016-12-31": "$25,777", "2016-09-30": "$26,022", "2016-06-30": "$26,834", "2016-03-31": "$27,218", "2015-12-31": "$25,331", "2015-09-30": "$26,015", "2015-06-30": "$15,378", "2015-03-31": "$15,577", "2014-12-31": "$16,007", "2014-09-30": "$14,592", "2014-06-30": "$14,630", "2014-03-31": "$14,524", "2013-12-31": "$14,891", "2013-09-30": "$14,888", "2013-06-30": "$15,543", "2013-03-31": "$15,659", "2012-12-31": "$14,041", "2012-09-30": "$11,146", "2012-06-30": "$11,156", "2012-03-31": "$11,083", "2011-12-31": "$10,656", "2011-09-30": "$9,555", "2011-06-30": "$9,442", "2011-03-31": "$9,359", "2010-12-31": "$8,662", "2010-09-30": "$8,076", "2010-06-30": "$8,036", "2010-03-31": "$8,001", "2009-12-31": "$9,009", "2009-09-30": "$10,690", "2009-06-30": "$10,707", "2009-03-31": "$11,223", "2008-12-31": "$11,338", "2008-09-30": "$10,876", "2008-06-30": "$11,222", "2008-03-31": "$11,495", "2007-12-31": "$9,063", "2007-09-30": "$6,965", "2007-06-30": "$6,964", "2007-03-31": "$5,473", "2006-12-31": "$5,973", "2006-09-30": "$5,878", "2006-06-30": "$6,426", "2006-03-31": "$6,450", "2005-12-31": "$3,834", "2005-09-30": "$3,850", "2005-06-30": "$3,850", "2005-03-31": "$3,850"}}, "total-liabilities": {"UnitedHealth Group Annual Total Liabilities (Millions of US $)": {"2019": "$113,453", "2018": "$97,902", "2017": "$89,225", "2016": "$84,633", "2015": "$77,529", "2014": "$53,928", "2013": "$49,733", "2012": "$49,707", "2011": "$39,597", "2010": "$37,238", "2009": "$35,439", "2008": "$35,035", "2007": "$30,836", "2006": "$27,510", "2005": "$23,473"}, "UnitedHealth Group Quarterly Total Liabilities (Millions of US $)": {"2020-09-30": "$122,865", "2020-06-30": "$125,968", "2020-03-31": "$129,204", "2019-12-31": "$113,453", "2019-09-30": "$115,953", "2019-06-30": "$111,346", "2019-03-31": "$106,746", "2018-12-31": "$97,902", "2018-09-30": "$98,491", "2018-06-30": "$103,828", "2018-03-31": "$105,533", "2017-12-31": "$89,225", "2017-09-30": "$93,122", "2017-06-30": "$92,761", "2017-03-31": "$93,162", "2016-12-31": "$84,633", "2016-09-30": "$86,088", "2016-06-30": "$83,316", "2016-03-31": "$82,788", "2015-12-31": "$77,529", "2015-09-30": "$75,150", "2015-06-30": "$58,403", "2015-03-31": "$57,841", "2014-12-31": "$53,928", "2014-09-30": "$52,822", "2014-06-30": "$52,531", "2014-03-31": "$52,073", "2013-12-31": "$49,733", "2013-09-30": "$49,847", "2013-06-30": "$48,820", "2013-03-31": "$51,369", "2012-12-31": "$49,707", "2012-09-30": "$41,477", "2012-06-30": "$44,090", "2012-03-31": "$43,834", "2011-12-31": "$39,597", "2011-09-30": "$43,038", "2011-06-30": "$38,752", "2011-03-31": "$38,764", "2010-12-31": "$37,238", "2010-09-30": "$37,412", "2010-06-30": "$35,595", "2010-03-31": "$35,222", "2009-12-31": "$35,439", "2009-09-30": "$34,551", "2009-06-30": "$34,345", "2009-03-31": "$34,710", "2008-12-31": "$35,035", "2008-09-30": "$33,822", "2008-06-30": "$34,764", "2008-03-31": "$33,784", "2007-12-31": "$30,836", "2007-09-30": "$29,776", "2007-06-30": "$32,089", "2007-03-31": "$29,941", "2006-12-31": "$27,510", "2006-09-30": "$26,924", "2006-06-30": "$28,599", "2006-03-31": "$27,428", "2005-12-31": "$23,473", "2005-09-30": "$18,467", "2005-06-30": "$17,992", "2005-03-31": "$17,663"}}, "total-share-holder-equity": {"UnitedHealth Group Annual Share Holder Equity (Millions of US $)": {"2019": "$60,436", "2018": "$54,319", "2017": "$49,833", "2016": "$38,177", "2015": "$33,725", "2014": "$32,454", "2013": "$32,149", "2012": "$31,178", "2011": "$28,292", "2010": "$25,825", "2009": "$23,606", "2008": "$20,780", "2007": "$20,063", "2006": "$20,810", "2005": "$17,815"}, "UnitedHealth Group Quarterly Share Holder Equity (Millions of US $)": {"2020-09-30": "$68,104", "2020-06-30": "$66,515", "2020-03-31": "$59,863", "2019-12-31": "$60,436", "2019-09-30": "$57,756", "2019-06-30": "$55,854", "2019-03-31": "$54,451", "2018-12-31": "$54,319", "2018-09-30": "$52,596", "2018-06-30": "$50,783", "2018-03-31": "$50,036", "2017-12-31": "$49,833", "2017-09-30": "$47,310", "2017-06-30": "$45,336", "2017-03-31": "$43,995", "2016-12-31": "$38,177", "2016-09-30": "$37,554", "2016-06-30": "$36,287", "2016-03-31": "$35,067", "2015-12-31": "$33,725", "2015-09-30": "$33,122", "2015-06-30": "$33,020", "2015-03-31": "$31,878", "2014-12-31": "$32,454", "2014-09-30": "$32,604", "2014-06-30": "$32,935", "2014-03-31": "$32,549", "2013-12-31": "$32,149", "2013-09-30": "$32,016", "2013-06-30": "$31,381", "2013-03-31": "$31,757", "2012-12-31": "$31,178", "2012-09-30": "$30,223", "2012-06-30": "$29,375", "2012-03-31": "$28,856", "2011-12-31": "$28,292", "2011-09-30": "$27,872", "2011-06-30": "$27,363", "2011-03-31": "$26,571", "2010-12-31": "$25,825", "2010-09-30": "$25,611", "2010-06-30": "$24,829", "2010-03-31": "$24,319", "2009-12-31": "$23,606", "2009-09-30": "$22,898", "2009-06-30": "$21,545", "2009-03-31": "$21,375", "2008-12-31": "$20,780", "2008-09-30": "$19,885", "2008-06-30": "$19,404", "2008-03-31": "$19,759", "2007-12-31": "$20,063", "2007-09-30": "$20,665", "2007-06-30": "$21,065", "2007-03-31": "$21,068", "2006-12-31": "$20,810", "2006-09-30": "$19,500", "2006-06-30": "$18,038", "2006-03-31": "$17,646", "2005-12-31": "$17,815", "2005-09-30": "$11,229", "2005-06-30": "$10,529", "2005-03-31": "$10,555"}}, "profit-margins": {"current": "5.99%"}, "gross margin": {"2020-12-31": "26.06%", "2020-09-30": "26.27%", "2020-06-30": "26.43%", "2020-03-31": "24.10%", "2019-12-31": "23.79%", "2019-09-30": "23.50%", "2019-06-30": "23.45%", "2019-03-31": "23.64%", "2018-12-31": "23.80%", "2018-09-30": "23.82%", "2018-06-30": "23.76%", "2018-03-31": "23.69%", "2017-12-31": "23.37%", "2017-09-30": "23.48%", "2017-06-30": "23.49%", "2017-03-31": "23.35%", "2016-12-31": "23.47%", "2016-09-30": "22.87%", "2016-06-30": "22.65%", "2016-03-31": "23.15%", "2015-12-31": "23.57%", "2015-09-30": "24.56%", "2015-06-30": "25.43%", "2015-03-31": "25.47%", "2014-12-31": "25.30%", "2014-09-30": "24.87%", "2014-06-30": "24.61%", "2014-03-31": "24.59%", "2013-12-31": "24.44%", "2013-09-30": "24.83%", "2013-06-30": "24.98%", "2013-03-31": "24.85%", "2012-12-31": "25.19%", "2012-09-30": "25.26%", "2012-06-30": "24.85%", "2012-03-31": "24.82%", "2011-12-31": "24.69%", "2011-09-30": "24.69%", "2011-06-30": "24.76%", "2011-03-31": "24.66%", "2010-12-31": "24.64%", "2010-09-30": "24.19%", "2010-06-30": "23.77%", "2010-03-31": "23.32%", "2009-12-31": "23.05%", "2009-09-30": "23.15%", "2009-06-30": "23.27%", "2009-03-31": "23.58%", "2008-12-31": "23.83%", "2008-09-30": "24.25%", "2008-06-30": "24.90%", "2008-03-31": "25.59%", "2007-12-31": "25.49%", "2007-09-30": "25.38%", "2007-06-30": "24.92%", "2007-03-31": "24.53%", "2006-12-31": "24.65%", "2006-09-30": "24.80%", "2006-06-30": "25.38%", "2006-03-31": "26.15%", "2005-12-31": "27.28%"}, "operating margin": {"2020-12-31": "8.71%", "2020-09-30": "9.50%", "2020-06-30": "9.82%", "2020-03-31": "8.06%", "2019-12-31": "8.13%", "2019-09-30": "7.96%", "2019-06-30": "7.91%", "2019-03-31": "7.83%", "2018-12-31": "7.67%", "2018-09-30": "7.65%", "2018-06-30": "7.64%", "2018-03-31": "7.63%", "2017-12-31": "7.56%", "2017-09-30": "7.33%", "2017-06-30": "7.22%", "2017-03-31": "7.08%", "2016-12-31": "7.00%", "2016-09-30": "6.75%", "2016-06-30": "6.61%", "2016-03-31": "6.84%", "2015-12-31": "7.01%", "2015-09-30": "7.70%", "2015-06-30": "8.11%", "2015-03-31": "8.07%", "2014-12-31": "7.87%", "2014-09-30": "7.77%", "2014-06-30": "7.69%", "2014-03-31": "7.70%", "2013-12-31": "7.86%", "2013-09-30": "7.72%", "2013-06-30": "7.92%", "2013-03-31": "7.98%", "2012-12-31": "8.37%", "2012-09-30": "8.56%", "2012-06-30": "8.22%", "2012-03-31": "8.25%", "2011-12-31": "8.31%", "2011-09-30": "8.19%", "2011-06-30": "8.40%", "2011-03-31": "8.37%", "2010-12-31": "8.35%", "2010-09-30": "8.31%", "2010-06-30": "7.97%", "2010-03-31": "7.59%", "2009-12-31": "7.30%", "2009-09-30": "7.07%", "2009-06-30": "7.10%", "2009-03-31": "6.30%", "2008-12-31": "6.48%", "2008-09-30": "7.58%", "2008-06-30": "8.44%", "2008-03-31": "10.41%", "2007-12-31": "10.41%", "2007-09-30": "10.41%", "2007-06-30": "10.12%", "2007-03-31": "9.72%", "2006-12-31": "9.76%", "2006-09-30": "9.59%", "2006-06-30": "9.71%", "2006-03-31": "10.13%", "2005-12-31": "10.94%"}, "ebitda margin": {"2020-09-30": "10.63%", "2020-06-30": "10.98%", "2020-03-31": "9.20%", "2019-12-31": "9.25%", "2019-09-30": "9.06%", "2019-06-30": "8.99%", "2019-03-31": "8.91%", "2018-12-31": "8.74%", "2018-09-30": "8.73%", "2018-06-30": "8.73%", "2018-03-31": "8.74%", "2017-12-31": "8.68%", "2017-09-30": "8.45%", "2017-06-30": "8.33%", "2017-03-31": "8.18%", "2016-12-31": "8.11%", "2016-09-30": "7.86%", "2016-06-30": "7.72%", "2016-03-31": "7.93%", "2015-12-31": "8.09%", "2015-09-30": "8.78%", "2015-06-30": "9.20%", "2015-03-31": "9.19%", "2014-12-31": "9.01%", "2014-09-30": "8.90%", "2014-06-30": "8.82%", "2014-03-31": "8.83%", "2013-12-31": "8.98%", "2013-09-30": "8.88%", "2013-06-30": "9.09%", "2013-03-31": "9.17%", "2012-12-31": "9.55%", "2012-09-30": "9.70%", "2012-06-30": "9.36%", "2012-03-31": "9.36%", "2011-12-31": "9.41%", "2011-09-30": "9.35%", "2011-06-30": "9.53%", "2011-03-31": "9.50%", "2010-12-31": "9.48%", "2010-09-30": "9.40%", "2010-06-30": "9.09%", "2010-03-31": "8.73%", "2009-12-31": "8.43%", "2009-09-30": "8.22%", "2009-06-30": "8.28%", "2009-03-31": "7.49%", "2008-12-31": "7.69%", "2008-09-30": "8.75%", "2008-06-30": "9.56%", "2008-03-31": "11.49%", "2007-12-31": "11.46%", "2007-09-30": "11.43%", "2007-06-30": "11.10%", "2007-03-31": "10.68%", "2006-12-31": "10.70%", "2006-09-30": "10.52%", "2006-06-30": "10.65%", "2006-03-31": "11.08%", "2005-12-31": "11.92%"}, "pre tax profit margin": {"2020-12-31": "8.07%", "2020-09-30": "8.82%", "2020-06-30": "9.12%", "2020-03-31": "7.35%", "2019-12-31": "7.43%", "2019-09-30": "7.28%", "2019-06-30": "7.26%", "2019-03-31": "7.20%", "2018-12-31": "7.05%", "2018-09-30": "7.04%", "2018-06-30": "7.04%", "2018-03-31": "7.04%", "2017-12-31": "6.97%", "2017-09-30": "6.75%", "2017-06-30": "6.64%", "2017-03-31": "6.50%", "2016-12-31": "6.42%", "2016-09-30": "6.16%", "2016-06-30": "6.04%", "2016-03-31": "6.29%", "2015-12-31": "6.51%", "2015-09-30": "7.24%", "2015-06-30": "7.67%", "2015-03-31": "7.62%", "2014-12-31": "7.40%", "2014-09-30": "7.27%", "2014-06-30": "7.16%", "2014-03-31": "7.14%", "2013-12-31": "7.28%", "2013-09-30": "7.13%", "2013-06-30": "7.33%", "2013-03-31": "7.40%", "2012-12-31": "7.79%", "2012-09-30": "8.01%", "2012-06-30": "7.68%", "2012-03-31": "7.74%", "2011-12-31": "7.81%", "2011-09-30": "7.71%", "2011-06-30": "7.92%", "2011-03-31": "7.88%", "2010-12-31": "7.84%", "2010-09-30": "7.76%", "2010-06-30": "7.39%", "2010-03-31": "6.98%", "2009-12-31": "6.67%", "2009-09-30": "6.41%", "2009-06-30": "6.40%", "2009-03-31": "5.55%", "2008-12-31": "5.70%", "2008-09-30": "6.78%", "2008-06-30": "7.65%", "2008-03-31": "9.65%", "2007-12-31": "9.68%", "2007-09-30": "9.71%", "2007-06-30": "9.43%", "2007-03-31": "9.04%", "2006-12-31": "9.12%", "2006-09-30": "8.98%", "2006-06-30": "9.14%", "2006-03-31": "9.61%", "2005-12-31": "10.42%"}, "net profit margin": {"2020-12-31": "5.99%", "2020-09-30": "6.62%", "2020-06-30": "6.90%", "2020-03-31": "5.58%", "2019-12-31": "5.71%", "2019-09-30": "5.57%", "2019-06-30": "5.51%", "2019-03-31": "5.45%", "2018-12-31": "5.30%", "2018-09-30": "5.71%", "2018-06-30": "5.55%", "2018-03-31": "5.40%", "2017-12-31": "5.25%", "2017-09-30": "4.39%", "2017-06-30": "4.21%", "2017-03-31": "4.01%", "2016-12-31": "3.80%", "2016-09-30": "3.62%", "2016-06-30": "3.51%", "2016-03-31": "3.62%", "2015-12-31": "3.70%", "2015-09-30": "4.15%", "2015-06-30": "4.42%", "2015-03-31": "4.41%", "2014-12-31": "4.31%", "2014-09-30": "4.32%", "2014-06-30": "4.37%", "2014-03-31": "4.47%", "2013-12-31": "4.59%", "2013-09-30": "4.53%", "2013-06-30": "4.65%", "2013-03-31": "4.69%", "2012-12-31": "5.00%", "2012-09-30": "5.14%", "2012-06-30": "4.97%", "2012-03-31": "5.00%", "2011-12-31": "5.05%", "2011-09-30": "4.93%", "2011-06-30": "5.02%", "2011-03-31": "4.97%", "2010-12-31": "4.92%", "2010-09-30": "4.93%", "2010-06-30": "4.77%", "2010-03-31": "4.56%", "2009-12-31": "4.39%", "2009-09-30": "4.20%", "2009-06-30": "4.14%", "2009-03-31": "3.58%", "2008-12-31": "3.67%", "2008-09-30": "4.36%", "2008-06-30": "4.91%", "2008-03-31": "6.16%", "2007-12-31": "6.17%", "2007-09-30": "6.16%", "2007-06-30": "5.99%", "2007-03-31": "5.75%", "2006-12-31": "5.81%", "2006-09-30": "5.72%", "2006-06-30": "5.80%", "2006-03-31": "6.11%", "2005-12-31": "6.64%"}, "pe ratio": {"current": "19.24", "2021-02-05": "23.64", "2020-12-31": "25.54", "2020-09-30": "17.84", "2020-06-30": "16.46", "2020-03-31": "17.24", "2019-12-31": "20.19", "2019-09-30": "15.50", "2019-06-30": "17.88", "2019-03-31": "18.65", "2018-12-31": "19.78", "2018-09-30": "20.15", "2018-06-30": "19.64", "2018-03-31": "18.07", "2017-12-31": "19.66", "2017-09-30": "20.67", "2017-06-30": "20.59", "2017-03-31": "19.29", "2016-12-31": "20.16", "2016-09-30": "19.38", "2016-06-30": "20.61", "2016-03-31": "19.25", "2015-12-31": "18.10", "2015-09-30": "16.96", "2015-06-30": "17.81", "2015-03-31": "17.82", "2014-12-31": "16.14", "2014-09-30": "14.07", "2014-06-30": "13.52", "2014-03-31": "13.54", "2013-12-31": "12.26", "2013-09-30": "12.07", "2013-06-30": "11.06", "2013-03-31": "9.87", "2012-12-31": "9.05", "2012-09-30": "9.27", "2012-06-30": "10.40", "2012-03-31": "10.68", "2011-12-31": "9.33", "2011-09-30": "8.89", "2011-06-30": "9.98", "2011-03-31": "9.06", "2010-12-31": "7.55", "2010-09-30": "7.56", "2010-06-30": "6.50", "2010-03-31": "8.00", "2009-12-31": "7.97", "2009-09-30": "7.00", "2009-06-30": "7.32", "2009-03-31": "7.30", "2008-12-31": "9.38", "2008-09-30": "7.90", "2008-06-30": "7.61", "2008-03-31": "8.26", "2007-12-31": "14.47", "2007-09-30": "12.26", "2007-06-30": "13.59", "2007-03-31": "14.88", "2006-12-31": "15.23"}, "price sales": {"2021-02-05": "1.21", "2020-12-31": "1.31", "2020-09-30": "1.18", "2020-06-30": "1.14", "2020-03-31": "0.96", "2019-12-31": "1.16", "2019-09-30": "0.86", "2019-06-30": "0.99", "2019-03-31": "1.02", "2018-12-31": "1.05", "2018-09-30": "1.15", "2018-06-30": "1.09", "2018-03-31": "0.97", "2017-12-31": "1.03", "2017-09-30": "0.93", "2017-06-30": "0.89", "2017-03-31": "0.79", "2016-12-31": "0.79", "2016-09-30": "0.70", "2016-06-30": "0.72", "2016-03-31": "0.70", "2015-12-31": "0.67", "2015-09-30": "0.71", "2015-06-30": "0.79", "2015-03-31": "0.79", "2014-12-31": "0.70", "2014-09-30": "0.61", "2014-06-30": "0.59", "2014-03-31": "0.60", "2013-12-31": "0.56", "2013-09-30": "0.55", "2013-06-30": "0.52", "2013-03-31": "0.46", "2012-12-31": "0.45", "2012-09-30": "0.48", "2012-06-30": "0.52", "2012-03-31": "0.53", "2011-12-31": "0.47", "2011-09-30": "0.44", "2011-06-30": "0.50", "2011-03-31": "0.45", "2010-12-31": "0.37", "2010-09-30": "0.37", "2010-06-30": "0.31", "2010-03-31": "0.37", "2009-12-31": "0.35", "2009-09-30": "0.30", "2009-06-30": "0.30", "2009-03-31": "0.26", "2008-12-31": "0.35", "2008-09-30": "0.34", "2008-06-30": "0.37", "2008-03-31": "0.51", "2007-12-31": "0.89", "2007-09-30": "0.76", "2007-06-30": "0.81", "2007-03-31": "0.86", "2006-12-31": "0.89"}, "price book": {"current": "4.51", "2021-02-05": "4.52", "2020-09-30": "4.33", "2020-06-30": "4.18", "2020-03-31": "3.90", "2019-12-31": "4.54", "2019-09-30": "3.49", "2019-06-30": "4.04", "2019-03-31": "4.20", "2018-12-31": "4.26", "2018-09-30": "4.69", "2018-06-30": "4.47", "2018-03-31": "3.94", "2017-12-31": "4.09", "2017-09-30": "3.82", "2017-06-30": "3.74", "2017-03-31": "3.40", "2016-12-31": "3.76", "2016-09-30": "3.33", "2016-06-30": "3.45", "2016-03-31": "3.26", "2015-12-31": "3.07", "2015-09-30": "3.07", "2015-06-30": "3.23", "2015-03-31": "3.23", "2014-12-31": "2.70", "2014-09-30": "2.31", "2014-06-30": "2.18", "2014-03-31": "2.23", "2013-12-31": "2.07", "2013-09-30": "2.03", "2013-06-30": "1.87", "2013-03-31": "1.61", "2012-12-31": "1.56", "2012-09-30": "1.63", "2012-06-30": "1.78", "2012-03-31": "1.84", "2011-12-31": "1.62", "2011-09-30": "1.51", "2011-06-30": "1.74", "2011-03-31": "1.58", "2010-12-31": "1.30", "2010-09-30": "1.29", "2010-06-30": "1.09", "2010-03-31": "1.29", "2009-12-31": "1.25", "2009-09-30": "1.07", "2009-06-30": "1.13", "2009-03-31": "0.98", "2008-12-31": "1.30", "2008-09-30": "1.29", "2008-06-30": "1.38", "2008-03-31": "1.80", "2007-12-31": "3.07", "2007-09-30": "2.55", "2007-06-30": "2.71", "2007-03-31": "2.83", "2006-12-31": "2.93", "2006-09-30": "2.86", "2006-06-30": "2.81", "2006-03-31": "3.59"}, "price fcf": {"2021-02-05": "", "2020-09-30": "$20.89", "2020-06-30": "$21.06", "2020-03-31": "$16.80", "2019-12-31": "$16.97", "2019-09-30": "$13.12", "2019-06-30": "$10.70", "2019-03-31": "$8.63", "2018-12-31": "$13.89", "2018-09-30": "$8.82", "2018-06-30": "$15.56", "2018-03-31": "$13.64", "2017-12-31": "$11.75", "2017-09-30": "$13.00", "2017-06-30": "$12.88", "2017-03-31": "$12.50", "2016-12-31": "$8.36", "2016-09-30": "$13.43", "2016-06-30": "$8.95", "2016-03-31": "$8.46", "2015-12-31": "$8.46", "2015-09-30": "$7.37", "2015-06-30": "$7.71", "2015-03-31": "$7.52", "2014-12-31": "$6.62", "2014-09-30": "$5.18", "2014-06-30": "$5.28", "2014-03-31": "$5.91", "2013-12-31": "$5.56", "2013-09-30": "$6.27", "2013-06-30": "$2.76", "2013-03-31": "$3.40", "2012-12-31": "$5.82", "2012-09-30": "$3.91", "2012-06-30": "$8.79", "2012-03-31": "$7.68", "2011-12-31": "$5.47", "2011-09-30": "$7.03", "2011-06-30": "$5.11", "2011-03-31": "$4.76", "2010-12-31": "$4.77", "2010-09-30": "$4.64", "2010-06-30": "$4.44", "2010-03-31": "$4.29", "2009-12-31": "$4.14", "2009-09-30": "$4.58", "2009-06-30": "$3.65", "2009-03-31": "$3.66", "2008-12-31": "$2.93", "2008-09-30": "$2.28", "2008-06-30": "$1.27", "2008-03-31": "$2.04", "2007-12-31": "$3.68", "2007-09-30": "$4.04", "2007-06-30": "$3.88", "2007-03-31": "$3.95", "2006-12-31": "$4.17"}, "net worth": {"value": "$307.9B"}, "current ratio": {"2020-12-31": "0.27", "2020-09-30": "0.82", "2020-06-30": "0.84", "2020-03-31": "0.75", "2019-12-31": "0.69", "2019-09-30": "0.70", "2019-06-30": "0.67", "2019-03-31": "0.73", "2018-12-31": "0.73", "2018-09-30": "0.69", "2018-06-30": "0.75", "2018-03-31": "0.72", "2017-12-31": "0.74", "2017-09-30": "0.70", "2017-06-30": "0.72", "2017-03-31": "0.71", "2016-12-31": "0.69", "2016-09-30": "0.70", "2016-06-30": "0.70", "2016-03-31": "0.73", "2015-12-31": "0.74", "2015-09-30": "0.75", "2015-06-30": "0.77", "2015-03-31": "0.77", "2014-12-31": "0.77", "2014-09-30": "0.74", "2014-06-30": "0.74", "2014-03-31": "0.73", "2013-12-31": "0.73", "2013-09-30": "0.76", "2013-06-30": "0.78", "2013-03-31": "0.84", "2012-12-31": "0.78", "2012-09-30": "0.82", "2012-06-30": "0.82", "2012-03-31": "0.83", "2011-12-31": "0.85", "2011-09-30": "0.86", "2011-06-30": "0.84", "2011-03-31": "0.81", "2010-12-31": "0.78", "2010-09-30": "0.75", "2010-06-30": "0.82", "2010-03-31": "0.80", "2009-12-31": "0.82", "2009-09-30": "0.88", "2009-06-30": "0.80", "2009-03-31": "0.83", "2008-12-31": "0.76", "2008-09-30": "0.66", "2008-06-30": "0.66", "2008-03-31": "0.73", "2007-12-31": "0.84", "2007-09-30": "0.86", "2007-06-30": "0.91", "2007-03-31": "0.87", "2006-12-31": "0.87", "2006-09-30": "0.83", "2006-06-30": "0.80", "2006-03-31": "0.76", "2005-12-31": "0.63", "2005-09-30": "0.77", "2005-06-30": "0.70", "2005-03-31": "0.71"}, "quick ratio": {"2020-12-31": "0.00", "2020-09-30": "0.00", "2020-06-30": "0.00", "2020-03-31": "0.00", "2019-12-31": "0.00", "2019-09-30": "0.00", "2019-06-30": "0.00", "2019-03-31": "0.00", "2018-12-31": "0.00", "2018-09-30": "0.00", "2018-06-30": "0.00", "2018-03-31": "0.00", "2017-12-31": "0.00", "2017-09-30": "0.00", "2017-06-30": "0.00", "2017-03-31": "0.00", "2016-12-31": "0.00", "2016-09-30": "0.00", "2016-06-30": "0.00", "2016-03-31": "0.00", "2015-12-31": "0.00", "2015-09-30": "0.00", "2015-06-30": "0.00", "2015-03-31": "0.00", "2014-12-31": "0.00", "2014-09-30": "0.00", "2014-06-30": "0.00", "2014-03-31": "0.00", "2013-12-31": "0.00", "2013-09-30": "0.00", "2013-06-30": "0.00", "2013-03-31": "0.00", "2012-12-31": "0.00", "2012-09-30": "0.00", "2012-06-30": "0.00", "2012-03-31": "0.00", "2011-12-31": "0.00", "2011-09-30": "0.00", "2011-06-30": "0.00", "2011-03-31": "0.00", "2010-12-31": "0.00", "2010-09-30": "0.00", "2010-06-30": "0.00", "2010-03-31": "0.00", "2009-12-31": "0.00", "2009-09-30": "0.00", "2009-06-30": "0.00", "2009-03-31": "0.00", "2008-12-31": "0.00", "2008-09-30": "0.00", "2008-06-30": "0.00", "2008-03-31": "0.00", "2007-12-31": "0.00", "2007-09-30": "0.00", "2007-06-30": "0.00", "2007-03-31": "0.00", "2006-12-31": "0.00", "2006-09-30": "0.00", "2006-06-30": "0.00", "2006-03-31": "0.00", "2005-12-31": "0.00", "2005-09-30": "0.00", "2005-06-30": "0.00", "2005-03-31": "0.00"}, "debt equity ratio": {"current": "0.57", "2020-12-31": "1.89", "2020-09-30": "1.80", "2020-06-30": "1.89", "2020-03-31": "2.16", "2019-12-31": "1.88", "2019-09-30": "2.01", "2019-06-30": "1.99", "2019-03-31": "1.96", "2018-12-31": "1.80", "2018-09-30": "1.87", "2018-06-30": "2.05", "2018-03-31": "2.11", "2017-12-31": "1.79", "2017-09-30": "1.97", "2017-06-30": "2.05", "2017-03-31": "2.12", "2016-12-31": "2.22", "2016-09-30": "2.29", "2016-06-30": "2.30", "2016-03-31": "2.36", "2015-12-31": "2.30", "2015-09-30": "2.27", "2015-06-30": "1.77", "2015-03-31": "1.81", "2014-12-31": "1.66", "2014-09-30": "1.62", "2014-06-30": "1.60", "2014-03-31": "1.60", "2013-12-31": "1.55", "2013-09-30": "1.56", "2013-06-30": "1.56", "2013-03-31": "1.62", "2012-12-31": "1.59", "2012-09-30": "1.37", "2012-06-30": "1.50", "2012-03-31": "1.52", "2011-12-31": "1.40", "2011-09-30": "1.54", "2011-06-30": "1.42", "2011-03-31": "1.46", "2010-12-31": "1.44", "2010-09-30": "1.46", "2010-06-30": "1.43", "2010-03-31": "1.45", "2009-12-31": "1.50", "2009-09-30": "1.51", "2009-06-30": "1.59", "2009-03-31": "1.62", "2008-12-31": "1.69", "2008-09-30": "1.70", "2008-06-30": "1.79", "2008-03-31": "1.71", "2007-12-31": "1.54", "2007-09-30": "1.44", "2007-06-30": "1.52", "2007-03-31": "1.42", "2006-12-31": "1.32", "2006-09-30": "1.38", "2006-06-30": "1.59", "2006-03-31": "1.55", "2005-12-31": "1.32", "2005-09-30": "1.65", "2005-06-30": "1.71", "2005-03-31": "1.67"}, "return on equity": {"2020-12-31": "23.44%", "2020-09-30": "26.25%", "2020-06-30": "27.96%", "2020-03-31": "23.52%", "2019-12-31": "24.23%", "2019-09-30": "23.99%", "2019-06-30": "23.92%", "2019-03-31": "23.79%", "2018-12-31": "23.08%", "2018-09-30": "24.72%", "2018-06-30": "23.96%", "2018-03-31": "23.32%", "2017-12-31": "22.65%", "2017-09-30": "19.73%", "2017-06-30": "19.65%", "2017-03-31": "19.43%", "2016-12-31": "19.08%", "2016-09-30": "18.37%", "2016-06-30": "17.89%", "2016-03-31": "17.82%", "2015-12-31": "17.65%", "2015-09-30": "18.72%", "2015-06-30": "18.81%", "2015-03-31": "18.27%", "2014-12-31": "17.22%", "2014-09-30": "17.00%", "2014-06-30": "16.98%", "2014-03-31": "17.27%", "2013-12-31": "17.67%", "2013-09-30": "17.23%", "2013-06-30": "17.44%", "2013-03-31": "17.40%", "2012-12-31": "18.48%", "2012-09-30": "18.98%", "2012-06-30": "18.37%", "2012-03-31": "18.45%", "2011-12-31": "18.68%", "2011-09-30": "18.31%", "2011-06-30": "18.73%", "2011-03-31": "18.63%", "2010-12-31": "18.43%", "2010-09-30": "18.44%", "2010-06-30": "17.95%", "2010-03-31": "17.45%", "2009-12-31": "17.10%", "2009-09-30": "16.65%", "2009-06-30": "16.70%", "2009-03-31": "14.57%", "2008-12-31": "14.92%", "2008-09-30": "17.53%", "2008-06-30": "19.18%", "2008-03-31": "23.16%", "2007-12-31": "22.47%", "2007-09-30": "22.07%", "2007-06-30": "21.55%", "2007-03-31": "21.13%", "2006-12-31": "21.89%", "2006-09-30": "20.58%", "2006-06-30": "21.28%", "2006-03-31": "22.59%", "2005-12-31": "24.60%"}, "return on assets": {"2020-12-31": "8.00%", "2020-09-30": "8.97%", "2020-06-30": "9.38%", "2020-03-31": "7.82%", "2019-12-31": "8.19%", "2019-09-30": "8.15%", "2019-06-30": "8.22%", "2019-03-31": "8.15%", "2018-12-31": "7.81%", "2018-09-30": "8.37%", "2018-06-30": "8.05%", "2018-03-31": "7.83%", "2017-12-31": "7.61%", "2017-09-30": "6.41%", "2017-06-30": "6.22%", "2017-03-31": "6.02%", "2016-12-31": "5.80%", "2016-09-30": "5.55%", "2016-06-30": "5.41%", "2016-03-31": "5.61%", "2015-12-31": "5.80%", "2015-09-30": "6.50%", "2015-06-30": "6.92%", "2015-03-31": "6.84%", "2014-12-31": "6.57%", "2014-09-30": "6.56%", "2014-06-30": "6.59%", "2014-03-31": "6.73%", "2013-12-31": "6.88%", "2013-09-30": "6.68%", "2013-06-30": "6.87%", "2013-03-31": "6.90%", "2012-12-31": "7.40%", "2012-09-30": "7.76%", "2012-06-30": "7.38%", "2012-03-31": "7.47%", "2011-12-31": "7.61%", "2011-09-30": "7.43%", "2011-06-30": "7.66%", "2011-03-31": "7.61%", "2010-12-31": "7.53%", "2010-09-30": "7.49%", "2010-06-30": "7.26%", "2010-03-31": "6.95%", "2009-12-31": "6.69%", "2009-09-30": "6.40%", "2009-06-30": "6.30%", "2009-03-31": "5.40%", "2008-12-31": "5.48%", "2008-09-30": "6.53%", "2008-06-30": "7.33%", "2008-03-31": "9.08%", "2007-12-31": "9.06%", "2007-09-30": "9.09%", "2007-06-30": "8.93%", "2007-03-31": "8.72%", "2006-12-31": "8.92%", "2006-09-30": "8.37%", "2006-06-30": "8.46%", "2006-03-31": "8.94%", "2005-12-31": "9.66%"}, "return on investments": {"2020-12-31": "21.49%", "2020-09-30": "23.55%", "2020-06-30": "24.62%", "2020-03-31": "20.92%", "2019-12-31": "21.13%", "2019-09-30": "20.95%", "2019-06-30": "21.16%", "2019-03-31": "20.99%", "2018-12-31": "20.73%", "2018-09-30": "20.74%", "2018-06-30": "20.94%", "2018-03-31": "21.10%", "2017-12-31": "20.81%", "2017-09-30": "20.77%", "2017-06-30": "20.67%", "2017-03-31": "20.53%", "2016-12-31": "20.45%", "2016-09-30": "19.69%", "2016-06-30": "19.13%", "2016-03-31": "19.82%", "2015-12-31": "20.60%", "2015-09-30": "22.25%", "2015-06-30": "23.40%", "2015-03-31": "22.78%", "2014-12-31": "21.60%", "2014-09-30": "21.10%", "2014-06-30": "20.55%", "2014-03-31": "20.30%", "2013-12-31": "20.44%", "2013-09-30": "19.89%", "2013-06-30": "20.45%", "2013-03-31": "20.80%", "2012-12-31": "22.16%", "2012-09-30": "22.95%", "2012-06-30": "22.15%", "2012-03-31": "22.36%", "2011-12-31": "22.71%", "2011-09-30": "22.65%", "2011-06-30": "23.47%", "2011-03-31": "23.56%", "2010-12-31": "23.59%", "2010-09-30": "23.23%", "2010-06-30": "21.82%", "2010-03-31": "20.51%", "2009-12-31": "19.41%", "2009-09-30": "18.58%", "2009-06-30": "18.74%", "2009-03-31": "16.55%", "2008-12-31": "16.87%", "2008-09-30": "19.78%", "2008-06-30": "22.18%", "2008-03-31": "27.51%", "2007-12-31": "28.20%", "2007-09-30": "28.60%", "2007-06-30": "28.11%", "2007-03-31": "27.50%", "2006-12-31": "27.74%", "2006-09-30": "26.36%", "2006-06-30": "27.00%", "2006-03-31": "28.47%", "2005-12-31": "31.02%"}, "return on tangible equity": {"2020-09-30": "-125.16%", "2020-06-30": "-111.95%", "2020-03-31": "-84.22%", "2019-12-31": "-86.68%", "2019-09-30": "-85.77%", "2019-06-30": "-86.82%", "2019-03-31": "-87.22%", "2018-12-31": "-80.53%", "2018-09-30": "-85.42%", "2018-06-30": "-82.11%", "2018-03-31": "-75.94%", "2017-12-31": "-70.08%", "2017-09-30": "-53.08%", "2017-06-30": "-47.14%", "2017-03-31": "-41.66%", "2016-12-31": "-37.00%", "2016-09-30": "-34.02%", "2016-06-30": "-31.84%", "2016-03-31": "-38.40%", "2015-12-31": "-49.60%", "2015-09-30": "-76.52%", "2015-06-30": "-150.10%", "2015-03-31": "-156.65%", "2014-12-31": "-157.47%", "2014-09-30": "-165.04%", "2014-06-30": "-159.09%", "2014-03-31": "-151.09%", "2013-12-31": "-144.79%", "2013-09-30": "-127.81%", "2013-06-30": "-174.54%", "2013-03-31": "-257.67%", "2012-12-31": "-564.89%", "2012-09-30": "923.72%", "2012-06-30": "735.34%", "2012-03-31": "534.85%", "2011-12-31": "494.07%", "2011-09-30": "701.10%", "2011-06-30": "1559.84%", "2011-03-31": "1070.17%", "2010-12-31": "687.28%", "2010-09-30": "599.67%", "2010-06-30": "493.02%", "2010-03-31": "2349.27%", "2009-12-31": "-1013.12%", "2009-09-30": "-395.61%", "2009-06-30": "-216.98%", "2009-03-31": "-141.91%", "2008-12-31": "-127.17%", "2008-09-30": "-221.71%", "2008-06-30": "-904.37%", "2008-03-31": "498.78%", "2007-12-31": "229.15%", "2007-09-30": "211.22%", "2007-06-30": "233.05%", "2007-03-31": "357.10%", "2006-12-31": "1194.26%", "2006-09-30": "-1324.51%", "2006-06-30": "-841.81%", "2006-03-31": "-1024.09%", "2005-12-31": "-2985.96%"}, "dividend yield history": {"last payout": "$5.00", "last yield": "1.54%"}}