{"ticker": "URI", "price": {"title": "United Rentals Historical Annual Stock Price Data", "value": 265.73, "historical": {"2021": {"Average Stock Price": "253.7446", "Year Open": "229.6500", "Year High": "265.7300", "Year Low": "229.6500", "Year Close": "265.7300", "Annual % Change": "14.58%"}, "2020": {"Average Stock Price": "160.0442", "Year Open": "168.6500", "Year High": "246.7500", "Year Low": "69.5900", "Year Close": "231.9100", "Annual % Change": "39.06%"}, "2019": {"Average Stock Price": "129.3037", "Year Open": "105.6200", "Year High": "169.8200", "Year Low": "101.9800", "Year Close": "166.7700", "Annual % Change": "62.65%"}, "2018": {"Average Stock Price": "154.1049", "Year Open": "173.5800", "Year High": "189.4000", "Year Low": "95.9000", "Year Close": "102.5300", "Annual % Change": "-40.36%"}, "2017": {"Average Stock Price": "126.2604", "Year Open": "109.3100", "Year High": "173.3300", "Year Low": "101.6200", "Year Close": "171.9100", "Annual % Change": "62.82%"}, "2016": {"Average Stock Price": "72.2541", "Year Open": "70.7600", "Year High": "109.1200", "Year Low": "43.3400", "Year Close": "105.5800", "Annual % Change": "45.55%"}, "2015": {"Average Stock Price": "81.6783", "Year Open": "103.5900", "Year High": "105.1300", "Year Low": "59.4800", "Year Close": "72.5400", "Annual % Change": "-28.89%"}, "2014": {"Average Stock Price": "100.7401", "Year Open": "76.4900", "Year High": "119.0200", "Year Low": "74.4600", "Year Close": "102.0100", "Annual % Change": "30.87%"}, "2013": {"Average Stock Price": "56.9765", "Year Open": "47.9100", "Year High": "77.9500", "Year Low": "46.2600", "Year Close": "77.9500", "Annual % Change": "71.24%"}, "2012": {"Average Stock Price": "37.5556", "Year Open": "28.9600", "Year High": "46.8200", "Year Low": "27.2300", "Year Close": "45.5200", "Annual % Change": "54.04%"}, "2011": {"Average Stock Price": "25.1221", "Year Open": "22.8700", "Year High": "34.0900", "Year Low": "13.1100", "Year Close": "29.5500", "Annual % Change": "29.89%"}, "2010": {"Average Stock Price": "13.1140", "Year Open": "10.0400", "Year High": "23.5100", "Year Low": "7.0200", "Year Close": "22.7500", "Annual % Change": "131.91%"}, "2009": {"Average Stock Price": "7.2450", "Year Open": "8.9800", "Year High": "11.0300", "Year Low": "3.0300", "Year Close": "9.8100", "Annual % Change": "7.57%"}, "2008": {"Average Stock Price": "15.7870", "Year Open": "17.7700", "Year High": "22.0900", "Year Low": "4.4000", "Year Close": "9.1200", "Annual % Change": "-50.33%"}, "2007": {"Average Stock Price": "29.9812", "Year Open": "25.8900", "Year High": "34.7000", "Year Low": "17.9100", "Year Close": "18.3600", "Annual % Change": "-27.80%"}, "2006": {"Average Stock Price": "27.9320", "Year Open": "23.8200", "Year High": "37.5700", "Year Low": "20.3000", "Year Close": "25.4300", "Annual % Change": "8.72%"}, "2005": {"Average Stock Price": "19.4179", "Year Open": "19.0000", "Year High": "24.4200", "Year Low": "16.2200", "Year Close": "23.3900", "Annual % Change": "23.76%"}, "2004": {"Average Stock Price": "17.9114", "Year Open": "19.9600", "Year High": "23.2000", "Year Low": "14.3000", "Year Close": "18.9000", "Annual % Change": "-1.87%"}, "2003": {"Average Stock Price": "13.9065", "Year Open": "12.2500", "Year High": "19.8500", "Year Low": "8.2900", "Year Close": "19.2600", "Annual % Change": "79.00%"}, "2002": {"Average Stock Price": "17.6354", "Year Open": "23.0200", "Year High": "30.5400", "Year Low": "6.0400", "Year Close": "10.7600", "Annual % Change": "-52.60%"}, "2001": {"Average Stock Price": "20.3506", "Year Open": "13.1900", "Year High": "26.2500", "Year Low": "13.1900", "Year Close": "22.7000", "Annual % Change": "68.90%"}, "2000": {"Average Stock Price": "17.7876", "Year Open": "16.6900", "Year High": "24.3100", "Year Low": "12.0000", "Year Close": "13.4400", "Annual % Change": "-21.54%"}, "1999": {"Average Stock Price": "25.9919", "Year Open": "31.1900", "Year High": "35.2500", "Year Low": "14.6900", "Year Close": "17.1300", "Annual % Change": "-48.29%"}, "1998": {"Average Stock Price": "28.3373", "Year Open": "20.0600", "Year High": "48.0000", "Year Low": "12.4400", "Year Close": "33.1300", "Annual % Change": "72.10%"}}}, "market cap": {"value": "$19.19B"}, "income statement": {"Revenue": {"2020-12-31": "8530.00000", "2019-12-31": "9351.00000", "2018-12-31": "8047.00000", "2017-12-31": "6641.00000", "2016-12-31": "5762.00000", "2015-12-31": "5817.00000", "2014-12-31": "5685.00000", "2013-12-31": "4955.00000", "2012-12-31": "4117.00000", "2011-12-31": "2611.00000", "2010-12-31": "2237.00000", "2009-12-31": "2358.00000", "2008-12-31": "3267.00000", "2007-12-31": "3715.00000", "2006-12-31": "3627.00000", "2005-12-31": "3288.00000"}, "Cost Of Goods Sold": {"2020-12-31": "5347.00000", "2019-12-31": "5681.00000", "2018-12-31": "4683.00000", "2017-12-31": "3872.00000", "2016-12-31": "3359.00000", "2015-12-31": "3337.00000", "2014-12-31": "3253.00000", "2013-12-31": "2968.00000", "2012-12-31": "2530.00000", "2011-12-31": "1713.00000", "2010-12-31": "1579.00000", "2009-12-31": "1748.00000", "2008-12-31": "2149.00000", "2007-12-31": "2405.00000", "2006-12-31": "2335.00000", "2005-12-31": "2173.00000"}, "Gross Profit": {"2020-12-31": "3183.00000", "2019-12-31": "3670.00000", "2018-12-31": "3364.00000", "2017-12-31": "2769.00000", "2016-12-31": "2403.00000", "2015-12-31": "2480.00000", "2014-12-31": "2432.00000", "2013-12-31": "1987.00000", "2012-12-31": "1587.00000", "2011-12-31": "898.00000", "2010-12-31": "658.00000", "2009-12-31": "610.00000", "2008-12-31": "1118.00000", "2007-12-31": "1310.00000", "2006-12-31": "1292.00000", "2005-12-31": "1115.00000"}, "Research And Development Expenses": {"2020-12-31": "", "2019-12-31": "", "2018-12-31": "", "2017-12-31": "", "2016-12-31": "", "2015-12-31": "", "2014-12-31": "", "2013-12-31": "", "2012-12-31": "", "2011-12-31": "", "2010-12-31": "", "2009-12-31": "", "2008-12-31": "", "2007-12-31": "", "2006-12-31": "", "2005-12-31": ""}, "SG&A Expenses": {"2020-12-31": "979.00000", "2019-12-31": "1092.00000", "2018-12-31": "1038.00000", "2017-12-31": "903.00000", "2016-12-31": "719.00000", "2015-12-31": "714.00000", "2014-12-31": "758.00000", "2013-12-31": "642.00000", "2012-12-31": "588.00000", "2011-12-31": "407.00000", "2010-12-31": "367.00000", "2009-12-31": "408.00000", "2008-12-31": "509.00000", "2007-12-31": "598.00000", "2006-12-31": "617.00000", "2005-12-31": "553.00000"}, "Other Operating Income Or Expenses": {"2020-12-31": "", "2019-12-31": "", "2018-12-31": "", "2017-12-31": "", "2016-12-31": "", "2015-12-31": "", "2014-12-31": "", "2013-12-31": "", "2012-12-31": "", "2011-12-31": "", "2010-12-31": "", "2009-12-31": "", "2008-12-31": "-14.00000", "2007-12-31": "", "2006-12-31": "", "2005-12-31": ""}, "Operating Expenses": {"2020-12-31": "6730.00000", "2019-12-31": "7199.00000", "2018-12-31": "6096.00000", "2017-12-31": "5134.00000", "2016-12-31": "4347.00000", "2015-12-31": "4299.00000", "2014-12-31": "4294.00000", "2013-12-31": "3877.00000", "2012-12-31": "3526.00000", "2011-12-31": "2215.00000", "2010-12-31": "2040.00000", "2009-12-31": "2244.00000", "2008-12-31": "3897.00000", "2007-12-31": "3057.00000", "2006-12-31": "3002.00000", "2005-12-31": "2764.00000"}, "Operating Income": {"2020-12-31": "1800.00000", "2019-12-31": "2152.00000", "2018-12-31": "1951.00000", "2017-12-31": "1507.00000", "2016-12-31": "1415.00000", "2015-12-31": "1518.00000", "2014-12-31": "1391.00000", "2013-12-31": "1078.00000", "2012-12-31": "591.00000", "2011-12-31": "396.00000", "2010-12-31": "197.00000", "2009-12-31": "114.00000", "2008-12-31": "-630.00000", "2007-12-31": "658.00000", "2006-12-31": "625.00000", "2005-12-31": "524.00000"}, "Total Non-Operating Income/Expense": {"2020-12-31": "-661.00000", "2019-12-31": "-638.00000", "2018-12-31": "-475.00000", "2017-12-31": "-459.00000", "2016-12-31": "-506.00000", "2015-12-31": "-555.00000", "2014-12-31": "-541.00000", "2013-12-31": "-473.00000", "2012-12-31": "-503.00000", "2011-12-31": "-232.00000", "2010-12-31": "-260.00000", "2009-12-31": "-221.00000", "2008-12-31": "-183.00000", "2007-12-31": "-80.00000", "2006-12-31": "-220.00000", "2005-12-31": "-193.00000"}, "Pre-Tax Income": {"2020-12-31": "1139.00000", "2019-12-31": "1514.00000", "2018-12-31": "1476.00000", "2017-12-31": "1048.00000", "2016-12-31": "909.00000", "2015-12-31": "963.00000", "2014-12-31": "850.00000", "2013-12-31": "605.00000", "2012-12-31": "88.00000", "2011-12-31": "164.00000", "2010-12-31": "-63.00000", "2009-12-31": "-107.00000", "2008-12-31": "-813.00000", "2007-12-31": "578.00000", "2006-12-31": "405.00000", "2005-12-31": "331.00000"}, "Income Taxes": {"2020-12-31": "249.00000", "2019-12-31": "340.00000", "2018-12-31": "380.00000", "2017-12-31": "-298.00000", "2016-12-31": "343.00000", "2015-12-31": "378.00000", "2014-12-31": "310.00000", "2013-12-31": "218.00000", "2012-12-31": "13.00000", "2011-12-31": "63.00000", "2010-12-31": "-41.00000", "2009-12-31": "-47.00000", "2008-12-31": "-109.00000", "2007-12-31": "215.00000", "2006-12-31": "156.00000", "2005-12-31": "129.00000"}, "Income After Taxes": {"2020-12-31": "890.00000", "2019-12-31": "1174.00000", "2018-12-31": "1096.00000", "2017-12-31": "1346.00000", "2016-12-31": "566.00000", "2015-12-31": "585.00000", "2014-12-31": "540.00000", "2013-12-31": "387.00000", "2012-12-31": "75.00000", "2011-12-31": "101.00000", "2010-12-31": "-22.00000", "2009-12-31": "-60.00000", "2008-12-31": "-704.00000", "2007-12-31": "363.00000", "2006-12-31": "249.00000", "2005-12-31": "202.00000"}, "Other Income": {"2020-12-31": "", "2019-12-31": "", "2018-12-31": "", "2017-12-31": "", "2016-12-31": "", "2015-12-31": "", "2014-12-31": "", "2013-12-31": "", "2012-12-31": "", "2011-12-31": "", "2010-12-31": "", "2009-12-31": "", "2008-12-31": "", "2007-12-31": "", "2006-12-31": "", "2005-12-31": ""}, "Income From Continuous Operations": {"2020-12-31": "890.00000", "2019-12-31": "1174.00000", "2018-12-31": "1096.00000", "2017-12-31": "1346.00000", "2016-12-31": "566.00000", "2015-12-31": "585.00000", "2014-12-31": "540.00000", "2013-12-31": "387.00000", "2012-12-31": "75.00000", "2011-12-31": "101.00000", "2010-12-31": "-22.00000", "2009-12-31": "-60.00000", "2008-12-31": "-704.00000", "2007-12-31": "363.00000", "2006-12-31": "249.00000", "2005-12-31": "202.00000"}, "Income From Discontinued Operations": {"2020-12-31": "", "2019-12-31": "", "2018-12-31": "", "2017-12-31": "", "2016-12-31": "", "2015-12-31": "", "2014-12-31": "", "2013-12-31": "", "2012-12-31": "", "2011-12-31": "", "2010-12-31": "-4.00000", "2009-12-31": "-2.00000", "2008-12-31": "", "2007-12-31": "-1.00000", "2006-12-31": "-25.00000", "2005-12-31": "-15.00000"}, "Net Income": {"2020-12-31": "890.00000", "2019-12-31": "1174.00000", "2018-12-31": "1096.00000", "2017-12-31": "1346.00000", "2016-12-31": "566.00000", "2015-12-31": "585.00000", "2014-12-31": "540.00000", "2013-12-31": "387.00000", "2012-12-31": "75.00000", "2011-12-31": "101.00000", "2010-12-31": "-26.00000", "2009-12-31": "-62.00000", "2008-12-31": "-943.00000", "2007-12-31": "369.00000", "2006-12-31": "234.00000", "2005-12-31": "198.00000"}, "EBITDA": {"2020-12-31": "3802.00000", "2019-12-31": "4205.00000", "2018-12-31": "3634.00000", "2017-12-31": "2899.00000", "2016-12-31": "2669.00000", "2015-12-31": "2772.00000", "2014-12-31": "2602.00000", "2013-12-31": "2197.00000", "2012-12-31": "1511.00000", "2011-12-31": "898.00000", "2010-12-31": "669.00000", "2009-12-31": "605.00000", "2008-12-31": "1046.00000", "2007-12-31": "1158.00000", "2006-12-31": "1102.00000", "2005-12-31": "956.00000"}, "EBIT": {"2020-12-31": "1800.00000", "2019-12-31": "2152.00000", "2018-12-31": "1951.00000", "2017-12-31": "1507.00000", "2016-12-31": "1415.00000", "2015-12-31": "1518.00000", "2014-12-31": "1391.00000", "2013-12-31": "1078.00000", "2012-12-31": "591.00000", "2011-12-31": "396.00000", "2010-12-31": "197.00000", "2009-12-31": "114.00000", "2008-12-31": "-630.00000", "2007-12-31": "658.00000", "2006-12-31": "625.00000", "2005-12-31": "524.00000"}, "Basic Shares Outstanding": {"2020-12-31": "72.65800", "2019-12-31": "77.34100", "2018-12-31": "82.65200", "2017-12-31": "84.59900", "2016-12-31": "87.21700", "2015-12-31": "95.17000", "2014-12-31": "97.48900", "2013-12-31": "93.43600", "2012-12-31": "82.96000", "2011-12-31": "62.18400", "2010-12-31": "60.45500", "2009-12-31": "60.10000", "2008-12-31": "74.73400", "2007-12-31": "100.44500", "2006-12-31": "96.60900", "2005-12-31": "94.81400"}, "Shares Outstanding": {"2020-12-31": "72.92900", "2019-12-31": "77.71000", "2018-12-31": "83.53000", "2017-12-31": "85.56200", "2016-12-31": "87.77500", "2015-12-31": "96.37900", "2014-12-31": "104.95600", "2013-12-31": "106.29100", "2012-12-31": "94.84800", "2011-12-31": "73.34900", "2010-12-31": "60.45500", "2009-12-31": "60.10000", "2008-12-31": "74.73400", "2007-12-31": "113.72200", "2006-12-31": "113.79300", "2005-12-31": "110.03600"}, "Basic EPS": {"2020-12-31": "12.24000", "2019-12-31": "15.18000", "2018-12-31": "13.26000", "2017-12-31": "15.91000", "2016-12-31": "6.49000", "2015-12-31": "6.14000", "2014-12-31": "5.54000", "2013-12-31": "4.14000", "2012-12-31": "0.91000", "2011-12-31": "1.62000", "2010-12-31": "-0.44000", "2009-12-31": "-1.02000", "2008-12-31": "-12.62000", "2007-12-31": "3.60000", "2006-12-31": "2.32000", "2005-12-31": "1.97000"}, "EPS - Earnings Per Share": {"2020-12-31": "12.20000", "2019-12-31": "15.11000", "2018-12-31": "13.12000", "2017-12-31": "15.73000", "2016-12-31": "6.45000", "2015-12-31": "6.07000", "2014-12-31": "5.15000", "2013-12-31": "3.64000", "2012-12-31": "0.79000", "2011-12-31": "1.38000", "2010-12-31": "-0.44000", "2009-12-31": "-1.02000", "2008-12-31": "-12.62000", "2007-12-31": "3.25000", "2006-12-31": "2.06000", "2005-12-31": "1.80000"}}, "income statement, quarterly": {"Revenue": {"2020-12-31": "2279.00000", "2020-09-30": "2187.00000", "2020-06-30": "1939.00000", "2020-03-31": "2125.00000", "2019-12-31": "2456.00000", "2019-09-30": "2488.00000", "2019-06-30": "2290.00000", "2019-03-31": "2117.00000", "2018-12-31": "2306.00000", "2018-09-30": "2116.00000", "2018-06-30": "1891.00000", "2018-03-31": "1734.00000", "2017-12-31": "1922.00000", "2017-09-30": "1766.00000", "2017-06-30": "1597.00000", "2017-03-31": "1356.00000", "2016-12-31": "1523.00000", "2016-09-30": "1508.00000", "2016-06-30": "1421.00000", "2016-03-31": "1310.00000", "2015-12-31": "1523.00000", "2015-09-30": "1550.00000", "2015-06-30": "1429.00000", "2015-03-31": "1315.00000", "2014-12-31": "1564.00000", "2014-09-30": "1544.00000", "2014-06-30": "1399.00000", "2014-03-31": "1178.00000", "2013-12-31": "1338.00000", "2013-09-30": "1311.00000", "2013-06-30": "1206.00000", "2013-03-31": "1100.00000", "2012-12-31": "1249.00000", "2012-09-30": "1219.00000", "2012-06-30": "993.00000", "2012-03-31": "656.00000", "2011-12-31": "746.00000", "2011-09-30": "713.00000", "2011-06-30": "629.00000", "2011-03-31": "523.00000", "2010-12-31": "597.00000", "2010-09-30": "605.00000", "2010-06-30": "557.00000", "2010-03-31": "478.00000", "2009-12-31": "557.00000", "2009-09-30": "592.00000", "2009-06-30": "615.00000", "2009-03-31": "594.00000", "2008-12-31": "791.00000", "2008-09-30": "873.00000", "2008-06-30": "831.00000", "2008-03-31": "772.00000", "2007-12-31": "925.00000", "2007-09-30": "990.00000", "2007-06-30": "962.00000", "2007-03-31": "838.00000", "2006-12-31": "926.00000", "2006-09-30": "983.00000", "2006-06-30": "919.00000", "2006-03-31": "799.00000", "2005-12-31": "689.00000", "2005-09-30": "979.00000", "2005-06-30": "888.00000", "2005-03-31": "732.00000"}, "Cost Of Goods Sold": {"2020-12-31": "1410.00000", "2020-09-30": "1301.00000", "2020-06-30": "1238.00000", "2020-03-31": "1398.00000", "2019-12-31": "1491.00000", "2019-09-30": "1455.00000", "2019-06-30": "1379.00000", "2019-03-31": "1356.00000", "2018-12-31": "1308.00000", "2018-09-30": "1178.00000", "2018-06-30": "1109.00000", "2018-03-31": "1088.00000", "2017-12-31": "1095.00000", "2017-09-30": "993.00000", "2017-06-30": "942.00000", "2017-03-31": "842.00000", "2016-12-31": "866.00000", "2016-09-30": "852.00000", "2016-06-30": "831.00000", "2016-03-31": "810.00000", "2015-12-31": "875.00000", "2015-09-30": "860.00000", "2015-06-30": "811.00000", "2015-03-31": "791.00000", "2014-12-31": "857.00000", "2014-09-30": "856.00000", "2014-06-30": "810.00000", "2014-03-31": "730.00000", "2013-12-31": "771.00000", "2013-09-30": "747.00000", "2013-06-30": "735.00000", "2013-03-31": "715.00000", "2012-12-31": "754.00000", "2012-09-30": "714.00000", "2012-06-30": "619.00000", "2012-03-31": "443.00000", "2011-12-31": "471.00000", "2011-09-30": "439.00000", "2011-06-30": "418.00000", "2011-03-31": "385.00000", "2010-12-31": "422.00000", "2010-09-30": "396.00000", "2010-06-30": "386.00000", "2010-03-31": "375.00000", "2009-12-31": "412.00000", "2009-09-30": "412.00000", "2009-06-30": "474.00000", "2009-03-31": "450.00000", "2008-12-31": "544.00000", "2008-09-30": "537.00000", "2008-06-30": "545.00000", "2008-03-31": "523.00000", "2007-12-31": "584.00000", "2007-09-30": "611.00000", "2007-06-30": "630.00000", "2007-03-31": "580.00000", "2006-12-31": "576.00000", "2006-09-30": "612.00000", "2006-06-30": "598.00000", "2006-03-31": "549.00000", "2005-12-31": "404.00000", "2005-09-30": "634.00000", "2005-06-30": "605.00000", "2005-03-31": "530.00000"}, "Gross Profit": {"2020-12-31": "869.00000", "2020-09-30": "886.00000", "2020-06-30": "701.00000", "2020-03-31": "727.00000", "2019-12-31": "965.00000", "2019-09-30": "1033.00000", "2019-06-30": "911.00000", "2019-03-31": "761.00000", "2018-12-31": "998.00000", "2018-09-30": "938.00000", "2018-06-30": "782.00000", "2018-03-31": "646.00000", "2017-12-31": "827.00000", "2017-09-30": "773.00000", "2017-06-30": "655.00000", "2017-03-31": "514.00000", "2016-12-31": "657.00000", "2016-09-30": "656.00000", "2016-06-30": "590.00000", "2016-03-31": "500.00000", "2015-12-31": "648.00000", "2015-09-30": "690.00000", "2015-06-30": "618.00000", "2015-03-31": "524.00000", "2014-12-31": "707.00000", "2014-09-30": "688.00000", "2014-06-30": "589.00000", "2014-03-31": "448.00000", "2013-12-31": "567.00000", "2013-09-30": "564.00000", "2013-06-30": "471.00000", "2013-03-31": "385.00000", "2012-12-31": "495.00000", "2012-09-30": "505.00000", "2012-06-30": "374.00000", "2012-03-31": "213.00000", "2011-12-31": "275.00000", "2011-09-30": "274.00000", "2011-06-30": "211.00000", "2011-03-31": "138.00000", "2010-12-31": "175.00000", "2010-09-30": "209.00000", "2010-06-30": "171.00000", "2010-03-31": "103.00000", "2009-12-31": "145.00000", "2009-09-30": "180.00000", "2009-06-30": "141.00000", "2009-03-31": "144.00000", "2008-12-31": "247.00000", "2008-09-30": "336.00000", "2008-06-30": "286.00000", "2008-03-31": "249.00000", "2007-12-31": "341.00000", "2007-09-30": "379.00000", "2007-06-30": "332.00000", "2007-03-31": "258.00000", "2006-12-31": "350.00000", "2006-09-30": "371.00000", "2006-06-30": "321.00000", "2006-03-31": "250.00000", "2005-12-31": "285.00000", "2005-09-30": "345.00000", "2005-06-30": "283.00000", "2005-03-31": "202.00000"}, "Research And Development Expenses": {"2020-12-31": "", "2020-09-30": "", "2020-06-30": "", "2020-03-31": "", "2019-12-31": "", "2019-09-30": "", "2019-06-30": "", "2019-03-31": "", "2018-12-31": "", "2018-09-30": "", "2018-06-30": "", "2018-03-31": "", "2017-12-31": "", "2017-09-30": "", "2017-06-30": "", "2017-03-31": "", "2016-12-31": "", "2016-09-30": "", "2016-06-30": "", "2016-03-31": "", "2015-12-31": "", "2015-09-30": "", "2015-06-30": "", "2015-03-31": "", "2014-12-31": "", "2014-09-30": "", "2014-06-30": "", "2014-03-31": "", "2013-12-31": "", "2013-09-30": "", "2013-06-30": "", "2013-03-31": "", "2012-12-31": "", "2012-09-30": "", "2012-06-30": "", "2012-03-31": "", "2011-12-31": "", "2011-09-30": "", "2011-06-30": "", "2011-03-31": "", "2010-12-31": "", "2010-09-30": "", "2010-06-30": "", "2010-03-31": "", "2009-12-31": "", "2009-09-30": "", "2009-06-30": "", "2009-03-31": "", "2008-12-31": "", "2008-09-30": "", "2008-06-30": "", "2008-03-31": "", "2007-12-31": "", "2007-09-30": "", "2007-06-30": "", "2007-03-31": "", "2006-12-31": "", "2006-09-30": "", "2006-06-30": "", "2006-03-31": "", "2005-12-31": "", "2005-09-30": "", "2005-06-30": "", "2005-03-31": ""}, "SG&A Expenses": {"2020-12-31": "258.00000", "2020-09-30": "232.00000", "2020-06-30": "222.00000", "2020-03-31": "267.00000", "2019-12-31": "268.00000", "2019-09-30": "273.00000", "2019-06-30": "271.00000", "2019-03-31": "280.00000", "2018-12-31": "302.00000", "2018-09-30": "265.00000", "2018-06-30": "239.00000", "2018-03-31": "232.00000", "2017-12-31": "255.00000", "2017-09-30": "237.00000", "2017-06-30": "218.00000", "2017-03-31": "193.00000", "2016-12-31": "186.00000", "2016-09-30": "179.00000", "2016-06-30": "177.00000", "2016-03-31": "177.00000", "2015-12-31": "180.00000", "2015-09-30": "178.00000", "2015-06-30": "175.00000", "2015-03-31": "181.00000", "2014-12-31": "209.00000", "2014-09-30": "194.00000", "2014-06-30": "187.00000", "2014-03-31": "168.00000", "2013-12-31": "163.00000", "2013-09-30": "167.00000", "2013-06-30": "152.00000", "2013-03-31": "160.00000", "2012-12-31": "176.00000", "2012-09-30": "164.00000", "2012-06-30": "146.00000", "2012-03-31": "102.00000", "2011-12-31": "109.00000", "2011-09-30": "103.00000", "2011-06-30": "100.00000", "2011-03-31": "95.00000", "2010-12-31": "96.00000", "2010-09-30": "95.00000", "2010-06-30": "90.00000", "2010-03-31": "86.00000", "2009-12-31": "100.00000", "2009-09-30": "99.00000", "2009-06-30": "101.00000", "2009-03-31": "108.00000", "2008-12-31": "120.00000", "2008-09-30": "132.00000", "2008-06-30": "128.00000", "2008-03-31": "129.00000", "2007-12-31": "154.00000", "2007-09-30": "150.00000", "2007-06-30": "147.00000", "2007-03-31": "147.00000", "2006-12-31": "164.00000", "2006-09-30": "156.00000", "2006-06-30": "151.00000", "2006-03-31": "146.00000", "2005-12-31": "133.00000", "2005-09-30": "162.00000", "2005-06-30": "136.00000", "2005-03-31": "122.00000"}, "Other Operating Income Or Expenses": {"2020-12-31": "", "2020-09-30": "", "2020-06-30": "", "2020-03-31": "", "2019-12-31": "", "2019-09-30": "", "2019-06-30": "", "2019-03-31": "", "2018-12-31": "", "2018-09-30": "", "2018-06-30": "", "2018-03-31": "", "2017-12-31": "", "2017-09-30": "", "2017-06-30": "", "2017-03-31": "", "2016-12-31": "", "2016-09-30": "", "2016-06-30": "", "2016-03-31": "", "2015-12-31": "", "2015-09-30": "", "2015-06-30": "", "2015-03-31": "", "2014-12-31": "", "2014-09-30": "", "2014-06-30": "", "2014-03-31": "", "2013-12-31": "", "2013-09-30": "", "2013-06-30": "0.00000", "2013-03-31": "", "2012-12-31": "", "2012-09-30": "", "2012-06-30": "", "2012-03-31": "", "2011-12-31": "", "2011-09-30": "", "2011-06-30": "", "2011-03-31": "", "2010-12-31": "", "2010-09-30": "", "2010-06-30": "", "2010-03-31": "", "2009-12-31": "", "2009-09-30": "", "2009-06-30": "", "2009-03-31": "", "2008-12-31": "", "2008-09-30": "", "2008-06-30": "-14.00000", "2008-03-31": "", "2007-12-31": "", "2007-09-30": "", "2007-06-30": "", "2007-03-31": "", "2006-12-31": "", "2006-09-30": "", "2006-06-30": "", "2006-03-31": "", "2005-12-31": "", "2005-09-30": "", "2005-06-30": "", "2005-03-31": ""}, "Operating Expenses": {"2020-12-31": "1769.00000", "2020-09-30": "1636.00000", "2020-06-30": "1558.00000", "2020-03-31": "1767.00000", "2019-12-31": "1857.00000", "2019-09-30": "1832.00000", "2019-06-30": "1761.00000", "2019-03-31": "1749.00000", "2018-12-31": "1743.00000", "2018-09-30": "1538.00000", "2018-06-30": "1421.00000", "2018-03-31": "1394.00000", "2017-12-31": "1460.00000", "2017-09-30": "1318.00000", "2017-06-30": "1257.00000", "2017-03-31": "1099.00000", "2016-12-31": "1121.00000", "2016-09-30": "1096.00000", "2016-06-30": "1074.00000", "2016-03-31": "1056.00000", "2015-12-31": "1126.00000", "2015-09-30": "1104.00000", "2015-06-30": "1054.00000", "2015-03-31": "1015.00000", "2014-12-31": "1138.00000", "2014-09-30": "1122.00000", "2014-06-30": "1074.00000", "2014-03-31": "960.00000", "2013-12-31": "996.00000", "2013-09-30": "974.00000", "2013-06-30": "956.00000", "2013-03-31": "951.00000", "2012-12-31": "1013.00000", "2012-09-30": "997.00000", "2012-06-30": "947.00000", "2012-03-31": "569.00000", "2011-12-31": "631.00000", "2011-09-30": "557.00000", "2011-06-30": "534.00000", "2011-03-31": "493.00000", "2010-12-31": "550.00000", "2010-09-30": "512.00000", "2010-06-30": "498.00000", "2010-03-31": "480.00000", "2009-12-31": "533.00000", "2009-09-30": "525.00000", "2009-06-30": "610.00000", "2009-03-31": "576.00000", "2008-12-31": "1839.00000", "2008-09-30": "685.00000", "2008-06-30": "703.00000", "2008-03-31": "670.00000", "2007-12-31": "754.00000", "2007-09-30": "774.00000", "2007-06-30": "790.00000", "2007-03-31": "739.00000", "2006-12-31": "753.00000", "2006-09-30": "778.00000", "2006-06-30": "766.00000", "2006-03-31": "705.00000", "2005-12-31": "536.00000", "2005-09-30": "806.00000", "2005-06-30": "756.00000", "2005-03-31": "666.00000"}, "Operating Income": {"2020-12-31": "510.00000", "2020-09-30": "551.00000", "2020-06-30": "381.00000", "2020-03-31": "358.00000", "2019-12-31": "599.00000", "2019-09-30": "656.00000", "2019-06-30": "529.00000", "2019-03-31": "368.00000", "2018-12-31": "563.00000", "2018-09-30": "578.00000", "2018-06-30": "470.00000", "2018-03-31": "340.00000", "2017-12-31": "462.00000", "2017-09-30": "448.00000", "2017-06-30": "340.00000", "2017-03-31": "257.00000", "2016-12-31": "402.00000", "2016-09-30": "412.00000", "2016-06-30": "347.00000", "2016-03-31": "254.00000", "2015-12-31": "397.00000", "2015-09-30": "446.00000", "2015-06-30": "375.00000", "2015-03-31": "300.00000", "2014-12-31": "426.00000", "2014-09-30": "422.00000", "2014-06-30": "325.00000", "2014-03-31": "218.00000", "2013-12-31": "342.00000", "2013-09-30": "337.00000", "2013-06-30": "250.00000", "2013-03-31": "149.00000", "2012-12-31": "236.00000", "2012-09-30": "222.00000", "2012-06-30": "46.00000", "2012-03-31": "87.00000", "2011-12-31": "115.00000", "2011-09-30": "156.00000", "2011-06-30": "95.00000", "2011-03-31": "30.00000", "2010-12-31": "47.00000", "2010-09-30": "93.00000", "2010-06-30": "59.00000", "2010-03-31": "-2.00000", "2009-12-31": "24.00000", "2009-09-30": "67.00000", "2009-06-30": "5.00000", "2009-03-31": "18.00000", "2008-12-31": "-1048.00000", "2008-09-30": "188.00000", "2008-06-30": "128.00000", "2008-03-31": "102.00000", "2007-12-31": "171.00000", "2007-09-30": "216.00000", "2007-06-30": "172.00000", "2007-03-31": "99.00000", "2006-12-31": "173.00000", "2006-09-30": "205.00000", "2006-06-30": "153.00000", "2006-03-31": "94.00000", "2005-12-31": "153.00000", "2005-09-30": "173.00000", "2005-06-30": "132.00000", "2005-03-31": "66.00000"}, "Total Non-Operating Income/Expense": {"2020-12-31": "-123.00000", "2020-09-30": "-276.00000", "2020-06-30": "-130.00000", "2020-03-31": "-132.00000", "2019-12-31": "-166.00000", "2019-09-30": "-146.00000", "2019-06-30": "-178.00000", "2019-03-31": "-148.00000", "2018-12-31": "-138.00000", "2018-09-30": "-118.00000", "2018-06-30": "-111.00000", "2018-03-31": "-108.00000", "2017-12-31": "-126.00000", "2017-09-30": "-126.00000", "2017-06-30": "-111.00000", "2017-03-31": "-96.00000", "2016-12-31": "-160.00000", "2016-09-30": "-109.00000", "2016-06-30": "-130.00000", "2016-03-31": "-107.00000", "2015-12-31": "-105.00000", "2015-09-30": "-106.00000", "2015-06-30": "-226.00000", "2015-03-31": "-118.00000", "2014-12-31": "-115.00000", "2014-09-30": "-119.00000", "2014-06-30": "-183.00000", "2014-03-31": "-124.00000", "2013-12-31": "-116.00000", "2013-09-30": "-119.00000", "2013-06-30": "-119.00000", "2013-03-31": "-119.00000", "2012-12-31": "-197.00000", "2012-09-30": "-128.00000", "2012-06-30": "-110.00000", "2012-03-31": "-68.00000", "2011-12-31": "-59.00000", "2011-09-30": "-60.00000", "2011-06-30": "-56.00000", "2011-03-31": "-57.00000", "2010-12-31": "-87.00000", "2010-09-30": "-55.00000", "2010-06-30": "-56.00000", "2010-03-31": "-62.00000", "2009-12-31": "-73.00000", "2009-09-30": "-63.00000", "2009-06-30": "-34.00000", "2009-03-31": "-51.00000", "2008-12-31": "-17.00000", "2008-09-30": "-71.00000", "2008-06-30": "-52.00000", "2008-03-31": "-43.00000", "2007-12-31": "69.00000", "2007-09-30": "-44.00000", "2007-06-30": "-56.00000", "2007-03-31": "-49.00000", "2006-12-31": "-52.00000", "2006-09-30": "-61.00000", "2006-06-30": "-53.00000", "2006-03-31": "-54.00000", "2005-12-31": "-49.00000", "2005-09-30": "-47.00000", "2005-06-30": "-50.00000", "2005-03-31": "-47.00000"}, "Pre-Tax Income": {"2020-12-31": "387.00000", "2020-09-30": "275.00000", "2020-06-30": "251.00000", "2020-03-31": "226.00000", "2019-12-31": "433.00000", "2019-09-30": "510.00000", "2019-06-30": "351.00000", "2019-03-31": "220.00000", "2018-12-31": "425.00000", "2018-09-30": "460.00000", "2018-06-30": "359.00000", "2018-03-31": "232.00000", "2017-12-31": "336.00000", "2017-09-30": "322.00000", "2017-06-30": "229.00000", "2017-03-31": "161.00000", "2016-12-31": "242.00000", "2016-09-30": "303.00000", "2016-06-30": "217.00000", "2016-03-31": "147.00000", "2015-12-31": "292.00000", "2015-09-30": "340.00000", "2015-06-30": "149.00000", "2015-03-31": "182.00000", "2014-12-31": "311.00000", "2014-09-30": "303.00000", "2014-06-30": "142.00000", "2014-03-31": "94.00000", "2013-12-31": "226.00000", "2013-09-30": "218.00000", "2013-06-30": "131.00000", "2013-03-31": "30.00000", "2012-12-31": "39.00000", "2012-09-30": "94.00000", "2012-06-30": "-64.00000", "2012-03-31": "19.00000", "2011-12-31": "56.00000", "2011-09-30": "96.00000", "2011-06-30": "39.00000", "2011-03-31": "-27.00000", "2010-12-31": "-40.00000", "2010-09-30": "38.00000", "2010-06-30": "3.00000", "2010-03-31": "-64.00000", "2009-12-31": "-49.00000", "2009-09-30": "4.00000", "2009-06-30": "-29.00000", "2009-03-31": "-33.00000", "2008-12-31": "-1065.00000", "2008-09-30": "117.00000", "2008-06-30": "76.00000", "2008-03-31": "59.00000", "2007-12-31": "240.00000", "2007-09-30": "172.00000", "2007-06-30": "116.00000", "2007-03-31": "50.00000", "2006-12-31": "121.00000", "2006-09-30": "144.00000", "2006-06-30": "100.00000", "2006-03-31": "40.00000", "2005-12-31": "104.00000", "2005-09-30": "126.00000", "2005-06-30": "82.00000", "2005-03-31": "19.00000"}, "Income Taxes": {"2020-12-31": "90.00000", "2020-09-30": "67.00000", "2020-06-30": "39.00000", "2020-03-31": "53.00000", "2019-12-31": "95.00000", "2019-09-30": "119.00000", "2019-06-30": "81.00000", "2019-03-31": "45.00000", "2018-12-31": "115.00000", "2018-09-30": "127.00000", "2018-06-30": "89.00000", "2018-03-31": "49.00000", "2017-12-31": "-561.00000", "2017-09-30": "123.00000", "2017-06-30": "88.00000", "2017-03-31": "52.00000", "2016-12-31": "89.00000", "2016-09-30": "116.00000", "2016-06-30": "83.00000", "2016-03-31": "55.00000", "2015-12-31": "123.00000", "2015-09-30": "125.00000", "2015-06-30": "63.00000", "2015-03-31": "67.00000", "2014-12-31": "117.00000", "2014-09-30": "111.00000", "2014-06-30": "48.00000", "2014-03-31": "34.00000", "2013-12-31": "86.00000", "2013-09-30": "75.00000", "2013-06-30": "48.00000", "2013-03-31": "9.00000", "2012-12-31": "-2.00000", "2012-09-30": "21.00000", "2012-06-30": "-12.00000", "2012-03-31": "6.00000", "2011-12-31": "28.00000", "2011-09-30": "31.00000", "2011-06-30": "11.00000", "2011-03-31": "-7.00000", "2010-12-31": "-23.00000", "2010-09-30": "15.00000", "2010-06-30": "-9.00000", "2010-03-31": "-24.00000", "2009-12-31": "-25.00000", "2009-09-30": "4.00000", "2009-06-30": "-12.00000", "2009-03-31": "-14.00000", "2008-12-31": "-212.00000", "2008-09-30": "43.00000", "2008-06-30": "39.00000", "2008-03-31": "21.00000", "2007-12-31": "87.00000", "2007-09-30": "61.00000", "2007-06-30": "49.00000", "2007-03-31": "18.00000", "2006-12-31": "44.00000", "2006-09-30": "56.00000", "2006-06-30": "41.00000", "2006-03-31": "15.00000", "2005-12-31": "40.00000", "2005-09-30": "50.00000", "2005-06-30": "32.00000", "2005-03-31": "7.00000"}, "Income After Taxes": {"2020-12-31": "297.00000", "2020-09-30": "208.00000", "2020-06-30": "212.00000", "2020-03-31": "173.00000", "2019-12-31": "338.00000", "2019-09-30": "391.00000", "2019-06-30": "270.00000", "2019-03-31": "175.00000", "2018-12-31": "310.00000", "2018-09-30": "333.00000", "2018-06-30": "270.00000", "2018-03-31": "183.00000", "2017-12-31": "897.00000", "2017-09-30": "199.00000", "2017-06-30": "141.00000", "2017-03-31": "109.00000", "2016-12-31": "153.00000", "2016-09-30": "187.00000", "2016-06-30": "134.00000", "2016-03-31": "92.00000", "2015-12-31": "169.00000", "2015-09-30": "215.00000", "2015-06-30": "86.00000", "2015-03-31": "115.00000", "2014-12-31": "194.00000", "2014-09-30": "192.00000", "2014-06-30": "94.00000", "2014-03-31": "60.00000", "2013-12-31": "140.00000", "2013-09-30": "143.00000", "2013-06-30": "83.00000", "2013-03-31": "21.00000", "2012-12-31": "41.00000", "2012-09-30": "73.00000", "2012-06-30": "-52.00000", "2012-03-31": "13.00000", "2011-12-31": "28.00000", "2011-09-30": "65.00000", "2011-06-30": "28.00000", "2011-03-31": "-20.00000", "2010-12-31": "-17.00000", "2010-09-30": "23.00000", "2010-06-30": "12.00000", "2010-03-31": "-40.00000", "2009-12-31": "-24.00000", "2009-09-30": "", "2009-06-30": "-17.00000", "2009-03-31": "-19.00000", "2008-12-31": "-853.00000", "2008-09-30": "74.00000", "2008-06-30": "37.00000", "2008-03-31": "38.00000", "2007-12-31": "153.00000", "2007-09-30": "111.00000", "2007-06-30": "67.00000", "2007-03-31": "32.00000", "2006-12-31": "77.00000", "2006-09-30": "88.00000", "2006-06-30": "59.00000", "2006-03-31": "25.00000", "2005-12-31": "64.00000", "2005-09-30": "76.00000", "2005-06-30": "50.00000", "2005-03-31": "12.00000"}, "Other Income": {"2020-12-31": "", "2020-09-30": "", "2020-06-30": "", "2020-03-31": "", "2019-12-31": "", "2019-09-30": "", "2019-06-30": "", "2019-03-31": "", "2018-12-31": "", "2018-09-30": "", "2018-06-30": "", "2018-03-31": "", "2017-12-31": "", "2017-09-30": "", "2017-06-30": "", "2017-03-31": "", "2016-12-31": "", "2016-09-30": "", "2016-06-30": "", "2016-03-31": "", "2015-12-31": "", "2015-09-30": "", "2015-06-30": "", "2015-03-31": "", "2014-12-31": "", "2014-09-30": "", "2014-06-30": "", "2014-03-31": "", "2013-12-31": "", "2013-09-30": "", "2013-06-30": "", "2013-03-31": "", "2012-12-31": "", "2012-09-30": "", "2012-06-30": "", "2012-03-31": "", "2011-12-31": "", "2011-09-30": "", "2011-06-30": "", "2011-03-31": "", "2010-12-31": "", "2010-09-30": "", "2010-06-30": "", "2010-03-31": "", "2009-12-31": "", "2009-09-30": "", "2009-06-30": "", "2009-03-31": "", "2008-12-31": "", "2008-09-30": "", "2008-06-30": "", "2008-03-31": "", "2007-12-31": "", "2007-09-30": "", "2007-06-30": "", "2007-03-31": "", "2006-12-31": "", "2006-09-30": "", "2006-06-30": "", "2006-03-31": "", "2005-12-31": "", "2005-09-30": "", "2005-06-30": "", "2005-03-31": ""}, "Income From Continuous Operations": {"2020-12-31": "297.00000", "2020-09-30": "208.00000", "2020-06-30": "212.00000", "2020-03-31": "173.00000", "2019-12-31": "338.00000", "2019-09-30": "391.00000", "2019-06-30": "270.00000", "2019-03-31": "175.00000", "2018-12-31": "310.00000", "2018-09-30": "333.00000", "2018-06-30": "270.00000", "2018-03-31": "183.00000", "2017-12-31": "897.00000", "2017-09-30": "199.00000", "2017-06-30": "141.00000", "2017-03-31": "109.00000", "2016-12-31": "153.00000", "2016-09-30": "187.00000", "2016-06-30": "134.00000", "2016-03-31": "92.00000", "2015-12-31": "169.00000", "2015-09-30": "215.00000", "2015-06-30": "86.00000", "2015-03-31": "115.00000", "2014-12-31": "194.00000", "2014-09-30": "192.00000", "2014-06-30": "94.00000", "2014-03-31": "60.00000", "2013-12-31": "140.00000", "2013-09-30": "143.00000", "2013-06-30": "83.00000", "2013-03-31": "21.00000", "2012-12-31": "41.00000", "2012-09-30": "73.00000", "2012-06-30": "-52.00000", "2012-03-31": "13.00000", "2011-12-31": "28.00000", "2011-09-30": "65.00000", "2011-06-30": "28.00000", "2011-03-31": "-20.00000", "2010-12-31": "-17.00000", "2010-09-30": "23.00000", "2010-06-30": "12.00000", "2010-03-31": "-40.00000", "2009-12-31": "-24.00000", "2009-09-30": "", "2009-06-30": "-17.00000", "2009-03-31": "-19.00000", "2008-12-31": "-853.00000", "2008-09-30": "74.00000", "2008-06-30": "37.00000", "2008-03-31": "38.00000", "2007-12-31": "153.00000", "2007-09-30": "111.00000", "2007-06-30": "67.00000", "2007-03-31": "32.00000", "2006-12-31": "77.00000", "2006-09-30": "88.00000", "2006-06-30": "59.00000", "2006-03-31": "25.00000", "2005-12-31": "64.00000", "2005-09-30": "76.00000", "2005-06-30": "50.00000", "2005-03-31": "12.00000"}, "Income From Discontinued Operations": {"2020-12-31": "", "2020-09-30": "", "2020-06-30": "", "2020-03-31": "", "2019-12-31": "", "2019-09-30": "", "2019-06-30": "", "2019-03-31": "", "2018-12-31": "", "2018-09-30": "", "2018-06-30": "", "2018-03-31": "", "2017-12-31": "", "2017-09-30": "", "2017-06-30": "", "2017-03-31": "", "2016-12-31": "", "2016-09-30": "", "2016-06-30": "", "2016-03-31": "", "2015-12-31": "", "2015-09-30": "", "2015-06-30": "", "2015-03-31": "", "2014-12-31": "", "2014-09-30": "", "2014-06-30": "", "2014-03-31": "", "2013-12-31": "", "2013-09-30": "", "2013-06-30": "", "2013-03-31": "", "2012-12-31": "", "2012-09-30": "", "2012-06-30": "", "2012-03-31": "", "2011-12-31": "", "2011-09-30": "", "2011-06-30": "-1.00000", "2011-03-31": "", "2010-12-31": "", "2010-09-30": "", "2010-06-30": "0.00000", "2010-03-31": "", "2009-12-31": "", "2009-09-30": "", "2009-06-30": "", "2009-03-31": "", "2008-12-31": "", "2008-09-30": "", "2008-06-30": "", "2008-03-31": "", "2007-12-31": "", "2007-09-30": "1.00000", "2007-06-30": "", "2007-03-31": "-2.00000", "2006-12-31": "-24.00000", "2006-09-30": "7.00000", "2006-06-30": "-3.00000", "2006-03-31": "-5.00000", "2005-12-31": "", "2005-09-30": "", "2005-06-30": "", "2005-03-31": ""}, "Net Income": {"2020-12-31": "297.00000", "2020-09-30": "208.00000", "2020-06-30": "212.00000", "2020-03-31": "173.00000", "2019-12-31": "338.00000", "2019-09-30": "391.00000", "2019-06-30": "270.00000", "2019-03-31": "175.00000", "2018-12-31": "310.00000", "2018-09-30": "333.00000", "2018-06-30": "270.00000", "2018-03-31": "183.00000", "2017-12-31": "897.00000", "2017-09-30": "199.00000", "2017-06-30": "141.00000", "2017-03-31": "109.00000", "2016-12-31": "153.00000", "2016-09-30": "187.00000", "2016-06-30": "134.00000", "2016-03-31": "92.00000", "2015-12-31": "169.00000", "2015-09-30": "215.00000", "2015-06-30": "86.00000", "2015-03-31": "115.00000", "2014-12-31": "194.00000", "2014-09-30": "192.00000", "2014-06-30": "94.00000", "2014-03-31": "60.00000", "2013-12-31": "140.00000", "2013-09-30": "143.00000", "2013-06-30": "83.00000", "2013-03-31": "21.00000", "2012-12-31": "41.00000", "2012-09-30": "73.00000", "2012-06-30": "-52.00000", "2012-03-31": "13.00000", "2011-12-31": "29.00000", "2011-09-30": "65.00000", "2011-06-30": "27.00000", "2011-03-31": "-20.00000", "2010-12-31": "-21.00000", "2010-09-30": "23.00000", "2010-06-30": "12.00000", "2010-03-31": "-40.00000", "2009-12-31": "-26.00000", "2009-09-30": "", "2009-06-30": "-17.00000", "2009-03-31": "-19.00000", "2008-12-31": "-855.00000", "2008-09-30": "76.00000", "2008-06-30": "-202.00000", "2008-03-31": "38.00000", "2007-12-31": "156.00000", "2007-09-30": "113.00000", "2007-06-30": "69.00000", "2007-03-31": "31.00000", "2006-12-31": "61.00000", "2006-09-30": "97.00000", "2006-06-30": "56.00000", "2006-03-31": "20.00000", "2005-12-31": "60.00000", "2005-09-30": "76.00000", "2005-06-30": "50.00000", "2005-03-31": "12.00000"}, "EBITDA": {"2020-12-31": "993.00000", "2020-09-30": "1047.00000", "2020-06-30": "874.00000", "2020-03-31": "888.00000", "2019-12-31": "1119.00000", "2019-09-30": "1178.00000", "2019-06-30": "1037.00000", "2019-03-31": "871.00000", "2018-12-31": "1036.00000", "2018-09-30": "999.00000", "2018-06-30": "863.00000", "2018-03-31": "736.00000", "2017-12-31": "855.00000", "2017-09-30": "803.00000", "2017-06-30": "672.00000", "2017-03-31": "569.00000", "2016-12-31": "722.00000", "2016-09-30": "726.00000", "2016-06-30": "655.00000", "2016-03-31": "566.00000", "2015-12-31": "717.00000", "2015-09-30": "764.00000", "2015-06-30": "684.00000", "2015-03-31": "607.00000", "2014-12-31": "741.00000", "2014-09-30": "732.00000", "2014-06-30": "629.00000", "2014-03-31": "500.00000", "2013-12-31": "631.00000", "2013-09-30": "620.00000", "2013-06-30": "525.00000", "2013-03-31": "421.00000", "2012-12-31": "514.00000", "2012-09-30": "502.00000", "2012-06-30": "274.00000", "2012-03-31": "221.00000", "2011-12-31": "249.00000", "2011-09-30": "285.00000", "2011-06-30": "218.00000", "2011-03-31": "146.00000", "2010-12-31": "170.00000", "2010-09-30": "211.00000", "2010-06-30": "175.00000", "2010-03-31": "113.00000", "2009-12-31": "144.00000", "2009-09-30": "185.00000", "2009-06-30": "134.00000", "2009-03-31": "142.00000", "2008-12-31": "239.00000", "2008-09-30": "321.00000", "2008-06-30": "259.00000", "2008-03-31": "227.00000", "2007-12-31": "305.00000", "2007-09-30": "342.00000", "2007-06-30": "295.00000", "2007-03-31": "216.00000", "2006-12-31": "290.00000", "2006-09-30": "331.00000", "2006-06-30": "276.00000", "2006-03-31": "205.00000", "2005-12-31": "243.00000", "2005-09-30": "289.00000", "2005-06-30": "247.00000", "2005-03-31": "177.00000"}, "EBIT": {"2020-12-31": "510.00000", "2020-09-30": "551.00000", "2020-06-30": "381.00000", "2020-03-31": "358.00000", "2019-12-31": "599.00000", "2019-09-30": "656.00000", "2019-06-30": "529.00000", "2019-03-31": "368.00000", "2018-12-31": "563.00000", "2018-09-30": "578.00000", "2018-06-30": "470.00000", "2018-03-31": "340.00000", "2017-12-31": "462.00000", "2017-09-30": "448.00000", "2017-06-30": "340.00000", "2017-03-31": "257.00000", "2016-12-31": "402.00000", "2016-09-30": "412.00000", "2016-06-30": "347.00000", "2016-03-31": "254.00000", "2015-12-31": "397.00000", "2015-09-30": "446.00000", "2015-06-30": "375.00000", "2015-03-31": "300.00000", "2014-12-31": "426.00000", "2014-09-30": "422.00000", "2014-06-30": "325.00000", "2014-03-31": "218.00000", "2013-12-31": "342.00000", "2013-09-30": "337.00000", "2013-06-30": "250.00000", "2013-03-31": "149.00000", "2012-12-31": "236.00000", "2012-09-30": "222.00000", "2012-06-30": "46.00000", "2012-03-31": "87.00000", "2011-12-31": "115.00000", "2011-09-30": "156.00000", "2011-06-30": "95.00000", "2011-03-31": "30.00000", "2010-12-31": "47.00000", "2010-09-30": "93.00000", "2010-06-30": "59.00000", "2010-03-31": "-2.00000", "2009-12-31": "24.00000", "2009-09-30": "67.00000", "2009-06-30": "5.00000", "2009-03-31": "18.00000", "2008-12-31": "-1048.00000", "2008-09-30": "188.00000", "2008-06-30": "128.00000", "2008-03-31": "102.00000", "2007-12-31": "171.00000", "2007-09-30": "216.00000", "2007-06-30": "172.00000", "2007-03-31": "99.00000", "2006-12-31": "173.00000", "2006-09-30": "205.00000", "2006-06-30": "153.00000", "2006-03-31": "94.00000", "2005-12-31": "153.00000", "2005-09-30": "173.00000", "2005-06-30": "132.00000", "2005-03-31": "66.00000"}, "Basic Shares Outstanding": {"2020-12-31": "72.65800", "2020-09-30": "72.19000", "2020-06-30": "72.16100", "2020-03-31": "74.04100", "2019-12-31": "77.34100", "2019-09-30": "76.69900", "2019-06-30": "78.26400", "2019-03-31": "79.40100", "2018-12-31": "82.65200", "2018-09-30": "82.34400", "2018-06-30": "83.45600", "2018-03-31": "84.25600", "2017-12-31": "84.59900", "2017-09-30": "84.66300", "2017-06-30": "84.63500", "2017-03-31": "84.45600", "2016-12-31": "87.21700", "2016-09-30": "85.94500", "2016-06-30": "88.09500", "2016-03-31": "90.51000", "2015-12-31": "95.17000", "2015-09-30": "94.21300", "2015-06-30": "96.64700", "2015-03-31": "97.00700", "2014-12-31": "97.48900", "2014-09-30": "98.48500", "2014-06-30": "97.00200", "2014-03-31": "95.22500", "2013-12-31": "93.43600", "2013-09-30": "93.24400", "2013-06-30": "93.89500", "2013-03-31": "93.31000", "2012-12-31": "82.96000", "2012-09-30": "92.53900", "2012-06-30": "83.23100", "2012-03-31": "63.13100", "2011-12-31": "62.18400", "2011-09-30": "62.64000", "2011-06-30": "62.47900", "2011-03-31": "60.85000", "2010-12-31": "60.45500", "2010-09-30": "60.53100", "2010-06-30": "60.49000", "2010-03-31": "60.22700", "2009-12-31": "60.10000", "2009-09-30": "60.13200", "2009-06-30": "60.12400", "2009-03-31": "59.98600", "2008-12-31": "74.73400", "2008-09-30": "66.67200", "2008-06-30": "86.41900", "2008-03-31": "103.33200", "2007-12-31": "100.44500", "2007-09-30": "101.14200", "2007-06-30": "99.18500", "2007-03-31": "98.25300", "2006-12-31": "96.60900", "2006-09-30": "97.59800", "2006-06-30": "96.43000", "2006-03-31": "94.30600", "2005-12-31": "94.81400", "2005-09-30": "95.01100", "2005-06-30": "94.99200", "2005-03-31": "94.90400"}, "Shares Outstanding": {"2020-12-31": "72.92900", "2020-09-30": "72.44200", "2020-06-30": "72.27500", "2020-03-31": "74.26600", "2019-12-31": "77.71000", "2019-09-30": "76.85700", "2019-06-30": "78.46700", "2019-03-31": "80.04700", "2018-12-31": "83.53000", "2018-09-30": "83.17200", "2018-06-30": "84.19900", "2018-03-31": "85.23800", "2017-12-31": "85.56200", "2017-09-30": "85.59200", "2017-06-30": "85.40800", "2017-03-31": "85.37700", "2016-12-31": "87.77500", "2016-09-30": "86.44500", "2016-06-30": "88.47300", "2016-03-31": "90.94300", "2015-12-31": "96.37900", "2015-09-30": "95.19100", "2015-06-30": "97.74700", "2015-03-31": "99.06500", "2014-12-31": "104.95600", "2014-09-30": "104.07600", "2014-06-30": "105.59400", "2014-03-31": "106.42400", "2013-12-31": "106.29100", "2013-09-30": "105.54800", "2013-06-30": "106.71500", "2013-03-31": "106.38000", "2012-12-31": "94.84800", "2012-09-30": "105.27300", "2012-06-30": "83.23100", "2012-03-31": "76.26600", "2011-12-31": "73.34900", "2011-09-30": "73.33400", "2011-06-30": "74.05200", "2011-03-31": "60.85000", "2010-12-31": "60.45500", "2010-09-30": "68.53200", "2010-06-30": "67.69100", "2010-03-31": "60.22700", "2009-12-31": "60.10000", "2009-09-30": "60.72800", "2009-06-30": "60.12400", "2009-03-31": "59.98600", "2008-12-31": "74.73400", "2008-09-30": "77.35400", "2008-06-30": "86.41900", "2008-03-31": "110.76500", "2007-12-31": "113.72200", "2007-09-30": "115.08900", "2007-06-30": "114.96800", "2007-03-31": "110.20100", "2006-12-31": "113.79300", "2006-09-30": "113.98200", "2006-06-30": "115.03300", "2006-03-31": "107.93500", "2005-12-31": "110.03600", "2005-09-30": "109.91600", "2005-06-30": "110.11700", "2005-03-31": "104.71500"}, "Basic EPS": {"2020-12-31": "4.09000", "2020-09-30": "2.88000", "2020-06-30": "2.94000", "2020-03-31": "2.33000", "2019-12-31": "4.42000", "2019-09-30": "5.10000", "2019-06-30": "3.45000", "2019-03-31": "2.21000", "2018-12-31": "3.81000", "2018-09-30": "4.05000", "2018-06-30": "3.22000", "2018-03-31": "2.18000", "2017-12-31": "10.59000", "2017-09-30": "2.36000", "2017-06-30": "1.67000", "2017-03-31": "1.29000", "2016-12-31": "1.78000", "2016-09-30": "2.18000", "2016-06-30": "1.52000", "2016-03-31": "1.01000", "2015-12-31": "1.78000", "2015-09-30": "2.28000", "2015-06-30": "0.89000", "2015-03-31": "1.19000", "2014-12-31": "1.98000", "2014-09-30": "1.95000", "2014-06-30": "0.98000", "2014-03-31": "0.63000", "2013-12-31": "1.50000", "2013-09-30": "1.53000", "2013-06-30": "0.89000", "2013-03-31": "0.22000", "2012-12-31": "0.55000", "2012-09-30": "0.78000", "2012-06-30": "-0.63000", "2012-03-31": "0.21000", "2011-12-31": "0.48000", "2011-09-30": "1.04000", "2011-06-30": "0.44000", "2011-03-31": "-0.34000", "2010-12-31": "-0.34000", "2010-09-30": "0.37000", "2010-06-30": "0.20000", "2010-03-31": "-0.67000", "2009-12-31": "-0.42000", "2009-09-30": "", "2009-06-30": "-0.28000", "2009-03-31": "-0.32000", "2008-12-31": "-11.77000", "2008-09-30": "1.11000", "2008-06-30": "-2.33000", "2008-03-31": "0.37000", "2007-12-31": "1.51000", "2007-09-30": "1.10000", "2007-06-30": "0.68000", "2007-03-31": "0.31000", "2006-12-31": "0.55000", "2006-09-30": "0.97000", "2006-06-30": "0.59000", "2006-03-31": "0.21000", "2005-12-31": "0.52000", "2005-09-30": "0.80000", "2005-06-30": "0.53000", "2005-03-31": "0.12000"}, "EPS - Earnings Per Share": {"2020-12-31": "4.07000", "2020-09-30": "2.87000", "2020-06-30": "2.93000", "2020-03-31": "2.33000", "2019-12-31": "4.40000", "2019-09-30": "5.08000", "2019-06-30": "3.44000", "2019-03-31": "2.19000", "2018-12-31": "3.76000", "2018-09-30": "4.01000", "2018-06-30": "3.20000", "2018-03-31": "2.15000", "2017-12-31": "10.48000", "2017-09-30": "2.33000", "2017-06-30": "1.65000", "2017-03-31": "1.27000", "2016-12-31": "1.76000", "2016-09-30": "2.16000", "2016-06-30": "1.52000", "2016-03-31": "1.01000", "2015-12-31": "1.78000", "2015-09-30": "2.25000", "2015-06-30": "0.88000", "2015-03-31": "1.16000", "2014-12-31": "1.85000", "2014-09-30": "1.84000", "2014-06-30": "0.90000", "2014-03-31": "0.56000", "2013-12-31": "1.32000", "2013-09-30": "1.35000", "2013-06-30": "0.78000", "2013-03-31": "0.19000", "2012-12-31": "0.55000", "2012-09-30": "0.70000", "2012-06-30": "-0.63000", "2012-03-31": "0.17000", "2011-12-31": "0.44000", "2011-09-30": "0.91000", "2011-06-30": "0.37000", "2011-03-31": "-0.34000", "2010-12-31": "-0.28000", "2010-09-30": "0.33000", "2010-06-30": "0.18000", "2010-03-31": "-0.67000", "2009-12-31": "-0.42000", "2009-09-30": "0.00000", "2009-06-30": "-0.28000", "2009-03-31": "-0.32000", "2008-12-31": "-11.61000", "2008-09-30": "0.98000", "2008-06-30": "-2.33000", "2008-03-31": "0.34000", "2007-12-31": "1.39000", "2007-09-30": "0.98000", "2007-06-30": "0.60000", "2007-03-31": "0.28000", "2006-12-31": "0.51000", "2006-09-30": "0.85000", "2006-06-30": "0.51000", "2006-03-31": "0.19000", "2005-12-31": "0.50000", "2005-09-30": "0.71000", "2005-06-30": "0.48000", "2005-03-31": "0.11000"}}, "balance sheet": {"Cash On Hand": {"2020-12-31": "202.00000", "2019-12-31": "52.00000", "2018-12-31": "43.00000", "2017-12-31": "352.00000", "2016-12-31": "312.00000", "2015-12-31": "179.00000", "2014-12-31": "158.00000", "2013-12-31": "175.00000", "2012-12-31": "106.00000", "2011-12-31": "36.00000", "2010-12-31": "203.00000", "2009-12-31": "169.00000", "2008-12-31": "77.00000", "2007-12-31": "381.00000", "2006-12-31": "119.00000", "2005-12-31": "316.00000"}, "Receivables": {"2020-12-31": "1315.00000", "2019-12-31": "1530.00000", "2018-12-31": "1545.00000", "2017-12-31": "1233.00000", "2016-12-31": "920.00000", "2015-12-31": "930.00000", "2014-12-31": "940.00000", "2013-12-31": "804.00000", "2012-12-31": "793.00000", "2011-12-31": "464.00000", "2010-12-31": "377.00000", "2009-12-31": "337.00000", "2008-12-31": "454.00000", "2007-12-31": "519.00000", "2006-12-31": "502.00000", "2005-12-31": "511.00000"}, "Inventory": {"2020-12-31": "125.00000", "2019-12-31": "120.00000", "2018-12-31": "109.00000", "2017-12-31": "75.00000", "2016-12-31": "68.00000", "2015-12-31": "69.00000", "2014-12-31": "78.00000", "2013-12-31": "70.00000", "2012-12-31": "68.00000", "2011-12-31": "44.00000", "2010-12-31": "39.00000", "2009-12-31": "44.00000", "2008-12-31": "59.00000", "2007-12-31": "91.00000", "2006-12-31": "139.00000", "2005-12-31": "155.00000"}, "Pre-Paid Expenses": {"2020-12-31": "375.00000", "2019-12-31": "140.00000", "2018-12-31": "64.00000", "2017-12-31": "112.00000", "2016-12-31": "61.00000", "2015-12-31": "116.00000", "2014-12-31": "122.00000", "2013-12-31": "53.00000", "2012-12-31": "111.00000", "2011-12-31": "75.00000", "2010-12-31": "37.00000", "2009-12-31": "89.00000", "2008-12-31": "37.00000", "2007-12-31": "57.00000", "2006-12-31": "56.00000", "2005-12-31": "72.00000"}, "Other Current Assets": {"2020-12-31": "", "2019-12-31": "", "2018-12-31": "", "2017-12-31": "", "2016-12-31": "", "2015-12-31": "", "2014-12-31": "", "2013-12-31": "", "2012-12-31": "", "2011-12-31": "", "2010-12-31": "", "2009-12-31": "", "2008-12-31": "", "2007-12-31": "", "2006-12-31": "", "2005-12-31": ""}, "Total Current Assets": {"2020-12-31": "2017.00000", "2019-12-31": "1842.00000", "2018-12-31": "1761.00000", "2017-12-31": "1772.00000", "2016-12-31": "1361.00000", "2015-12-31": "1294.00000", "2014-12-31": "1298.00000", "2013-12-31": "1362.00000", "2012-12-31": "1343.00000", "2011-12-31": "723.00000", "2010-12-31": "725.00000", "2009-12-31": "705.00000", "2008-12-31": "703.00000", "2007-12-31": "1120.00000", "2006-12-31": "1005.00000", "2005-12-31": "1404.00000"}, "Property, Plant, And Equipment": {"2020-12-31": "9309.00000", "2019-12-31": "10391.00000", "2018-12-31": "10214.00000", "2017-12-31": "8291.00000", "2016-12-31": "6619.00000", "2015-12-31": "6631.00000", "2014-12-31": "6446.00000", "2013-12-31": "5795.00000", "2012-12-31": "5394.00000", "2011-12-31": "2983.00000", "2010-12-31": "2673.00000", "2009-12-31": "2848.00000", "2008-12-31": "3193.00000", "2007-12-31": "3266.00000", "2006-12-31": "2920.00000", "2005-12-31": "2625.00000"}, "Long-Term Investments": {"2020-12-31": "", "2019-12-31": "", "2018-12-31": "", "2017-12-31": "", "2016-12-31": "", "2015-12-31": "", "2014-12-31": "", "2013-12-31": "", "2012-12-31": "", "2011-12-31": "", "2010-12-31": "", "2009-12-31": "", "2008-12-31": "", "2007-12-31": "", "2006-12-31": "", "2005-12-31": ""}, "Goodwill And Intangible Assets": {"2020-12-31": "5816.00000", "2019-12-31": "6049.00000", "2018-12-31": "6142.00000", "2017-12-31": "4957.00000", "2016-12-31": "4002.00000", "2015-12-31": "4148.00000", "2014-12-31": "4378.00000", "2013-12-31": "3971.00000", "2012-12-31": "4170.00000", "2011-12-31": "372.00000", "2010-12-31": "227.00000", "2009-12-31": "231.00000", "2008-12-31": "229.00000", "2007-12-31": "1404.00000", "2006-12-31": "1376.00000", "2005-12-31": "1361.00000"}, "Other Long-Term Assets": {"2020-12-31": "38.00000", "2019-12-31": "19.00000", "2018-12-31": "16.00000", "2017-12-31": "10.00000", "2016-12-31": "6.00000", "2015-12-31": "10.00000", "2014-12-31": "7.00000", "2013-12-31": "103.00000", "2012-12-31": "119.00000", "2011-12-31": "65.00000", "2010-12-31": "68.00000", "2009-12-31": "75.00000", "2008-12-31": "66.00000", "2007-12-31": "52.00000", "2006-12-31": "65.00000", "2005-12-31": "80.00000"}, "Total Long-Term Assets": {"2020-12-31": "15851.00000", "2019-12-31": "17128.00000", "2018-12-31": "16372.00000", "2017-12-31": "13258.00000", "2016-12-31": "10627.00000", "2015-12-31": "10789.00000", "2014-12-31": "10831.00000", "2013-12-31": "9869.00000", "2012-12-31": "9683.00000", "2011-12-31": "3420.00000", "2010-12-31": "2968.00000", "2009-12-31": "3154.00000", "2008-12-31": "3488.00000", "2007-12-31": "4722.00000", "2006-12-31": "4361.00000", "2005-12-31": "4066.00000"}, "Total Assets": {"2020-12-31": "17868.00000", "2019-12-31": "18970.00000", "2018-12-31": "18133.00000", "2017-12-31": "15030.00000", "2016-12-31": "11988.00000", "2015-12-31": "12083.00000", "2014-12-31": "12129.00000", "2013-12-31": "11231.00000", "2012-12-31": "11026.00000", "2011-12-31": "4143.00000", "2010-12-31": "3693.00000", "2009-12-31": "3859.00000", "2008-12-31": "4191.00000", "2007-12-31": "5842.00000", "2006-12-31": "5366.00000", "2005-12-31": "5470.00000"}, "Total Current Liabilities": {"2020-12-31": "1890.00000", "2019-12-31": "2198.00000", "2018-12-31": "2116.00000", "2017-12-31": "1668.00000", "2016-12-31": "1184.00000", "2015-12-31": "1233.00000", "2014-12-31": "1478.00000", "2013-12-31": "1286.00000", "2012-12-31": "1351.00000", "2011-12-31": "864.00000", "2010-12-31": "569.00000", "2009-12-31": "461.00000", "2008-12-31": "427.00000", "2007-12-31": "520.00000", "2006-12-31": "599.00000", "2005-12-31": "541.00000"}, "Long Term Debt": {"2020-12-31": "8978.00000", "2019-12-31": "10431.00000", "2018-12-31": "10844.00000", "2017-12-31": "8717.00000", "2016-12-31": "7193.00000", "2015-12-31": "7555.00000", "2014-12-31": "7344.00000", "2013-12-31": "6569.00000", "2012-12-31": "6734.00000", "2011-12-31": "2647.00000", "2010-12-31": "2700.00000", "2009-12-31": "2950.00000", "2008-12-31": "3332.00000", "2007-12-31": "2701.00000", "2006-12-31": "2665.00000", "2005-12-31": "3125.00000"}, "Other Non-Current Liabilities": {"2020-12-31": "138.00000", "2019-12-31": "91.00000", "2018-12-31": "83.00000", "2017-12-31": "120.00000", "2016-12-31": "67.00000", "2015-12-31": "54.00000", "2014-12-31": "65.00000", "2013-12-31": "69.00000", "2012-12-31": "65.00000", "2011-12-31": "59.00000", "2010-12-31": "59.00000", "2009-12-31": "43.00000", "2008-12-31": "47.00000", "2007-12-31": "64.00000", "2006-12-31": "101.00000", "2005-12-31": "117.00000"}, "Total Long Term Liabilities": {"2020-12-31": "11433.00000", "2019-12-31": "12942.00000", "2018-12-31": "12614.00000", "2017-12-31": "10256.00000", "2016-12-31": "9156.00000", "2015-12-31": "9374.00000", "2014-12-31": "8853.00000", "2013-12-31": "8097.00000", "2012-12-31": "8101.00000", "2011-12-31": "3176.00000", "2010-12-31": "3144.00000", "2009-12-31": "3417.00000", "2008-12-31": "3793.00000", "2007-12-31": "3304.00000", "2006-12-31": "3229.00000", "2005-12-31": "3700.00000"}, "Total Liabilities": {"2020-12-31": "13323.00000", "2019-12-31": "15140.00000", "2018-12-31": "14730.00000", "2017-12-31": "11924.00000", "2016-12-31": "10340.00000", "2015-12-31": "10607.00000", "2014-12-31": "10331.00000", "2013-12-31": "9383.00000", "2012-12-31": "9452.00000", "2011-12-31": "4040.00000", "2010-12-31": "3713.00000", "2009-12-31": "3878.00000", "2008-12-31": "4220.00000", "2007-12-31": "3824.00000", "2006-12-31": "3828.00000", "2005-12-31": "4241.00000"}, "Common Stock Net": {"2020-12-31": "1.00000", "2019-12-31": "1.00000", "2018-12-31": "1.00000", "2017-12-31": "1.00000", "2016-12-31": "1.00000", "2015-12-31": "1.00000", "2014-12-31": "1.00000", "2013-12-31": "1.00000", "2012-12-31": "1.00000", "2011-12-31": "1.00000", "2010-12-31": "1.00000", "2009-12-31": "1.00000", "2008-12-31": "1.00000", "2007-12-31": "1.00000", "2006-12-31": "1.00000", "2005-12-31": "1.00000"}, "Retained Earnings (Accumulated Deficit)": {"2020-12-31": "6165.00000", "2019-12-31": "5275.00000", "2018-12-31": "4101.00000", "2017-12-31": "3005.00000", "2016-12-31": "1654.00000", "2015-12-31": "1088.00000", "2014-12-31": "503.00000", "2013-12-31": "-37.00000", "2012-12-31": "-424.00000", "2011-12-31": "-499.00000", "2010-12-31": "-600.00000", "2009-12-31": "-574.00000", "2008-12-31": "-512.00000", "2007-12-31": "431.00000", "2006-12-31": "69.00000", "2005-12-31": "-155.00000"}, "Comprehensive Income": {"2020-12-31": "-146.00000", "2019-12-31": "-186.00000", "2018-12-31": "-237.00000", "2017-12-31": "-151.00000", "2016-12-31": "-218.00000", "2015-12-31": "-250.00000", "2014-12-31": "-74.00000", "2013-12-31": "19.00000", "2012-12-31": "84.00000", "2011-12-31": "75.00000", "2010-12-31": "87.00000", "2009-12-31": "67.00000", "2008-12-31": "16.00000", "2007-12-31": "92.00000", "2006-12-31": "47.00000", "2005-12-31": "50.00000"}, "Other Share Holders Equity": {"2020-12-31": "", "2019-12-31": "", "2018-12-31": "", "2017-12-31": "", "2016-12-31": "", "2015-12-31": "", "2014-12-31": "", "2013-12-31": "", "2012-12-31": "", "2011-12-31": "", "2010-12-31": "", "2009-12-31": "", "2008-12-31": "", "2007-12-31": "", "2006-12-31": "", "2005-12-31": ""}, "Share Holder Equity": {"2020-12-31": "4545.00000", "2019-12-31": "3830.00000", "2018-12-31": "3403.00000", "2017-12-31": "3106.00000", "2016-12-31": "1648.00000", "2015-12-31": "1476.00000", "2014-12-31": "1798.00000", "2013-12-31": "1848.00000", "2012-12-31": "1574.00000", "2011-12-31": "103.00000", "2010-12-31": "-20.00000", "2009-12-31": "-19.00000", "2008-12-31": "-29.00000", "2007-12-31": "2018.00000", "2006-12-31": "1538.00000", "2005-12-31": "1229.00000"}, "Total Liabilities And Share Holders Equity": {"2020-12-31": "17868.00000", "2019-12-31": "18970.00000", "2018-12-31": "18133.00000", "2017-12-31": "15030.00000", "2016-12-31": "11988.00000", "2015-12-31": "12083.00000", "2014-12-31": "12129.00000", "2013-12-31": "11231.00000", "2012-12-31": "11026.00000", "2011-12-31": "4143.00000", "2010-12-31": "3693.00000", "2009-12-31": "3859.00000", "2008-12-31": "4191.00000", "2007-12-31": "5842.00000", "2006-12-31": "5366.00000", "2005-12-31": "5470.00000"}}, "balance sheet, quarterly": {"Cash On Hand": {"2020-12-31": "202.00000", "2020-09-30": "174.00000", "2020-06-30": "127.00000", "2020-03-31": "513.00000", "2019-12-31": "52.00000", "2019-09-30": "60.00000", "2019-06-30": "75.00000", "2019-03-31": "52.00000", "2018-12-31": "43.00000", "2018-09-30": "65.00000", "2018-06-30": "117.00000", "2018-03-31": "278.00000", "2017-12-31": "352.00000", "2017-09-30": "324.00000", "2017-06-30": "338.00000", "2017-03-31": "337.00000", "2016-12-31": "312.00000", "2016-09-30": "297.00000", "2016-06-30": "265.00000", "2016-03-31": "219.00000", "2015-12-31": "179.00000", "2015-09-30": "171.00000", "2015-06-30": "200.00000", "2015-03-31": "257.00000", "2014-12-31": "158.00000", "2014-09-30": "168.00000", "2014-06-30": "170.00000", "2014-03-31": "227.00000", "2013-12-31": "175.00000", "2013-09-30": "125.00000", "2013-06-30": "133.00000", "2013-03-31": "147.00000", "2012-12-31": "106.00000", "2012-09-30": "68.00000", "2012-06-30": "41.00000", "2012-03-31": "26.00000", "2011-12-31": "36.00000", "2011-09-30": "26.00000", "2011-06-30": "58.00000", "2011-03-31": "205.00000", "2010-12-31": "203.00000", "2010-09-30": "170.00000", "2010-06-30": "30.00000", "2010-03-31": "20.00000", "2009-12-31": "169.00000", "2009-09-30": "149.00000", "2009-06-30": "125.00000", "2009-03-31": "96.00000", "2008-12-31": "77.00000", "2008-09-30": "66.00000", "2008-06-30": "80.00000", "2008-03-31": "515.00000", "2007-12-31": "381.00000", "2007-09-30": "112.00000", "2007-06-30": "104.00000", "2007-03-31": "104.00000", "2006-12-31": "119.00000", "2006-09-30": "140.00000", "2006-06-30": "208.00000", "2006-03-31": "331.00000", "2005-12-31": "316.00000", "2005-09-30": "151.00000", "2005-06-30": "254.00000", "2005-03-31": "342.00000"}, "Receivables": {"2020-12-31": "1315.00000", "2020-09-30": "1324.00000", "2020-06-30": "1226.00000", "2020-03-31": "1413.00000", "2019-12-31": "1530.00000", "2019-09-30": "1595.00000", "2019-06-30": "1525.00000", "2019-03-31": "1487.00000", "2018-12-31": "1545.00000", "2018-09-30": "1438.00000", "2018-06-30": "1203.00000", "2018-03-31": "1154.00000", "2017-12-31": "1233.00000", "2017-09-30": "1151.00000", "2017-06-30": "990.00000", "2017-03-31": "854.00000", "2016-12-31": "920.00000", "2016-09-30": "929.00000", "2016-06-30": "867.00000", "2016-03-31": "833.00000", "2015-12-31": "930.00000", "2015-09-30": "994.00000", "2015-06-30": "894.00000", "2015-03-31": "848.00000", "2014-12-31": "940.00000", "2014-09-30": "941.00000", "2014-06-30": "844.00000", "2014-03-31": "752.00000", "2013-12-31": "804.00000", "2013-09-30": "807.00000", "2013-06-30": "751.00000", "2013-03-31": "725.00000", "2012-12-31": "793.00000", "2012-09-30": "804.00000", "2012-06-30": "704.00000", "2012-03-31": "417.00000", "2011-12-31": "464.00000", "2011-09-30": "453.00000", "2011-06-30": "407.00000", "2011-03-31": "341.00000", "2010-12-31": "377.00000", "2010-09-30": "399.00000", "2010-06-30": "344.00000", "2010-03-31": "320.00000", "2009-12-31": "337.00000", "2009-09-30": "369.00000", "2009-06-30": "375.00000", "2009-03-31": "359.00000", "2008-12-31": "454.00000", "2008-09-30": "507.00000", "2008-06-30": "478.00000", "2008-03-31": "452.00000", "2007-12-31": "519.00000", "2007-09-30": "582.00000", "2007-06-30": "553.00000", "2007-03-31": "500.00000", "2006-12-31": "502.00000", "2006-09-30": "541.00000", "2006-06-30": "497.00000", "2006-03-31": "442.00000", "2005-12-31": "511.00000", "2005-09-30": "584.00000", "2005-06-30": "517.00000", "2005-03-31": "443.00000"}, "Inventory": {"2020-12-31": "125.00000", "2020-09-30": "108.00000", "2020-06-30": "107.00000", "2020-03-31": "115.00000", "2019-12-31": "120.00000", "2019-09-30": "130.00000", "2019-06-30": "135.00000", "2019-03-31": "123.00000", "2018-12-31": "109.00000", "2018-09-30": "104.00000", "2018-06-30": "94.00000", "2018-03-31": "84.00000", "2017-12-31": "75.00000", "2017-09-30": "82.00000", "2017-06-30": "78.00000", "2017-03-31": "75.00000", "2016-12-31": "68.00000", "2016-09-30": "72.00000", "2016-06-30": "71.00000", "2016-03-31": "74.00000", "2015-12-31": "69.00000", "2015-09-30": "77.00000", "2015-06-30": "81.00000", "2015-03-31": "81.00000", "2014-12-31": "78.00000", "2014-09-30": "112.00000", "2014-06-30": "119.00000", "2014-03-31": "102.00000", "2013-12-31": "70.00000", "2013-09-30": "91.00000", "2013-06-30": "111.00000", "2013-03-31": "103.00000", "2012-12-31": "68.00000", "2012-09-30": "89.00000", "2012-06-30": "102.00000", "2012-03-31": "85.00000", "2011-12-31": "44.00000", "2011-09-30": "56.00000", "2011-06-30": "70.00000", "2011-03-31": "63.00000", "2010-12-31": "39.00000", "2010-09-30": "48.00000", "2010-06-30": "60.00000", "2010-03-31": "46.00000", "2009-12-31": "44.00000", "2009-09-30": "52.00000", "2009-06-30": "55.00000", "2009-03-31": "59.00000", "2008-12-31": "59.00000", "2008-09-30": "78.00000", "2008-06-30": "94.00000", "2008-03-31": "95.00000", "2007-12-31": "91.00000", "2007-09-30": "123.00000", "2007-06-30": "162.00000", "2007-03-31": "169.00000", "2006-12-31": "139.00000", "2006-09-30": "153.00000", "2006-06-30": "172.00000", "2006-03-31": "190.00000", "2005-12-31": "155.00000", "2005-09-30": "180.00000", "2005-06-30": "178.00000", "2005-03-31": "149.00000"}, "Pre-Paid Expenses": {"2020-12-31": "375.00000", "2020-09-30": "122.00000", "2020-06-30": "162.00000", "2020-03-31": "173.00000", "2019-12-31": "140.00000", "2019-09-30": "96.00000", "2019-06-30": "105.00000", "2019-03-31": "58.00000", "2018-12-31": "64.00000", "2018-09-30": "85.00000", "2018-06-30": "92.00000", "2018-03-31": "74.00000", "2017-12-31": "112.00000", "2017-09-30": "82.00000", "2017-06-30": "77.00000", "2017-03-31": "54.00000", "2016-12-31": "61.00000", "2016-09-30": "56.00000", "2016-06-30": "61.00000", "2016-03-31": "56.00000", "2015-12-31": "116.00000", "2015-09-30": "58.00000", "2015-06-30": "74.00000", "2015-03-31": "51.00000", "2014-12-31": "122.00000", "2014-09-30": "64.00000", "2014-06-30": "71.00000", "2014-03-31": "59.00000", "2013-12-31": "53.00000", "2013-09-30": "129.00000", "2013-06-30": "113.00000", "2013-03-31": "81.00000", "2012-12-31": "111.00000", "2012-09-30": "108.00000", "2012-06-30": "106.00000", "2012-03-31": "78.00000", "2011-12-31": "75.00000", "2011-09-30": "68.00000", "2011-06-30": "68.00000", "2011-03-31": "48.00000", "2010-12-31": "37.00000", "2010-09-30": "37.00000", "2010-06-30": "40.00000", "2010-03-31": "56.00000", "2009-12-31": "89.00000", "2009-09-30": "35.00000", "2009-06-30": "36.00000", "2009-03-31": "33.00000", "2008-12-31": "37.00000", "2008-09-30": "50.00000", "2008-06-30": "72.00000", "2008-03-31": "54.00000", "2007-12-31": "57.00000", "2007-09-30": "51.00000", "2007-06-30": "61.00000", "2007-03-31": "70.00000", "2006-12-31": "56.00000", "2006-09-30": "53.00000", "2006-06-30": "60.00000", "2006-03-31": "65.00000", "2005-12-31": "72.00000", "2005-09-30": "158.00000", "2005-06-30": "120.00000", "2005-03-31": "116.00000"}, "Other Current Assets": {"2020-12-31": "", "2020-09-30": "", "2020-06-30": "", "2020-03-31": "", "2019-12-31": "", "2019-09-30": "", "2019-06-30": "", "2019-03-31": "", "2018-12-31": "", "2018-09-30": "", "2018-06-30": "", "2018-03-31": "", "2017-12-31": "", "2017-09-30": "", "2017-06-30": "", "2017-03-31": "", "2016-12-31": "", "2016-09-30": "", "2016-06-30": "", "2016-03-31": "", "2015-12-31": "", "2015-09-30": "", "2015-06-30": "", "2015-03-31": "", "2014-12-31": "", "2014-09-30": "", "2014-06-30": "", "2014-03-31": "", "2013-12-31": "", "2013-09-30": "", "2013-06-30": "", "2013-03-31": "", "2012-12-31": "", "2012-09-30": "", "2012-06-30": "", "2012-03-31": "", "2011-12-31": "", "2011-09-30": "", "2011-06-30": "", "2011-03-31": "", "2010-12-31": "", "2010-09-30": "", "2010-06-30": "", "2010-03-31": "", "2009-12-31": "", "2009-09-30": "", "2009-06-30": "", "2009-03-31": "", "2008-12-31": "", "2008-09-30": "", "2008-06-30": "", "2008-03-31": "", "2007-12-31": "", "2007-09-30": "", "2007-06-30": "", "2007-03-31": "", "2006-12-31": "", "2006-09-30": "", "2006-06-30": "", "2006-03-31": "", "2005-12-31": "", "2005-09-30": "", "2005-06-30": "", "2005-03-31": ""}, "Total Current Assets": {"2020-12-31": "2017.00000", "2020-09-30": "1728.00000", "2020-06-30": "1622.00000", "2020-03-31": "2214.00000", "2019-12-31": "1842.00000", "2019-09-30": "1881.00000", "2019-06-30": "1840.00000", "2019-03-31": "1720.00000", "2018-12-31": "1761.00000", "2018-09-30": "1692.00000", "2018-06-30": "1506.00000", "2018-03-31": "1590.00000", "2017-12-31": "1772.00000", "2017-09-30": "1639.00000", "2017-06-30": "1483.00000", "2017-03-31": "1320.00000", "2016-12-31": "1361.00000", "2016-09-30": "1354.00000", "2016-06-30": "1264.00000", "2016-03-31": "1182.00000", "2015-12-31": "1294.00000", "2015-09-30": "1426.00000", "2015-06-30": "1436.00000", "2015-03-31": "1452.00000", "2014-12-31": "1298.00000", "2014-09-30": "1378.00000", "2014-06-30": "1396.00000", "2014-03-31": "1400.00000", "2013-12-31": "1362.00000", "2013-09-30": "1414.00000", "2013-06-30": "1363.00000", "2013-03-31": "1311.00000", "2012-12-31": "1343.00000", "2012-09-30": "1111.00000", "2012-06-30": "1019.00000", "2012-03-31": "656.00000", "2011-12-31": "723.00000", "2011-09-30": "658.00000", "2011-06-30": "674.00000", "2011-03-31": "733.00000", "2010-12-31": "725.00000", "2010-09-30": "712.00000", "2010-06-30": "531.00000", "2010-03-31": "511.00000", "2009-12-31": "705.00000", "2009-09-30": "679.00000", "2009-06-30": "665.00000", "2009-03-31": "622.00000", "2008-12-31": "703.00000", "2008-09-30": "781.00000", "2008-06-30": "768.00000", "2008-03-31": "1190.00000", "2007-12-31": "1120.00000", "2007-09-30": "919.00000", "2007-06-30": "928.00000", "2007-03-31": "894.00000", "2006-12-31": "1005.00000", "2006-09-30": "1120.00000", "2006-06-30": "1160.00000", "2006-03-31": "1356.00000", "2005-12-31": "1404.00000", "2005-09-30": "1073.00000", "2005-06-30": "1069.00000", "2005-03-31": "1050.00000"}, "Property, Plant, And Equipment": {"2020-12-31": "9309.00000", "2020-09-30": "9639.00000", "2020-06-30": "9695.00000", "2020-03-31": "10022.00000", "2019-12-31": "10391.00000", "2019-09-30": "10751.00000", "2019-06-30": "10417.00000", "2019-03-31": "10018.00000", "2018-12-31": "10214.00000", "2018-09-30": "9439.00000", "2018-06-30": "8693.00000", "2018-03-31": "8145.00000", "2017-12-31": "8291.00000", "2017-09-30": "7842.00000", "2017-06-30": "7525.00000", "2017-03-31": "6533.00000", "2016-12-31": "6619.00000", "2016-09-30": "6862.00000", "2016-06-30": "6762.00000", "2016-03-31": "6467.00000", "2015-12-31": "6631.00000", "2015-09-30": "6874.00000", "2015-06-30": "6821.00000", "2015-03-31": "6416.00000", "2014-12-31": "6446.00000", "2014-09-30": "6569.00000", "2014-06-30": "6452.00000", "2014-03-31": "5814.00000", "2013-12-31": "5795.00000", "2013-09-30": "6019.00000", "2013-06-30": "5797.00000", "2013-03-31": "5383.00000", "2012-12-31": "5394.00000", "2012-09-30": "5529.00000", "2012-06-30": "5514.00000", "2012-03-31": "3245.00000", "2011-12-31": "2983.00000", "2011-09-30": "2958.00000", "2011-06-30": "2900.00000", "2011-03-31": "2669.00000", "2010-12-31": "2673.00000", "2010-09-30": "2744.00000", "2010-06-30": "2751.00000", "2010-03-31": "2775.00000", "2009-12-31": "2848.00000", "2009-09-30": "2921.00000", "2009-06-30": "2956.00000", "2009-03-31": "3064.00000", "2008-12-31": "3193.00000", "2008-09-30": "3367.00000", "2008-06-30": "3370.00000", "2008-03-31": "3236.00000", "2007-12-31": "3266.00000", "2007-09-30": "3333.00000", "2007-06-30": "3281.00000", "2007-03-31": "3069.00000", "2006-12-31": "2920.00000", "2006-09-30": "3002.00000", "2006-06-30": "2981.00000", "2006-03-31": "2751.00000", "2005-12-31": "2625.00000", "2005-09-30": "2781.00000", "2005-06-30": "2698.00000", "2005-03-31": "2523.00000"}, "Long-Term Investments": {"2020-12-31": "", "2020-09-30": "", "2020-06-30": "", "2020-03-31": "", "2019-12-31": "", "2019-09-30": "", "2019-06-30": "", "2019-03-31": "", "2018-12-31": "", "2018-09-30": "", "2018-06-30": "", "2018-03-31": "", "2017-12-31": "", "2017-09-30": "", "2017-06-30": "", "2017-03-31": "", "2016-12-31": "", "2016-09-30": "", "2016-06-30": "", "2016-03-31": "", "2015-12-31": "", "2015-09-30": "", "2015-06-30": "", "2015-03-31": "", "2014-12-31": "", "2014-09-30": "", "2014-06-30": "", "2014-03-31": "", "2013-12-31": "", "2013-09-30": "", "2013-06-30": "", "2013-03-31": "", "2012-12-31": "", "2012-09-30": "", "2012-06-30": "", "2012-03-31": "", "2011-12-31": "", "2011-09-30": "", "2011-06-30": "", "2011-03-31": "", "2010-12-31": "", "2010-09-30": "", "2010-06-30": "", "2010-03-31": "", "2009-12-31": "", "2009-09-30": "", "2009-06-30": "", "2009-03-31": "", "2008-12-31": "", "2008-09-30": "", "2008-06-30": "", "2008-03-31": "", "2007-12-31": "", "2007-09-30": "", "2007-06-30": "", "2007-03-31": "", "2006-12-31": "", "2006-09-30": "", "2006-06-30": "", "2006-03-31": "", "2005-12-31": "", "2005-09-30": "", "2005-06-30": "", "2005-03-31": ""}, "Goodwill And Intangible Assets": {"2020-12-31": "5816.00000", "2020-09-30": "5848.00000", "2020-06-30": "5896.00000", "2020-03-31": "5945.00000", "2019-12-31": "6049.00000", "2019-09-30": "6104.00000", "2019-06-30": "6153.00000", "2019-03-31": "6210.00000", "2018-12-31": "6142.00000", "2018-09-30": "5208.00000", "2018-06-30": "4894.00000", "2018-03-31": "4940.00000", "2017-12-31": "4957.00000", "2017-09-30": "4252.00000", "2017-06-30": "4266.00000", "2017-03-31": "3963.00000", "2016-12-31": "4002.00000", "2016-09-30": "4049.00000", "2016-06-30": "4084.00000", "2016-03-31": "4126.00000", "2015-12-31": "4148.00000", "2015-09-30": "4205.00000", "2015-06-30": "4253.00000", "2015-03-31": "4296.00000", "2014-12-31": "4378.00000", "2014-09-30": "4435.00000", "2014-06-30": "4511.00000", "2014-03-31": "3916.00000", "2013-12-31": "3971.00000", "2013-09-30": "4025.00000", "2013-06-30": "4057.00000", "2013-03-31": "4114.00000", "2012-12-31": "4170.00000", "2012-09-30": "4228.00000", "2012-06-30": "4281.00000", "2012-03-31": "414.00000", "2011-12-31": "372.00000", "2011-09-30": "332.00000", "2011-06-30": "319.00000", "2011-03-31": "226.00000", "2010-12-31": "227.00000", "2010-09-30": "227.00000", "2010-06-30": "227.00000", "2010-03-31": "230.00000", "2009-12-31": "231.00000", "2009-09-30": "232.00000", "2009-06-30": "230.00000", "2009-03-31": "229.00000", "2008-12-31": "229.00000", "2008-09-30": "1393.00000", "2008-06-30": "1395.00000", "2008-03-31": "1396.00000", "2007-12-31": "1404.00000", "2007-09-30": "1407.00000", "2007-06-30": "1397.00000", "2007-03-31": "1385.00000", "2006-12-31": "1376.00000", "2006-09-30": "1370.00000", "2006-06-30": "1372.00000", "2006-03-31": "1360.00000", "2005-12-31": "1361.00000", "2005-09-30": "1334.00000", "2005-06-30": "1326.00000", "2005-03-31": "1328.00000"}, "Other Long-Term Assets": {"2020-12-31": "38.00000", "2020-09-30": "30.00000", "2020-06-30": "21.00000", "2020-03-31": "21.00000", "2019-12-31": "19.00000", "2019-09-30": "19.00000", "2019-06-30": "18.00000", "2019-03-31": "16.00000", "2018-12-31": "16.00000", "2018-09-30": "15.00000", "2018-06-30": "15.00000", "2018-03-31": "13.00000", "2017-12-31": "10.00000", "2017-09-30": "11.00000", "2017-06-30": "10.00000", "2017-03-31": "6.00000", "2016-12-31": "6.00000", "2016-09-30": "10.00000", "2016-06-30": "10.00000", "2016-03-31": "9.00000", "2015-12-31": "10.00000", "2015-09-30": "93.00000", "2015-06-30": "95.00000", "2015-03-31": "118.00000", "2014-12-31": "7.00000", "2014-09-30": "101.00000", "2014-06-30": "108.00000", "2014-03-31": "117.00000", "2013-12-31": "103.00000", "2013-09-30": "105.00000", "2013-06-30": "109.00000", "2013-03-31": "113.00000", "2012-12-31": "119.00000", "2012-09-30": "124.00000", "2012-06-30": "128.00000", "2012-03-31": "2982.00000", "2011-12-31": "65.00000", "2011-09-30": "57.00000", "2011-06-30": "59.00000", "2011-03-31": "64.00000", "2010-12-31": "68.00000", "2010-09-30": "61.00000", "2010-06-30": "65.00000", "2010-03-31": "68.00000", "2009-12-31": "75.00000", "2009-09-30": "63.00000", "2009-06-30": "67.00000", "2009-03-31": "62.00000", "2008-12-31": "66.00000", "2008-09-30": "71.00000", "2008-06-30": "76.00000", "2008-03-31": "50.00000", "2007-12-31": "52.00000", "2007-09-30": "58.00000", "2007-06-30": "62.00000", "2007-03-31": "62.00000", "2006-12-31": "65.00000", "2006-09-30": "69.00000", "2006-06-30": "80.00000", "2006-03-31": "79.00000", "2005-12-31": "80.00000", "2005-09-30": "", "2005-06-30": "", "2005-03-31": ""}, "Total Long-Term Assets": {"2020-12-31": "15851.00000", "2020-09-30": "16180.00000", "2020-06-30": "16278.00000", "2020-03-31": "16654.00000", "2019-12-31": "17128.00000", "2019-09-30": "17524.00000", "2019-06-30": "17207.00000", "2019-03-31": "16866.00000", "2018-12-31": "16372.00000", "2018-09-30": "14662.00000", "2018-06-30": "13602.00000", "2018-03-31": "13098.00000", "2017-12-31": "13258.00000", "2017-09-30": "12105.00000", "2017-06-30": "11801.00000", "2017-03-31": "10502.00000", "2016-12-31": "10627.00000", "2016-09-30": "10921.00000", "2016-06-30": "10856.00000", "2016-03-31": "10602.00000", "2015-12-31": "10789.00000", "2015-09-30": "11172.00000", "2015-06-30": "11169.00000", "2015-03-31": "10830.00000", "2014-12-31": "10831.00000", "2014-09-30": "11105.00000", "2014-06-30": "11071.00000", "2014-03-31": "9847.00000", "2013-12-31": "9869.00000", "2013-09-30": "10149.00000", "2013-06-30": "9963.00000", "2013-03-31": "9610.00000", "2012-12-31": "9683.00000", "2012-09-30": "9881.00000", "2012-06-30": "9923.00000", "2012-03-31": "6641.00000", "2011-12-31": "3420.00000", "2011-09-30": "3347.00000", "2011-06-30": "3278.00000", "2011-03-31": "2959.00000", "2010-12-31": "2968.00000", "2010-09-30": "3032.00000", "2010-06-30": "3043.00000", "2010-03-31": "3073.00000", "2009-12-31": "3154.00000", "2009-09-30": "3216.00000", "2009-06-30": "3253.00000", "2009-03-31": "3355.00000", "2008-12-31": "3488.00000", "2008-09-30": "4831.00000", "2008-06-30": "4841.00000", "2008-03-31": "4682.00000", "2007-12-31": "4722.00000", "2007-09-30": "4798.00000", "2007-06-30": "4740.00000", "2007-03-31": "4516.00000", "2006-12-31": "4361.00000", "2006-09-30": "4441.00000", "2006-06-30": "4433.00000", "2006-03-31": "4190.00000", "2005-12-31": "4066.00000", "2005-09-30": "4115.00000", "2005-06-30": "4024.00000", "2005-03-31": "3851.00000"}, "Total Assets": {"2020-12-31": "17868.00000", "2020-09-30": "17908.00000", "2020-06-30": "17900.00000", "2020-03-31": "18868.00000", "2019-12-31": "18970.00000", "2019-09-30": "19405.00000", "2019-06-30": "19047.00000", "2019-03-31": "18586.00000", "2018-12-31": "18133.00000", "2018-09-30": "16354.00000", "2018-06-30": "15108.00000", "2018-03-31": "14688.00000", "2017-12-31": "15030.00000", "2017-09-30": "13744.00000", "2017-06-30": "13284.00000", "2017-03-31": "11822.00000", "2016-12-31": "11988.00000", "2016-09-30": "12275.00000", "2016-06-30": "12120.00000", "2016-03-31": "11784.00000", "2015-12-31": "12083.00000", "2015-09-30": "12598.00000", "2015-06-30": "12605.00000", "2015-03-31": "12282.00000", "2014-12-31": "12129.00000", "2014-09-30": "12483.00000", "2014-06-30": "12467.00000", "2014-03-31": "11247.00000", "2013-12-31": "11231.00000", "2013-09-30": "11563.00000", "2013-06-30": "11326.00000", "2013-03-31": "10921.00000", "2012-12-31": "11026.00000", "2012-09-30": "10992.00000", "2012-06-30": "10942.00000", "2012-03-31": "7297.00000", "2011-12-31": "4143.00000", "2011-09-30": "4005.00000", "2011-06-30": "3952.00000", "2011-03-31": "3692.00000", "2010-12-31": "3693.00000", "2010-09-30": "3744.00000", "2010-06-30": "3574.00000", "2010-03-31": "3584.00000", "2009-12-31": "3859.00000", "2009-09-30": "3895.00000", "2009-06-30": "3918.00000", "2009-03-31": "3977.00000", "2008-12-31": "4191.00000", "2008-09-30": "5612.00000", "2008-06-30": "5609.00000", "2008-03-31": "5872.00000", "2007-12-31": "5842.00000", "2007-09-30": "5717.00000", "2007-06-30": "5668.00000", "2007-03-31": "5410.00000", "2006-12-31": "5366.00000", "2006-09-30": "5561.00000", "2006-06-30": "5593.00000", "2006-03-31": "5546.00000", "2005-12-31": "5470.00000", "2005-09-30": "5188.00000", "2005-06-30": "5093.00000", "2005-03-31": "4901.00000"}, "Total Current Liabilities": {"2020-12-31": "1890.00000", "2020-09-30": "1916.00000", "2020-06-30": "1921.00000", "2020-03-31": "1996.00000", "2019-12-31": "2198.00000", "2019-09-30": "2643.00000", "2019-06-30": "2535.00000", "2019-03-31": "2238.00000", "2018-12-31": "2116.00000", "2018-09-30": "2087.00000", "2018-06-30": "2229.00000", "2018-03-31": "1641.00000", "2017-12-31": "1668.00000", "2017-09-30": "1773.00000", "2017-06-30": "1744.00000", "2017-03-31": "1317.00000", "2016-12-31": "1184.00000", "2016-09-30": "1420.00000", "2016-06-30": "1508.00000", "2016-03-31": "1229.00000", "2015-12-31": "1233.00000", "2015-09-30": "1517.00000", "2015-06-30": "1582.00000", "2015-03-31": "1555.00000", "2014-12-31": "1478.00000", "2014-09-30": "1695.00000", "2014-06-30": "1746.00000", "2014-03-31": "1101.00000", "2013-12-31": "1286.00000", "2013-09-30": "1418.00000", "2013-06-30": "1592.00000", "2013-03-31": "1369.00000", "2012-12-31": "1351.00000", "2012-09-30": "1514.00000", "2012-06-30": "1421.00000", "2012-03-31": "1046.00000", "2011-12-31": "864.00000", "2011-09-30": "879.00000", "2011-06-30": "840.00000", "2011-03-31": "610.00000", "2010-12-31": "569.00000", "2010-09-30": "524.00000", "2010-06-30": "507.00000", "2010-03-31": "481.00000", "2009-12-31": "461.00000", "2009-09-30": "367.00000", "2009-06-30": "349.00000", "2009-03-31": "356.00000", "2008-12-31": "427.00000", "2008-09-30": "468.00000", "2008-06-30": "585.00000", "2008-03-31": "648.00000", "2007-12-31": "520.00000", "2007-09-30": "599.00000", "2007-06-30": "732.00000", "2007-03-31": "629.00000", "2006-12-31": "599.00000", "2006-09-30": "871.00000", "2006-06-30": "609.00000", "2006-03-31": "616.00000", "2005-12-31": "541.00000", "2005-09-30": "610.00000", "2005-06-30": "640.00000", "2005-03-31": "558.00000"}, "Long Term Debt": {"2020-12-31": "8978.00000", "2020-09-30": "9351.00000", "2020-06-30": "9599.00000", "2020-03-31": "10743.00000", "2019-12-31": "10431.00000", "2019-09-30": "10691.00000", "2019-06-30": "10700.00000", "2019-03-31": "10676.00000", "2018-12-31": "10844.00000", "2018-09-30": "9182.00000", "2018-06-30": "8086.00000", "2018-03-31": "8412.00000", "2017-12-31": "8717.00000", "2017-09-30": "7677.00000", "2017-06-30": "7571.00000", "2017-03-31": "6772.00000", "2016-12-31": "7193.00000", "2016-09-30": "7393.00000", "2016-06-30": "7265.00000", "2016-03-31": "7203.00000", "2015-12-31": "7555.00000", "2015-09-30": "7876.00000", "2015-06-30": "7820.00000", "2015-03-31": "7482.00000", "2014-12-31": "7344.00000", "2014-09-30": "7477.00000", "2014-06-30": "7394.00000", "2014-03-31": "6774.00000", "2013-12-31": "6569.00000", "2013-09-30": "6952.00000", "2013-06-30": "6732.00000", "2013-03-31": "6597.00000", "2012-12-31": "6734.00000", "2012-09-30": "6779.00000", "2012-06-30": "6923.00000", "2012-03-31": "5645.00000", "2011-12-31": "2647.00000", "2011-09-30": "2616.00000", "2011-06-30": "2629.00000", "2011-03-31": "2664.00000", "2010-12-31": "2700.00000", "2010-09-30": "2816.00000", "2010-06-30": "2711.00000", "2010-03-31": "2706.00000", "2009-12-31": "2950.00000", "2009-09-30": "3093.00000", "2009-06-30": "3166.00000", "2009-03-31": "3221.00000", "2008-12-31": "3332.00000", "2008-09-30": "3579.00000", "2008-06-30": "2983.00000", "2008-03-31": "2559.00000", "2007-12-31": "2701.00000", "2007-09-30": "2681.00000", "2007-06-30": "2655.00000", "2007-03-31": "2655.00000", "2006-12-31": "2665.00000", "2006-09-30": "2672.00000", "2006-06-30": "3090.00000", "2006-03-31": "3101.00000", "2005-12-31": "3125.00000", "2005-09-30": "3158.00000", "2005-06-30": "3176.00000", "2005-03-31": "3143.00000"}, "Other Non-Current Liabilities": {"2020-12-31": "138.00000", "2020-09-30": "138.00000", "2020-06-30": "121.00000", "2020-03-31": "86.00000", "2019-12-31": "91.00000", "2019-09-30": "99.00000", "2019-06-30": "94.00000", "2019-03-31": "86.00000", "2018-12-31": "83.00000", "2018-09-30": "123.00000", "2018-06-30": "120.00000", "2018-03-31": "122.00000", "2017-12-31": "120.00000", "2017-09-30": "71.00000", "2017-06-30": "69.00000", "2017-03-31": "69.00000", "2016-12-31": "67.00000", "2016-09-30": "60.00000", "2016-06-30": "55.00000", "2016-03-31": "54.00000", "2015-12-31": "54.00000", "2015-09-30": "55.00000", "2015-06-30": "55.00000", "2015-03-31": "60.00000", "2014-12-31": "65.00000", "2014-09-30": "83.00000", "2014-06-30": "80.00000", "2014-03-31": "67.00000", "2013-12-31": "69.00000", "2013-09-30": "69.00000", "2013-06-30": "65.00000", "2013-03-31": "67.00000", "2012-12-31": "65.00000", "2012-09-30": "65.00000", "2012-06-30": "62.00000", "2012-03-31": "60.00000", "2011-12-31": "59.00000", "2011-09-30": "58.00000", "2011-06-30": "60.00000", "2011-03-31": "62.00000", "2010-12-31": "59.00000", "2010-09-30": "35.00000", "2010-06-30": "37.00000", "2010-03-31": "40.00000", "2009-12-31": "43.00000", "2009-09-30": "39.00000", "2009-06-30": "42.00000", "2009-03-31": "46.00000", "2008-12-31": "47.00000", "2008-09-30": "59.00000", "2008-06-30": "65.00000", "2008-03-31": "64.00000", "2007-12-31": "64.00000", "2007-09-30": "100.00000", "2007-06-30": "130.00000", "2007-03-31": "106.00000", "2006-12-31": "101.00000", "2006-09-30": "104.00000", "2006-06-30": "138.00000", "2006-03-31": "119.00000", "2005-12-31": "117.00000", "2005-09-30": "", "2005-06-30": "", "2005-03-31": ""}, "Total Long Term Liabilities": {"2020-12-31": "11433.00000", "2020-09-30": "11831.00000", "2020-06-30": "12072.00000", "2020-03-31": "13237.00000", "2019-12-31": "12942.00000", "2019-09-30": "13112.00000", "2019-06-30": "13034.00000", "2019-03-31": "12973.00000", "2018-12-31": "12614.00000", "2018-09-30": "10933.00000", "2018-06-30": "9715.00000", "2018-03-31": "9989.00000", "2017-12-31": "10256.00000", "2017-09-30": "9760.00000", "2017-06-30": "9592.00000", "2017-03-31": "8752.00000", "2016-12-31": "9156.00000", "2016-09-30": "9316.00000", "2016-06-30": "9110.00000", "2016-03-31": "9054.00000", "2015-12-31": "9374.00000", "2015-09-30": "9584.00000", "2015-06-30": "9571.00000", "2015-03-31": "9232.00000", "2014-12-31": "8853.00000", "2014-09-30": "8972.00000", "2014-06-30": "8914.00000", "2014-03-31": "8322.00000", "2013-12-31": "8097.00000", "2013-09-30": "8416.00000", "2013-06-30": "8125.00000", "2013-03-31": "7957.00000", "2012-12-31": "8101.00000", "2012-09-30": "7950.00000", "2012-06-30": "8091.00000", "2012-03-31": "6124.00000", "2011-12-31": "3176.00000", "2011-09-30": "3071.00000", "2011-06-30": "3088.00000", "2011-03-31": "3111.00000", "2010-12-31": "3144.00000", "2010-09-30": "3235.00000", "2010-06-30": "3117.00000", "2010-03-31": "3151.00000", "2009-12-31": "3417.00000", "2009-09-30": "3546.00000", "2009-06-30": "3615.00000", "2009-03-31": "3677.00000", "2008-12-31": "3793.00000", "2008-09-30": "4269.00000", "2008-06-30": "3610.00000", "2008-03-31": "3182.00000", "2007-12-31": "3304.00000", "2007-09-30": "3253.00000", "2007-06-30": "3234.00000", "2007-03-31": "3200.00000", "2006-12-31": "3229.00000", "2006-09-30": "3189.00000", "2006-06-30": "3582.00000", "2006-03-31": "3679.00000", "2005-12-31": "3700.00000", "2005-09-30": "3397.00000", "2005-06-30": "3363.00000", "2005-03-31": "3301.00000"}, "Total Liabilities": {"2020-12-31": "13323.00000", "2020-09-30": "13747.00000", "2020-06-30": "13993.00000", "2020-03-31": "15233.00000", "2019-12-31": "15140.00000", "2019-09-30": "15755.00000", "2019-06-30": "15569.00000", "2019-03-31": "15211.00000", "2018-12-31": "14730.00000", "2018-09-30": "13020.00000", "2018-06-30": "11944.00000", "2018-03-31": "11630.00000", "2017-12-31": "11924.00000", "2017-09-30": "11533.00000", "2017-06-30": "11336.00000", "2017-03-31": "10069.00000", "2016-12-31": "10340.00000", "2016-09-30": "10736.00000", "2016-06-30": "10618.00000", "2016-03-31": "10283.00000", "2015-12-31": "10607.00000", "2015-09-30": "11101.00000", "2015-06-30": "11153.00000", "2015-03-31": "10787.00000", "2014-12-31": "10331.00000", "2014-09-30": "10667.00000", "2014-06-30": "10660.00000", "2014-03-31": "9423.00000", "2013-12-31": "9383.00000", "2013-09-30": "9834.00000", "2013-06-30": "9717.00000", "2013-03-31": "9326.00000", "2012-12-31": "9452.00000", "2012-09-30": "9464.00000", "2012-06-30": "9512.00000", "2012-03-31": "7170.00000", "2011-12-31": "4040.00000", "2011-09-30": "3950.00000", "2011-06-30": "3928.00000", "2011-03-31": "3721.00000", "2010-12-31": "3713.00000", "2010-09-30": "3759.00000", "2010-06-30": "3624.00000", "2010-03-31": "3632.00000", "2009-12-31": "3878.00000", "2009-09-30": "3913.00000", "2009-06-30": "3964.00000", "2009-03-31": "4033.00000", "2008-12-31": "4220.00000", "2008-09-30": "4737.00000", "2008-06-30": "4195.00000", "2008-03-31": "3830.00000", "2007-12-31": "3824.00000", "2007-09-30": "3852.00000", "2007-06-30": "3966.00000", "2007-03-31": "3829.00000", "2006-12-31": "3828.00000", "2006-09-30": "4060.00000", "2006-06-30": "4191.00000", "2006-03-31": "4295.00000", "2005-12-31": "4241.00000", "2005-09-30": "4007.00000", "2005-06-30": "4003.00000", "2005-03-31": "3859.00000"}, "Common Stock Net": {"2020-12-31": "1.00000", "2020-09-30": "1.00000", "2020-06-30": "1.00000", "2020-03-31": "1.00000", "2019-12-31": "1.00000", "2019-09-30": "1.00000", "2019-06-30": "1.00000", "2019-03-31": "1.00000", "2018-12-31": "1.00000", "2018-09-30": "1.00000", "2018-06-30": "1.00000", "2018-03-31": "1.00000", "2017-12-31": "1.00000", "2017-09-30": "1.00000", "2017-06-30": "1.00000", "2017-03-31": "1.00000", "2016-12-31": "1.00000", "2016-09-30": "1.00000", "2016-06-30": "1.00000", "2016-03-31": "1.00000", "2015-12-31": "1.00000", "2015-09-30": "1.00000", "2015-06-30": "1.00000", "2015-03-31": "1.00000", "2014-12-31": "1.00000", "2014-09-30": "1.00000", "2014-06-30": "1.00000", "2014-03-31": "1.00000", "2013-12-31": "1.00000", "2013-09-30": "1.00000", "2013-06-30": "1.00000", "2013-03-31": "1.00000", "2012-12-31": "1.00000", "2012-09-30": "1.00000", "2012-06-30": "1.00000", "2012-03-31": "1.00000", "2011-12-31": "1.00000", "2011-09-30": "1.00000", "2011-06-30": "1.00000", "2011-03-31": "1.00000", "2010-12-31": "1.00000", "2010-09-30": "1.00000", "2010-06-30": "1.00000", "2010-03-31": "1.00000", "2009-12-31": "1.00000", "2009-09-30": "1.00000", "2009-06-30": "1.00000", "2009-03-31": "1.00000", "2008-12-31": "1.00000", "2008-09-30": "1.00000", "2008-06-30": "1.00000", "2008-03-31": "1.00000", "2007-12-31": "1.00000", "2007-09-30": "1.00000", "2007-06-30": "1.00000", "2007-03-31": "1.00000", "2006-12-31": "1.00000", "2006-09-30": "1.00000", "2006-06-30": "1.00000", "2006-03-31": "1.00000", "2005-12-31": "1.00000", "2005-09-30": "1.00000", "2005-06-30": "1.00000", "2005-03-31": "1.00000"}, "Retained Earnings (Accumulated Deficit)": {"2020-12-31": "6165.00000", "2020-09-30": "5868.00000", "2020-06-30": "5660.00000", "2020-03-31": "5448.00000", "2019-12-31": "5275.00000", "2019-09-30": "4937.00000", "2019-06-30": "4546.00000", "2019-03-31": "4276.00000", "2018-12-31": "4101.00000", "2018-09-30": "3791.00000", "2018-06-30": "3458.00000", "2018-03-31": "3188.00000", "2017-12-31": "3005.00000", "2017-09-30": "2108.00000", "2017-06-30": "1909.00000", "2017-03-31": "1763.00000", "2016-12-31": "1654.00000", "2016-09-30": "1501.00000", "2016-06-30": "1314.00000", "2016-03-31": "1180.00000", "2015-12-31": "1088.00000", "2015-09-30": "919.00000", "2015-06-30": "704.00000", "2015-03-31": "618.00000", "2014-12-31": "503.00000", "2014-09-30": "309.00000", "2014-06-30": "117.00000", "2014-03-31": "23.00000", "2013-12-31": "-37.00000", "2013-09-30": "-177.00000", "2013-06-30": "-320.00000", "2013-03-31": "-403.00000", "2012-12-31": "-424.00000", "2012-09-30": "-465.00000", "2012-06-30": "-538.00000", "2012-03-31": "-486.00000", "2011-12-31": "-499.00000", "2011-09-30": "-528.00000", "2011-06-30": "-593.00000", "2011-03-31": "-620.00000", "2010-12-31": "-600.00000", "2010-09-30": "-579.00000", "2010-06-30": "-602.00000", "2010-03-31": "-614.00000", "2009-12-31": "-574.00000", "2009-09-30": "-548.00000", "2009-06-30": "-548.00000", "2009-03-31": "-531.00000", "2008-12-31": "-512.00000", "2008-09-30": "341.00000", "2008-06-30": "267.00000", "2008-03-31": "469.00000", "2007-12-31": "431.00000", "2007-09-30": "278.00000", "2007-06-30": "166.00000", "2007-03-31": "99.00000", "2006-12-31": "69.00000", "2006-09-30": "16.00000", "2006-06-30": "-79.00000", "2006-03-31": "-135.00000", "2005-12-31": "-155.00000", "2005-09-30": "-204.00000", "2005-06-30": "-280.00000", "2005-03-31": "-330.00000"}, "Comprehensive Income": {"2020-12-31": "-146.00000", "2020-09-30": "-214.00000", "2020-06-30": "-247.00000", "2020-03-31": "-292.00000", "2019-12-31": "-186.00000", "2019-09-30": "-217.00000", "2019-06-30": "-194.00000", "2019-03-31": "-216.00000", "2018-12-31": "-237.00000", "2018-09-30": "-178.00000", "2018-06-30": "-196.00000", "2018-03-31": "-176.00000", "2017-12-31": "-151.00000", "2017-09-30": "-143.00000", "2017-06-30": "-185.00000", "2017-03-31": "-210.00000", "2016-12-31": "-218.00000", "2016-09-30": "-196.00000", "2016-06-30": "-187.00000", "2016-03-31": "-187.00000", "2015-12-31": "-250.00000", "2015-09-30": "-218.00000", "2015-06-30": "-146.00000", "2015-03-31": "-163.00000", "2014-12-31": "-74.00000", "2014-09-30": "-35.00000", "2014-06-30": "16.00000", "2014-03-31": "-20.00000", "2013-12-31": "19.00000", "2013-09-30": "53.00000", "2013-06-30": "32.00000", "2013-03-31": "64.00000", "2012-12-31": "84.00000", "2012-09-30": "94.00000", "2012-06-30": "73.00000", "2012-03-31": "85.00000", "2011-12-31": "75.00000", "2011-09-30": "63.00000", "2011-06-30": "100.00000", "2011-03-31": "99.00000", "2010-12-31": "87.00000", "2010-09-30": "73.00000", "2010-06-30": "62.00000", "2010-03-31": "78.00000", "2009-12-31": "67.00000", "2009-09-30": "60.00000", "2009-06-30": "33.00000", "2009-03-31": "7.00000", "2008-12-31": "16.00000", "2008-09-30": "68.00000", "2008-06-30": "84.00000", "2008-03-31": "77.00000", "2007-12-31": "92.00000", "2007-09-30": "107.00000", "2007-06-30": "78.00000", "2007-03-31": "51.00000", "2006-12-31": "47.00000", "2006-09-30": "60.00000", "2006-06-30": "63.00000", "2006-03-31": "52.00000", "2005-12-31": "50.00000", "2005-09-30": "50.00000", "2005-06-30": "34.00000", "2005-03-31": "39.00000"}, "Other Share Holders Equity": {"2020-12-31": "", "2020-09-30": "", "2020-06-30": "", "2020-03-31": "", "2019-12-31": "", "2019-09-30": "", "2019-06-30": "", "2019-03-31": "", "2018-12-31": "", "2018-09-30": "", "2018-06-30": "", "2018-03-31": "", "2017-12-31": "", "2017-09-30": "", "2017-06-30": "", "2017-03-31": "", "2016-12-31": "", "2016-09-30": "", "2016-06-30": "", "2016-03-31": "", "2015-12-31": "", "2015-09-30": "", "2015-06-30": "", "2015-03-31": "", "2014-12-31": "", "2014-09-30": "", "2014-06-30": "", "2014-03-31": "", "2013-12-31": "", "2013-09-30": "", "2013-06-30": "", "2013-03-31": "", "2012-12-31": "", "2012-09-30": "", "2012-06-30": "", "2012-03-31": "", "2011-12-31": "", "2011-09-30": "", "2011-06-30": "", "2011-03-31": "", "2010-12-31": "", "2010-09-30": "", "2010-06-30": "", "2010-03-31": "", "2009-12-31": "", "2009-09-30": "", "2009-06-30": "", "2009-03-31": "", "2008-12-31": "", "2008-09-30": "", "2008-06-30": "", "2008-03-31": "", "2007-12-31": "", "2007-09-30": "", "2007-06-30": "", "2007-03-31": "", "2006-12-31": "", "2006-09-30": "", "2006-06-30": "", "2006-03-31": "", "2005-12-31": "", "2005-09-30": "", "2005-06-30": "", "2005-03-31": ""}, "Share Holder Equity": {"2020-12-31": "4545.00000", "2020-09-30": "4161.00000", "2020-06-30": "3907.00000", "2020-03-31": "3635.00000", "2019-12-31": "3830.00000", "2019-09-30": "3650.00000", "2019-06-30": "3478.00000", "2019-03-31": "3375.00000", "2018-12-31": "3403.00000", "2018-09-30": "3334.00000", "2018-06-30": "3164.00000", "2018-03-31": "3058.00000", "2017-12-31": "3106.00000", "2017-09-30": "2211.00000", "2017-06-30": "1948.00000", "2017-03-31": "1753.00000", "2016-12-31": "1648.00000", "2016-09-30": "1539.00000", "2016-06-30": "1502.00000", "2016-03-31": "1501.00000", "2015-12-31": "1476.00000", "2015-09-30": "1497.00000", "2015-06-30": "1452.00000", "2015-03-31": "1495.00000", "2014-12-31": "1798.00000", "2014-09-30": "1816.00000", "2014-06-30": "1807.00000", "2014-03-31": "1824.00000", "2013-12-31": "1848.00000", "2013-09-30": "1729.00000", "2013-06-30": "1609.00000", "2013-03-31": "1595.00000", "2012-12-31": "1574.00000", "2012-09-30": "1528.00000", "2012-06-30": "1430.00000", "2012-03-31": "127.00000", "2011-12-31": "103.00000", "2011-09-30": "55.00000", "2011-06-30": "24.00000", "2011-03-31": "-29.00000", "2010-12-31": "-20.00000", "2010-09-30": "-15.00000", "2010-06-30": "-50.00000", "2010-03-31": "-48.00000", "2009-12-31": "-19.00000", "2009-09-30": "-18.00000", "2009-06-30": "-46.00000", "2009-03-31": "-56.00000", "2008-12-31": "-29.00000", "2008-09-30": "875.00000", "2008-06-30": "1414.00000", "2008-03-31": "2042.00000", "2007-12-31": "2018.00000", "2007-09-30": "1865.00000", "2007-06-30": "1702.00000", "2007-03-31": "1581.00000", "2006-12-31": "1538.00000", "2006-09-30": "1501.00000", "2006-06-30": "1402.00000", "2006-03-31": "1251.00000", "2005-12-31": "1229.00000", "2005-09-30": "1181.00000", "2005-06-30": "1090.00000", "2005-03-31": "1042.00000"}, "Total Liabilities And Share Holders Equity": {"2020-12-31": "17868.00000", "2020-09-30": "17908.00000", "2020-06-30": "17900.00000", "2020-03-31": "18868.00000", "2019-12-31": "18970.00000", "2019-09-30": "19405.00000", "2019-06-30": "19047.00000", "2019-03-31": "18586.00000", "2018-12-31": "18133.00000", "2018-09-30": "16354.00000", "2018-06-30": "15108.00000", "2018-03-31": "14688.00000", "2017-12-31": "15030.00000", "2017-09-30": "13744.00000", "2017-06-30": "13284.00000", "2017-03-31": "11822.00000", "2016-12-31": "11988.00000", "2016-09-30": "12275.00000", "2016-06-30": "12120.00000", "2016-03-31": "11784.00000", "2015-12-31": "12083.00000", "2015-09-30": "12598.00000", "2015-06-30": "12605.00000", "2015-03-31": "12282.00000", "2014-12-31": "12129.00000", "2014-09-30": "12483.00000", "2014-06-30": "12467.00000", "2014-03-31": "11247.00000", "2013-12-31": "11231.00000", "2013-09-30": "11563.00000", "2013-06-30": "11326.00000", "2013-03-31": "10921.00000", "2012-12-31": "11026.00000", "2012-09-30": "10992.00000", "2012-06-30": "10942.00000", "2012-03-31": "7297.00000", "2011-12-31": "4143.00000", "2011-09-30": "4005.00000", "2011-06-30": "3952.00000", "2011-03-31": "3692.00000", "2010-12-31": "3693.00000", "2010-09-30": "3744.00000", "2010-06-30": "3574.00000", "2010-03-31": "3584.00000", "2009-12-31": "3859.00000", "2009-09-30": "3895.00000", "2009-06-30": "3918.00000", "2009-03-31": "3977.00000", "2008-12-31": "4191.00000", "2008-09-30": "5612.00000", "2008-06-30": "5609.00000", "2008-03-31": "5872.00000", "2007-12-31": "5842.00000", "2007-09-30": "5717.00000", "2007-06-30": "5668.00000", "2007-03-31": "5410.00000", "2006-12-31": "5366.00000", "2006-09-30": "5561.00000", "2006-06-30": "5593.00000", "2006-03-31": "5546.00000", "2005-12-31": "5470.00000", "2005-09-30": "5188.00000", "2005-06-30": "5093.00000", "2005-03-31": "4901.00000"}}, "cash flow statement": {"Net Income/Loss": {"2020-12-31": "890.00000", "2019-12-31": "1174.00000", "2018-12-31": "1096.00000", "2017-12-31": "1346.00000", "2016-12-31": "566.00000", "2015-12-31": "585.00000", "2014-12-31": "540.00000", "2013-12-31": "387.00000", "2012-12-31": "75.00000", "2011-12-31": "101.00000", "2010-12-31": "-26.00000", "2009-12-31": "-62.00000", "2008-12-31": "-704.00000", "2007-12-31": "363.00000", "2006-12-31": "249.00000", "2005-12-31": "202.00000"}, "Total Depreciation And Amortization - Cash Flow": {"2020-12-31": "2002.00000", "2019-12-31": "2053.00000", "2018-12-31": "1683.00000", "2017-12-31": "1392.00000", "2016-12-31": "1254.00000", "2015-12-31": "1254.00000", "2014-12-31": "1211.00000", "2013-12-31": "1119.00000", "2012-12-31": "920.00000", "2011-12-31": "502.00000", "2010-12-31": "472.00000", "2009-12-31": "491.00000", "2008-12-31": "1676.00000", "2007-12-31": "500.00000", "2006-12-31": "477.00000", "2005-12-31": "432.00000"}, "Other Non-Cash Items": {"2020-12-31": "-231.00000", "2019-12-31": "2.00000", "2018-12-31": "120.00000", "2017-12-31": "-537.00000", "2016-12-31": "5.00000", "2015-12-31": "248.00000", "2014-12-31": "185.00000", "2013-12-31": "56.00000", "2012-12-31": "163.00000", "2011-12-31": "26.00000", "2010-12-31": "-29.00000", "2009-12-31": "17.00000", "2008-12-31": "-212.00000", "2007-12-31": "-19.00000", "2006-12-31": "75.00000", "2005-12-31": "44.00000"}, "Total Non-Cash Items": {"2020-12-31": "1771.00000", "2019-12-31": "2055.00000", "2018-12-31": "1803.00000", "2017-12-31": "855.00000", "2016-12-31": "1259.00000", "2015-12-31": "1502.00000", "2014-12-31": "1396.00000", "2013-12-31": "1175.00000", "2012-12-31": "1083.00000", "2011-12-31": "528.00000", "2010-12-31": "443.00000", "2009-12-31": "508.00000", "2008-12-31": "1464.00000", "2007-12-31": "481.00000", "2006-12-31": "552.00000", "2005-12-31": "476.00000"}, "Change In Accounts Receivable": {"2020-12-31": "218.00000", "2019-12-31": "39.00000", "2018-12-31": "-115.00000", "2017-12-31": "-184.00000", "2016-12-31": "15.00000", "2015-12-31": "-11.00000", "2014-12-31": "-101.00000", "2013-12-31": "-20.00000", "2012-12-31": "-86.00000", "2011-12-31": "-62.00000", "2010-12-31": "-38.00000", "2009-12-31": "128.00000", "2008-12-31": "51.00000", "2007-12-31": "-5.00000", "2006-12-31": "10.00000", "2005-12-31": "-76.00000"}, "Change In Inventories": {"2020-12-31": "-5.00000", "2019-12-31": "-8.00000", "2018-12-31": "-20.00000", "2017-12-31": "1.00000", "2016-12-31": "1.00000", "2015-12-31": "8.00000", "2014-12-31": "11.00000", "2013-12-31": "-2.00000", "2012-12-31": "-2.00000", "2011-12-31": "-3.00000", "2010-12-31": "5.00000", "2009-12-31": "16.00000", "2008-12-31": "31.00000", "2007-12-31": "51.00000", "2006-12-31": "16.00000", "2005-12-31": "-47.00000"}, "Change In Accounts Payable": {"2020-12-31": "10.00000", "2019-12-31": "-86.00000", "2018-12-31": "49.00000", "2017-12-31": "141.00000", "2016-12-31": "-29.00000", "2015-12-31": "-8.00000", "2014-12-31": "-23.00000", "2013-12-31": "9.00000", "2012-12-31": "-223.00000", "2011-12-31": "68.00000", "2010-12-31": "4.00000", "2009-12-31": "-32.00000", "2008-12-31": "-34.00000", "2007-12-31": "-30.00000", "2006-12-31": "9.00000", "2005-12-31": "5.00000"}, "Change In Assets/Liabilities": {"2020-12-31": "-228.00000", "2019-12-31": "-59.00000", "2018-12-31": "75.00000", "2017-12-31": "-20.00000", "2016-12-31": "77.00000", "2015-12-31": "-38.00000", "2014-12-31": "-52.00000", "2013-12-31": "60.00000", "2012-12-31": "-18.00000", "2011-12-31": "-15.00000", "2010-12-31": "61.00000", "2009-12-31": "-36.00000", "2008-12-31": "30.00000", "2007-12-31": "4.00000", "2006-12-31": "5.00000", "2005-12-31": "2.00000"}, "Total Change In Assets/Liabilities": {"2020-12-31": "-3.00000", "2019-12-31": "-205.00000", "2018-12-31": "-46.00000", "2017-12-31": "8.00000", "2016-12-31": "116.00000", "2015-12-31": "-92.00000", "2014-12-31": "-135.00000", "2013-12-31": "-11.00000", "2012-12-31": "-437.00000", "2011-12-31": "-17.00000", "2010-12-31": "35.00000", "2009-12-31": "-8.00000", "2008-12-31": "4.00000", "2007-12-31": "24.00000", "2006-12-31": "57.00000", "2005-12-31": "-49.00000"}, "Cash Flow From Operating Activities": {"2020-12-31": "2658.00000", "2019-12-31": "3024.00000", "2018-12-31": "2853.00000", "2017-12-31": "2209.00000", "2016-12-31": "1941.00000", "2015-12-31": "1995.00000", "2014-12-31": "1801.00000", "2013-12-31": "1551.00000", "2012-12-31": "721.00000", "2011-12-31": "612.00000", "2010-12-31": "452.00000", "2009-12-31": "438.00000", "2008-12-31": "764.00000", "2007-12-31": "868.00000", "2006-12-31": "858.00000", "2005-12-31": "629.00000"}, "Net Change In Property, Plant, And Equipment": {"2020-12-31": "-258.00000", "2019-12-31": "-1482.00000", "2018-12-31": "-1604.00000", "2017-12-31": "-1323.00000", "2016-12-31": "-829.00000", "2015-12-31": "-1081.00000", "2014-12-31": "-1244.00000", "2013-12-31": "-1168.00000", "2012-12-31": "-939.00000", "2011-12-31": "-589.00000", "2010-12-31": "-223.00000", "2009-12-31": "-69.00000", "2008-12-31": "-429.00000", "2007-12-31": "-648.00000", "2006-12-31": "-599.00000", "2005-12-31": "-486.00000"}, "Net Change In Intangible Assets": {"2020-12-31": "", "2019-12-31": "", "2018-12-31": "", "2017-12-31": "", "2016-12-31": "", "2015-12-31": "", "2014-12-31": "", "2013-12-31": "", "2012-12-31": "", "2011-12-31": "", "2010-12-31": "", "2009-12-31": "", "2008-12-31": "", "2007-12-31": "", "2006-12-31": "", "2005-12-31": ""}, "Net Acquisitions/Divestitures": {"2020-12-31": "-2.00000", "2019-12-31": "-249.00000", "2018-12-31": "-2966.00000", "2017-12-31": "-2377.00000", "2016-12-31": "-28.00000", "2015-12-31": "-86.00000", "2014-12-31": "-756.00000", "2013-12-31": "-9.00000", "2012-12-31": "-1165.00000", "2011-12-31": "-276.00000", "2010-12-31": "", "2009-12-31": "-25.00000", "2008-12-31": "-17.00000", "2007-12-31": "-23.00000", "2006-12-31": "-39.00000", "2005-12-31": "-40.00000"}, "Net Change In Short-term Investments": {"2020-12-31": "", "2019-12-31": "", "2018-12-31": "", "2017-12-31": "", "2016-12-31": "", "2015-12-31": "", "2014-12-31": "", "2013-12-31": "", "2012-12-31": "", "2011-12-31": "", "2010-12-31": "", "2009-12-31": "", "2008-12-31": "", "2007-12-31": "", "2006-12-31": "", "2005-12-31": ""}, "Net Change In Long-Term Investments": {"2020-12-31": "-3.00000", "2019-12-31": "-3.00000", "2018-12-31": "-3.00000", "2017-12-31": "-5.00000", "2016-12-31": "-2.00000", "2015-12-31": "-3.00000", "2014-12-31": "", "2013-12-31": "", "2012-12-31": "", "2011-12-31": "", "2010-12-31": "", "2009-12-31": "", "2008-12-31": "", "2007-12-31": "", "2006-12-31": "", "2005-12-31": ""}, "Net Change In Investments - Total": {"2020-12-31": "-3.00000", "2019-12-31": "-3.00000", "2018-12-31": "-3.00000", "2017-12-31": "-5.00000", "2016-12-31": "-2.00000", "2015-12-31": "-3.00000", "2014-12-31": "", "2013-12-31": "", "2012-12-31": "", "2011-12-31": "", "2010-12-31": "", "2009-12-31": "", "2008-12-31": "", "2007-12-31": "", "2006-12-31": "", "2005-12-31": ""}, "Investing Activities - Other": {"2020-12-31": "40.00000", "2019-12-31": "24.00000", "2018-12-31": "22.00000", "2017-12-31": "21.00000", "2016-12-31": "12.00000", "2015-12-31": "", "2014-12-31": "", "2013-12-31": "", "2012-12-31": "", "2011-12-31": "", "2010-12-31": "", "2009-12-31": "", "2008-12-31": "", "2007-12-31": "67.00000", "2006-12-31": "-10.00000", "2005-12-31": "-15.00000"}, "Cash Flow From Investing Activities": {"2020-12-31": "-223.00000", "2019-12-31": "-1710.00000", "2018-12-31": "-4551.00000", "2017-12-31": "-3684.00000", "2016-12-31": "-847.00000", "2015-12-31": "-1170.00000", "2014-12-31": "-2000.00000", "2013-12-31": "-1177.00000", "2012-12-31": "-2104.00000", "2011-12-31": "-865.00000", "2010-12-31": "-223.00000", "2009-12-31": "-94.00000", "2008-12-31": "-446.00000", "2007-12-31": "-604.00000", "2006-12-31": "-648.00000", "2005-12-31": "-541.00000"}, "Net Long-Term Debt": {"2020-12-31": "-1985.00000", "2019-12-31": "-418.00000", "2018-12-31": "2236.00000", "2017-12-31": "1594.00000", "2016-12-31": "-471.00000", "2015-12-31": "84.00000", "2014-12-31": "787.00000", "2013-12-31": "-160.00000", "2012-12-31": "1643.00000", "2011-12-31": "79.00000", "2010-12-31": "-183.00000", "2009-12-31": "-206.00000", "2008-12-31": "279.00000", "2007-12-31": "-71.00000", "2006-12-31": "-481.00000", "2005-12-31": "-39.00000"}, "Net Current Debt": {"2020-12-31": "", "2019-12-31": "", "2018-12-31": "", "2017-12-31": "", "2016-12-31": "", "2015-12-31": "", "2014-12-31": "", "2013-12-31": "", "2012-12-31": "", "2011-12-31": "", "2010-12-31": "", "2009-12-31": "", "2008-12-31": "", "2007-12-31": "", "2006-12-31": "", "2005-12-31": ""}, "Debt Issuance/Retirement Net - Total": {"2020-12-31": "-1985.00000", "2019-12-31": "-418.00000", "2018-12-31": "2236.00000", "2017-12-31": "1594.00000", "2016-12-31": "-471.00000", "2015-12-31": "84.00000", "2014-12-31": "787.00000", "2013-12-31": "-160.00000", "2012-12-31": "1643.00000", "2011-12-31": "79.00000", "2010-12-31": "-183.00000", "2009-12-31": "-206.00000", "2008-12-31": "279.00000", "2007-12-31": "-71.00000", "2006-12-31": "-481.00000", "2005-12-31": "-39.00000"}, "Net Common Equity Issued/Repurchased": {"2020-12-31": "-285.00000", "2019-12-31": "-859.00000", "2018-12-31": "-815.00000", "2017-12-31": "-53.00000", "2016-12-31": "-527.00000", "2015-12-31": "-788.00000", "2014-12-31": "-611.00000", "2013-12-31": "-109.00000", "2012-12-31": "-110.00000", "2011-12-31": "28.00000", "2010-12-31": "", "2009-12-31": "-1.00000", "2008-12-31": "-602.00000", "2007-12-31": "27.00000", "2006-12-31": "74.00000", "2005-12-31": "-6.00000"}, "Net Total Equity Issued/Repurchased": {"2020-12-31": "-285.00000", "2019-12-31": "-859.00000", "2018-12-31": "-815.00000", "2017-12-31": "-53.00000", "2016-12-31": "-527.00000", "2015-12-31": "-788.00000", "2014-12-31": "-611.00000", "2013-12-31": "-109.00000", "2012-12-31": "-110.00000", "2011-12-31": "28.00000", "2010-12-31": "", "2009-12-31": "-1.00000", "2008-12-31": "-859.00000", "2007-12-31": "27.00000", "2006-12-31": "74.00000", "2005-12-31": "-6.00000"}, "Total Common And Preferred Stock Dividends Paid": {"2020-12-31": "", "2019-12-31": "", "2018-12-31": "", "2017-12-31": "", "2016-12-31": "", "2015-12-31": "", "2014-12-31": "", "2013-12-31": "", "2012-12-31": "", "2011-12-31": "", "2010-12-31": "", "2009-12-31": "", "2008-12-31": "", "2007-12-31": "", "2006-12-31": "", "2005-12-31": ""}, "Financial Activities - Other": {"2020-12-31": "-23.00000", "2019-12-31": "-28.00000", "2018-12-31": "-24.00000", "2017-12-31": "-44.00000", "2016-12-31": "34.00000", "2015-12-31": "-71.00000", "2014-12-31": "20.00000", "2013-12-31": "-26.00000", "2012-12-31": "-80.00000", "2011-12-31": "-27.00000", "2010-12-31": "-20.00000", "2009-12-31": "-61.00000", "2008-12-31": "-32.00000", "2007-12-31": "31.00000", "2006-12-31": "3.00000", "2005-12-31": "-35.00000"}, "Cash Flow From Financial Activities": {"2020-12-31": "-2293.00000", "2019-12-31": "-1305.00000", "2018-12-31": "1397.00000", "2017-12-31": "1497.00000", "2016-12-31": "-964.00000", "2015-12-31": "-775.00000", "2014-12-31": "196.00000", "2013-12-31": "-295.00000", "2012-12-31": "1453.00000", "2011-12-31": "80.00000", "2010-12-31": "-203.00000", "2009-12-31": "-268.00000", "2008-12-31": "-612.00000", "2007-12-31": "-13.00000", "2006-12-31": "-404.00000", "2005-12-31": "-80.00000"}, "Net Cash Flow": {"2020-12-31": "150.00000", "2019-12-31": "9.00000", "2018-12-31": "-309.00000", "2017-12-31": "40.00000", "2016-12-31": "133.00000", "2015-12-31": "21.00000", "2014-12-31": "-17.00000", "2013-12-31": "69.00000", "2012-12-31": "70.00000", "2011-12-31": "-167.00000", "2010-12-31": "34.00000", "2009-12-31": "92.00000", "2008-12-31": "-304.00000", "2007-12-31": "262.00000", "2006-12-31": "-197.00000", "2005-12-31": "13.00000"}, "Stock-Based Compensation": {"2020-12-31": "70.00000", "2019-12-31": "61.00000", "2018-12-31": "102.00000", "2017-12-31": "87.00000", "2016-12-31": "45.00000", "2015-12-31": "49.00000", "2014-12-31": "74.00000", "2013-12-31": "46.00000", "2012-12-31": "32.00000", "2011-12-31": "12.00000", "2010-12-31": "8.00000", "2009-12-31": "8.00000", "2008-12-31": "6.00000", "2007-12-31": "15.00000", "2006-12-31": "16.00000", "2005-12-31": "8.00000"}, "Common Stock Dividends Paid": {"2020-12-31": "", "2019-12-31": "", "2018-12-31": "", "2017-12-31": "", "2016-12-31": "", "2015-12-31": "", "2014-12-31": "", "2013-12-31": "", "2012-12-31": "", "2011-12-31": "", "2010-12-31": "", "2009-12-31": "", "2008-12-31": "", "2007-12-31": "", "2006-12-31": "", "2005-12-31": ""}}, "cash flow statement, quarterly": {"Net Income/Loss": {"2020-12-31": 297, "2020-09-30": 208, "2020-06-30": 212, "2020-03-31": "173.00000", "2019-12-31": 338, "2019-09-30": 391, "2019-06-30": 270, "2019-03-31": "175.00000", "2018-12-31": 310, "2018-09-30": 333, "2018-06-30": 270, "2018-03-31": "183.00000", "2017-12-31": 897, "2017-09-30": 199, "2017-06-30": 141, "2017-03-31": "109.00000", "2016-12-31": 153, "2016-09-30": 187, "2016-06-30": 134, "2016-03-31": "92.00000", "2015-12-31": 169, "2015-09-30": 215, "2015-06-30": 86, "2015-03-31": "115.00000", "2014-12-31": 194, "2014-09-30": 192, "2014-06-30": 94, "2014-03-31": "60.00000", "2013-12-31": 140, "2013-09-30": 143, "2013-06-30": 83, "2013-03-31": "21.00000", "2012-12-31": 41, "2012-09-30": 73, "2012-06-30": -52, "2012-03-31": "13.00000", "2011-12-31": 29, "2011-09-30": 65, "2011-06-30": 27, "2011-03-31": "-20.00000", "2010-12-31": -21, "2010-09-30": 23, "2010-06-30": 12, "2010-03-31": "-40.00000", "2009-12-31": -26, "2009-09-30": 0, "2009-06-30": -17, "2009-03-31": "-19.00000", "2008-12-31": -853, "2008-09-30": 74, "2008-06-30": 37, "2008-03-31": "38.00000", "2007-12-31": 153, "2007-09-30": 111, "2007-06-30": 67, "2007-03-31": "32.00000", "2006-12-31": 77, "2006-09-30": 88, "2006-06-30": 59, "2006-03-31": "25.00000", "2005-12-31": 64, "2005-09-30": 76, "2005-06-30": 50, "2005-03-31": "12.00000"}, "Total Depreciation And Amortization - Cash Flow": {"2020-12-31": 483, "2020-09-30": 496, "2020-06-30": 493, "2020-03-31": "530.00000", "2019-12-31": 520, "2019-09-30": 522, "2019-06-30": 508, "2019-03-31": "503.00000", "2018-12-31": 473, "2018-09-30": 421, "2018-06-30": 393, "2018-03-31": "396.00000", "2017-12-31": 393, "2017-09-30": 355, "2017-06-30": 332, "2017-03-31": "312.00000", "2016-12-31": 320, "2016-09-30": 314, "2016-06-30": 308, "2016-03-31": "312.00000", "2015-12-31": 320, "2015-09-30": 318, "2015-06-30": 309, "2015-03-31": "307.00000", "2014-12-31": 315, "2014-09-30": 310, "2014-06-30": 304, "2014-03-31": "282.00000", "2013-12-31": 289, "2013-09-30": 283, "2013-06-30": 275, "2013-03-31": "272.00000", "2012-12-31": 278, "2012-09-30": 280, "2012-06-30": 228, "2012-03-31": "134.00000", "2011-12-31": 134, "2011-09-30": 129, "2011-06-30": 123, "2011-03-31": "116.00000", "2010-12-31": 123, "2010-09-30": 118, "2010-06-30": 116, "2010-03-31": "115.00000", "2009-12-31": 120, "2009-09-30": 118, "2009-06-30": 129, "2009-03-31": "124.00000", "2008-12-31": 1287, "2008-09-30": 133, "2008-06-30": 131, "2008-03-31": "125.00000", "2007-12-31": 134, "2007-09-30": 126, "2007-06-30": 123, "2007-03-31": "117.00000", "2006-12-31": 117, "2006-09-30": 126, "2006-06-30": 123, "2006-03-31": "111.00000", "2005-12-31": 90, "2005-09-30": 116, "2005-06-30": 115, "2005-03-31": "111.00000"}, "Other Non-Cash Items": {"2020-12-31": -112, "2020-09-30": 80, "2020-06-30": -125, "2020-03-31": "-74.00000", "2019-12-31": 36, "2019-09-30": 2, "2019-06-30": -5, "2019-03-31": "-31.00000", "2018-12-31": 46, "2018-09-30": 85, "2018-06-30": 7, "2018-03-31": "-18.00000", "2017-12-31": -634, "2017-09-30": 79, "2017-06-30": 38, "2017-03-31": "-20.00000", "2016-12-31": 40, "2016-09-30": 0, "2016-06-30": 4, "2016-03-31": "-39.00000", "2015-12-31": 246, "2015-09-30": -79, "2015-06-30": 106, "2015-03-31": "-25.00000", "2014-12-31": 80, "2014-09-30": 40, "2014-06-30": 64, "2014-03-31": "1.00000", "2013-12-31": 28, "2013-09-30": 34, "2013-06-30": 10, "2013-03-31": "-16.00000", "2012-12-31": 39, "2012-09-30": 48, "2012-06-30": 91, "2012-03-31": "-15.00000", "2011-12-31": 39, "2011-09-30": 9, "2011-06-30": -3, "2011-03-31": "-19.00000", "2010-12-31": 9, "2010-09-30": 11, "2010-06-30": -24, "2010-03-31": "-25.00000", "2009-12-31": 21, "2009-09-30": 4, "2009-06-30": 2, "2009-03-31": "-10.00000", "2008-12-31": -257, "2008-09-30": 23, "2008-06-30": 19, "2008-03-31": "3.00000", "2007-12-31": -6, "2007-09-30": 0, "2007-06-30": -4, "2007-03-31": "-9.00000", "2006-12-31": 28, "2006-09-30": 42, "2006-06-30": 13, "2006-03-31": "-8.00000", "2005-12-31": 1, "2005-09-30": 32, "2005-06-30": 25, "2005-03-31": "-14.00000"}, "Total Non-Cash Items": {"2020-12-31": 371, "2020-09-30": 576, "2020-06-30": 368, "2020-03-31": "456.00000", "2019-12-31": 556, "2019-09-30": 524, "2019-06-30": 503, "2019-03-31": "472.00000", "2018-12-31": 519, "2018-09-30": 506, "2018-06-30": 400, "2018-03-31": "378.00000", "2017-12-31": -241, "2017-09-30": 434, "2017-06-30": 370, "2017-03-31": "292.00000", "2016-12-31": 360, "2016-09-30": 314, "2016-06-30": 312, "2016-03-31": "273.00000", "2015-12-31": 566, "2015-09-30": 239, "2015-06-30": 415, "2015-03-31": "282.00000", "2014-12-31": 395, "2014-09-30": 350, "2014-06-30": 368, "2014-03-31": "283.00000", "2013-12-31": 317, "2013-09-30": 317, "2013-06-30": 285, "2013-03-31": "256.00000", "2012-12-31": 317, "2012-09-30": 328, "2012-06-30": 319, "2012-03-31": "119.00000", "2011-12-31": 173, "2011-09-30": 138, "2011-06-30": 120, "2011-03-31": "97.00000", "2010-12-31": 132, "2010-09-30": 129, "2010-06-30": 92, "2010-03-31": "90.00000", "2009-12-31": 141, "2009-09-30": 122, "2009-06-30": 131, "2009-03-31": "114.00000", "2008-12-31": 1030, "2008-09-30": 156, "2008-06-30": 150, "2008-03-31": "128.00000", "2007-12-31": 128, "2007-09-30": 126, "2007-06-30": 119, "2007-03-31": "108.00000", "2006-12-31": 145, "2006-09-30": 168, "2006-06-30": 136, "2006-03-31": "103.00000", "2005-12-31": 91, "2005-09-30": 148, "2005-06-30": 140, "2005-03-31": "97.00000"}, "Change In Accounts Receivable": {"2020-12-31": 16, "2020-09-30": -95, "2020-06-30": 192, "2020-03-31": "105.00000", "2019-12-31": 69, "2019-09-30": -69, "2019-06-30": -34, "2019-03-31": "73.00000", "2018-12-31": 16, "2018-09-30": -160, "2018-06-30": -51, "2018-03-31": "80.00000", "2017-12-31": -12, "2017-09-30": -156, "2017-06-30": -81, "2017-03-31": "65.00000", "2016-12-31": 8, "2016-09-30": -61, "2016-06-30": -35, "2016-03-31": "103.00000", "2015-12-31": 61, "2015-09-30": -109, "2015-06-30": -44, "2015-03-31": "81.00000", "2014-12-31": -2, "2014-09-30": -107, "2014-06-30": -39, "2014-03-31": "47.00000", "2013-12-31": -3, "2013-09-30": -51, "2013-06-30": -31, "2013-03-31": "65.00000", "2012-12-31": 8, "2012-09-30": -97, "2012-06-30": -47, "2012-03-31": "50.00000", "2011-12-31": -2, "2011-09-30": -45, "2011-06-30": -51, "2011-03-31": "36.00000", "2010-12-31": 24, "2010-09-30": -55, "2010-06-30": -24, "2010-03-31": "17.00000", "2009-12-31": 34, "2009-09-30": 11, "2009-06-30": -10, "2009-03-31": "93.00000", "2008-12-31": 43, "2008-09-30": -31, "2008-06-30": -26, "2008-03-31": "65.00000", "2007-12-31": 74, "2007-09-30": -29, "2007-06-30": -53, "2007-03-31": "3.00000", "2006-12-31": 39, "2006-09-30": -45, "2006-06-30": -55, "2006-03-31": "71.00000", "2005-12-31": 19, "2005-09-30": -67, "2005-06-30": -75, "2005-03-31": "47.00000"}, "Change In Inventories": {"2020-12-31": -17, "2020-09-30": 0, "2020-06-30": 7, "2020-03-31": "5.00000", "2019-12-31": 9, "2019-09-30": 8, "2019-06-30": -16, "2019-03-31": "-9.00000", "2018-12-31": 3, "2018-09-30": -4, "2018-06-30": -10, "2018-03-31": "-9.00000", "2017-12-31": 10, "2017-09-30": -4, "2017-06-30": 1, "2017-03-31": "-6.00000", "2016-12-31": 4, "2016-09-30": -1, "2016-06-30": 2, "2016-03-31": "-4.00000", "2015-12-31": 8, "2015-09-30": 3, "2015-06-30": 1, "2015-03-31": "-4.00000", "2014-12-31": 34, "2014-09-30": 8, "2014-06-30": 1, "2014-03-31": "-32.00000", "2013-12-31": 20, "2013-09-30": 21, "2013-06-30": -9, "2013-03-31": "-34.00000", "2012-12-31": 20, "2012-09-30": 17, "2012-06-30": 2, "2012-03-31": "-41.00000", "2011-12-31": 14, "2011-09-30": 13, "2011-06-30": -6, "2011-03-31": "-24.00000", "2010-12-31": 9, "2010-09-30": 12, "2010-06-30": -14, "2010-03-31": "-2.00000", "2009-12-31": 9, "2009-09-30": 3, "2009-06-30": 4, "2009-03-31": "", "2008-12-31": 19, "2008-09-30": 15, "2008-06-30": 1, "2008-03-31": "-4.00000", "2007-12-31": 35, "2007-09-30": 39, "2007-06-30": 7, "2007-03-31": "-30.00000", "2006-12-31": 12, "2006-09-30": 21, "2006-06-30": 15, "2006-03-31": "-32.00000", "2005-12-31": 15, "2005-09-30": -2, "2005-06-30": -29, "2005-03-31": "-31.00000"}, "Change In Accounts Payable": {"2020-12-31": -78, "2020-09-30": 223, "2020-06-30": -168, "2020-03-31": "33.00000", "2019-12-31": -387, "2019-09-30": 90, "2019-06-30": 193, "2019-03-31": "18.00000", "2018-12-31": -189, "2018-09-30": -213, "2018-06-30": 348, "2018-03-31": "103.00000", "2017-12-31": -209, "2017-09-30": -79, "2017-06-30": 290, "2017-03-31": "139.00000", "2016-12-31": -166, "2016-09-30": -200, "2016-06-30": 281, "2016-03-31": "56.00000", "2015-12-31": -203, "2015-09-30": -206, "2015-06-30": 217, "2015-03-31": "184.00000", "2014-12-31": -220, "2014-09-30": -118, "2014-06-30": 152, "2014-03-31": "163.00000", "2013-12-31": -73, "2013-09-30": -241, "2013-06-30": 202, "2013-03-31": "121.00000", "2012-12-31": -121, "2012-09-30": -198, "2012-06-30": -76, "2012-03-31": "172.00000", "2011-12-31": -33, "2011-09-30": -46, "2011-06-30": 57, "2011-03-31": "90.00000", "2010-12-31": -35, "2010-09-30": -22, "2010-06-30": 51, "2010-03-31": "10.00000", "2009-12-31": -15, "2009-09-30": -3, "2009-06-30": -11, "2009-03-31": "-3.00000", "2008-12-31": -52, "2008-09-30": -99, "2008-06-30": 36, "2008-03-31": "81.00000", "2007-12-31": -60, "2007-09-30": -100, "2007-06-30": 4, "2007-03-31": "126.00000", "2006-12-31": -31, "2006-09-30": -17, "2006-06-30": -47, "2006-03-31": "104.00000", "2005-12-31": -21, "2005-09-30": -93, "2005-06-30": 80, "2005-03-31": "39.00000"}, "Change In Assets/Liabilities": {"2020-12-31": -258, "2020-09-30": 32, "2020-06-30": 28, "2020-03-31": "-30.00000", "2019-12-31": -38, "2019-09-30": 2, "2019-06-30": -35, "2019-03-31": "12.00000", "2018-12-31": 44, "2018-09-30": 6, "2018-06-30": -17, "2018-03-31": "42.00000", "2017-12-31": -19, "2017-09-30": 6, "2017-06-30": -16, "2017-03-31": "9.00000", "2016-12-31": 2, "2016-09-30": 11, "2016-06-30": 0, "2016-03-31": "64.00000", "2015-12-31": -55, "2015-09-30": 20, "2015-06-30": -21, "2015-03-31": "18.00000", "2014-12-31": -62, "2014-09-30": 15, "2014-06-30": -1, "2014-03-31": "-4.00000", "2013-12-31": 67, "2013-09-30": -13, "2013-06-30": -24, "2013-03-31": "30.00000", "2012-12-31": -1, "2012-09-30": -1, "2012-06-30": -2, "2012-03-31": "-14.00000", "2011-12-31": -4, "2011-09-30": 4, "2011-06-30": -9, "2011-03-31": "-6.00000", "2010-12-31": -1, "2010-09-30": 7, "2010-06-30": 18, "2010-03-31": "37.00000", "2009-12-31": -49, "2009-09-30": 4, "2009-06-30": 2, "2009-03-31": "7.00000", "2008-12-31": 14, "2008-09-30": 28, "2008-06-30": -14, "2008-03-31": "2.00000", "2007-12-31": 3, "2007-09-30": 9, "2007-06-30": 8, "2007-03-31": "-16.00000", "2006-12-31": -1, "2006-09-30": 3, "2006-06-30": -5, "2006-03-31": "8.00000", "2005-12-31": 9, "2005-09-30": -1, "2005-06-30": -10, "2005-03-31": "4.00000"}, "Total Change In Assets/Liabilities": {"2020-12-31": -298, "2020-09-30": 43, "2020-06-30": 237, "2020-03-31": "15.00000", "2019-12-31": -452, "2019-09-30": 77, "2019-06-30": 150, "2019-03-31": "20.00000", "2018-12-31": -99, "2018-09-30": -365, "2018-06-30": 337, "2018-03-31": "81.00000", "2017-12-31": -203, "2017-09-30": -206, "2017-06-30": 196, "2017-03-31": "221.00000", "2016-12-31": -202, "2016-09-30": -118, "2016-06-30": 197, "2016-03-31": "239.00000", "2015-12-31": -297, "2015-09-30": -147, "2015-06-30": 74, "2015-03-31": "278.00000", "2014-12-31": -254, "2014-09-30": -130, "2014-06-30": 84, "2014-03-31": "165.00000", "2013-12-31": -21, "2013-09-30": -223, "2013-06-30": 101, "2013-03-31": "132.00000", "2012-12-31": -132, "2012-09-30": -248, "2012-06-30": -179, "2012-03-31": "122.00000", "2011-12-31": -43, "2011-09-30": -46, "2011-06-30": -5, "2011-03-31": "77.00000", "2010-12-31": -2, "2010-09-30": -28, "2010-06-30": -3, "2010-03-31": "68.00000", "2009-12-31": -30, "2009-09-30": 26, "2009-06-30": -33, "2009-03-31": "29.00000", "2008-12-31": 16, "2008-09-30": -106, "2008-06-30": 34, "2008-03-31": "60.00000", "2007-12-31": 94, "2007-09-30": -73, "2007-06-30": 10, "2007-03-31": "-7.00000", "2006-12-31": 30, "2006-09-30": -19, "2006-06-30": -52, "2006-03-31": "98.00000", "2005-12-31": 60, "2005-09-30": -128, "2005-06-30": 3, "2005-03-31": "16.00000"}, "Cash Flow From Operating Activities": {"2020-12-31": 370, "2020-09-30": 827, "2020-06-30": 817, "2020-03-31": "644.00000", "2019-12-31": 442, "2019-09-30": 992, "2019-06-30": 923, "2019-03-31": "667.00000", "2018-12-31": 730, "2018-09-30": 474, "2018-06-30": 1007, "2018-03-31": "642.00000", "2017-12-31": 453, "2017-09-30": 427, "2017-06-30": 707, "2017-03-31": "622.00000", "2016-12-31": 311, "2016-09-30": 383, "2016-06-30": 643, "2016-03-31": "604.00000", "2015-12-31": 438, "2015-09-30": 307, "2015-06-30": 575, "2015-03-31": "675.00000", "2014-12-31": 335, "2014-09-30": 412, "2014-06-30": 546, "2014-03-31": "508.00000", "2013-12-31": 436, "2013-09-30": 237, "2013-06-30": 469, "2013-03-31": "409.00000", "2012-12-31": 226, "2012-09-30": 153, "2012-06-30": 88, "2012-03-31": "254.00000", "2011-12-31": 159, "2011-09-30": 157, "2011-06-30": 142, "2011-03-31": "154.00000", "2010-12-31": 109, "2010-09-30": 124, "2010-06-30": 101, "2010-03-31": "118.00000", "2009-12-31": 85, "2009-09-30": 148, "2009-06-30": 81, "2009-03-31": "124.00000", "2008-12-31": 193, "2008-09-30": 124, "2008-06-30": 221, "2008-03-31": "226.00000", "2007-12-31": 375, "2007-09-30": 164, "2007-06-30": 196, "2007-03-31": "133.00000", "2006-12-31": 252, "2006-09-30": 237, "2006-06-30": 143, "2006-03-31": "226.00000", "2005-12-31": 215, "2005-09-30": 96, "2005-06-30": 193, "2005-03-31": "125.00000"}, "Net Change In Property, Plant, And Equipment": {"2020-12-31": 58, "2020-09-30": -265, "2020-06-30": -7, "2020-03-31": "-44.00000", "2019-12-31": 36, "2019-09-30": -696, "2019-06-30": -723, "2019-03-31": "-99.00000", "2018-12-31": 1, "2018-09-30": -645, "2018-06-30": -832, "2018-03-31": "-128.00000", "2017-12-31": -139, "2017-09-30": -461, "2017-06-30": -590, "2017-03-31": "-133.00000", "2016-12-31": 8, "2016-09-30": -329, "2016-06-30": -504, "2016-03-31": "-4.00000", "2015-12-31": 25, "2015-09-30": -288, "2015-06-30": -593, "2015-03-31": "-225.00000", "2014-12-31": -90, "2014-09-30": -340, "2014-06-30": -584, "2014-03-31": "-230.00000", "2013-12-31": 31, "2013-09-30": -398, "2013-06-30": -626, "2013-03-31": "-175.00000", "2012-12-31": -38, "2012-09-30": -172, "2012-06-30": -386, "2012-03-31": "-343.00000", "2011-12-31": -60, "2011-09-30": -185, "2011-06-30": -260, "2011-03-31": "-84.00000", "2010-12-31": -26, "2010-09-30": -86, "2010-06-30": -93, "2010-03-31": "-18.00000", "2009-12-31": -40, "2009-09-30": -24, "2009-06-30": -11, "2009-03-31": "6.00000", "2008-12-31": 5, "2008-09-30": -104, "2008-06-30": -247, "2008-03-31": "-83.00000", "2007-12-31": -45, "2007-09-30": -118, "2007-06-30": -273, "2007-03-31": "-212.00000", "2006-12-31": -23, "2006-09-30": -96, "2006-06-30": -303, "2006-03-31": "-177.00000", "2005-12-31": 13, "2005-09-30": -157, "2005-06-30": -261, "2005-03-31": "-81.00000"}, "Net Change In Intangible Assets": {"2020-12-31": 0, "2020-09-30": 0, "2020-06-30": 0, "2020-03-31": "", "2019-12-31": 0, "2019-09-30": 0, "2019-06-30": 0, "2019-03-31": "", "2018-12-31": 0, "2018-09-30": 0, "2018-06-30": 0, "2018-03-31": "", "2017-12-31": 0, "2017-09-30": 0, "2017-06-30": 0, "2017-03-31": "", "2016-12-31": 0, "2016-09-30": 0, "2016-06-30": 0, "2016-03-31": "", "2015-12-31": 0, "2015-09-30": 0, "2015-06-30": 0, "2015-03-31": "", "2014-12-31": 0, "2014-09-30": 0, "2014-06-30": 0, "2014-03-31": "", "2013-12-31": 0, "2013-09-30": 0, "2013-06-30": 0, "2013-03-31": "", "2012-12-31": 0, "2012-09-30": 0, "2012-06-30": 0, "2012-03-31": "", "2011-12-31": 0, "2011-09-30": 0, "2011-06-30": 0, "2011-03-31": "", "2010-12-31": 0, "2010-09-30": 0, "2010-06-30": 0, "2010-03-31": "", "2009-12-31": 0, "2009-09-30": 0, "2009-06-30": 0, "2009-03-31": "", "2008-12-31": 0, "2008-09-30": 0, "2008-06-30": 0, "2008-03-31": "", "2007-12-31": 0, "2007-09-30": 0, "2007-06-30": 0, "2007-03-31": "", "2006-12-31": 0, "2006-09-30": 0, "2006-06-30": 0, "2006-03-31": "", "2005-12-31": 0, "2005-09-30": 0, "2005-06-30": 0, "2005-03-31": ""}, "Net Acquisitions/Divestitures": {"2020-12-31": 0, "2020-09-30": 0, "2020-06-30": -2, "2020-03-31": "", "2019-12-31": -2, "2019-09-30": -52, "2019-06-30": -22, "2019-03-31": "-173.00000", "2018-12-31": -2161, "2018-09-30": -747, "2018-06-30": -6, "2018-03-31": "-52.00000", "2017-12-31": -1314, "2017-09-30": -98, "2017-06-30": -965, "2017-03-31": "", "2016-12-31": 0, "2016-09-30": -14, "2016-06-30": -1, "2016-03-31": "-13.00000", "2015-12-31": 0, "2015-09-30": -28, "2015-06-30": -58, "2015-03-31": "", "2014-12-31": -4, "2014-09-30": 4, "2014-06-30": -755, "2014-03-31": "-1.00000", "2013-12-31": 0, "2013-09-30": -9, "2013-06-30": 0, "2013-03-31": "", "2012-12-31": 0, "2012-09-30": 0, "2012-06-30": -1108, "2012-03-31": "-57.00000", "2011-12-31": -78, "2011-09-30": -55, "2011-06-30": -143, "2011-03-31": "", "2010-12-31": 0, "2010-09-30": 0, "2010-06-30": 0, "2010-03-31": "", "2009-12-31": 1, "2009-09-30": -25, "2009-06-30": 1, "2009-03-31": "-2.00000", "2008-12-31": 0, "2008-09-30": -17, "2008-06-30": 0, "2008-03-31": "", "2007-12-31": 0, "2007-09-30": -2, "2007-06-30": 0, "2007-03-31": "-21.00000", "2006-12-31": 0, "2006-09-30": 0, "2006-06-30": -16, "2006-03-31": "-23.00000", "2005-12-31": -39, "2005-09-30": -1, "2005-06-30": 0, "2005-03-31": ""}, "Net Change In Short-term Investments": {"2020-12-31": 0, "2020-09-30": 0, "2020-06-30": 0, "2020-03-31": "", "2019-12-31": 0, "2019-09-30": 0, "2019-06-30": 0, "2019-03-31": "", "2018-12-31": 0, "2018-09-30": 0, "2018-06-30": 0, "2018-03-31": "", "2017-12-31": 0, "2017-09-30": 0, "2017-06-30": 0, "2017-03-31": "", "2016-12-31": 0, "2016-09-30": 0, "2016-06-30": 0, "2016-03-31": "", "2015-12-31": 0, "2015-09-30": 0, "2015-06-30": 0, "2015-03-31": "", "2014-12-31": 0, "2014-09-30": 0, "2014-06-30": 0, "2014-03-31": "", "2013-12-31": 0, "2013-09-30": 0, "2013-06-30": 0, "2013-03-31": "", "2012-12-31": 0, "2012-09-30": 0, "2012-06-30": 0, "2012-03-31": "", "2011-12-31": 0, "2011-09-30": 0, "2011-06-30": 0, "2011-03-31": "", "2010-12-31": 0, "2010-09-30": 0, "2010-06-30": 0, "2010-03-31": "", "2009-12-31": 0, "2009-09-30": 0, "2009-06-30": 0, "2009-03-31": "", "2008-12-31": 0, "2008-09-30": 0, "2008-06-30": 0, "2008-03-31": "", "2007-12-31": 0, "2007-09-30": 0, "2007-06-30": 0, "2007-03-31": "", "2006-12-31": 0, "2006-09-30": 0, "2006-06-30": 0, "2006-03-31": "", "2005-12-31": 0, "2005-09-30": 0, "2005-06-30": 0, "2005-03-31": ""}, "Net Change In Long-Term Investments": {"2020-12-31": -1, "2020-09-30": -1, "2020-06-30": 0, "2020-03-31": "-1.00000", "2019-12-31": -1, "2019-09-30": -1, "2019-06-30": -1, "2019-03-31": "", "2018-12-31": -2, "2018-09-30": 0, "2018-06-30": -1, "2018-03-31": "", "2017-12-31": 0, "2017-09-30": -1, "2017-06-30": -3, "2017-03-31": "-1.00000", "2016-12-31": -2, "2016-09-30": 0, "2016-06-30": 0, "2016-03-31": "", "2015-12-31": -3, "2015-09-30": 0, "2015-06-30": 0, "2015-03-31": "", "2014-12-31": 0, "2014-09-30": 0, "2014-06-30": 0, "2014-03-31": "", "2013-12-31": 0, "2013-09-30": 0, "2013-06-30": 0, "2013-03-31": "", "2012-12-31": 0, "2012-09-30": 0, "2012-06-30": 0, "2012-03-31": "", "2011-12-31": 0, "2011-09-30": 0, "2011-06-30": 0, "2011-03-31": "", "2010-12-31": 0, "2010-09-30": 0, "2010-06-30": 0, "2010-03-31": "", "2009-12-31": 0, "2009-09-30": 0, "2009-06-30": 0, "2009-03-31": "", "2008-12-31": 0, "2008-09-30": 0, "2008-06-30": 0, "2008-03-31": "", "2007-12-31": 0, "2007-09-30": 0, "2007-06-30": 0, "2007-03-31": "", "2006-12-31": 0, "2006-09-30": 0, "2006-06-30": 0, "2006-03-31": "", "2005-12-31": 0, "2005-09-30": 0, "2005-06-30": 0, "2005-03-31": ""}, "Net Change In Investments - Total": {"2020-12-31": -1, "2020-09-30": -1, "2020-06-30": 0, "2020-03-31": "-1.00000", "2019-12-31": -1, "2019-09-30": -1, "2019-06-30": -1, "2019-03-31": "", "2018-12-31": -2, "2018-09-30": 0, "2018-06-30": -1, "2018-03-31": "", "2017-12-31": 0, "2017-09-30": -1, "2017-06-30": -3, "2017-03-31": "-1.00000", "2016-12-31": -2, "2016-09-30": 0, "2016-06-30": 0, "2016-03-31": "", "2015-12-31": -3, "2015-09-30": 0, "2015-06-30": 0, "2015-03-31": "", "2014-12-31": 0, "2014-09-30": 0, "2014-06-30": 0, "2014-03-31": "", "2013-12-31": 0, "2013-09-30": 0, "2013-06-30": 0, "2013-03-31": "", "2012-12-31": 0, "2012-09-30": 0, "2012-06-30": 0, "2012-03-31": "", "2011-12-31": 0, "2011-09-30": 0, "2011-06-30": 0, "2011-03-31": "", "2010-12-31": 0, "2010-09-30": 0, "2010-06-30": 0, "2010-03-31": "", "2009-12-31": 0, "2009-09-30": 0, "2009-06-30": 0, "2009-03-31": "", "2008-12-31": 0, "2008-09-30": 0, "2008-06-30": 0, "2008-03-31": "", "2007-12-31": 0, "2007-09-30": 0, "2007-06-30": 0, "2007-03-31": "", "2006-12-31": 0, "2006-09-30": 0, "2006-06-30": 0, "2006-03-31": "", "2005-12-31": 0, "2005-09-30": 0, "2005-06-30": 0, "2005-03-31": ""}, "Investing Activities - Other": {"2020-12-31": 6, "2020-09-30": 21, "2020-06-30": 7, "2020-03-31": "6.00000", "2019-12-31": 6, "2019-09-30": 6, "2019-06-30": 5, "2019-03-31": "7.00000", "2018-12-31": 4, "2018-09-30": 4, "2018-06-30": 12, "2018-03-31": "2.00000", "2017-12-31": 11, "2017-09-30": 2, "2017-06-30": 7, "2017-03-31": "1.00000", "2016-12-31": 12, "2016-09-30": 0, "2016-06-30": 0, "2016-03-31": "", "2015-12-31": 0, "2015-09-30": 0, "2015-06-30": 0, "2015-03-31": "", "2014-12-31": 0, "2014-09-30": 0, "2014-06-30": 0, "2014-03-31": "", "2013-12-31": 0, "2013-09-30": 0, "2013-06-30": 0, "2013-03-31": "", "2012-12-31": 0, "2012-09-30": 0, "2012-06-30": 0, "2012-03-31": "", "2011-12-31": 0, "2011-09-30": 0, "2011-06-30": 0, "2011-03-31": "", "2010-12-31": 0, "2010-09-30": 0, "2010-06-30": 0, "2010-03-31": "", "2009-12-31": 0, "2009-09-30": 0, "2009-06-30": 0, "2009-03-31": "", "2008-12-31": 0, "2008-09-30": 0, "2008-06-30": 0, "2008-03-31": "", "2007-12-31": 0, "2007-09-30": -2, "2007-06-30": 0, "2007-03-31": "69.00000", "2006-12-31": 1, "2006-09-30": -6, "2006-06-30": -3, "2006-03-31": "-2.00000", "2005-12-31": -15, "2005-09-30": 0, "2005-06-30": 0, "2005-03-31": ""}, "Cash Flow From Investing Activities": {"2020-12-31": 63, "2020-09-30": -245, "2020-06-30": -2, "2020-03-31": "-39.00000", "2019-12-31": 39, "2019-09-30": -743, "2019-06-30": -741, "2019-03-31": "-265.00000", "2018-12-31": -2158, "2018-09-30": -1388, "2018-06-30": -827, "2018-03-31": "-178.00000", "2017-12-31": -1442, "2017-09-30": -558, "2017-06-30": -1551, "2017-03-31": "-133.00000", "2016-12-31": 18, "2016-09-30": -343, "2016-06-30": -505, "2016-03-31": "-17.00000", "2015-12-31": 22, "2015-09-30": -316, "2015-06-30": -651, "2015-03-31": "-225.00000", "2014-12-31": -94, "2014-09-30": -336, "2014-06-30": -1339, "2014-03-31": "-231.00000", "2013-12-31": 31, "2013-09-30": -407, "2013-06-30": -626, "2013-03-31": "-175.00000", "2012-12-31": -38, "2012-09-30": -172, "2012-06-30": -1494, "2012-03-31": "-400.00000", "2011-12-31": -138, "2011-09-30": -240, "2011-06-30": -403, "2011-03-31": "-84.00000", "2010-12-31": -26, "2010-09-30": -86, "2010-06-30": -93, "2010-03-31": "-18.00000", "2009-12-31": -39, "2009-09-30": -49, "2009-06-30": -10, "2009-03-31": "4.00000", "2008-12-31": 5, "2008-09-30": -121, "2008-06-30": -247, "2008-03-31": "-83.00000", "2007-12-31": -45, "2007-09-30": -122, "2007-06-30": -273, "2007-03-31": "-164.00000", "2006-12-31": -22, "2006-09-30": -102, "2006-06-30": -322, "2006-03-31": "-202.00000", "2005-12-31": -41, "2005-09-30": -158, "2005-06-30": -261, "2005-03-31": "-81.00000"}, "Net Long-Term Debt": {"2020-12-31": -407, "2020-09-30": -518, "2020-06-30": -1202, "2020-03-31": "142.00000", "2019-12-31": -274, "2019-09-30": -55, "2019-06-30": 56, "2019-03-31": "-145.00000", "2018-12-31": 1638, "2018-09-30": 1074, "2018-06-30": -169, "2018-03-31": "-307.00000", "2017-12-31": 1048, "2017-09-30": 146, "2017-06-30": 837, "2017-03-31": "-437.00000", "2016-12-31": -262, "2016-09-30": 147, "2016-06-30": 67, "2016-03-31": "-423.00000", "2015-12-31": -276, "2015-09-30": 100, "2015-06-30": 228, "2015-03-31": "32.00000", "2014-12-31": -42, "2014-09-30": 75, "2014-06-30": 899, "2014-03-31": "-145.00000", "2013-12-31": -410, "2013-09-30": 218, "2013-06-30": 196, "2013-03-31": "-164.00000", "2012-12-31": -141, "2012-09-30": 55, "2012-06-30": -1237, "2012-03-31": "2966.00000", "2011-12-31": 0, "2011-09-30": 54, "2011-06-30": 95, "2011-03-31": "-70.00000", "2010-12-31": -39, "2010-09-30": 98, "2010-06-30": 10, "2010-03-31": "-252.00000", "2009-12-31": 18, "2009-09-30": -83, "2009-06-30": -35, "2009-03-31": "-106.00000", "2008-12-31": -180, "2008-09-30": 592, "2008-06-30": -126, "2008-03-31": "-7.00000", "2007-12-31": -72, "2007-09-30": -61, "2007-06-30": 53, "2007-03-31": "9.00000", "2006-12-31": -259, "2006-09-30": -207, "2006-06-30": -7, "2006-03-31": "-8.00000", "2005-12-31": -7, "2005-09-30": -7, "2005-06-30": -19, "2005-03-31": "-6.00000"}, "Net Current Debt": {"2020-12-31": 0, "2020-09-30": 0, "2020-06-30": 0, "2020-03-31": "", "2019-12-31": 0, "2019-09-30": 0, "2019-06-30": 0, "2019-03-31": "", "2018-12-31": 0, "2018-09-30": 0, "2018-06-30": 0, "2018-03-31": "", "2017-12-31": 0, "2017-09-30": 0, "2017-06-30": 0, "2017-03-31": "", "2016-12-31": 0, "2016-09-30": 0, "2016-06-30": 0, "2016-03-31": "", "2015-12-31": 0, "2015-09-30": 0, "2015-06-30": 0, "2015-03-31": "", "2014-12-31": 0, "2014-09-30": 0, "2014-06-30": 0, "2014-03-31": "", "2013-12-31": 0, "2013-09-30": 0, "2013-06-30": 0, "2013-03-31": "", "2012-12-31": 0, "2012-09-30": 0, "2012-06-30": 0, "2012-03-31": "", "2011-12-31": 0, "2011-09-30": 0, "2011-06-30": 0, "2011-03-31": "", "2010-12-31": 0, "2010-09-30": 0, "2010-06-30": 0, "2010-03-31": "", "2009-12-31": 0, "2009-09-30": 0, "2009-06-30": 0, "2009-03-31": "", "2008-12-31": 0, "2008-09-30": 0, "2008-06-30": 0, "2008-03-31": "", "2007-12-31": 0, "2007-09-30": 0, "2007-06-30": 0, "2007-03-31": "", "2006-12-31": 0, "2006-09-30": 0, "2006-06-30": 0, "2006-03-31": "", "2005-12-31": 0, "2005-09-30": 0, "2005-06-30": 0, "2005-03-31": ""}, "Debt Issuance/Retirement Net - Total": {"2020-12-31": -407, "2020-09-30": -518, "2020-06-30": -1202, "2020-03-31": "142.00000", "2019-12-31": -274, "2019-09-30": -55, "2019-06-30": 56, "2019-03-31": "-145.00000", "2018-12-31": 1638, "2018-09-30": 1074, "2018-06-30": -169, "2018-03-31": "-307.00000", "2017-12-31": 1048, "2017-09-30": 146, "2017-06-30": 837, "2017-03-31": "-437.00000", "2016-12-31": -262, "2016-09-30": 147, "2016-06-30": 67, "2016-03-31": "-423.00000", "2015-12-31": -276, "2015-09-30": 100, "2015-06-30": 228, "2015-03-31": "32.00000", "2014-12-31": -42, "2014-09-30": 75, "2014-06-30": 899, "2014-03-31": "-145.00000", "2013-12-31": -410, "2013-09-30": 218, "2013-06-30": 196, "2013-03-31": "-164.00000", "2012-12-31": -141, "2012-09-30": 55, "2012-06-30": -1237, "2012-03-31": "2966.00000", "2011-12-31": 0, "2011-09-30": 54, "2011-06-30": 95, "2011-03-31": "-70.00000", "2010-12-31": -39, "2010-09-30": 98, "2010-06-30": 10, "2010-03-31": "-252.00000", "2009-12-31": 18, "2009-09-30": -83, "2009-06-30": -35, "2009-03-31": "-106.00000", "2008-12-31": -180, "2008-09-30": 592, "2008-06-30": -126, "2008-03-31": "-7.00000", "2007-12-31": -72, "2007-09-30": -61, "2007-06-30": 53, "2007-03-31": "9.00000", "2006-12-31": -259, "2006-09-30": -207, "2006-06-30": -7, "2006-03-31": "-8.00000", "2005-12-31": -7, "2005-09-30": -7, "2005-06-30": -19, "2005-03-31": "-6.00000"}, "Net Common Equity Issued/Repurchased": {"2020-12-31": -5, "2020-09-30": -5, "2020-06-30": 0, "2020-03-31": "-275.00000", "2019-12-31": -205, "2019-09-30": -210, "2019-06-30": -205, "2019-03-31": "-239.00000", "2018-12-31": -211, "2018-09-30": -211, "2018-06-30": -168, "2018-03-31": "-225.00000", "2017-12-31": -28, "2017-09-30": -2, "2017-06-30": -1, "2017-03-31": "-22.00000", "2016-12-31": -39, "2016-09-30": -152, "2016-06-30": -172, "2016-03-31": "-164.00000", "2015-12-31": -122, "2015-09-30": -166, "2015-06-30": -157, "2015-03-31": "-343.00000", "2014-12-31": -214, "2014-09-30": -152, "2014-06-30": -185, "2014-03-31": "-60.00000", "2013-12-31": -15, "2013-09-30": -15, "2013-06-30": -52, "2013-03-31": "-27.00000", "2012-12-31": 1, "2012-09-30": -7, "2012-06-30": -101, "2012-03-31": "-3.00000", "2011-12-31": 4, "2011-09-30": 1, "2011-06-30": 26, "2011-03-31": "-3.00000", "2010-12-31": 1, "2010-09-30": 0, "2010-06-30": 0, "2010-03-31": "-1.00000", "2009-12-31": -1, "2009-09-30": 0, "2009-06-30": 0, "2009-03-31": "", "2008-12-31": 1, "2008-09-30": -603, "2008-06-30": 0, "2008-03-31": "", "2007-12-31": 9, "2007-09-30": 2, "2007-06-30": 13, "2007-03-31": "3.00000", "2006-12-31": 11, "2006-09-30": 1, "2006-06-30": 62, "2006-03-31": "", "2005-12-31": -7, "2005-09-30": -1, "2005-06-30": 1, "2005-03-31": "1.00000"}, "Net Total Equity Issued/Repurchased": {"2020-12-31": -5, "2020-09-30": -5, "2020-06-30": 0, "2020-03-31": "-275.00000", "2019-12-31": -205, "2019-09-30": -210, "2019-06-30": -205, "2019-03-31": "-239.00000", "2018-12-31": -211, "2018-09-30": -211, "2018-06-30": -168, "2018-03-31": "-225.00000", "2017-12-31": -28, "2017-09-30": -2, "2017-06-30": -1, "2017-03-31": "-22.00000", "2016-12-31": -39, "2016-09-30": -152, "2016-06-30": -172, "2016-03-31": "-164.00000", "2015-12-31": -122, "2015-09-30": -166, "2015-06-30": -157, "2015-03-31": "-343.00000", "2014-12-31": -214, "2014-09-30": -152, "2014-06-30": -185, "2014-03-31": "-60.00000", "2013-12-31": -15, "2013-09-30": -15, "2013-06-30": -52, "2013-03-31": "-27.00000", "2012-12-31": 1, "2012-09-30": -7, "2012-06-30": -101, "2012-03-31": "-3.00000", "2011-12-31": 15, "2011-09-30": -10, "2011-06-30": 26, "2011-03-31": "-3.00000", "2010-12-31": 1, "2010-09-30": 0, "2010-06-30": 0, "2010-03-31": "-1.00000", "2009-12-31": -1, "2009-09-30": 0, "2009-06-30": 0, "2009-03-31": "", "2008-12-31": 1, "2008-09-30": -606, "2008-06-30": -254, "2008-03-31": "", "2007-12-31": 9, "2007-09-30": 2, "2007-06-30": 13, "2007-03-31": "3.00000", "2006-12-31": 11, "2006-09-30": 1, "2006-06-30": 62, "2006-03-31": "", "2005-12-31": -7, "2005-09-30": -1, "2005-06-30": 1, "2005-03-31": "1.00000"}, "Total Common And Preferred Stock Dividends Paid": {"2020-12-31": 0, "2020-09-30": 0, "2020-06-30": 0, "2020-03-31": "", "2019-12-31": 0, "2019-09-30": 0, "2019-06-30": 0, "2019-03-31": "", "2018-12-31": 0, "2018-09-30": 0, "2018-06-30": 0, "2018-03-31": "", "2017-12-31": 0, "2017-09-30": 0, "2017-06-30": 0, "2017-03-31": "", "2016-12-31": 0, "2016-09-30": 0, "2016-06-30": 0, "2016-03-31": "", "2015-12-31": 0, "2015-09-30": 0, "2015-06-30": 0, "2015-03-31": "", "2014-12-31": 0, "2014-09-30": 0, "2014-06-30": 0, "2014-03-31": "", "2013-12-31": 0, "2013-09-30": 0, "2013-06-30": 0, "2013-03-31": "", "2012-12-31": 0, "2012-09-30": 0, "2012-06-30": 0, "2012-03-31": "", "2011-12-31": 0, "2011-09-30": 0, "2011-06-30": 0, "2011-03-31": "", "2010-12-31": 0, "2010-09-30": 0, "2010-06-30": 0, "2010-03-31": "", "2009-12-31": 0, "2009-09-30": 0, "2009-06-30": 0, "2009-03-31": "", "2008-12-31": 0, "2008-09-30": 0, "2008-06-30": 0, "2008-03-31": "", "2007-12-31": 0, "2007-09-30": 0, "2007-06-30": 0, "2007-03-31": "", "2006-12-31": 0, "2006-09-30": 0, "2006-06-30": 0, "2006-03-31": "", "2005-12-31": 0, "2005-09-30": 0, "2005-06-30": 0, "2005-03-31": ""}, "Financial Activities - Other": {"2020-12-31": 0, "2020-09-30": -13, "2020-06-30": -1, "2020-03-31": "-9.00000", "2019-12-31": -10, "2019-09-30": 1, "2019-06-30": -10, "2019-03-31": "-9.00000", "2018-12-31": -23, "2018-09-30": 0, "2018-06-30": -1, "2018-03-31": "", "2017-12-31": 0, "2017-09-30": -37, "2017-06-30": 0, "2017-03-31": "-7.00000", "2016-12-31": -7, "2016-09-30": 0, "2016-06-30": 14, "2016-03-31": "27.00000", "2015-12-31": -49, "2015-09-30": 56, "2015-06-30": -54, "2015-03-31": "-24.00000", "2014-12-31": 11, "2014-09-30": 6, "2014-06-30": 16, "2014-03-31": "-13.00000", "2013-12-31": 14, "2013-09-30": -44, "2013-06-30": 4, "2013-03-31": "", "2012-12-31": -9, "2012-09-30": -3, "2012-06-30": 2760, "2012-03-31": "-2828.00000", "2011-12-31": -27, "2011-09-30": 9, "2011-06-30": -9, "2011-03-31": "", "2010-12-31": -18, "2010-09-30": -1, "2010-06-30": 0, "2010-03-31": "-1.00000", "2009-12-31": -45, "2009-09-30": -1, "2009-06-30": -14, "2009-03-31": "-1.00000", "2008-12-31": -2, "2008-09-30": 0, "2008-06-30": -30, "2008-03-31": "", "2007-12-31": 3, "2007-09-30": 18, "2007-06-30": 8, "2007-03-31": "2.00000", "2006-12-31": 0, "2006-09-30": 3, "2006-06-30": 0, "2006-03-31": "", "2005-12-31": 1, "2005-09-30": -35, "2005-06-30": -1, "2005-03-31": ""}, "Cash Flow From Financial Activities": {"2020-12-31": -412, "2020-09-30": -536, "2020-06-30": -1203, "2020-03-31": "-142.00000", "2019-12-31": -489, "2019-09-30": -264, "2019-06-30": -159, "2019-03-31": "-393.00000", "2018-12-31": 1404, "2018-09-30": 863, "2018-06-30": -338, "2018-03-31": "-532.00000", "2017-12-31": 1020, "2017-09-30": 107, "2017-06-30": 836, "2017-03-31": "-466.00000", "2016-12-31": -308, "2016-09-30": -5, "2016-06-30": -91, "2016-03-31": "-560.00000", "2015-12-31": -447, "2015-09-30": -10, "2015-06-30": 17, "2015-03-31": "-335.00000", "2014-12-31": -245, "2014-09-30": -71, "2014-06-30": 730, "2014-03-31": "-218.00000", "2013-12-31": -411, "2013-09-30": 159, "2013-06-30": 148, "2013-03-31": "-191.00000", "2012-12-31": -149, "2012-09-30": 45, "2012-06-30": 1422, "2012-03-31": "135.00000", "2011-12-31": -12, "2011-09-30": 53, "2011-06-30": 112, "2011-03-31": "-73.00000", "2010-12-31": -56, "2010-09-30": 97, "2010-06-30": 10, "2010-03-31": "-254.00000", "2009-12-31": -28, "2009-09-30": -84, "2009-06-30": -49, "2009-03-31": "-107.00000", "2008-12-31": -181, "2008-09-30": -14, "2008-06-30": -410, "2008-03-31": "-7.00000", "2007-12-31": -60, "2007-09-30": -41, "2007-06-30": 74, "2007-03-31": "14.00000", "2006-12-31": -248, "2006-09-30": -203, "2006-06-30": 55, "2006-03-31": "-8.00000", "2005-12-31": -13, "2005-09-30": -43, "2005-06-30": -19, "2005-03-31": "-5.00000"}, "Net Cash Flow": {"2020-12-31": 28, "2020-09-30": 47, "2020-06-30": -386, "2020-03-31": "461.00000", "2019-12-31": -8, "2019-09-30": -15, "2019-06-30": 23, "2019-03-31": "9.00000", "2018-12-31": -22, "2018-09-30": -52, "2018-06-30": -161, "2018-03-31": "-74.00000", "2017-12-31": 28, "2017-09-30": -14, "2017-06-30": 1, "2017-03-31": "25.00000", "2016-12-31": 15, "2016-09-30": 32, "2016-06-30": 46, "2016-03-31": "40.00000", "2015-12-31": 8, "2015-09-30": -29, "2015-06-30": -57, "2015-03-31": "99.00000", "2014-12-31": -10, "2014-09-30": -2, "2014-06-30": -57, "2014-03-31": "52.00000", "2013-12-31": 50, "2013-09-30": -8, "2013-06-30": -14, "2013-03-31": "41.00000", "2012-12-31": 38, "2012-09-30": 27, "2012-06-30": 15, "2012-03-31": "-10.00000", "2011-12-31": 10, "2011-09-30": -32, "2011-06-30": -147, "2011-03-31": "2.00000", "2010-12-31": 33, "2010-09-30": 140, "2010-06-30": 10, "2010-03-31": "-149.00000", "2009-12-31": 20, "2009-09-30": 24, "2009-06-30": 29, "2009-03-31": "19.00000", "2008-12-31": 11, "2008-09-30": -14, "2008-06-30": -435, "2008-03-31": "134.00000", "2007-12-31": 269, "2007-09-30": 8, "2007-06-30": 0, "2007-03-31": "-15.00000", "2006-12-31": -21, "2006-09-30": -68, "2006-06-30": -123, "2006-03-31": "15.00000", "2005-12-31": 165, "2005-09-30": -103, "2005-06-30": -88, "2005-03-31": "39.00000"}, "Stock-Based Compensation": {"2020-12-31": 24, "2020-09-30": 18, "2020-06-30": 15, "2020-03-31": "13.00000", "2019-12-31": 16, "2019-09-30": 14, "2019-06-30": 16, "2019-03-31": "15.00000", "2018-12-31": 29, "2018-09-30": 30, "2018-06-30": 24, "2018-03-31": "19.00000", "2017-12-31": 23, "2017-09-30": 24, "2017-06-30": 24, "2017-03-31": "16.00000", "2016-12-31": 12, "2016-09-30": 11, "2016-06-30": 13, "2016-03-31": "9.00000", "2015-12-31": 12, "2015-09-30": 12, "2015-06-30": 11, "2015-03-31": "14.00000", "2014-12-31": 26, "2014-09-30": 17, "2014-06-30": 19, "2014-03-31": "12.00000", "2013-12-31": 12, "2013-09-30": 15, "2013-06-30": 10, "2013-03-31": "9.00000", "2012-12-31": 9, "2012-09-30": 10, "2012-06-30": 9, "2012-03-31": "4.00000", "2011-12-31": 3, "2011-09-30": 3, "2011-06-30": 4, "2011-03-31": "2.00000", "2010-12-31": 2, "2010-09-30": 2, "2010-06-30": 3, "2010-03-31": "1.00000", "2009-12-31": 2, "2009-09-30": 2, "2009-06-30": 2, "2009-03-31": "2.00000", "2008-12-31": 2, "2008-09-30": 2, "2008-06-30": 1, "2008-03-31": "1.00000", "2007-12-31": 3, "2007-09-30": 2, "2007-06-30": 6, "2007-03-31": "4.00000", "2006-12-31": 16, "2006-09-30": 0, "2006-06-30": 0, "2006-03-31": "", "2005-12-31": 8, "2005-09-30": 0, "2005-06-30": 0, "2005-03-31": ""}, "Common Stock Dividends Paid": {"2020-12-31": 0, "2020-09-30": 0, "2020-06-30": 0, "2020-03-31": "", "2019-12-31": 0, "2019-09-30": 0, "2019-06-30": 0, "2019-03-31": "", "2018-12-31": 0, "2018-09-30": 0, "2018-06-30": 0, "2018-03-31": "", "2017-12-31": 0, "2017-09-30": 0, "2017-06-30": 0, "2017-03-31": "", "2016-12-31": 0, "2016-09-30": 0, "2016-06-30": 0, "2016-03-31": "", "2015-12-31": 0, "2015-09-30": 0, "2015-06-30": 0, "2015-03-31": "", "2014-12-31": 0, "2014-09-30": 0, "2014-06-30": 0, "2014-03-31": "", "2013-12-31": 0, "2013-09-30": 0, "2013-06-30": 0, "2013-03-31": "", "2012-12-31": 0, "2012-09-30": 0, "2012-06-30": 0, "2012-03-31": "", "2011-12-31": 0, "2011-09-30": 0, "2011-06-30": 0, "2011-03-31": "", "2010-12-31": 0, "2010-09-30": 0, "2010-06-30": 0, "2010-03-31": "", "2009-12-31": 0, "2009-09-30": 0, "2009-06-30": 0, "2009-03-31": "", "2008-12-31": 0, "2008-09-30": 0, "2008-06-30": 0, "2008-03-31": "", "2007-12-31": 0, "2007-09-30": 0, "2007-06-30": 0, "2007-03-31": "", "2006-12-31": 0, "2006-09-30": 0, "2006-06-30": 0, "2006-03-31": "", "2005-12-31": 0, "2005-09-30": 0, "2005-06-30": 0, "2005-03-31": ""}}, "financial ratios": {"Current Ratio": {"2020-12-31": "1.06720", "2019-12-31": "0.83800", "2018-12-31": "0.83220", "2017-12-31": "1.06240", "2016-12-31": "1.14950", "2015-12-31": "1.04950", "2014-12-31": "0.87820", "2013-12-31": "1.05910", "2012-12-31": "0.99410", "2011-12-31": "0.83680", "2010-12-31": "1.27420", "2009-12-31": "1.52930", "2008-12-31": "1.64640", "2007-12-31": "2.15380", "2006-12-31": "1.67780", "2005-12-31": "2.59520"}, "Long-term Debt / Capital": {"2020-12-31": "0.66390", "2019-12-31": "0.73140", "2018-12-31": "0.76110", "2017-12-31": "0.73730", "2016-12-31": "0.81360", "2015-12-31": "0.83660", "2014-12-31": "0.80330", "2013-12-31": "0.78040", "2012-12-31": "0.81050", "2011-12-31": "0.96250", "2010-12-31": "1.00750", "2009-12-31": "1.00650", "2008-12-31": "1.00880", "2007-12-31": "0.57240", "2006-12-31": "0.63410", "2005-12-31": "0.71770"}, "Debt/Equity Ratio": {"2020-12-31": "2.13030", "2019-12-31": "2.98380", "2018-12-31": "3.45200", "2017-12-31": "3.03930", "2016-12-31": "4.72690", "2015-12-31": "5.52980", "2014-12-31": "4.42830", "2013-12-31": "3.88150", "2012-12-31": "4.67850", "2011-12-31": "29.53400", "2010-12-31": "-146.45000", "2009-12-31": "-161.84210", "2008-12-31": "-115.34480", "2007-12-31": "1.34590", "2006-12-31": "1.75680", "2005-12-31": "2.56470"}, "Gross Margin": {"2020-12-31": "37.31540", "2019-12-31": "39.24710", "2018-12-31": "41.80440", "2017-12-31": "41.69550", "2016-12-31": "41.70430", "2015-12-31": "42.63370", "2014-12-31": "42.77920", "2013-12-31": "40.10090", "2012-12-31": "38.54750", "2011-12-31": "34.39300", "2010-12-31": "29.41440", "2009-12-31": "25.86940", "2008-12-31": "34.22100", "2007-12-31": "35.26250", "2006-12-31": "35.62170", "2005-12-31": "33.91120"}, "Operating Margin": {"2020-12-31": "21.10200", "2019-12-31": "23.01360", "2018-12-31": "24.24510", "2017-12-31": "22.69240", "2016-12-31": "24.55750", "2015-12-31": "26.09590", "2014-12-31": "24.46790", "2013-12-31": "21.75580", "2012-12-31": "14.35510", "2011-12-31": "15.16660", "2010-12-31": "8.80640", "2009-12-31": "4.83460", "2008-12-31": "-19.28380", "2007-12-31": "17.71200", "2006-12-31": "17.23190", "2005-12-31": "15.93670"}, "EBIT Margin": {"2020-12-31": "21.10200", "2019-12-31": "23.01360", "2018-12-31": "24.24510", "2017-12-31": "22.69240", "2016-12-31": "24.55750", "2015-12-31": "26.09590", "2014-12-31": "24.46790", "2013-12-31": "21.75580", "2012-12-31": "14.35510", "2011-12-31": "15.16660", "2010-12-31": "8.80640", "2009-12-31": "4.83460", "2008-12-31": "-19.28380", "2007-12-31": "17.71200", "2006-12-31": "17.23190", "2005-12-31": "15.93670"}, "EBITDA Margin": {"2020-12-31": "44.57210", "2019-12-31": "44.96850", "2018-12-31": "45.15970", "2017-12-31": "43.65310", "2016-12-31": "46.32070", "2015-12-31": "47.65340", "2014-12-31": "45.76960", "2013-12-31": "44.33910", "2012-12-31": "36.70150", "2011-12-31": "34.39300", "2010-12-31": "29.90610", "2009-12-31": "25.65730", "2008-12-31": "32.01710", "2007-12-31": "31.17090", "2006-12-31": "30.38320", "2005-12-31": "29.07540"}, "Pre-Tax Profit Margin": {"2020-12-31": "13.35290", "2019-12-31": "16.19080", "2018-12-31": "18.34220", "2017-12-31": "15.78080", "2016-12-31": "15.77580", "2015-12-31": "16.55490", "2014-12-31": "14.95160", "2013-12-31": "12.20990", "2012-12-31": "2.13750", "2011-12-31": "6.28110", "2010-12-31": "-2.81630", "2009-12-31": "-4.53770", "2008-12-31": "-24.88520", "2007-12-31": "15.55860", "2006-12-31": "11.16630", "2005-12-31": "10.06690"}, "Net Profit Margin": {"2020-12-31": "10.43380", "2019-12-31": "12.55480", "2018-12-31": "13.62000", "2017-12-31": "20.26800", "2016-12-31": "9.82300", "2015-12-31": "10.05670", "2014-12-31": "9.49870", "2013-12-31": "7.81030", "2012-12-31": "1.82170", "2011-12-31": "3.86830", "2010-12-31": "-1.16230", "2009-12-31": "-2.62930", "2008-12-31": "-28.86440", "2007-12-31": "9.93270", "2006-12-31": "6.45160", "2005-12-31": "6.02190"}, "Asset Turnover": {"2020-12-31": "0.47740", "2019-12-31": "0.49290", "2018-12-31": "0.44380", "2017-12-31": "0.44180", "2016-12-31": "0.48060", "2015-12-31": "0.48140", "2014-12-31": "0.46870", "2013-12-31": "0.44120", "2012-12-31": "0.37340", "2011-12-31": "0.63020", "2010-12-31": "0.60570", "2009-12-31": "0.61100", "2008-12-31": "0.77950", "2007-12-31": "0.63590", "2006-12-31": "0.67590", "2005-12-31": "0.60110"}, "Inventory Turnover Ratio": {"2020-12-31": "42.77600", "2019-12-31": "47.34170", "2018-12-31": "42.96330", "2017-12-31": "51.62670", "2016-12-31": "49.39710", "2015-12-31": "48.36230", "2014-12-31": "41.70510", "2013-12-31": "42.40000", "2012-12-31": "37.20590", "2011-12-31": "38.93180", "2010-12-31": "40.48720", "2009-12-31": "39.72730", "2008-12-31": "36.42370", "2007-12-31": "26.42860", "2006-12-31": "16.79860", "2005-12-31": "14.01940"}, "Receiveable Turnover": {"2020-12-31": "6.48670", "2019-12-31": "6.11180", "2018-12-31": "5.20840", "2017-12-31": "5.38610", "2016-12-31": "6.26300", "2015-12-31": "6.25480", "2014-12-31": "6.04790", "2013-12-31": "6.16290", "2012-12-31": "5.19170", "2011-12-31": "5.62720", "2010-12-31": "5.93370", "2009-12-31": "6.99700", "2008-12-31": "7.19600", "2007-12-31": "7.15800", "2006-12-31": "7.22510", "2005-12-31": "6.43440"}, "Days Sales In Receivables": {"2020-12-31": "56.26910", "2019-12-31": "59.72090", "2018-12-31": "70.07890", "2017-12-31": "67.76770", "2016-12-31": "58.27840", "2015-12-31": "58.35480", "2014-12-31": "60.35180", "2013-12-31": "59.22500", "2012-12-31": "70.30480", "2011-12-31": "64.86400", "2010-12-31": "61.51320", "2009-12-31": "52.16500", "2008-12-31": "50.72240", "2007-12-31": "50.99190", "2006-12-31": "50.51830", "2005-12-31": "56.72600"}, "ROE - Return On Equity": {"2020-12-31": "19.58200", "2019-12-31": "30.65270", "2018-12-31": "32.20690", "2017-12-31": "43.33550", "2016-12-31": "34.34470", "2015-12-31": "39.63420", "2014-12-31": "30.03340", "2013-12-31": "20.94160", "2012-12-31": "4.76490", "2011-12-31": "98.05830", "2010-12-31": "110.00000", "2009-12-31": "315.78950", "2008-12-31": "2427.58600", "2007-12-31": "17.98810", "2006-12-31": "16.18990", "2005-12-31": "16.43610"}, "Return On Tangible Equity": {"2020-12-31": "-70.02360", "2019-12-31": "-52.90670", "2018-12-31": "-40.01460", "2017-12-31": "-72.71750", "2016-12-31": "-24.04420", "2015-12-31": "-21.89370", "2014-12-31": "-20.93020", "2013-12-31": "-18.22890", "2012-12-31": "-2.88910", "2011-12-31": "-37.54650", "2010-12-31": "8.90690", "2009-12-31": "24.00000", "2008-12-31": "272.86820", "2007-12-31": "59.12050", "2006-12-31": "153.70370", "2005-12-31": "-153.03030"}, "ROA - Return On Assets": {"2020-12-31": "4.98100", "2019-12-31": "6.18870", "2018-12-31": "6.04420", "2017-12-31": "8.95540", "2016-12-31": "4.72140", "2015-12-31": "4.84150", "2014-12-31": "4.45210", "2013-12-31": "3.44580", "2012-12-31": "0.68020", "2011-12-31": "2.43780", "2010-12-31": "-0.59570", "2009-12-31": "-1.55480", "2008-12-31": "-16.79790", "2007-12-31": "6.21360", "2006-12-31": "4.64030", "2005-12-31": "3.69290"}, "ROI - Return On Investment": {"2020-12-31": "6.58140", "2019-12-31": "8.23220", "2018-12-31": "7.69280", "2017-12-31": "11.38460", "2016-12-31": "6.40200", "2015-12-31": "6.47770", "2014-12-31": "5.90680", "2013-12-31": "4.59780", "2012-12-31": "0.90270", "2011-12-31": "3.67270", "2010-12-31": "-0.82090", "2009-12-31": "-2.04710", "2008-12-31": "-21.31400", "2007-12-31": "7.69230", "2006-12-31": "5.92430", "2005-12-31": "4.63940"}, "Book Value Per Share": {"2020-12-31": "62.95280", "2019-12-31": "51.50480", "2018-12-31": "42.60510", "2017-12-31": "36.77310", "2016-12-31": "19.56730", "2015-12-31": "16.08260", "2014-12-31": "18.36980", "2013-12-31": "19.80940", "2012-12-31": "16.92760", "2011-12-31": "1.63810", "2010-12-31": "-0.32990", "2009-12-31": "-0.31580", "2008-12-31": "-0.48420", "2007-12-31": "23.37540", "2006-12-31": "18.94580", "2005-12-31": "15.89850"}, "Operating Cash Flow Per Share": {"2020-12-31": -2.4675, "2019-12-31": 4.7585, "2018-12-31": 8.3379, "2017-12-31": 3.7041, "2016-12-31": 1.4139, "2015-12-31": 3.5399, "2014-12-31": 2.5676, "2013-12-31": 6.9904, "2012-12-31": -0.7421, "2011-12-31": 0.8671, "2010-12-31": 0.1887, "2009-12-31": -2.935, "2008-12-31": 2.5903, "2007-12-31": 0.0926, "2006-12-31": 1.8237, "2005-12-31": 5.7163}, "Free Cash Flow Per Share": {"2020-12-31": 13.0657, "2019-12-31": 4.8903, "2018-12-31": 4.5976, "2017-12-31": -2.3137, "2016-12-31": 3.1854, "2015-12-31": 4.1764, "2014-12-31": 1.7037, "2013-12-31": 5.9017, "2012-12-31": -2.612, "2011-12-31": -3.4743, "2010-12-31": -2.3519, "2009-12-31": 1.6572, "2008-12-31": 2.5481, "2007-12-31": -0.3416, "2006-12-31": 0.9765, "2005-12-31": 1.2996}}, "financial ratios, quarterly": {"Current Ratio": {"2020-12-31": "1.06720", "2020-09-30": "0.90190", "2020-06-30": "0.84440", "2020-03-31": "1.10920", "2019-12-31": "0.83800", "2019-09-30": "0.71170", "2019-06-30": "0.72580", "2019-03-31": "0.76850", "2018-12-31": "0.83220", "2018-09-30": "0.81070", "2018-06-30": "0.67560", "2018-03-31": "0.96890", "2017-12-31": "1.06240", "2017-09-30": "0.92440", "2017-06-30": "0.85030", "2017-03-31": "1.00230", "2016-12-31": "1.14950", "2016-09-30": "0.95350", "2016-06-30": "0.83820", "2016-03-31": "0.96180", "2015-12-31": "1.04950", "2015-09-30": "0.94000", "2015-06-30": "0.90770", "2015-03-31": "0.93380", "2014-12-31": "0.87820", "2014-09-30": "0.81300", "2014-06-30": "0.79950", "2014-03-31": "1.27160", "2013-12-31": "1.05910", "2013-09-30": "0.99720", "2013-06-30": "0.85620", "2013-03-31": "0.95760", "2012-12-31": "0.99410", "2012-09-30": "0.73380", "2012-06-30": "0.71710", "2012-03-31": "0.62720", "2011-12-31": "0.83680", "2011-09-30": "0.74860", "2011-06-30": "0.80240", "2011-03-31": "1.20160", "2010-12-31": "1.27420", "2010-09-30": "1.35880", "2010-06-30": "1.04730", "2010-03-31": "1.06240", "2009-12-31": "1.52930", "2009-09-30": "1.85010", "2009-06-30": "1.90540", "2009-03-31": "1.74720", "2008-12-31": "1.64640", "2008-09-30": "1.66880", "2008-06-30": "1.31280", "2008-03-31": "1.83640", "2007-12-31": "2.15380", "2007-09-30": "1.53420", "2007-06-30": "1.26780", "2007-03-31": "1.42130", "2006-12-31": "1.67780", "2006-09-30": "1.28590", "2006-06-30": "1.90480", "2006-03-31": "2.20130", "2005-12-31": "2.59520", "2005-09-30": "1.75900", "2005-06-30": "1.67030", "2005-03-31": "1.88170"}, "Long-term Debt / Capital": {"2020-12-31": "0.66390", "2020-09-30": "0.69210", "2020-06-30": "0.71070", "2020-03-31": "0.74720", "2019-12-31": "0.73140", "2019-09-30": "0.74550", "2019-06-30": "0.75470", "2019-03-31": "0.75980", "2018-12-31": "0.76110", "2018-09-30": "0.73360", "2018-06-30": "0.71880", "2018-03-31": "0.73340", "2017-12-31": "0.73730", "2017-09-30": "0.77640", "2017-06-30": "0.79540", "2017-03-31": "0.79440", "2016-12-31": "0.81360", "2016-09-30": "0.82770", "2016-06-30": "0.82870", "2016-03-31": "0.82760", "2015-12-31": "0.83660", "2015-09-30": "0.84030", "2015-06-30": "0.84340", "2015-03-31": "0.83350", "2014-12-31": "0.80330", "2014-09-30": "0.80460", "2014-06-30": "0.80360", "2014-03-31": "0.78790", "2013-12-31": "0.78040", "2013-09-30": "0.80080", "2013-06-30": "0.80710", "2013-03-31": "0.80530", "2012-12-31": "0.81050", "2012-09-30": "0.81610", "2012-06-30": "0.82880", "2012-03-31": "0.97800", "2011-12-31": "0.96250", "2011-09-30": "0.97940", "2011-06-30": "0.99100", "2011-03-31": "1.01100", "2010-12-31": "1.00750", "2010-09-30": "1.00540", "2010-06-30": "1.01880", "2010-03-31": "1.01810", "2009-12-31": "1.00650", "2009-09-30": "1.00590", "2009-06-30": "1.01470", "2009-03-31": "1.01770", "2008-12-31": "1.00880", "2008-09-30": "0.80350", "2008-06-30": "0.67840", "2008-03-31": "0.55620", "2007-12-31": "0.57240", "2007-09-30": "0.58970", "2007-06-30": "0.60940", "2007-03-31": "0.62680", "2006-12-31": "0.63410", "2006-09-30": "0.64030", "2006-06-30": "0.68790", "2006-03-31": "0.71250", "2005-12-31": "0.71770", "2005-09-30": "0.72780", "2005-06-30": "0.74450", "2005-03-31": "0.75100"}, "Debt/Equity Ratio": {"2020-12-31": "2.13030", "2020-09-30": "2.41550", "2020-06-30": "2.66320", "2020-03-31": "3.19040", "2019-12-31": "2.98380", "2019-09-30": "3.19560", "2019-06-30": "3.36260", "2019-03-31": "3.43880", "2018-12-31": "3.45200", "2018-09-30": "3.02280", "2018-06-30": "2.84010", "2018-03-31": "2.98820", "2017-12-31": "3.03930", "2017-09-30": "3.78610", "2017-06-30": "4.21710", "2017-03-31": "4.19220", "2016-12-31": "4.72690", "2016-09-30": "5.19950", "2016-06-30": "5.22040", "2016-03-31": "5.16520", "2015-12-31": "5.52980", "2015-09-30": "5.68800", "2015-06-30": "5.79200", "2015-03-31": "5.40130", "2014-12-31": "4.42830", "2014-09-30": "4.45760", "2014-06-30": "4.43550", "2014-03-31": "3.85910", "2013-12-31": "3.88150", "2013-09-30": "4.38520", "2013-06-30": "4.57180", "2013-03-31": "4.49150", "2012-12-31": "4.67850", "2012-09-30": "4.86260", "2012-06-30": "5.13570", "2012-03-31": "47.37010", "2011-12-31": "29.53400", "2011-09-30": "54.85460", "2011-06-30": "124.00000", "2011-03-31": "-98.72410", "2010-12-31": "-146.45000", "2010-09-30": "-195.93330", "2010-06-30": "-56.70000", "2010-03-31": "-58.95830", "2009-12-31": "-161.84210", "2009-09-30": "-172.33330", "2009-06-30": "-69.02170", "2009-03-31": "-57.71430", "2008-12-31": "-115.34480", "2008-09-30": "4.10290", "2008-06-30": "2.11810", "2008-03-31": "1.33010", "2007-12-31": "1.34590", "2007-09-30": "1.47940", "2007-06-30": "1.63100", "2007-03-31": "1.71790", "2006-12-31": "1.75680", "2006-09-30": "1.97000", "2006-06-30": "2.22250", "2006-03-31": "2.50040", "2005-12-31": "2.56470", "2005-09-30": "2.67400", "2005-06-30": "2.91380", "2005-03-31": "3.01630"}, "Gross Margin": {"2020-12-31": "38.13080", "2020-09-30": "40.51210", "2020-06-30": "36.15270", "2020-03-31": "34.21180", "2019-12-31": "39.29150", "2019-09-30": "41.51930", "2019-06-30": "39.78170", "2019-03-31": "35.94710", "2018-12-31": "43.27840", "2018-09-30": "44.32890", "2018-06-30": "41.35380", "2018-03-31": "37.25490", "2017-12-31": "43.02810", "2017-09-30": "43.77120", "2017-06-30": "41.01440", "2017-03-31": "37.90560", "2016-12-31": "43.13850", "2016-09-30": "43.50130", "2016-06-30": "41.52010", "2016-03-31": "38.16790", "2015-12-31": "42.54760", "2015-09-30": "44.51610", "2015-06-30": "43.24700", "2015-03-31": "39.84790", "2014-12-31": "45.20460", "2014-09-30": "44.55960", "2014-06-30": "42.10150", "2014-03-31": "38.03060", "2013-12-31": "42.37670", "2013-09-30": "43.02060", "2013-06-30": "39.05470", "2013-03-31": "35.00000", "2012-12-31": "39.63170", "2012-09-30": "41.42740", "2012-06-30": "37.66360", "2012-03-31": "32.46950", "2011-12-31": "36.86330", "2011-09-30": "38.42920", "2011-06-30": "33.54530", "2011-03-31": "26.38620", "2010-12-31": "29.31320", "2010-09-30": "34.54550", "2010-06-30": "30.70020", "2010-03-31": "21.54810", "2009-12-31": "26.03230", "2009-09-30": "30.40540", "2009-06-30": "22.92680", "2009-03-31": "24.24240", "2008-12-31": "31.22630", "2008-09-30": "38.48800", "2008-06-30": "34.41640", "2008-03-31": "32.25390", "2007-12-31": "36.86490", "2007-09-30": "38.28280", "2007-06-30": "34.51140", "2007-03-31": "30.78760", "2006-12-31": "37.79700", "2006-09-30": "37.74160", "2006-06-30": "34.92930", "2006-03-31": "31.28910", "2005-12-31": "41.36430", "2005-09-30": "35.24000", "2005-06-30": "31.86940", "2005-03-31": "27.59560"}, "Operating Margin": {"2020-12-31": "22.37820", "2020-09-30": "25.19430", "2020-06-30": "19.64930", "2020-03-31": "16.84710", "2019-12-31": "24.38930", "2019-09-30": "26.36660", "2019-06-30": "23.10040", "2019-03-31": "17.38310", "2018-12-31": "24.41460", "2018-09-30": "27.31570", "2018-06-30": "24.85460", "2018-03-31": "19.60780", "2017-12-31": "24.03750", "2017-09-30": "25.36810", "2017-06-30": "21.28990", "2017-03-31": "18.95280", "2016-12-31": "26.39530", "2016-09-30": "27.32100", "2016-06-30": "24.41940", "2016-03-31": "19.38930", "2015-12-31": "26.06700", "2015-09-30": "28.77420", "2015-06-30": "26.24210", "2015-03-31": "22.81370", "2014-12-31": "27.23790", "2014-09-30": "27.33160", "2014-06-30": "23.23090", "2014-03-31": "18.50590", "2013-12-31": "25.56050", "2013-09-30": "25.70560", "2013-06-30": "20.72970", "2013-03-31": "13.54550", "2012-12-31": "18.89510", "2012-09-30": "18.21170", "2012-06-30": "4.63240", "2012-03-31": "13.26220", "2011-12-31": "15.41560", "2011-09-30": "21.87940", "2011-06-30": "15.10330", "2011-03-31": "5.73610", "2010-12-31": "7.87270", "2010-09-30": "15.37190", "2010-06-30": "10.59250", "2010-03-31": "-0.41840", "2009-12-31": "4.30880", "2009-09-30": "11.31760", "2009-06-30": "0.81300", "2009-03-31": "3.03030", "2008-12-31": "-132.49050", "2008-09-30": "21.53490", "2008-06-30": "15.40310", "2008-03-31": "13.21240", "2007-12-31": "18.48650", "2007-09-30": "21.81820", "2007-06-30": "17.87940", "2007-03-31": "11.81380", "2006-12-31": "18.68250", "2006-09-30": "20.85450", "2006-06-30": "16.64850", "2006-03-31": "11.76470", "2005-12-31": "22.20610", "2005-09-30": "17.67110", "2005-06-30": "14.86490", "2005-03-31": "9.01640"}, "EBIT Margin": {"2020-12-31": "22.37820", "2020-09-30": "25.19430", "2020-06-30": "19.64930", "2020-03-31": "16.84710", "2019-12-31": "24.38930", "2019-09-30": "26.36660", "2019-06-30": "23.10040", "2019-03-31": "17.38310", "2018-12-31": "24.41460", "2018-09-30": "27.31570", "2018-06-30": "24.85460", "2018-03-31": "19.60780", "2017-12-31": "24.03750", "2017-09-30": "25.36810", "2017-06-30": "21.28990", "2017-03-31": "18.95280", "2016-12-31": "26.39530", "2016-09-30": "27.32100", "2016-06-30": "24.41940", "2016-03-31": "19.38930", "2015-12-31": "26.06700", "2015-09-30": "28.77420", "2015-06-30": "26.24210", "2015-03-31": "22.81370", "2014-12-31": "27.23790", "2014-09-30": "27.33160", "2014-06-30": "23.23090", "2014-03-31": "18.50590", "2013-12-31": "25.56050", "2013-09-30": "25.70560", "2013-06-30": "20.72970", "2013-03-31": "13.54550", "2012-12-31": "18.89510", "2012-09-30": "18.21170", "2012-06-30": "4.63240", "2012-03-31": "13.26220", "2011-12-31": "15.41560", "2011-09-30": "21.87940", "2011-06-30": "15.10330", "2011-03-31": "5.73610", "2010-12-31": "7.87270", "2010-09-30": "15.37190", "2010-06-30": "10.59250", "2010-03-31": "-0.41840", "2009-12-31": "4.30880", "2009-09-30": "11.31760", "2009-06-30": "0.81300", "2009-03-31": "3.03030", "2008-12-31": "-132.49050", "2008-09-30": "21.53490", "2008-06-30": "15.40310", "2008-03-31": "13.21240", "2007-12-31": "18.48650", "2007-09-30": "21.81820", "2007-06-30": "17.87940", "2007-03-31": "11.81380", "2006-12-31": "18.68250", "2006-09-30": "20.85450", "2006-06-30": "16.64850", "2006-03-31": "11.76470", "2005-12-31": "22.20610", "2005-09-30": "17.67110", "2005-06-30": "14.86490", "2005-03-31": "9.01640"}, "EBITDA Margin": {"2020-12-31": "", "2020-09-30": "", "2020-06-30": "", "2020-03-31": "", "2019-12-31": "", "2019-09-30": "", "2019-06-30": "", "2019-03-31": "", "2018-12-31": "", "2018-09-30": "", "2018-06-30": "", "2018-03-31": "", "2017-12-31": "", "2017-09-30": "", "2017-06-30": "", "2017-03-31": "", "2016-12-31": "", "2016-09-30": "", "2016-06-30": "", "2016-03-31": "", "2015-12-31": "", "2015-09-30": "", "2015-06-30": "", "2015-03-31": "", "2014-12-31": "", "2014-09-30": "", "2014-06-30": "", "2014-03-31": "", "2013-12-31": "", "2013-09-30": "", "2013-06-30": "", "2013-03-31": "", "2012-12-31": "", "2012-09-30": "", "2012-06-30": "", "2012-03-31": "", "2011-12-31": "", "2011-09-30": "", "2011-06-30": "", "2011-03-31": "", "2010-12-31": "", "2010-09-30": "", "2010-06-30": "", "2010-03-31": "", "2009-12-31": "", "2009-09-30": "", "2009-06-30": "", "2009-03-31": "", "2008-12-31": "", "2008-09-30": "", "2008-06-30": "", "2008-03-31": "", "2007-12-31": "", "2007-09-30": "", "2007-06-30": "", "2007-03-31": "", "2006-12-31": "", "2006-09-30": "", "2006-06-30": "", "2006-03-31": "", "2005-12-31": "", "2005-09-30": "", "2005-06-30": "", "2005-03-31": ""}, "Pre-Tax Profit Margin": {"2020-12-31": "16.98110", "2020-09-30": "12.57430", "2020-06-30": "12.94480", "2020-03-31": "10.63530", "2019-12-31": "17.63030", "2019-09-30": "20.49840", "2019-06-30": "15.32750", "2019-03-31": "10.39210", "2018-12-31": "18.43020", "2018-09-30": "21.73910", "2018-06-30": "18.98470", "2018-03-31": "13.37950", "2017-12-31": "17.48180", "2017-09-30": "18.23330", "2017-06-30": "14.33940", "2017-03-31": "11.87320", "2016-12-31": "15.88970", "2016-09-30": "20.09280", "2016-06-30": "15.27090", "2016-03-31": "11.22140", "2015-12-31": "19.17270", "2015-09-30": "21.93550", "2015-06-30": "10.42690", "2015-03-31": "13.84030", "2014-12-31": "19.88490", "2014-09-30": "19.62440", "2014-06-30": "10.15010", "2014-03-31": "7.97960", "2013-12-31": "16.89090", "2013-09-30": "16.62850", "2013-06-30": "10.86240", "2013-03-31": "2.72730", "2012-12-31": "3.12250", "2012-09-30": "7.71120", "2012-06-30": "-6.44510", "2012-03-31": "2.89630", "2011-12-31": "7.50670", "2011-09-30": "13.46420", "2011-06-30": "6.20030", "2011-03-31": "-5.16250", "2010-12-31": "-6.70020", "2010-09-30": "6.28100", "2010-06-30": "0.53860", "2010-03-31": "-13.38910", "2009-12-31": "-8.79710", "2009-09-30": "0.67570", "2009-06-30": "-4.71540", "2009-03-31": "-5.55560", "2008-12-31": "-134.63970", "2008-09-30": "13.40210", "2008-06-30": "9.14560", "2008-03-31": "7.64250", "2007-12-31": "25.94600", "2007-09-30": "17.37370", "2007-06-30": "12.05820", "2007-03-31": "5.96660", "2006-12-31": "13.06700", "2006-09-30": "14.64900", "2006-06-30": "10.88140", "2006-03-31": "5.00630", "2005-12-31": "15.09430", "2005-09-30": "12.87030", "2005-06-30": "9.23420", "2005-03-31": "2.59560"}, "Net Profit Margin": {"2020-12-31": "13.03200", "2020-09-30": "9.51070", "2020-06-30": "10.93350", "2020-03-31": "8.14120", "2019-12-31": "13.76220", "2019-09-30": "15.71540", "2019-06-30": "11.79040", "2019-03-31": "8.26640", "2018-12-31": "13.44320", "2018-09-30": "15.73720", "2018-06-30": "14.27820", "2018-03-31": "10.55360", "2017-12-31": "46.67010", "2017-09-30": "11.26840", "2017-06-30": "8.82910", "2017-03-31": "8.03830", "2016-12-31": "10.04600", "2016-09-30": "12.40050", "2016-06-30": "9.43000", "2016-03-31": "7.02290", "2015-12-31": "11.09650", "2015-09-30": "13.87100", "2015-06-30": "6.01820", "2015-03-31": "8.74520", "2014-12-31": "12.40410", "2014-09-30": "12.43520", "2014-06-30": "6.71910", "2014-03-31": "5.09340", "2013-12-31": "10.46340", "2013-09-30": "10.90770", "2013-06-30": "6.88230", "2013-03-31": "1.90910", "2012-12-31": "3.28260", "2012-09-30": "5.98850", "2012-06-30": "-5.23670", "2012-03-31": "1.98170", "2011-12-31": "3.88740", "2011-09-30": "9.11640", "2011-06-30": "4.29250", "2011-03-31": "-3.82410", "2010-12-31": "-3.51760", "2010-09-30": "3.80170", "2010-06-30": "2.15440", "2010-03-31": "-8.36820", "2009-12-31": "-4.66790", "2009-09-30": "", "2009-06-30": "-2.76420", "2009-03-31": "-3.19870", "2008-12-31": "-108.09100", "2008-09-30": "8.70560", "2008-06-30": "-24.30810", "2008-03-31": "4.92230", "2007-12-31": "16.86490", "2007-09-30": "11.41410", "2007-06-30": "7.17260", "2007-03-31": "3.69930", "2006-12-31": "6.58750", "2006-09-30": "9.86780", "2006-06-30": "6.09360", "2006-03-31": "2.50310", "2005-12-31": "8.70830", "2005-09-30": "7.76300", "2005-06-30": "5.63060", "2005-03-31": "1.63930"}, "Asset Turnover": {"2020-12-31": "0.12750", "2020-09-30": "0.12210", "2020-06-30": "0.10830", "2020-03-31": "0.11260", "2019-12-31": "0.12950", "2019-09-30": "0.12820", "2019-06-30": "0.12020", "2019-03-31": "0.11390", "2018-12-31": "0.12720", "2018-09-30": "0.12940", "2018-06-30": "0.12520", "2018-03-31": "0.11810", "2017-12-31": "0.12790", "2017-09-30": "0.12850", "2017-06-30": "0.12020", "2017-03-31": "0.11470", "2016-12-31": "0.12700", "2016-09-30": "0.12290", "2016-06-30": "0.11720", "2016-03-31": "0.11120", "2015-12-31": "0.12600", "2015-09-30": "0.12300", "2015-06-30": "0.11340", "2015-03-31": "0.10710", "2014-12-31": "0.12890", "2014-09-30": "0.12370", "2014-06-30": "0.11220", "2014-03-31": "0.10470", "2013-12-31": "0.11910", "2013-09-30": "0.11340", "2013-06-30": "0.10650", "2013-03-31": "0.10070", "2012-12-31": "0.11330", "2012-09-30": "0.11090", "2012-06-30": "0.09080", "2012-03-31": "0.08990", "2011-12-31": "0.18010", "2011-09-30": "0.17800", "2011-06-30": "0.15920", "2011-03-31": "0.14170", "2010-12-31": "0.16170", "2010-09-30": "0.16160", "2010-06-30": "0.15580", "2010-03-31": "0.13340", "2009-12-31": "0.14430", "2009-09-30": "0.15200", "2009-06-30": "0.15700", "2009-03-31": "0.14940", "2008-12-31": "0.18870", "2008-09-30": "0.15560", "2008-06-30": "0.14820", "2008-03-31": "0.13150", "2007-12-31": "0.15830", "2007-09-30": "0.17320", "2007-06-30": "0.16970", "2007-03-31": "0.15490", "2006-12-31": "0.17260", "2006-09-30": "0.17680", "2006-06-30": "0.16430", "2006-03-31": "0.14410", "2005-12-31": "0.12600", "2005-09-30": "0.18870", "2005-06-30": "0.17440", "2005-03-31": "0.14940"}, "Inventory Turnover Ratio": {"2020-12-31": "11.28000", "2020-09-30": "12.04630", "2020-06-30": "11.57010", "2020-03-31": "12.15650", "2019-12-31": "12.42500", "2019-09-30": "11.19230", "2019-06-30": "10.21480", "2019-03-31": "11.02440", "2018-12-31": "12.00000", "2018-09-30": "11.32690", "2018-06-30": "11.79790", "2018-03-31": "12.95240", "2017-12-31": "14.60000", "2017-09-30": "12.10980", "2017-06-30": "12.07690", "2017-03-31": "11.22670", "2016-12-31": "12.73530", "2016-09-30": "11.83330", "2016-06-30": "11.70420", "2016-03-31": "10.94600", "2015-12-31": "12.68120", "2015-09-30": "11.16880", "2015-06-30": "10.01240", "2015-03-31": "9.76540", "2014-12-31": "10.98720", "2014-09-30": "7.64290", "2014-06-30": "6.80670", "2014-03-31": "7.15690", "2013-12-31": "11.01430", "2013-09-30": "8.20880", "2013-06-30": "6.62160", "2013-03-31": "6.94170", "2012-12-31": "11.08820", "2012-09-30": "8.02250", "2012-06-30": "6.06860", "2012-03-31": "5.21180", "2011-12-31": "10.70460", "2011-09-30": "7.83930", "2011-06-30": "5.97140", "2011-03-31": "6.11110", "2010-12-31": "10.82050", "2010-09-30": "8.25000", "2010-06-30": "6.43330", "2010-03-31": "8.15220", "2009-12-31": "9.36360", "2009-09-30": "7.92310", "2009-06-30": "8.61820", "2009-03-31": "7.62710", "2008-12-31": "9.22030", "2008-09-30": "6.88460", "2008-06-30": "5.79790", "2008-03-31": "5.50530", "2007-12-31": "6.41760", "2007-09-30": "4.96750", "2007-06-30": "3.88890", "2007-03-31": "3.43200", "2006-12-31": "4.14390", "2006-09-30": "4.00000", "2006-06-30": "3.47670", "2006-03-31": "2.88950", "2005-12-31": "2.60650", "2005-09-30": "3.52220", "2005-06-30": "3.39890", "2005-03-31": "3.55700"}, "Receiveable Turnover": {"2020-12-31": "1.73310", "2020-09-30": "1.65180", "2020-06-30": "1.58160", "2020-03-31": "1.50390", "2019-12-31": "1.60520", "2019-09-30": "1.55990", "2019-06-30": "1.50160", "2019-03-31": "1.42370", "2018-12-31": "1.49260", "2018-09-30": "1.47150", "2018-06-30": "1.57190", "2018-03-31": "1.50260", "2017-12-31": "1.55880", "2017-09-30": "1.53430", "2017-06-30": "1.61310", "2017-03-31": "1.58780", "2016-12-31": "1.65540", "2016-09-30": "1.62330", "2016-06-30": "1.63900", "2016-03-31": "1.57260", "2015-12-31": "1.63760", "2015-09-30": "1.55940", "2015-06-30": "1.59840", "2015-03-31": "1.55070", "2014-12-31": "1.66380", "2014-09-30": "1.64080", "2014-06-30": "1.65760", "2014-03-31": "1.56650", "2013-12-31": "1.66420", "2013-09-30": "1.62450", "2013-06-30": "1.60590", "2013-03-31": "1.51720", "2012-12-31": "1.57500", "2012-09-30": "1.51620", "2012-06-30": "1.41050", "2012-03-31": "1.57310", "2011-12-31": "1.60780", "2011-09-30": "1.57400", "2011-06-30": "1.54550", "2011-03-31": "1.53370", "2010-12-31": "1.58360", "2010-09-30": "1.51630", "2010-06-30": "1.61920", "2010-03-31": "1.49380", "2009-12-31": "1.65280", "2009-09-30": "1.60430", "2009-06-30": "1.64000", "2009-03-31": "1.65460", "2008-12-31": "1.74230", "2008-09-30": "1.72190", "2008-06-30": "1.73850", "2008-03-31": "1.70800", "2007-12-31": "1.78230", "2007-09-30": "1.70100", "2007-06-30": "1.73960", "2007-03-31": "1.67600", "2006-12-31": "1.84460", "2006-09-30": "1.81700", "2006-06-30": "1.84910", "2006-03-31": "1.80770", "2005-12-31": "1.34830", "2005-09-30": "1.67640", "2005-06-30": "1.71760", "2005-03-31": "1.65240"}, "Days Sales In Receivables": {"2020-12-31": "51.93070", "2020-09-30": "54.48560", "2020-06-30": "56.90560", "2020-03-31": "59.84470", "2019-12-31": "56.06680", "2019-09-30": "57.69700", "2019-06-30": "59.93450", "2019-03-31": "63.21680", "2018-12-31": "60.29920", "2018-09-30": "61.16260", "2018-06-30": "57.25540", "2018-03-31": "59.89620", "2017-12-31": "57.73670", "2017-09-30": "58.65800", "2017-06-30": "55.79210", "2017-03-31": "56.68140", "2016-12-31": "54.36640", "2016-09-30": "55.44430", "2016-06-30": "54.91200", "2016-03-31": "57.22900", "2015-12-31": "54.95730", "2015-09-30": "57.71610", "2015-06-30": "56.30510", "2015-03-31": "58.03800", "2014-12-31": "54.09210", "2014-09-30": "54.85100", "2014-06-30": "54.29590", "2014-03-31": "57.45330", "2013-12-31": "54.08070", "2013-09-30": "55.40050", "2013-06-30": "56.04480", "2013-03-31": "59.31820", "2012-12-31": "57.14170", "2012-09-30": "59.36010", "2012-06-30": "63.80660", "2012-03-31": "57.21040", "2011-12-31": "55.97860", "2011-09-30": "57.18090", "2011-06-30": "58.23530", "2011-03-31": "58.68070", "2010-12-31": "56.83420", "2010-09-30": "59.35540", "2010-06-30": "55.58350", "2010-03-31": "60.25110", "2009-12-31": "54.45240", "2009-09-30": "56.09800", "2009-06-30": "54.87810", "2009-03-31": "54.39390", "2008-12-31": "51.65610", "2008-09-30": "52.26800", "2008-06-30": "51.76900", "2008-03-31": "52.69430", "2007-12-31": "50.49730", "2007-09-30": "52.90910", "2007-06-30": "51.73600", "2007-03-31": "53.69930", "2006-12-31": "48.79050", "2006-09-30": "49.53210", "2006-06-30": "48.67250", "2006-03-31": "49.78720", "2005-12-31": "66.74890", "2005-09-30": "53.68740", "2005-06-30": "52.39870", "2005-03-31": "54.46720"}, "ROE - Return On Equity": {"2020-12-31": "6.53470", "2020-09-30": "4.99880", "2020-06-30": "5.42620", "2020-03-31": "4.75930", "2019-12-31": "8.82510", "2019-09-30": "10.71230", "2019-06-30": "7.76310", "2019-03-31": "5.18520", "2018-12-31": "9.10960", "2018-09-30": "9.98800", "2018-06-30": "8.53350", "2018-03-31": "5.98430", "2017-12-31": "28.87960", "2017-09-30": "9.00050", "2017-06-30": "7.23820", "2017-03-31": "6.21790", "2016-12-31": "9.28400", "2016-09-30": "12.15080", "2016-06-30": "8.92140", "2016-03-31": "6.12920", "2015-12-31": "11.44990", "2015-09-30": "14.36210", "2015-06-30": "5.92290", "2015-03-31": "7.69230", "2014-12-31": "10.78980", "2014-09-30": "10.57270", "2014-06-30": "5.20200", "2014-03-31": "3.28950", "2013-12-31": "7.57580", "2013-09-30": "8.27070", "2013-06-30": "5.15850", "2013-03-31": "1.31660", "2012-12-31": "2.60480", "2012-09-30": "4.77750", "2012-06-30": "-3.63640", "2012-03-31": "10.23620", "2011-12-31": "27.18450", "2011-09-30": "118.18180", "2011-06-30": "116.66670", "2011-03-31": "68.96550", "2010-12-31": "85.00000", "2010-09-30": "-153.33330", "2010-06-30": "-24.00000", "2010-03-31": "83.33330", "2009-12-31": "126.31580", "2009-09-30": "", "2009-06-30": "36.95650", "2009-03-31": "33.92860", "2008-12-31": "2941.37900", "2008-09-30": "8.45710", "2008-06-30": "2.61670", "2008-03-31": "1.86090", "2007-12-31": "7.58180", "2007-09-30": "5.95170", "2007-06-30": "3.93650", "2007-03-31": "2.02400", "2006-12-31": "5.00650", "2006-09-30": "5.86280", "2006-06-30": "4.20830", "2006-03-31": "1.99840", "2005-12-31": "5.20750", "2005-09-30": "6.43520", "2005-06-30": "4.58720", "2005-03-31": "1.15160"}, "Return On Tangible Equity": {"2020-12-31": "-23.36740", "2020-09-30": "-12.32960", "2020-06-30": "-10.65860", "2020-03-31": "-7.48920", "2019-12-31": "-15.23210", "2019-09-30": "-15.93320", "2019-06-30": "-10.09350", "2019-03-31": "-6.17280", "2018-12-31": "-11.31800", "2018-09-30": "-17.76950", "2018-06-30": "-15.60690", "2018-03-31": "-9.72370", "2017-12-31": "-48.46030", "2017-09-30": "-9.75010", "2017-06-30": "-6.08280", "2017-03-31": "-4.93210", "2016-12-31": "-6.49960", "2016-09-30": "-7.45020", "2016-06-30": "-5.18980", "2016-03-31": "-3.50480", "2015-12-31": "-6.32490", "2015-09-30": "-7.93940", "2015-06-30": "-3.07030", "2015-03-31": "-4.10570", "2014-12-31": "-7.51940", "2014-09-30": "-7.33100", "2014-06-30": "-3.47630", "2014-03-31": "-2.86810", "2013-12-31": "-6.59440", "2013-09-30": "-6.22820", "2013-06-30": "-3.39050", "2013-03-31": "-0.83370", "2012-12-31": "-1.57940", "2012-09-30": "-2.70370", "2012-06-30": "1.82390", "2012-03-31": "-4.52960", "2011-12-31": "-10.40890", "2011-09-30": "-23.46570", "2011-06-30": "-9.49150", "2011-03-31": "7.84310", "2010-12-31": "6.88260", "2010-09-30": "-9.50410", "2010-06-30": "-4.33210", "2010-03-31": "14.38850", "2009-12-31": "9.60000", "2009-09-30": "", "2009-06-30": "6.15940", "2009-03-31": "6.66670", "2008-12-31": "330.62010", "2008-09-30": "-14.28570", "2008-06-30": "194.73680", "2008-03-31": "5.88240", "2007-12-31": "24.91860", "2007-09-30": "24.23580", "2007-06-30": "21.96720", "2007-03-31": "16.32650", "2006-12-31": "47.53090", "2006-09-30": "67.17560", "2006-06-30": "196.66670", "2006-03-31": "-22.93580", "2005-12-31": "-48.48490", "2005-09-30": "-49.67320", "2005-06-30": "-21.18640", "2005-03-31": "-4.19580"}, "ROA - Return On Assets": {"2020-12-31": "1.66220", "2020-09-30": "1.16150", "2020-06-30": "1.18440", "2020-03-31": "0.91690", "2019-12-31": "1.78180", "2019-09-30": "2.01490", "2019-06-30": "1.41750", "2019-03-31": "0.94160", "2018-12-31": "1.70960", "2018-09-30": "2.03620", "2018-06-30": "1.78710", "2018-03-31": "1.24590", "2017-12-31": "5.96810", "2017-09-30": "1.44790", "2017-06-30": "1.06140", "2017-03-31": "0.92200", "2016-12-31": "1.27630", "2016-09-30": "1.52340", "2016-06-30": "1.10560", "2016-03-31": "0.78070", "2015-12-31": "1.39870", "2015-09-30": "1.70660", "2015-06-30": "0.68230", "2015-03-31": "0.93630", "2014-12-31": "1.59950", "2014-09-30": "1.53810", "2014-06-30": "0.75400", "2014-03-31": "0.53350", "2013-12-31": "1.24660", "2013-09-30": "1.23670", "2013-06-30": "0.73280", "2013-03-31": "0.19230", "2012-12-31": "0.37180", "2012-09-30": "0.66410", "2012-06-30": "-0.47520", "2012-03-31": "0.17820", "2011-12-31": "0.67580", "2011-09-30": "1.62300", "2011-06-30": "0.70850", "2011-03-31": "-0.54170", "2010-12-31": "-0.46030", "2010-09-30": "0.61430", "2010-06-30": "0.33580", "2010-03-31": "-1.11610", "2009-12-31": "-0.62190", "2009-09-30": "", "2009-06-30": "-0.43390", "2009-03-31": "-0.47770", "2008-12-31": "-20.35310", "2008-09-30": "1.31860", "2008-06-30": "0.65970", "2008-03-31": "0.64710", "2007-12-31": "2.61900", "2007-09-30": "1.94160", "2007-06-30": "1.18210", "2007-03-31": "0.59150", "2006-12-31": "1.43500", "2006-09-30": "1.58240", "2006-06-30": "1.05490", "2006-03-31": "0.45080", "2005-12-31": "1.17000", "2005-09-30": "1.46490", "2005-06-30": "0.98170", "2005-03-31": "0.24480"}, "ROI - Return On Investment": {"2020-12-31": "2.19630", "2020-09-30": "1.53940", "2020-06-30": "1.56970", "2020-03-31": "1.20320", "2019-12-31": "2.37010", "2019-09-30": "2.72640", "2019-06-30": "1.90440", "2019-03-31": "1.24550", "2018-12-31": "2.17590", "2018-09-30": "2.66060", "2018-06-30": "2.40000", "2018-03-31": "1.59550", "2017-12-31": "7.58690", "2017-09-30": "2.01250", "2017-06-30": "1.48120", "2017-03-31": "1.27860", "2016-12-31": "1.73060", "2016-09-30": "2.09360", "2016-06-30": "1.52850", "2016-03-31": "1.05700", "2015-12-31": "1.87130", "2015-09-30": "2.29380", "2015-06-30": "0.92750", "2015-03-31": "1.28110", "2014-12-31": "2.12210", "2014-09-30": "2.06610", "2014-06-30": "1.02160", "2014-03-31": "0.69780", "2013-12-31": "1.66330", "2013-09-30": "1.64730", "2013-06-30": "0.99510", "2013-03-31": "0.25630", "2012-12-31": "0.49350", "2012-09-30": "0.87880", "2012-06-30": "-0.62250", "2012-03-31": "0.22520", "2011-12-31": "1.01820", "2011-09-30": "2.43350", "2011-06-30": "1.05540", "2011-03-31": "-0.75900", "2010-12-31": "-0.63430", "2010-09-30": "0.82110", "2010-06-30": "0.45100", "2010-03-31": "-1.50490", "2009-12-31": "-0.81880", "2009-09-30": "", "2009-06-30": "-0.54490", "2009-03-31": "-0.60030", "2008-12-31": "-25.82500", "2008-09-30": "1.66140", "2008-06-30": "0.84150", "2008-03-31": "0.82590", "2007-12-31": "3.24220", "2007-09-30": "2.44170", "2007-06-30": "1.53780", "2007-03-31": "0.75540", "2006-12-31": "1.83200", "2006-09-30": "2.10880", "2006-06-30": "1.31340", "2006-03-31": "0.57440", "2005-12-31": "1.46990", "2005-09-30": "1.75160", "2005-06-30": "1.17210", "2005-03-31": "0.28670"}, "Book Value Per Share": {"2020-12-31": "62.95280", "2020-09-30": "57.68590", "2020-06-30": "54.20440", "2020-03-31": "50.45250", "2019-12-31": "51.50480", "2019-09-30": "48.18420", "2019-06-30": "44.91680", "2019-03-31": "42.82340", "2018-12-31": "42.60510", "2018-09-30": "40.88940", "2018-06-30": "38.16880", "2018-03-31": "36.43950", "2017-12-31": "36.77310", "2017-09-30": "26.14340", "2017-06-30": "23.04260", "2017-03-31": "20.74380", "2016-12-31": "19.56730", "2016-09-30": "18.17280", "2016-06-30": "17.31910", "2016-03-31": "16.79400", "2015-12-31": "16.08260", "2015-09-30": "16.12680", "2015-06-30": "15.22510", "2015-03-31": "15.42380", "2014-12-31": "18.36980", "2014-09-30": "18.18470", "2014-06-30": "18.79670", "2014-03-31": "18.70230", "2013-12-31": "19.80940", "2013-09-30": "18.54530", "2013-06-30": "17.21680", "2013-03-31": "16.92610", "2012-12-31": "16.92760", "2012-09-30": "16.50290", "2012-06-30": "15.43030", "2012-03-31": "1.99150", "2011-12-31": "1.63810", "2011-09-30": "0.87790", "2011-06-30": "0.38330", "2011-03-31": "-0.47320", "2010-12-31": "-0.32990", "2010-09-30": "-0.24780", "2010-06-30": "-0.82610", "2010-03-31": "-0.79430", "2009-12-31": "-0.31580", "2009-09-30": "-0.29930", "2009-06-30": "-0.76500", "2009-03-31": "-0.93140", "2008-12-31": "-0.48420", "2008-09-30": "14.60770", "2008-06-30": "16.35530", "2008-03-31": "23.64270", "2007-12-31": "23.37540", "2007-09-30": "21.60320", "2007-06-30": "19.71510", "2007-03-31": "19.43070", "2006-12-31": "18.94580", "2006-09-30": "18.62980", "2006-06-30": "17.27050", "2006-03-31": "15.41040", "2005-12-31": "15.89850", "2005-09-30": "15.27750", "2005-06-30": "14.10040", "2005-03-31": "13.47940"}, "Operating Cash Flow Per Share": {"2020-12-31": 4.8625, "2020-09-30": 11.3694, "2020-06-30": 11.543, "2020-03-31": "8.67150", "2019-12-31": 5.319, "2019-09-30": 13.3316, "2019-06-30": 11.9307, "2019-03-31": "8.33260", "2018-12-31": 8.63, "2018-09-30": 5.9408, "2018-06-30": 12.0527, "2018-03-31": "7.53190", "2017-12-31": 5.3016, "2017-09-30": 4.9553, "2017-06-30": 8.2753, "2017-03-31": "7.28530", "2016-12-31": 3.2575, "2016-09-30": 4.7612, "2016-06-30": 7.4532, "2016-03-31": "6.64150", "2015-12-31": 4.3429, "2015-09-30": 3.5685, "2015-06-30": 5.9744, "2015-03-31": "6.81370", "2014-12-31": 3.0737, "2014-09-30": 4.1043, "2014-06-30": 5.2082, "2014-03-31": "4.77340", "2013-12-31": 4.0281, "2013-09-30": 2.3364, "2013-06-30": 4.3828, "2013-03-31": "3.84470", "2012-12-31": 2.8995, "2012-09-30": 0.5931, "2012-06-30": 0.7786, "2012-03-31": "3.33040", "2011-12-31": 2.1665, "2011-09-30": 2.18, "2011-06-30": 1.4664, "2011-03-31": "2.53080", "2010-12-31": 2.4716, "2010-09-30": 1.7697, "2010-06-30": 1.276, "2010-03-31": "1.95930", "2009-12-31": 1.4751, "2009-09-30": 2.4032, "2009-06-30": 1.3425, "2009-03-31": "2.06710", "2008-12-31": 2.8413, "2008-09-30": 2.2091, "2008-06-30": 3.1321, "2008-03-31": "2.04040", "2007-12-31": 3.349, "2007-09-30": 1.4219, "2007-06-30": 1.6548, "2007-03-31": "1.20690", "2006-12-31": 2.2234, "2006-09-30": 2.1088, "2006-06-30": 1.1139, "2006-03-31": "2.09390", "2005-12-31": 1.9498, "2005-09-30": 0.8787, "2005-06-30": 1.6941, "2005-03-31": "1.19370"}, "Free Cash Flow Per Share": {"2020-12-31": 5.6869, "2020-09-30": 7.713, "2020-06-30": 11.4297, "2020-03-31": "8.07910", "2019-12-31": 5.9991, "2019-09-30": 4.0563, "2019-06-30": 2.6918, "2019-03-31": "7.09580", "2018-12-31": 8.7246, "2018-09-30": -1.9549, "2018-06-30": 2.1528, "2018-03-31": "6.03020", "2017-12-31": 3.6722, "2017-09-30": -0.4125, "2017-06-30": 1.3679, "2017-03-31": "5.72750", "2016-12-31": 3.4953, "2016-09-30": 0.8207, "2016-06-30": 1.7553, "2016-03-31": "6.59750", "2015-12-31": 4.7456, "2015-09-30": 0.3182, "2015-06-30": -0.1229, "2015-03-31": "4.54250", "2014-12-31": 2.3092, "2014-09-30": 0.7249, "2014-06-30": -0.3393, "2014-03-31": "2.61220", "2013-12-31": 4.3991, "2013-09-30": -1.5173, "2013-06-30": -1.4782, "2013-03-31": "2.19970", "2012-12-31": 1.5582, "2012-09-30": 0.7931, "2012-06-30": -3.4827, "2012-03-31": "-1.16700", "2011-12-31": 1.35, "2011-09-30": -0.3882, "2011-06-30": -1.7986, "2011-03-31": "1.15040", "2010-12-31": 1.6575, "2010-09-30": 0.5349, "2010-06-30": -0.0649, "2010-03-31": "1.66040", "2009-12-31": 0.8045, "2009-09-30": 2.0088, "2009-06-30": 1.1593, "2009-03-31": "2.16720", "2008-12-31": 2.7115, "2008-09-30": 0.4172, "2008-06-30": 0.0629, "2008-03-31": "1.29100", "2007-12-31": 2.8903, "2007-09-30": 0.4011, "2007-06-30": -0.64, "2007-03-31": "-0.71690", "2006-12-31": 2.0129, "2006-09-30": 1.2281, "2006-06-30": -1.4189, "2006-03-31": "0.45400", "2005-12-31": 2.0729, "2005-09-30": -0.5553, "2005-06-30": -0.6382, "2005-03-31": "0.42020"}}, "revenue": {"United Rentals Annual Revenue (Millions of US $)": {"2020": "$8,530", "2019": "$9,351", "2018": "$8,047", "2017": "$6,641", "2016": "$5,762", "2015": "$5,817", "2014": "$5,685", "2013": "$4,955", "2012": "$4,117", "2011": "$2,611", "2010": "$2,237", "2009": "$2,358", "2008": "$3,267", "2007": "$3,715", "2006": "$3,627", "2005": "$3,288"}, "United Rentals Quarterly Revenue (Millions of US $)": {"2020-12-31": "$2,279", "2020-09-30": "$2,187", "2020-06-30": "$1,939", "2020-03-31": "$2,125", "2019-12-31": "$2,456", "2019-09-30": "$2,488", "2019-06-30": "$2,290", "2019-03-31": "$2,117", "2018-12-31": "$2,306", "2018-09-30": "$2,116", "2018-06-30": "$1,891", "2018-03-31": "$1,734", "2017-12-31": "$1,922", "2017-09-30": "$1,766", "2017-06-30": "$1,597", "2017-03-31": "$1,356", "2016-12-31": "$1,523", "2016-09-30": "$1,508", "2016-06-30": "$1,421", "2016-03-31": "$1,310", "2015-12-31": "$1,523", "2015-09-30": "$1,550", "2015-06-30": "$1,429", "2015-03-31": "$1,315", "2014-12-31": "$1,564", "2014-09-30": "$1,544", "2014-06-30": "$1,399", "2014-03-31": "$1,178", "2013-12-31": "$1,338", "2013-09-30": "$1,311", "2013-06-30": "$1,206", "2013-03-31": "$1,100", "2012-12-31": "$1,249", "2012-09-30": "$1,219", "2012-06-30": "$993", "2012-03-31": "$656", "2011-12-31": "$746", "2011-09-30": "$713", "2011-06-30": "$629", "2011-03-31": "$523", "2010-12-31": "$597", "2010-09-30": "$605", "2010-06-30": "$557", "2010-03-31": "$478", "2009-12-31": "$557", "2009-09-30": "$592", "2009-06-30": "$615", "2009-03-31": "$594", "2008-12-31": "$791", "2008-09-30": "$873", "2008-06-30": "$831", "2008-03-31": "$772", "2007-12-31": "$925", "2007-09-30": "$990", "2007-06-30": "$962", "2007-03-31": "$838", "2006-12-31": "$926", "2006-09-30": "$983", "2006-06-30": "$919", "2006-03-31": "$799", "2005-12-31": "$689", "2005-09-30": "$979", "2005-06-30": "$888", "2005-03-31": "$732"}}, "gross-profit": {"United Rentals Annual Gross Profit (Millions of US $)": {"2020": "$3,183", "2019": "$3,670", "2018": "$3,364", "2017": "$2,769", "2016": "$2,403", "2015": "$2,480", "2014": "$2,432", "2013": "$1,987", "2012": "$1,587", "2011": "$898", "2010": "$658", "2009": "$610", "2008": "$1,118", "2007": "$1,310", "2006": "$1,292", "2005": "$1,115"}, "United Rentals Quarterly Gross Profit (Millions of US $)": {"2020-12-31": "$869", "2020-09-30": "$886", "2020-06-30": "$701", "2020-03-31": "$727", "2019-12-31": "$965", "2019-09-30": "$1,033", "2019-06-30": "$911", "2019-03-31": "$761", "2018-12-31": "$998", "2018-09-30": "$938", "2018-06-30": "$782", "2018-03-31": "$646", "2017-12-31": "$827", "2017-09-30": "$773", "2017-06-30": "$655", "2017-03-31": "$514", "2016-12-31": "$657", "2016-09-30": "$656", "2016-06-30": "$590", "2016-03-31": "$500", "2015-12-31": "$648", "2015-09-30": "$690", "2015-06-30": "$618", "2015-03-31": "$524", "2014-12-31": "$707", "2014-09-30": "$688", "2014-06-30": "$589", "2014-03-31": "$448", "2013-12-31": "$567", "2013-09-30": "$564", "2013-06-30": "$471", "2013-03-31": "$385", "2012-12-31": "$495", "2012-09-30": "$505", "2012-06-30": "$374", "2012-03-31": "$213", "2011-12-31": "$275", "2011-09-30": "$274", "2011-06-30": "$211", "2011-03-31": "$138", "2010-12-31": "$175", "2010-09-30": "$209", "2010-06-30": "$171", "2010-03-31": "$103", "2009-12-31": "$145", "2009-09-30": "$180", "2009-06-30": "$141", "2009-03-31": "$144", "2008-12-31": "$247", "2008-09-30": "$336", "2008-06-30": "$286", "2008-03-31": "$249", "2007-12-31": "$341", "2007-09-30": "$379", "2007-06-30": "$332", "2007-03-31": "$258", "2006-12-31": "$350", "2006-09-30": "$371", "2006-06-30": "$321", "2006-03-31": "$250", "2005-12-31": "$285", "2005-09-30": "$345", "2005-06-30": "$283", "2005-03-31": "$202"}}, "operating-income": {"United Rentals Annual Operating Income (Millions of US $)": {"2020": "$1,800", "2019": "$2,152", "2018": "$1,951", "2017": "$1,507", "2016": "$1,415", "2015": "$1,518", "2014": "$1,391", "2013": "$1,078", "2012": "$591", "2011": "$396", "2010": "$197", "2009": "$114", "2008": "$-630", "2007": "$658", "2006": "$625", "2005": "$524"}, "United Rentals Quarterly Operating Income (Millions of US $)": {"2020-12-31": "$510", "2020-09-30": "$551", "2020-06-30": "$381", "2020-03-31": "$358", "2019-12-31": "$599", "2019-09-30": "$656", "2019-06-30": "$529", "2019-03-31": "$368", "2018-12-31": "$563", "2018-09-30": "$578", "2018-06-30": "$470", "2018-03-31": "$340", "2017-12-31": "$462", "2017-09-30": "$448", "2017-06-30": "$340", "2017-03-31": "$257", "2016-12-31": "$402", "2016-09-30": "$412", "2016-06-30": "$347", "2016-03-31": "$254", "2015-12-31": "$397", "2015-09-30": "$446", "2015-06-30": "$375", "2015-03-31": "$300", "2014-12-31": "$426", "2014-09-30": "$422", "2014-06-30": "$325", "2014-03-31": "$218", "2013-12-31": "$342", "2013-09-30": "$337", "2013-06-30": "$250", "2013-03-31": "$149", "2012-12-31": "$236", "2012-09-30": "$222", "2012-06-30": "$46", "2012-03-31": "$87", "2011-12-31": "$115", "2011-09-30": "$156", "2011-06-30": "$95", "2011-03-31": "$30", "2010-12-31": "$47", "2010-09-30": "$93", "2010-06-30": "$59", "2010-03-31": "$-2", "2009-12-31": "$24", "2009-09-30": "$67", "2009-06-30": "$5", "2009-03-31": "$18", "2008-12-31": "$-1,048", "2008-09-30": "$188", "2008-06-30": "$128", "2008-03-31": "$102", "2007-12-31": "$171", "2007-09-30": "$216", "2007-06-30": "$172", "2007-03-31": "$99", "2006-12-31": "$173", "2006-09-30": "$205", "2006-06-30": "$153", "2006-03-31": "$94", "2005-12-31": "$153", "2005-09-30": "$173", "2005-06-30": "$132", "2005-03-31": "$66"}}, "ebitda": {"United Rentals Annual EBITDA (Millions of US $)": {"2020": "$3,802", "2019": "$4,205", "2018": "$3,634", "2017": "$2,899", "2016": "$2,669", "2015": "$2,772", "2014": "$2,602", "2013": "$2,197", "2012": "$1,511", "2011": "$898", "2010": "$669", "2009": "$605", "2008": "$1,046", "2007": "$1,158", "2006": "$1,102", "2005": "$956"}, "United Rentals Quarterly EBITDA (Millions of US $)": {"2020-12-31": "$993", "2020-09-30": "$1,047", "2020-06-30": "$874", "2020-03-31": "$888", "2019-12-31": "$1,119", "2019-09-30": "$1,178", "2019-06-30": "$1,037", "2019-03-31": "$871", "2018-12-31": "$1,036", "2018-09-30": "$999", "2018-06-30": "$863", "2018-03-31": "$736", "2017-12-31": "$855", "2017-09-30": "$803", "2017-06-30": "$672", "2017-03-31": "$569", "2016-12-31": "$722", "2016-09-30": "$726", "2016-06-30": "$655", "2016-03-31": "$566", "2015-12-31": "$717", "2015-09-30": "$764", "2015-06-30": "$684", "2015-03-31": "$607", "2014-12-31": "$741", "2014-09-30": "$732", "2014-06-30": "$629", "2014-03-31": "$500", "2013-12-31": "$631", "2013-09-30": "$620", "2013-06-30": "$525", "2013-03-31": "$421", "2012-12-31": "$514", "2012-09-30": "$502", "2012-06-30": "$274", "2012-03-31": "$221", "2011-12-31": "$249", "2011-09-30": "$285", "2011-06-30": "$218", "2011-03-31": "$146", "2010-12-31": "$170", "2010-09-30": "$211", "2010-06-30": "$175", "2010-03-31": "$113", "2009-12-31": "$144", "2009-09-30": "$185", "2009-06-30": "$134", "2009-03-31": "$142", "2008-12-31": "$239", "2008-09-30": "$321", "2008-06-30": "$259", "2008-03-31": "$227", "2007-12-31": "$305", "2007-09-30": "$342", "2007-06-30": "$295", "2007-03-31": "$216", "2006-12-31": "$290", "2006-09-30": "$331", "2006-06-30": "$276", "2006-03-31": "$205", "2005-12-31": "$243", "2005-09-30": "$289", "2005-06-30": "$247", "2005-03-31": "$177"}}, "net-income": {"United Rentals Annual Net Income (Millions of US $)": {"2020": "$890", "2019": "$1,174", "2018": "$1,096", "2017": "$1,346", "2016": "$566", "2015": "$585", "2014": "$540", "2013": "$387", "2012": "$75", "2011": "$101", "2010": "$-26", "2009": "$-62", "2008": "$-943", "2007": "$369", "2006": "$234", "2005": "$198"}, "United Rentals Quarterly Net Income (Millions of US $)": {"2020-12-31": "$297", "2020-09-30": "$208", "2020-06-30": "$212", "2020-03-31": "$173", "2019-12-31": "$338", "2019-09-30": "$391", "2019-06-30": "$270", "2019-03-31": "$175", "2018-12-31": "$310", "2018-09-30": "$333", "2018-06-30": "$270", "2018-03-31": "$183", "2017-12-31": "$897", "2017-09-30": "$199", "2017-06-30": "$141", "2017-03-31": "$109", "2016-12-31": "$153", "2016-09-30": "$187", "2016-06-30": "$134", "2016-03-31": "$92", "2015-12-31": "$169", "2015-09-30": "$215", "2015-06-30": "$86", "2015-03-31": "$115", "2014-12-31": "$194", "2014-09-30": "$192", "2014-06-30": "$94", "2014-03-31": "$60", "2013-12-31": "$140", "2013-09-30": "$143", "2013-06-30": "$83", "2013-03-31": "$21", "2012-12-31": "$41", "2012-09-30": "$73", "2012-06-30": "$-52", "2012-03-31": "$13", "2011-12-31": "$29", "2011-09-30": "$65", "2011-06-30": "$27", "2011-03-31": "$-20", "2010-12-31": "$-21", "2010-09-30": "$23", "2010-06-30": "$12", "2010-03-31": "$-40", "2009-12-31": "$-26", "2009-09-30": "", "2009-06-30": "$-17", "2009-03-31": "$-19", "2008-12-31": "$-855", "2008-09-30": "$76", "2008-06-30": "$-202", "2008-03-31": "$38", "2007-12-31": "$156", "2007-09-30": "$113", "2007-06-30": "$69", "2007-03-31": "$31", "2006-12-31": "$61", "2006-09-30": "$97", "2006-06-30": "$56", "2006-03-31": "$20", "2005-12-31": "$60", "2005-09-30": "$76", "2005-06-30": "$50", "2005-03-31": "$12"}}, "eps-earnings-per-share-diluted": {"United Rentals Annual EPS": {"2020": "$12.20", "2019": "$15.11", "2018": "$13.12", "2017": "$15.73", "2016": "$6.45", "2015": "$6.07", "2014": "$5.15", "2013": "$3.64", "2012": "$0.79", "2011": "$1.38", "2010": "$-0.44", "2009": "$-1.02", "2008": "$-12.62", "2007": "$3.25", "2006": "$2.06", "2005": "$1.80"}, "United Rentals Quarterly EPS": {"2020-12-31": "$4.07", "2020-09-30": "$2.87", "2020-06-30": "$2.93", "2020-03-31": "$2.33", "2019-12-31": "$4.40", "2019-09-30": "$5.08", "2019-06-30": "$3.44", "2019-03-31": "$2.19", "2018-12-31": "$3.76", "2018-09-30": "$4.01", "2018-06-30": "$3.20", "2018-03-31": "$2.15", "2017-12-31": "$10.48", "2017-09-30": "$2.33", "2017-06-30": "$1.65", "2017-03-31": "$1.27", "2016-12-31": "$1.76", "2016-09-30": "$2.16", "2016-06-30": "$1.52", "2016-03-31": "$1.01", "2015-12-31": "$1.78", "2015-09-30": "$2.25", "2015-06-30": "$0.88", "2015-03-31": "$1.16", "2014-12-31": "$1.85", "2014-09-30": "$1.84", "2014-06-30": "$0.90", "2014-03-31": "$0.56", "2013-12-31": "$1.32", "2013-09-30": "$1.35", "2013-06-30": "$0.78", "2013-03-31": "$0.19", "2012-12-31": "$0.55", "2012-09-30": "$0.70", "2012-06-30": "$-0.63", "2012-03-31": "$0.17", "2011-12-31": "$0.44", "2011-09-30": "$0.91", "2011-06-30": "$0.37", "2011-03-31": "$-0.34", "2010-12-31": "$-0.28", "2010-09-30": "$0.33", "2010-06-30": "$0.18", "2010-03-31": "$-0.67", "2009-12-31": "$-0.42", "2009-09-30": "$0.00", "2009-06-30": "$-0.28", "2009-03-31": "$-0.32", "2008-12-31": "$-11.61", "2008-09-30": "$0.98", "2008-06-30": "$-2.33", "2008-03-31": "$0.34", "2007-12-31": "$1.39", "2007-09-30": "$0.98", "2007-06-30": "$0.60", "2007-03-31": "$0.28", "2006-12-31": "$0.51", "2006-09-30": "$0.85", "2006-06-30": "$0.51", "2006-03-31": "$0.19", "2005-12-31": "$0.50", "2005-09-30": "$0.71", "2005-06-30": "$0.48", "2005-03-31": "$0.11"}}, "shares-outstanding": {"United Rentals Annual Shares Outstanding (Millions of Shares)": {"2020": "73", "2019": "78", "2018": "84", "2017": "86", "2016": "88", "2015": "96", "2014": "105", "2013": "106", "2012": "95", "2011": "73", "2010": "60", "2009": "60", "2008": "75", "2007": "114", "2006": "114", "2005": "110"}, "United Rentals Quarterly Shares Outstanding (Millions of Shares)": {"2020-12-31": "73", "2020-09-30": "72", "2020-06-30": "72", "2020-03-31": "74", "2019-12-31": "78", "2019-09-30": "77", "2019-06-30": "78", "2019-03-31": "80", "2018-12-31": "84", "2018-09-30": "83", "2018-06-30": "84", "2018-03-31": "85", "2017-12-31": "86", "2017-09-30": "86", "2017-06-30": "85", "2017-03-31": "85", "2016-12-31": "88", "2016-09-30": "86", "2016-06-30": "88", "2016-03-31": "91", "2015-12-31": "96", "2015-09-30": "95", "2015-06-30": "98", "2015-03-31": "99", "2014-12-31": "105", "2014-09-30": "104", "2014-06-30": "106", "2014-03-31": "106", "2013-12-31": "106", "2013-09-30": "106", "2013-06-30": "107", "2013-03-31": "106", "2012-12-31": "95", "2012-09-30": "105", "2012-06-30": "83", "2012-03-31": "76", "2011-12-31": "73", "2011-09-30": "73", "2011-06-30": "74", "2011-03-31": "61", "2010-12-31": "60", "2010-09-30": "69", "2010-06-30": "68", "2010-03-31": "60", "2009-12-31": "60", "2009-09-30": "61", "2009-06-30": "60", "2009-03-31": "60", "2008-12-31": "75", "2008-09-30": "77", "2008-06-30": "86", "2008-03-31": "111", "2007-12-31": "114", "2007-09-30": "115", "2007-06-30": "115", "2007-03-31": "110", "2006-12-31": "114", "2006-09-30": "114", "2006-06-30": "115", "2006-03-31": "108", "2005-12-31": "110", "2005-09-30": "110", "2005-06-30": "110", "2005-03-31": "105"}}, "total-assets": {"United Rentals Annual Total Assets (Millions of US $)": {"2020": "$17,868", "2019": "$18,970", "2018": "$18,133", "2017": "$15,030", "2016": "$11,988", "2015": "$12,083", "2014": "$12,129", "2013": "$11,231", "2012": "$11,026", "2011": "$4,143", "2010": "$3,693", "2009": "$3,859", "2008": "$4,191", "2007": "$5,842", "2006": "$5,366", "2005": "$5,470"}, "United Rentals Quarterly Total Assets (Millions of US $)": {"2020-12-31": "$17,868", "2020-09-30": "$17,908", "2020-06-30": "$17,900", "2020-03-31": "$18,868", "2019-12-31": "$18,970", "2019-09-30": "$19,405", "2019-06-30": "$19,047", "2019-03-31": "$18,586", "2018-12-31": "$18,133", "2018-09-30": "$16,354", "2018-06-30": "$15,108", "2018-03-31": "$14,688", "2017-12-31": "$15,030", "2017-09-30": "$13,744", "2017-06-30": "$13,284", "2017-03-31": "$11,822", "2016-12-31": "$11,988", "2016-09-30": "$12,275", "2016-06-30": "$12,120", "2016-03-31": "$11,784", "2015-12-31": "$12,083", "2015-09-30": "$12,598", "2015-06-30": "$12,605", "2015-03-31": "$12,282", "2014-12-31": "$12,129", "2014-09-30": "$12,483", "2014-06-30": "$12,467", "2014-03-31": "$11,247", "2013-12-31": "$11,231", "2013-09-30": "$11,563", "2013-06-30": "$11,326", "2013-03-31": "$10,921", "2012-12-31": "$11,026", "2012-09-30": "$10,992", "2012-06-30": "$10,942", "2012-03-31": "$7,297", "2011-12-31": "$4,143", "2011-09-30": "$4,005", "2011-06-30": "$3,952", "2011-03-31": "$3,692", "2010-12-31": "$3,693", "2010-09-30": "$3,744", "2010-06-30": "$3,574", "2010-03-31": "$3,584", "2009-12-31": "$3,859", "2009-09-30": "$3,895", "2009-06-30": "$3,918", "2009-03-31": "$3,977", "2008-12-31": "$4,191", "2008-09-30": "$5,612", "2008-06-30": "$5,609", "2008-03-31": "$5,872", "2007-12-31": "$5,842", "2007-09-30": "$5,717", "2007-06-30": "$5,668", "2007-03-31": "$5,410", "2006-12-31": "$5,366", "2006-09-30": "$5,561", "2006-06-30": "$5,593", "2006-03-31": "$5,546", "2005-12-31": "$5,470", "2005-09-30": "$5,188", "2005-06-30": "$5,093", "2005-03-31": "$4,901"}}, "cash-on-hand": {"United Rentals Annual Cash on Hand (Millions of US $)": {"2020": "$202", "2019": "$52", "2018": "$43", "2017": "$352", "2016": "$312", "2015": "$179", "2014": "$158", "2013": "$175", "2012": "$106", "2011": "$36", "2010": "$203", "2009": "$169", "2008": "$77", "2007": "$381", "2006": "$119", "2005": "$316"}, "United Rentals Quarterly Cash on Hand (Millions of US $)": {"2020-12-31": "$202", "2020-09-30": "$174", "2020-06-30": "$127", "2020-03-31": "$513", "2019-12-31": "$52", "2019-09-30": "$60", "2019-06-30": "$75", "2019-03-31": "$52", "2018-12-31": "$43", "2018-09-30": "$65", "2018-06-30": "$117", "2018-03-31": "$278", "2017-12-31": "$352", "2017-09-30": "$324", "2017-06-30": "$338", "2017-03-31": "$337", "2016-12-31": "$312", "2016-09-30": "$297", "2016-06-30": "$265", "2016-03-31": "$219", "2015-12-31": "$179", "2015-09-30": "$171", "2015-06-30": "$200", "2015-03-31": "$257", "2014-12-31": "$158", "2014-09-30": "$168", "2014-06-30": "$170", "2014-03-31": "$227", "2013-12-31": "$175", "2013-09-30": "$125", "2013-06-30": "$133", "2013-03-31": "$147", "2012-12-31": "$106", "2012-09-30": "$68", "2012-06-30": "$41", "2012-03-31": "$26", "2011-12-31": "$36", "2011-09-30": "$26", "2011-06-30": "$58", "2011-03-31": "$205", "2010-12-31": "$203", "2010-09-30": "$170", "2010-06-30": "$30", "2010-03-31": "$20", "2009-12-31": "$169", "2009-09-30": "$149", "2009-06-30": "$125", "2009-03-31": "$96", "2008-12-31": "$77", "2008-09-30": "$66", "2008-06-30": "$80", "2008-03-31": "$515", "2007-12-31": "$381", "2007-09-30": "$112", "2007-06-30": "$104", "2007-03-31": "$104", "2006-12-31": "$119", "2006-09-30": "$140", "2006-06-30": "$208", "2006-03-31": "$331", "2005-12-31": "$316", "2005-09-30": "$151", "2005-06-30": "$254", "2005-03-31": "$342"}}, "long-term-debt": {"United Rentals Annual Long Term Debt (Millions of US $)": {"2020": "$8,978", "2019": "$10,431", "2018": "$10,844", "2017": "$8,717", "2016": "$7,193", "2015": "$7,555", "2014": "$7,344", "2013": "$6,569", "2012": "$6,734", "2011": "$2,647", "2010": "$2,700", "2009": "$2,950", "2008": "$3,332", "2007": "$2,701", "2006": "$2,665", "2005": "$3,125"}, "United Rentals Quarterly Long Term Debt (Millions of US $)": {"2020-12-31": "$8,978", "2020-09-30": "$9,351", "2020-06-30": "$9,599", "2020-03-31": "$10,743", "2019-12-31": "$10,431", "2019-09-30": "$10,691", "2019-06-30": "$10,700", "2019-03-31": "$10,676", "2018-12-31": "$10,844", "2018-09-30": "$9,182", "2018-06-30": "$8,086", "2018-03-31": "$8,412", "2017-12-31": "$8,717", "2017-09-30": "$7,677", "2017-06-30": "$7,571", "2017-03-31": "$6,772", "2016-12-31": "$7,193", "2016-09-30": "$7,393", "2016-06-30": "$7,265", "2016-03-31": "$7,203", "2015-12-31": "$7,555", "2015-09-30": "$7,876", "2015-06-30": "$7,820", "2015-03-31": "$7,482", "2014-12-31": "$7,344", "2014-09-30": "$7,477", "2014-06-30": "$7,394", "2014-03-31": "$6,774", "2013-12-31": "$6,569", "2013-09-30": "$6,952", "2013-06-30": "$6,732", "2013-03-31": "$6,597", "2012-12-31": "$6,734", "2012-09-30": "$6,779", "2012-06-30": "$6,923", "2012-03-31": "$5,645", "2011-12-31": "$2,647", "2011-09-30": "$2,616", "2011-06-30": "$2,629", "2011-03-31": "$2,664", "2010-12-31": "$2,700", "2010-09-30": "$2,816", "2010-06-30": "$2,711", "2010-03-31": "$2,706", "2009-12-31": "$2,950", "2009-09-30": "$3,093", "2009-06-30": "$3,166", "2009-03-31": "$3,221", "2008-12-31": "$3,332", "2008-09-30": "$3,579", "2008-06-30": "$2,983", "2008-03-31": "$2,559", "2007-12-31": "$2,701", "2007-09-30": "$2,681", "2007-06-30": "$2,655", "2007-03-31": "$2,655", "2006-12-31": "$2,665", "2006-09-30": "$2,672", "2006-06-30": "$3,090", "2006-03-31": "$3,101", "2005-12-31": "$3,125", "2005-09-30": "$3,158", "2005-06-30": "$3,176", "2005-03-31": "$3,143"}}, "total-liabilities": {"United Rentals Annual Total Liabilities (Millions of US $)": {"2020": "$13,323", "2019": "$15,140", "2018": "$14,730", "2017": "$11,924", "2016": "$10,340", "2015": "$10,607", "2014": "$10,331", "2013": "$9,383", "2012": "$9,452", "2011": "$4,040", "2010": "$3,713", "2009": "$3,878", "2008": "$4,220", "2007": "$3,824", "2006": "$3,828", "2005": "$4,241"}, "United Rentals Quarterly Total Liabilities (Millions of US $)": {"2020-12-31": "$13,323", "2020-09-30": "$13,747", "2020-06-30": "$13,993", "2020-03-31": "$15,233", "2019-12-31": "$15,140", "2019-09-30": "$15,755", "2019-06-30": "$15,569", "2019-03-31": "$15,211", "2018-12-31": "$14,730", "2018-09-30": "$13,020", "2018-06-30": "$11,944", "2018-03-31": "$11,630", "2017-12-31": "$11,924", "2017-09-30": "$11,533", "2017-06-30": "$11,336", "2017-03-31": "$10,069", "2016-12-31": "$10,340", "2016-09-30": "$10,736", "2016-06-30": "$10,618", "2016-03-31": "$10,283", "2015-12-31": "$10,607", "2015-09-30": "$11,101", "2015-06-30": "$11,153", "2015-03-31": "$10,787", "2014-12-31": "$10,331", "2014-09-30": "$10,667", "2014-06-30": "$10,660", "2014-03-31": "$9,423", "2013-12-31": "$9,383", "2013-09-30": "$9,834", "2013-06-30": "$9,717", "2013-03-31": "$9,326", "2012-12-31": "$9,452", "2012-09-30": "$9,464", "2012-06-30": "$9,512", "2012-03-31": "$7,170", "2011-12-31": "$4,040", "2011-09-30": "$3,950", "2011-06-30": "$3,928", "2011-03-31": "$3,721", "2010-12-31": "$3,713", "2010-09-30": "$3,759", "2010-06-30": "$3,624", "2010-03-31": "$3,632", "2009-12-31": "$3,878", "2009-09-30": "$3,913", "2009-06-30": "$3,964", "2009-03-31": "$4,033", "2008-12-31": "$4,220", "2008-09-30": "$4,737", "2008-06-30": "$4,195", "2008-03-31": "$3,830", "2007-12-31": "$3,824", "2007-09-30": "$3,852", "2007-06-30": "$3,966", "2007-03-31": "$3,829", "2006-12-31": "$3,828", "2006-09-30": "$4,060", "2006-06-30": "$4,191", "2006-03-31": "$4,295", "2005-12-31": "$4,241", "2005-09-30": "$4,007", "2005-06-30": "$4,003", "2005-03-31": "$3,859"}}, "total-share-holder-equity": {"United Rentals Annual Share Holder Equity (Millions of US $)": {"2020": "$4,545", "2019": "$3,830", "2018": "$3,403", "2017": "$3,106", "2016": "$1,648", "2015": "$1,476", "2014": "$1,798", "2013": "$1,848", "2012": "$1,574", "2011": "$103", "2010": "$-20", "2009": "$-19", "2008": "$-29", "2007": "$2,018", "2006": "$1,538", "2005": "$1,229"}, "United Rentals Quarterly Share Holder Equity (Millions of US $)": {"2020-12-31": "$4,545", "2020-09-30": "$4,161", "2020-06-30": "$3,907", "2020-03-31": "$3,635", "2019-12-31": "$3,830", "2019-09-30": "$3,650", "2019-06-30": "$3,478", "2019-03-31": "$3,375", "2018-12-31": "$3,403", "2018-09-30": "$3,334", "2018-06-30": "$3,164", "2018-03-31": "$3,058", "2017-12-31": "$3,106", "2017-09-30": "$2,211", "2017-06-30": "$1,948", "2017-03-31": "$1,753", "2016-12-31": "$1,648", "2016-09-30": "$1,539", "2016-06-30": "$1,502", "2016-03-31": "$1,501", "2015-12-31": "$1,476", "2015-09-30": "$1,497", "2015-06-30": "$1,452", "2015-03-31": "$1,495", "2014-12-31": "$1,798", "2014-09-30": "$1,816", "2014-06-30": "$1,807", "2014-03-31": "$1,824", "2013-12-31": "$1,848", "2013-09-30": "$1,729", "2013-06-30": "$1,609", "2013-03-31": "$1,595", "2012-12-31": "$1,574", "2012-09-30": "$1,528", "2012-06-30": "$1,430", "2012-03-31": "$127", "2011-12-31": "$103", "2011-09-30": "$55", "2011-06-30": "$24", "2011-03-31": "$-29", "2010-12-31": "$-20", "2010-09-30": "$-15", "2010-06-30": "$-50", "2010-03-31": "$-48", "2009-12-31": "$-19", "2009-09-30": "$-18", "2009-06-30": "$-46", "2009-03-31": "$-56", "2008-12-31": "$-29", "2008-09-30": "$875", "2008-06-30": "$1,414", "2008-03-31": "$2,042", "2007-12-31": "$2,018", "2007-09-30": "$1,865", "2007-06-30": "$1,702", "2007-03-31": "$1,581", "2006-12-31": "$1,538", "2006-09-30": "$1,501", "2006-06-30": "$1,402", "2006-03-31": "$1,251", "2005-12-31": "$1,229", "2005-09-30": "$1,181", "2005-06-30": "$1,090", "2005-03-31": "$1,042"}}, "profit-margins": {"current": "10.43%"}, "gross margin": {"2020-12-31": "37.32%", "2020-09-30": "37.66%", "2020-06-30": "38.03%", "2020-03-31": "38.85%", "2019-12-31": "39.25%", "2019-09-30": "40.25%", "2019-06-30": "40.87%", "2019-03-31": "41.27%", "2018-12-31": "41.80%", "2018-09-30": "41.67%", "2018-06-30": "41.41%", "2018-03-31": "41.33%", "2017-12-31": "41.70%", "2017-09-30": "41.64%", "2017-06-30": "41.48%", "2017-03-31": "41.62%", "2016-12-31": "41.70%", "2016-09-30": "41.55%", "2016-06-30": "41.83%", "2016-03-31": "42.26%", "2015-12-31": "42.63%", "2015-09-30": "43.34%", "2015-06-30": "43.35%", "2015-03-31": "43.08%", "2014-12-31": "42.78%", "2014-09-30": "41.99%", "2014-06-30": "41.48%", "2014-03-31": "40.73%", "2013-12-31": "40.10%", "2013-09-30": "39.35%", "2013-06-30": "38.88%", "2013-03-31": "38.57%", "2012-12-31": "38.55%", "2012-09-30": "37.83%", "2012-06-30": "36.55%", "2012-03-31": "35.46%", "2011-12-31": "34.39%", "2011-09-30": "32.41%", "2011-06-30": "31.14%", "2011-03-31": "30.37%", "2010-12-31": "29.41%", "2010-09-30": "28.58%", "2010-06-30": "27.43%", "2010-03-31": "25.38%", "2009-12-31": "25.87%", "2009-09-30": "27.47%", "2009-06-30": "30.21%", "2009-03-31": "32.79%", "2008-12-31": "34.22%", "2008-09-30": "35.64%", "2008-06-30": "35.67%", "2008-03-31": "35.65%", "2007-12-31": "35.26%", "2007-09-30": "35.50%", "2007-06-30": "35.35%", "2007-03-31": "35.46%", "2006-12-31": "35.62%", "2006-09-30": "36.19%", "2006-06-30": "35.47%", "2006-03-31": "34.66%", "2005-12-31": "33.91%"}, "operating margin": {"2020-12-31": "21.10%", "2020-09-30": "21.70%", "2020-06-30": "22.14%", "2020-03-31": "22.89%", "2019-12-31": "23.01%", "2019-09-30": "23.00%", "2019-06-30": "23.08%", "2019-03-31": "23.48%", "2018-12-31": "24.25%", "2018-09-30": "24.14%", "2018-06-30": "23.52%", "2018-03-31": "22.65%", "2017-12-31": "22.69%", "2017-09-30": "23.18%", "2017-06-30": "23.58%", "2017-03-31": "24.41%", "2016-12-31": "24.56%", "2016-09-30": "24.47%", "2016-06-30": "24.88%", "2016-03-31": "25.33%", "2015-12-31": "26.10%", "2015-09-30": "26.41%", "2015-06-30": "26.03%", "2015-03-31": "25.30%", "2014-12-31": "24.47%", "2014-09-30": "23.94%", "2014-06-30": "23.38%", "2014-03-31": "22.79%", "2013-12-31": "21.76%", "2013-09-30": "19.98%", "2013-06-30": "17.95%", "2013-03-31": "14.32%", "2012-12-31": "14.36%", "2012-09-30": "13.00%", "2012-06-30": "13.00%", "2012-03-31": "16.51%", "2011-12-31": "15.17%", "2011-09-30": "13.32%", "2011-06-30": "11.26%", "2011-03-31": "10.04%", "2010-12-31": "8.81%", "2010-09-30": "7.92%", "2010-06-30": "6.78%", "2010-03-31": "4.19%", "2009-12-31": "4.83%", "2009-09-30": "-36.96%", "2009-06-30": "-29.13%", "2009-03-31": "-23.11%", "2008-12-31": "-19.28%", "2008-09-30": "17.32%", "2008-06-30": "17.54%", "2008-03-31": "18.11%", "2007-12-31": "17.71%", "2007-09-30": "17.76%", "2007-06-30": "17.50%", "2007-03-31": "17.18%", "2006-12-31": "17.23%", "2006-09-30": "17.85%", "2006-06-30": "16.92%", "2006-03-31": "16.45%", "2005-12-31": "15.94%"}, "ebitda margin": {"2020-12-31": "44.57%", "2020-09-30": "45.11%", "2020-06-30": "45.06%", "2020-03-31": "45.11%", "2019-12-31": "44.97%", "2019-09-30": "44.80%", "2019-06-30": "44.66%", "2019-03-31": "44.71%", "2018-12-31": "45.16%", "2018-09-30": "45.06%", "2018-06-30": "44.54%", "2018-03-31": "43.68%", "2017-12-31": "43.65%", "2017-09-30": "44.31%", "2017-06-30": "44.94%", "2017-03-31": "46.01%", "2016-12-31": "46.32%", "2016-09-30": "46.23%", "2016-06-30": "46.55%", "2016-03-31": "46.99%", "2015-12-31": "47.65%", "2015-09-30": "47.73%", "2015-06-30": "47.23%", "2015-03-31": "46.53%", "2014-12-31": "45.77%", "2014-09-30": "45.65%", "2014-06-30": "45.54%", "2014-03-31": "45.22%", "2013-12-31": "44.34%", "2013-09-30": "42.75%", "2013-06-30": "41.10%", "2013-03-31": "37.51%", "2012-12-31": "36.70%", "2012-09-30": "34.48%", "2012-06-30": "33.11%", "2012-03-31": "35.46%", "2011-12-31": "34.39%", "2011-09-30": "33.27%", "2011-06-30": "31.65%", "2011-03-31": "30.76%", "2010-12-31": "29.91%", "2010-09-30": "29.27%", "2010-06-30": "28.25%", "2010-03-31": "25.69%", "2009-12-31": "25.66%", "2009-09-30": "27.01%", "2009-06-30": "29.10%", "2009-03-31": "31.11%", "2008-12-31": "32.02%", "2008-09-30": "32.70%", "2008-06-30": "32.21%", "2008-03-31": "32.04%", "2007-12-31": "31.17%", "2007-09-30": "30.76%", "2007-06-30": "30.52%", "2007-03-31": "30.36%", "2006-12-31": "30.38%", "2006-09-30": "31.12%", "2006-06-30": "29.92%", "2006-03-31": "29.33%", "2005-12-31": "29.08%"}, "pre tax profit margin": {"2020-12-31": "13.35%", "2020-09-30": "13.61%", "2020-06-30": "15.76%", "2020-03-31": "16.24%", "2019-12-31": "16.19%", "2019-09-30": "16.37%", "2019-06-30": "16.49%", "2019-03-31": "17.37%", "2018-12-31": "18.34%", "2018-09-30": "18.10%", "2018-06-30": "17.08%", "2018-03-31": "15.94%", "2017-12-31": "15.78%", "2017-09-30": "15.28%", "2017-06-30": "15.63%", "2017-03-31": "15.89%", "2016-12-31": "15.78%", "2016-09-30": "16.64%", "2016-06-30": "17.16%", "2016-03-31": "15.97%", "2015-12-31": "16.55%", "2015-09-30": "16.76%", "2015-06-30": "16.15%", "2015-03-31": "16.11%", "2014-12-31": "14.95%", "2014-09-30": "14.01%", "2014-06-30": "13.01%", "2014-03-31": "13.29%", "2013-12-31": "12.21%", "2013-09-30": "8.59%", "2013-06-30": "6.16%", "2013-03-31": "2.17%", "2012-12-31": "2.14%", "2012-09-30": "2.91%", "2012-06-30": "3.44%", "2012-03-31": "7.65%", "2011-12-31": "6.28%", "2011-09-30": "2.76%", "2011-06-30": "0.42%", "2011-03-31": "-1.14%", "2010-12-31": "-2.82%", "2010-09-30": "-3.28%", "2010-06-30": "-4.85%", "2010-03-31": "-6.16%", "2009-12-31": "-4.54%", "2009-09-30": "-43.33%", "2009-06-30": "-35.15%", "2009-03-31": "-29.30%", "2008-12-31": "-24.89%", "2008-09-30": "14.47%", "2008-06-30": "15.55%", "2008-03-31": "16.09%", "2007-12-31": "15.56%", "2007-09-30": "12.35%", "2007-06-30": "11.62%", "2007-03-31": "11.32%", "2006-12-31": "11.17%", "2006-09-30": "11.45%", "2006-06-30": "10.93%", "2006-03-31": "10.49%", "2005-12-31": "10.07%"}, "net profit margin": {"2020-12-31": "10.43%", "2020-09-30": "10.69%", "2020-06-30": "12.37%", "2020-03-31": "12.52%", "2019-12-31": "12.55%", "2019-09-30": "12.46%", "2019-06-30": "12.32%", "2019-03-31": "12.91%", "2018-12-31": "13.62%", "2018-09-30": "21.96%", "2018-06-30": "21.18%", "2018-03-31": "20.23%", "2017-12-31": "20.27%", "2017-09-30": "9.64%", "2017-06-30": "9.86%", "2017-03-31": "10.04%", "2016-12-31": "9.82%", "2016-09-30": "10.10%", "2016-06-30": "10.51%", "2016-03-31": "9.67%", "2015-12-31": "10.06%", "2015-09-30": "10.41%", "2015-06-30": "10.03%", "2015-03-31": "10.22%", "2014-12-31": "9.50%", "2014-09-30": "8.90%", "2014-06-30": "8.36%", "2014-03-31": "8.46%", "2013-12-31": "7.81%", "2013-09-30": "5.92%", "2013-06-30": "4.57%", "2013-03-31": "1.82%", "2012-12-31": "1.82%", "2012-09-30": "1.74%", "2012-06-30": "1.77%", "2012-03-31": "4.88%", "2011-12-31": "3.87%", "2011-09-30": "2.07%", "2011-06-30": "0.38%", "2011-03-31": "-0.26%", "2010-12-31": "-1.16%", "2010-09-30": "-1.41%", "2010-06-30": "-2.47%", "2010-03-31": "-3.70%", "2009-12-31": "-2.63%", "2009-09-30": "-34.38%", "2009-06-30": "-28.37%", "2009-03-31": "-32.37%", "2008-12-31": "-28.86%", "2008-09-30": "2.00%", "2008-06-30": "2.98%", "2008-03-31": "10.30%", "2007-12-31": "9.93%", "2007-09-30": "7.37%", "2007-06-30": "6.96%", "2007-03-31": "6.68%", "2006-12-31": "6.45%", "2006-09-30": "6.87%", "2006-06-30": "6.26%", "2006-03-31": "6.14%", "2005-12-31": "6.02%"}, "pe ratio": {"current": "15.21", "2021-02-05": "32.69", "2020-12-31": "28.53", "2020-09-30": "13.83", "2020-06-30": "10.05", "2020-03-31": "6.71", "2019-12-31": "10.97", "2019-09-30": "8.59", "2019-06-30": "9.87", "2019-03-31": "8.66", "2018-12-31": "7.79", "2018-09-30": "8.26", "2018-06-30": "8.14", "2018-03-31": "10.42", "2017-12-31": "10.94", "2017-09-30": "19.65", "2017-06-30": "16.36", "2017-03-31": "18.50", "2016-12-31": "16.27", "2016-09-30": "12.08", "2016-06-30": "10.18", "2016-03-31": "10.45", "2015-12-31": "11.89", "2015-09-30": "9.73", "2015-06-30": "15.21", "2015-03-31": "15.77", "2014-12-31": "19.69", "2014-09-30": "24.10", "2014-06-30": "25.42", "2014-03-31": "23.74", "2013-12-31": "21.47", "2013-09-30": "21.43", "2013-06-30": "24.11", "2013-03-31": "83.29", "2012-12-31": "71.13", "2012-09-30": "51.92", "2012-06-30": "40.52", "2012-03-31": "23.31", "2011-12-31": "22.22", "2011-09-30": "28.54", "2011-06-30": "2540.00", "2011-03-31": "0.00", "2010-12-31": "0.00", "2010-09-30": "0.00", "2010-06-30": "0.00", "2010-03-31": "0.00", "2009-12-31": "0.00", "2009-09-30": "0.00", "2009-06-30": "0.00", "2009-03-31": "0.00", "2008-12-31": "0.00", "2008-09-30": "44.82", "2008-06-30": "57.68", "2008-03-31": "5.76", "2007-12-31": "5.72", "2007-09-30": "13.69", "2007-06-30": "14.66", "2007-03-31": "12.91", "2006-12-31": "12.47"}, "price sales": {"2021-02-05": "2.27", "2020-12-31": "1.98", "2020-09-30": "1.49", "2020-06-30": "1.25", "2020-03-31": "0.85", "2019-12-31": "1.39", "2019-09-30": "1.08", "2019-06-30": "1.22", "2019-03-31": "1.12", "2018-12-31": "1.07", "2018-09-30": "1.80", "2018-06-30": "1.72", "2018-03-31": "2.10", "2017-12-31": "2.21", "2017-09-30": "1.91", "2017-06-30": "1.62", "2017-03-31": "1.87", "2016-12-31": "1.62", "2016-09-30": "1.23", "2016-06-30": "1.07", "2016-03-31": "1.02", "2015-12-31": "1.21", "2015-09-30": "1.02", "2015-06-30": "1.52", "2015-03-31": "1.62", "2014-12-31": "1.89", "2014-09-30": "2.15", "2014-06-30": "2.12", "2014-03-31": "2.00", "2013-12-31": "1.67", "2013-09-30": "1.23", "2013-06-30": "1.08", "2013-03-31": "1.17", "2012-12-31": "1.01", "2012-09-30": "0.77", "2012-06-30": "0.84", "2012-03-31": "1.16", "2011-12-31": "0.80", "2011-09-30": "0.46", "2011-06-30": "0.71", "2011-03-31": "0.94", "2010-12-31": "0.65", "2010-09-30": "0.43", "2010-06-30": "0.26", "2010-03-31": "0.25", "2009-12-31": "0.25", "2009-09-30": "0.25", "2009-06-30": "0.15", "2009-03-31": "0.10", "2008-12-31": "0.24", "2008-09-30": "0.42", "2008-06-30": "0.59", "2008-03-31": "0.59", "2007-12-31": "0.56", "2007-09-30": "0.98", "2007-06-30": "0.99", "2007-03-31": "0.85", "2006-12-31": "0.79"}, "price book": {"current": "4.22", "2021-02-05": "4.22", "2020-12-31": "3.68", "2020-09-30": "3.03", "2020-06-30": "2.75", "2020-03-31": "2.04", "2019-12-31": "3.24", "2019-09-30": "2.59", "2019-06-30": "2.95", "2019-03-31": "2.67", "2018-12-31": "2.41", "2018-09-30": "4.00", "2018-06-30": "3.87", "2018-03-31": "4.74", "2017-12-31": "4.67", "2017-09-30": "5.31", "2017-06-30": "4.89", "2017-03-31": "6.03", "2016-12-31": "5.40", "2016-09-30": "4.32", "2016-06-30": "3.87", "2016-03-31": "3.70", "2015-12-31": "4.51", "2015-09-30": "3.72", "2015-06-30": "5.75", "2015-03-31": "5.91", "2014-12-31": "5.55", "2014-09-30": "6.11", "2014-06-30": "5.57", "2014-03-31": "5.08", "2013-12-31": "3.94", "2013-09-30": "3.14", "2013-06-30": "2.90", "2013-03-31": "3.25", "2012-12-31": "2.69", "2012-09-30": "1.98", "2012-06-30": "2.21", "2012-03-31": "21.54", "2011-12-31": "18.04", "2011-09-30": "19.18", "2011-06-30": "66.27", "2011-03-31": "-70.33", "2010-12-31": "-68.96", "2010-09-30": "-59.89", "2010-06-30": "-11.28", "2010-03-31": "-11.81", "2009-12-31": "-31.06", "2009-09-30": "-34.41", "2009-06-30": "-8.48", "2009-03-31": "-4.52", "2008-12-31": "-18.84", "2008-09-30": "1.04", "2008-06-30": "1.20", "2008-03-31": "0.80", "2007-12-31": "0.79", "2007-09-30": "1.49", "2007-06-30": "1.65", "2007-03-31": "1.42", "2006-12-31": "1.34", "2006-09-30": "1.25", "2006-06-30": "1.85", "2006-03-31": "2.24"}, "price fcf": {"2021-02-05": "", "2020-12-31": "$32.91", "2020-09-30": "$33.22", "2020-06-30": "$29.56", "2020-03-31": "$20.83", "2019-12-31": "$19.84", "2019-09-30": "$22.57", "2019-06-30": "$16.56", "2019-03-31": "$16.02", "2018-12-31": "$14.95", "2018-09-30": "$9.90", "2018-06-30": "$11.44", "2018-03-31": "$10.66", "2017-12-31": "$10.36", "2017-09-30": "$10.18", "2017-06-30": "$11.41", "2017-03-31": "$11.80", "2016-12-31": "$12.67", "2016-09-30": "$13.92", "2016-06-30": "$13.42", "2016-03-31": "$11.54", "2015-12-31": "$9.48", "2015-09-30": "$7.05", "2015-06-30": "$7.45", "2015-03-31": "$7.24", "2014-12-31": "$5.31", "2014-09-30": "$7.40", "2014-06-30": "$5.15", "2014-03-31": "$4.02", "2013-12-31": "$3.60", "2013-09-30": "$0.76", "2013-06-30": "$3.07", "2013-03-31": "$1.07", "2012-12-31": "$-2.30", "2012-09-30": "$-2.51", "2012-06-30": "$-3.69", "2012-03-31": "$-2.00", "2011-12-31": "$0.31", "2011-09-30": "$0.62", "2011-06-30": "$1.54", "2011-03-31": "$3.28", "2010-12-31": "$3.79", "2010-09-30": "$2.93", "2010-06-30": "$4.41", "2010-03-31": "$5.63", "2009-12-31": "$6.14", "2009-09-30": "$8.05", "2009-06-30": "$6.46", "2009-03-31": "$5.36", "2008-12-31": "$4.48", "2008-09-30": "$4.66", "2008-06-30": "$4.65", "2008-03-31": "$3.94", "2007-12-31": "$1.93", "2007-09-30": "$1.06", "2007-06-30": "$1.88", "2007-03-31": "$1.11", "2006-12-31": "$2.28"}, "net worth": {"value": "$19.19B"}, "current ratio": {"current": "1.07", "2020-12-31": "1.07", "2020-09-30": "0.90", "2020-06-30": "0.84", "2020-03-31": "1.11", "2019-12-31": "0.84", "2019-09-30": "0.71", "2019-06-30": "0.73", "2019-03-31": "0.77", "2018-12-31": "0.83", "2018-09-30": "0.81", "2018-06-30": "0.68", "2018-03-31": "0.97", "2017-12-31": "1.06", "2017-09-30": "0.92", "2017-06-30": "0.85", "2017-03-31": "1.00", "2016-12-31": "1.15", "2016-09-30": "0.95", "2016-06-30": "0.84", "2016-03-31": "0.96", "2015-12-31": "1.05", "2015-09-30": "0.94", "2015-06-30": "0.91", "2015-03-31": "0.93", "2014-12-31": "0.88", "2014-09-30": "0.81", "2014-06-30": "0.80", "2014-03-31": "1.27", "2013-12-31": "1.06", "2013-09-30": "1.00", "2013-06-30": "0.86", "2013-03-31": "0.96", "2012-12-31": "0.99", "2012-09-30": "0.73", "2012-06-30": "0.72", "2012-03-31": "0.63", "2011-12-31": "0.84", "2011-09-30": "0.75", "2011-06-30": "0.80", "2011-03-31": "1.20", "2010-12-31": "1.27", "2010-09-30": "1.36", "2010-06-30": "1.05", "2010-03-31": "1.06", "2009-12-31": "1.53", "2009-09-30": "1.85", "2009-06-30": "1.91", "2009-03-31": "1.75", "2008-12-31": "1.65", "2008-09-30": "1.67", "2008-06-30": "1.31", "2008-03-31": "1.84", "2007-12-31": "2.15", "2007-09-30": "1.53", "2007-06-30": "1.27", "2007-03-31": "1.42", "2006-12-31": "1.68", "2006-09-30": "1.29", "2006-06-30": "1.91", "2006-03-31": "2.20", "2005-12-31": "2.60", "2005-09-30": "1.76", "2005-06-30": "1.67", "2005-03-31": "1.88"}, "quick ratio": {"2020-12-31": "1.00", "2020-09-30": "0.85", "2020-06-30": "0.79", "2020-03-31": "1.05", "2019-12-31": "0.78", "2019-09-30": "0.66", "2019-06-30": "0.67", "2019-03-31": "0.71", "2018-12-31": "0.78", "2018-09-30": "0.76", "2018-06-30": "0.63", "2018-03-31": "0.92", "2017-12-31": "1.02", "2017-09-30": "0.88", "2017-06-30": "0.81", "2017-03-31": "0.95", "2016-12-31": "1.09", "2016-09-30": "0.90", "2016-06-30": "0.79", "2016-03-31": "0.90", "2015-12-31": "0.99", "2015-09-30": "0.89", "2015-06-30": "0.86", "2015-03-31": "0.88", "2014-12-31": "0.83", "2014-09-30": "0.75", "2014-06-30": "0.73", "2014-03-31": "1.18", "2013-12-31": "1.01", "2013-09-30": "0.93", "2013-06-30": "0.79", "2013-03-31": "0.88", "2012-12-31": "0.94", "2012-09-30": "0.68", "2012-06-30": "0.65", "2012-03-31": "0.55", "2011-12-31": "0.79", "2011-09-30": "0.69", "2011-06-30": "0.72", "2011-03-31": "1.10", "2010-12-31": "1.21", "2010-09-30": "1.27", "2010-06-30": "0.93", "2010-03-31": "0.97", "2009-12-31": "1.43", "2009-09-30": "1.71", "2009-06-30": "1.75", "2009-03-31": "1.58", "2008-12-31": "1.51", "2008-09-30": "1.50", "2008-06-30": "1.15", "2008-03-31": "1.69", "2007-12-31": "1.98", "2007-09-30": "1.33", "2007-06-30": "1.05", "2007-03-31": "1.15", "2006-12-31": "1.45", "2006-09-30": "1.11", "2006-06-30": "1.62", "2006-03-31": "1.89", "2005-12-31": "2.31", "2005-09-30": "1.46", "2005-06-30": "1.39", "2005-03-31": "1.62"}, "debt equity ratio": {"current": "1.98", "2020-12-31": "2.93", "2020-09-30": "3.30", "2020-06-30": "3.58", "2020-03-31": "4.19", "2019-12-31": "3.95", "2019-09-30": "4.32", "2019-06-30": "4.48", "2019-03-31": "4.51", "2018-12-31": "4.33", "2018-09-30": "3.91", "2018-06-30": "3.78", "2018-03-31": "3.80", "2017-12-31": "3.84", "2017-09-30": "5.22", "2017-06-30": "5.82", "2017-03-31": "5.74", "2016-12-31": "6.27", "2016-09-30": "6.98", "2016-06-30": "7.07", "2016-03-31": "6.85", "2015-12-31": "7.19", "2015-09-30": "7.42", "2015-06-30": "7.68", "2015-03-31": "7.22", "2014-12-31": "5.75", "2014-09-30": "5.87", "2014-06-30": "5.90", "2014-03-31": "5.17", "2013-12-31": "5.08", "2013-09-30": "5.69", "2013-06-30": "6.04", "2013-03-31": "5.85", "2012-12-31": "6.01", "2012-09-30": "6.19", "2012-06-30": "6.65", "2012-03-31": "56.46", "2011-12-31": "39.22", "2011-09-30": "71.82", "2011-06-30": "163.67", "2011-03-31": "-128.31", "2010-12-31": "-185.65", "2010-09-30": "-250.60", "2010-06-30": "-72.48", "2010-03-31": "-75.67", "2009-12-31": "-204.11", "2009-09-30": "-217.39", "2009-06-30": "-86.17", "2009-03-31": "-72.02", "2008-12-31": "-145.52", "2008-09-30": "5.41", "2008-06-30": "2.97", "2008-03-31": "1.88", "2007-12-31": "1.90", "2007-09-30": "2.07", "2007-06-30": "2.33", "2007-03-31": "2.42", "2006-12-31": "2.49", "2006-09-30": "2.71", "2006-06-30": "2.99", "2006-03-31": "3.43", "2005-12-31": "3.45", "2005-09-30": "3.39", "2005-06-30": "3.67", "2005-03-31": "3.70"}, "return on equity": {"2020-12-31": "21.91%", "2020-09-30": "23.97%", "2020-06-30": "29.66%", "2020-03-31": "32.12%", "2019-12-31": "32.76%", "2019-09-30": "32.96%", "2019-06-30": "32.02%", "2019-03-31": "32.78%", "2018-12-31": "33.83%", "2018-09-30": "53.17%", "2018-06-30": "53.70%", "2018-03-31": "55.02%", "2017-12-31": "59.70%", "2017-09-30": "31.85%", "2017-06-30": "34.26%", "2017-03-31": "36.20%", "2016-12-31": "36.58%", "2016-09-30": "38.68%", "2016-06-30": "40.83%", "2016-03-31": "37.93%", "2015-12-31": "39.53%", "2015-09-30": "39.09%", "2015-06-30": "35.79%", "2015-03-31": "34.41%", "2014-12-31": "29.81%", "2014-09-30": "26.65%", "2014-06-30": "24.25%", "2014-03-31": "24.31%", "2013-12-31": "22.83%", "2013-09-30": "17.70%", "2013-06-30": "13.83%", "2013-03-31": "5.42%", "2012-12-31": "6.44%", "2012-09-30": "7.90%", "2012-06-30": "12.83%", "2012-03-31": "173.46%", "2011-12-31": "264.05%", "2011-09-30": "680.00%", "2011-06-30": "-90.00%", "2011-03-31": "21.05%", "2010-12-31": "78.20%", "2010-09-30": "93.94%", "2010-03-31": "253.44%", "2009-12-31": "178.42%", "2009-06-30": "-438.17%", "2009-03-31": "-181.49%", "2008-12-31": "-87.68%", "2008-09-30": "4.28%", "2008-06-30": "5.72%", "2008-03-31": "19.72%", "2007-12-31": "20.60%", "2007-09-30": "16.39%", "2007-06-30": "16.32%", "2007-03-31": "16.27%", "2006-12-31": "16.44%", "2006-09-30": "17.31%", "2006-06-30": "16.75%", "2006-03-31": "17.34%", "2005-12-31": "17.44%"}, "return on assets": {"2020-12-31": "4.91%", "2020-09-30": "5.06%", "2020-06-30": "5.93%", "2020-03-31": "6.14%", "2019-12-31": "6.18%", "2019-09-30": "6.10%", "2019-06-30": "6.03%", "2019-03-31": "6.38%", "2018-12-31": "6.82%", "2018-09-30": "11.00%", "2018-06-30": "10.58%", "2018-03-31": "10.01%", "2017-12-31": "9.99%", "2017-09-30": "4.74%", "2017-06-30": "4.78%", "2017-03-31": "4.84%", "2016-12-31": "4.70%", "2016-09-30": "4.82%", "2016-06-30": "5.02%", "2016-03-31": "4.58%", "2015-12-31": "4.72%", "2015-09-30": "4.92%", "2015-06-30": "4.74%", "2015-03-31": "4.82%", "2014-12-31": "4.47%", "2014-09-30": "4.10%", "2014-06-30": "3.76%", "2014-03-31": "3.76%", "2013-12-31": "3.44%", "2013-09-30": "2.57%", "2013-06-30": "1.97%", "2013-03-31": "0.76%", "2012-12-31": "0.75%", "2012-09-30": "0.76%", "2012-06-30": "0.83%", "2012-03-31": "2.76%", "2011-12-31": "2.56%", "2011-09-30": "1.33%", "2011-06-30": "0.24%", "2011-03-31": "-0.16%", "2010-12-31": "-0.71%", "2010-09-30": "-0.84%", "2010-03-31": "-2.18%", "2009-12-31": "-1.58%", "2009-06-30": "-18.42%", "2009-03-31": "-20.63%", "2008-12-31": "-17.72%", "2008-09-30": "1.19%", "2008-06-30": "1.82%", "2008-03-31": "6.51%", "2007-12-31": "6.52%", "2007-09-30": "4.95%", "2007-06-30": "4.69%", "2007-03-31": "4.47%", "2006-12-31": "4.24%", "2006-09-30": "4.20%", "2006-06-30": "3.89%", "2006-03-31": "3.87%", "2005-12-31": "3.83%"}, "return on investments": {"2020-12-31": "13.11%", "2020-09-30": "13.58%", "2020-06-30": "14.12%", "2020-03-31": "14.99%", "2019-12-31": "15.15%", "2019-09-30": "14.90%", "2019-06-30": "14.82%", "2019-03-31": "15.20%", "2018-12-31": "15.77%", "2018-09-30": "15.72%", "2018-06-30": "15.48%", "2018-03-31": "14.89%", "2017-12-31": "15.16%", "2017-09-30": "15.74%", "2017-06-30": "15.76%", "2017-03-31": "16.18%", "2016-12-31": "16.06%", "2016-09-30": "15.92%", "2016-06-30": "16.10%", "2016-03-31": "16.18%", "2015-12-31": "16.57%", "2015-09-30": "16.83%", "2015-06-30": "16.61%", "2015-03-31": "16.09%", "2014-12-31": "15.36%", "2014-09-30": "14.72%", "2014-06-30": "14.01%", "2014-03-31": "13.48%", "2013-12-31": "12.82%", "2013-09-30": "11.60%", "2013-06-30": "10.34%", "2013-03-31": "7.88%", "2012-12-31": "7.69%", "2012-09-30": "7.47%", "2012-06-30": "8.27%", "2012-03-31": "13.09%", "2011-12-31": "14.79%", "2011-09-30": "12.33%", "2011-06-30": "9.84%", "2011-03-31": "8.50%", "2010-12-31": "7.30%", "2010-09-30": "6.30%", "2010-06-30": "5.23%", "2010-03-31": "3.19%", "2009-12-31": "3.71%", "2009-09-30": "-30.26%", "2009-06-30": "-23.84%", "2009-03-31": "-18.64%", "2008-12-31": "-15.04%", "2008-09-30": "12.97%", "2008-06-30": "13.51%", "2008-03-31": "14.51%", "2007-12-31": "14.74%", "2007-09-30": "15.22%", "2007-06-30": "15.30%", "2007-03-31": "14.73%", "2006-12-31": "14.52%", "2006-09-30": "13.93%", "2006-06-30": "13.07%", "2006-03-31": "12.75%", "2005-12-31": "12.23%"}, "return on tangible equity": {"2020-12-31": "-49.06%", "2020-09-30": "-45.39%", "2020-06-30": "-49.67%", "2020-03-31": "-48.54%", "2019-12-31": "-46.12%", "2019-09-30": "-42.83%", "2019-06-30": "-42.99%", "2019-03-31": "-47.42%", "2018-12-31": "-53.30%", "2018-09-30": "-91.75%", "2018-06-30": "-82.57%", "2018-03-31": "-70.19%", "2017-12-31": "-63.94%", "2017-09-30": "-26.99%", "2017-06-30": "-25.13%", "2017-03-31": "-24.15%", "2016-12-31": "-22.48%", "2016-09-30": "-22.41%", "2016-06-30": "-23.05%", "2016-03-31": "-20.80%", "2015-12-31": "-21.31%", "2015-09-30": "-22.41%", "2015-06-30": "-21.74%", "2015-03-31": "-22.23%", "2014-12-31": "-21.61%", "2014-09-30": "-20.38%", "2014-06-30": "-18.97%", "2014-03-31": "-19.02%", "2013-12-31": "-16.49%", "2013-09-30": "-11.68%", "2013-06-30": "-8.50%", "2013-03-31": "-3.11%", "2012-12-31": "-3.56%", "2012-09-30": "-4.13%", "2012-06-30": "-5.97%", "2012-03-31": "-47.52%", "2011-12-31": "-36.86%", "2011-09-30": "-18.99%", "2011-06-30": "-3.46%", "2011-03-31": "2.35%", "2010-12-31": "9.96%", "2010-09-30": "11.84%", "2010-03-31": "31.50%", "2009-12-31": "23.37%", "2009-06-30": "243.83%", "2009-03-31": "383.88%", "2008-12-31": "3398.20%", "2008-09-30": "35.74%", "2008-06-30": "24.18%", "2008-03-31": "74.35%", "2007-12-31": "93.83%", "2007-09-30": "97.77%", "2007-06-30": "129.97%", "2007-03-31": "188.82%", "2006-12-31": "437.38%", "2006-09-30": "-1165.00%", "2006-06-30": "-232.97%", "2006-03-31": "-130.79%", "2005-12-31": "-98.14%"}, "dividend yield history": {"last payout": "$0.00", "last yield": "0.00%"}}