{"ticker": "UNIT", "price": {"title": "Uniti Group Historical Annual Stock Price Data", "value": 12.58, "historical": {"2020": {"Average Stock Price": "8.8745", "Year Open": "8.4000", "Year High": "11.7300", "Year Low": "4.9600", "Year Close": "11.7300", "Annual % Change": "42.87%"}, "2019": {"Average Stock Price": "10.2188", "Year Open": "16.2800", "Year High": "19.9900", "Year Low": "6.0500", "Year Close": "8.2100", "Annual % Change": "-47.27%"}, "2018": {"Average Stock Price": "18.5580", "Year Open": "17.2100", "Year High": "23.2400", "Year Low": "14.1700", "Year Close": "15.5700", "Annual % Change": "-12.48%"}, "2017": {"Average Stock Price": "22.5182", "Year Open": "26.4100", "Year High": "29.2400", "Year Low": "14.6000", "Year Close": "17.7900", "Annual % Change": "-29.99%"}, "2016": {"Average Stock Price": "25.5075", "Year Open": "19.8600", "Year High": "32.7000", "Year Low": "15.4100", "Year Close": "25.4100", "Annual % Change": "35.96%"}, "2015": {"Average Stock Price": "22.3208", "Year Open": "30.0300", "Year High": "30.3200", "Year Low": "17.4300", "Year Close": "18.6900", "Annual % Change": "0.00%"}}}, "market cap": {"value": "$2.93B"}, "income statement": {"Revenue": {"2019-12-31": "1057.61100", "2018-12-31": "1017.63400", "2017-12-31": "916.03200", "2016-12-31": "770.40800", "2015-12-31": "476.31400", "2014-12-31": ""}, "Cost Of Goods Sold": {"2019-12-31": "", "2018-12-31": "", "2017-12-31": "", "2016-12-31": "", "2015-12-31": "", "2014-12-31": ""}, "Gross Profit": {"2019-12-31": "1057.61100", "2018-12-31": "1017.63400", "2017-12-31": "916.03200", "2016-12-31": "770.40800", "2015-12-31": "476.31400", "2014-12-31": ""}, "Research And Development Expenses": {"2019-12-31": "", "2018-12-31": "", "2017-12-31": "", "2016-12-31": "", "2015-12-31": "", "2014-12-31": ""}, "SG&A Expenses": {"2019-12-31": "102.90000", "2018-12-31": "85.19800", "2017-12-31": "72.04500", "2016-12-31": "35.40200", "2015-12-31": "11.20800", "2014-12-31": ""}, "Other Operating Income Or Expenses": {"2019-12-31": "-143.27400", "2018-12-31": "-149.97100", "2017-12-31": "-151.46500", "2016-12-31": "-83.33700", "2015-12-31": "-18.95300", "2014-12-31": ""}, "Operating Expenses": {"2019-12-31": "651.92800", "2018-12-31": "686.91900", "2017-12-31": "657.71500", "2016-12-31": "494.70900", "2015-12-31": "268.90900", "2014-12-31": ""}, "Operating Income": {"2019-12-31": "405.68300", "2018-12-31": "330.71500", "2017-12-31": "258.31700", "2016-12-31": "275.69900", "2015-12-31": "207.40500", "2014-12-31": ""}, "Total Non-Operating Income/Expense": {"2019-12-31": "-390.11200", "2018-12-31": "-319.59100", "2017-12-31": "-305.99400", "2016-12-31": "-275.39400", "2015-12-31": "-181.79700", "2014-12-31": ""}, "Pre-Tax Income": {"2019-12-31": "15.57100", "2018-12-31": "11.12400", "2017-12-31": "-47.67700", "2016-12-31": "0.30500", "2015-12-31": "25.60800", "2014-12-31": ""}, "Income Taxes": {"2019-12-31": "4.66300", "2018-12-31": "-5.42100", "2017-12-31": "-38.84900", "2016-12-31": "0.51700", "2015-12-31": "0.73800", "2014-12-31": ""}, "Income After Taxes": {"2019-12-31": "10.90800", "2018-12-31": "16.54500", "2017-12-31": "-8.82800", "2016-12-31": "-0.21200", "2015-12-31": "24.87000", "2014-12-31": ""}, "Other Income": {"2019-12-31": "", "2018-12-31": "", "2017-12-31": "", "2016-12-31": "", "2015-12-31": "", "2014-12-31": ""}, "Income From Continuous Operations": {"2019-12-31": "10.90800", "2018-12-31": "16.54500", "2017-12-31": "-8.82800", "2016-12-31": "-0.21200", "2015-12-31": "24.87000", "2014-12-31": ""}, "Income From Discontinued Operations": {"2019-12-31": "", "2018-12-31": "", "2017-12-31": "", "2016-12-31": "", "2015-12-31": "", "2014-12-31": ""}, "Net Income": {"2019-12-31": "8.38400", "2018-12-31": "7.98900", "2017-12-31": "-16.55200", "2016-12-31": "-0.21200", "2015-12-31": "23.71800", "2014-12-31": ""}, "EBITDA": {"2019-12-31": "854.21590", "2018-12-31": "807.07900", "2017-12-31": "715.62400", "2016-12-31": "667.67100", "2015-12-31": "456.15700", "2014-12-31": ""}, "EBIT": {"2019-12-31": "405.68300", "2018-12-31": "330.71500", "2017-12-31": "258.31700", "2016-12-31": "275.69900", "2015-12-31": "207.40500", "2014-12-31": ""}, "Basic Shares Outstanding": {"2019-12-31": "187.35800", "2018-12-31": "176.16900", "2017-12-31": "168.69300", "2016-12-31": "152.47300", "2015-12-31": "149.83500", "2014-12-31": ""}, "Shares Outstanding": {"2019-12-31": "187.35800", "2018-12-31": "177.07100", "2017-12-31": "168.98900", "2016-12-31": "152.47300", "2015-12-31": "149.83500", "2014-12-31": ""}, "Basic EPS": {"2019-12-31": "0.04000", "2018-12-31": "0.05000", "2017-12-31": "-0.10000", "2016-12-31": "-0.04000", "2015-12-31": "0.16000", "2014-12-31": ""}, "EPS - Earnings Per Share": {"2019-12-31": "0.04000", "2018-12-31": "0.04000", "2017-12-31": "-0.13000", "2016-12-31": "-0.04000", "2015-12-31": "0.16000", "2014-12-31": "0.00000"}}, "income statement, quarterly": {"Revenue": {"2020-09-30": "258.76500", "2020-06-30": "266.82000", "2020-03-31": "266.16200", "2019-12-31": "268.53690", "2019-09-30": "263.62900", "2019-06-30": "264.41400", "2019-03-31": "261.03100", "2018-12-31": "270.75400", "2018-09-30": "252.63600", "2018-06-30": "247.32900", "2018-03-31": "246.91500", "2017-12-31": "246.33600", "2017-09-30": "245.21000", "2017-06-30": "213.01300", "2017-03-31": "211.47300", "2016-12-31": "206.92000", "2016-09-30": "200.24000", "2016-06-30": "188.57300", "2016-03-31": "174.67500", "2015-12-31": "166.04100", "2015-09-30": "173.63400", "2015-06-30": "128.74800", "2015-03-31": "7.89100", "2014-12-31": "", "2014-03-31": "9.70400"}, "Cost Of Goods Sold": {"2020-09-30": "", "2020-06-30": "", "2020-03-31": "", "2019-12-31": "", "2019-09-30": "", "2019-06-30": "", "2019-03-31": "", "2018-12-31": "", "2018-09-30": "", "2018-06-30": "", "2018-03-31": "", "2017-12-31": "", "2017-09-30": "", "2017-06-30": "", "2017-03-31": "", "2016-12-31": "", "2016-09-30": "", "2016-06-30": "", "2016-03-31": "", "2015-12-31": "", "2015-09-30": "", "2015-06-30": "", "2015-03-31": "4.35100", "2014-12-31": "", "2014-03-31": "5.10000"}, "Gross Profit": {"2020-09-30": "258.76500", "2020-06-30": "266.82000", "2020-03-31": "266.16200", "2019-12-31": "268.53690", "2019-09-30": "263.62900", "2019-06-30": "264.41400", "2019-03-31": "261.03100", "2018-12-31": "270.75400", "2018-09-30": "252.63600", "2018-06-30": "247.32900", "2018-03-31": "246.91500", "2017-12-31": "246.33600", "2017-09-30": "245.21000", "2017-06-30": "213.01300", "2017-03-31": "211.47300", "2016-12-31": "206.92000", "2016-09-30": "200.24000", "2016-06-30": "188.57300", "2016-03-31": "174.67500", "2015-12-31": "166.04100", "2015-09-30": "173.63400", "2015-06-30": "128.74800", "2015-03-31": "3.54000", "2014-12-31": "", "2014-03-31": "4.60400"}, "Research And Development Expenses": {"2020-09-30": "", "2020-06-30": "", "2020-03-31": "", "2019-12-31": "", "2019-09-30": "", "2019-06-30": "", "2019-03-31": "", "2018-12-31": "", "2018-09-30": "", "2018-06-30": "", "2018-03-31": "", "2017-12-31": "", "2017-09-30": "", "2017-06-30": "", "2017-03-31": "", "2016-12-31": "", "2016-09-30": "", "2016-06-30": "", "2016-03-31": "", "2015-12-31": "", "2015-09-30": "", "2015-06-30": "", "2015-03-31": "", "2014-12-31": "", "2014-03-31": ""}, "SG&A Expenses": {"2020-09-30": "26.65900", "2020-06-30": "27.89400", "2020-03-31": "27.13300", "2019-12-31": "26.97900", "2019-09-30": "25.26700", "2019-06-30": "26.42800", "2019-03-31": "24.22600", "2018-12-31": "21.33100", "2018-09-30": "20.66600", "2018-06-30": "20.68100", "2018-03-31": "22.52000", "2017-12-31": "22.49600", "2017-09-30": "22.06800", "2017-06-30": "13.50300", "2017-03-31": "13.97800", "2016-12-31": "11.78300", "2016-09-30": "10.19100", "2016-06-30": "8.23900", "2016-03-31": "5.18900", "2015-12-31": "3.80300", "2015-09-30": "4.22900", "2015-06-30": "3.16100", "2015-03-31": "0.01500", "2014-12-31": "", "2014-03-31": "0.01400"}, "Other Operating Income Or Expenses": {"2020-09-30": "-38.83700", "2020-06-30": "-650.91800", "2020-03-31": "-59.35700", "2019-12-31": "-56.94800", "2019-09-30": "-54.06300", "2019-06-30": "9.71100", "2019-03-31": "-41.97400", "2018-12-31": "-43.32100", "2018-09-30": "-36.05800", "2018-06-30": "-38.66000", "2018-03-31": "-31.93200", "2017-12-31": "-35.35600", "2017-09-30": "-34.75100", "2017-06-30": "-38.21000", "2017-03-31": "-43.14800", "2016-12-31": "-28.58000", "2016-09-30": "-25.01900", "2016-06-30": "-21.12100", "2016-03-31": "-8.61700", "2015-12-31": "-9.18700", "2015-09-30": "-5.95200", "2015-06-30": "-3.81400", "2015-03-31": "", "2014-12-31": "", "2014-03-31": ""}, "Operating Expenses": {"2020-09-30": "145.37600", "2020-06-30": "763.78100", "2020-03-31": "172.61100", "2019-12-31": "182.11000", "2019-09-30": "180.49600", "2019-06-30": "119.29500", "2019-03-31": "170.02700", "2018-12-31": "174.09100", "2018-09-30": "169.47200", "2018-06-30": "174.18300", "2018-03-31": "169.17300", "2017-12-31": "174.65300", "2017-09-30": "170.26300", "2017-06-30": "154.31200", "2017-03-31": "158.48700", "2016-12-31": "140.88500", "2016-09-30": "131.93300", "2016-06-30": "121.74500", "2016-03-31": "100.14600", "2015-12-31": "94.65900", "2015-09-30": "97.45200", "2015-06-30": "71.41900", "2015-03-31": "5.37900", "2014-12-31": "", "2014-03-31": "6.28700"}, "Operating Income": {"2020-09-30": "113.38900", "2020-06-30": "-496.96100", "2020-03-31": "93.55100", "2019-12-31": "86.42700", "2019-09-30": "83.13300", "2019-06-30": "145.11900", "2019-03-31": "91.00400", "2018-12-31": "96.66300", "2018-09-30": "83.16400", "2018-06-30": "73.14600", "2018-03-31": "77.74200", "2017-12-31": "71.68300", "2017-09-30": "74.94700", "2017-06-30": "58.70100", "2017-03-31": "52.98600", "2016-12-31": "66.03500", "2016-09-30": "68.30700", "2016-06-30": "66.82800", "2016-03-31": "74.52900", "2015-12-31": "71.38200", "2015-09-30": "76.18200", "2015-06-30": "57.32900", "2015-03-31": "2.51200", "2014-12-31": "", "2014-03-31": "3.41700"}, "Total Non-Operating Income/Expense": {"2020-09-30": "-102.79100", "2020-06-30": "-107.24300", "2020-03-31": "-178.39300", "2019-12-31": "-103.27000", "2019-09-30": "-104.65500", "2019-06-30": "-97.72900", "2019-03-31": "-84.45800", "2018-12-31": "-82.19300", "2018-09-30": "-80.40600", "2018-06-30": "-79.38500", "2018-03-31": "-77.60700", "2017-12-31": "-78.75900", "2017-09-30": "-78.78400", "2017-06-30": "-75.08600", "2017-03-31": "-73.36500", "2016-12-31": "-70.78700", "2016-09-30": "-70.52200", "2016-06-30": "-68.03600", "2016-03-31": "-66.04900", "2015-12-31": "-66.48900", "2015-09-30": "-66.51100", "2015-06-30": "-48.79700", "2015-03-31": "", "2014-12-31": "", "2014-03-31": ""}, "Pre-Tax Income": {"2020-09-30": "10.59800", "2020-06-30": "-604.20400", "2020-03-31": "-84.84200", "2019-12-31": "-16.84300", "2019-09-30": "-21.52200", "2019-06-30": "47.39000", "2019-03-31": "6.54600", "2018-12-31": "14.47000", "2018-09-30": "2.75800", "2018-06-30": "-6.23900", "2018-03-31": "0.13500", "2017-12-31": "-7.07600", "2017-09-30": "-3.83700", "2017-06-30": "-16.38500", "2017-03-31": "-20.37900", "2016-12-31": "-4.75200", "2016-09-30": "-2.21500", "2016-06-30": "-1.20800", "2016-03-31": "8.48000", "2015-12-31": "4.89300", "2015-09-30": "9.67100", "2015-06-30": "8.53200", "2015-03-31": "2.51200", "2014-12-31": "", "2014-03-31": "3.41700"}, "Income Taxes": {"2020-09-30": "2.80100", "2020-06-30": "-5.87500", "2020-03-31": "-4.57600", "2019-12-31": "-5.48900", "2019-09-30": "-1.74500", "2019-06-30": "7.84300", "2019-03-31": "4.05400", "2018-12-31": "-0.21300", "2018-09-30": "-1.46600", "2018-06-30": "-2.64600", "2018-03-31": "-1.09600", "2017-12-31": "-29.87300", "2017-09-30": "-8.67200", "2017-06-30": "0.07500", "2017-03-31": "-0.37900", "2016-12-31": "-0.38200", "2016-09-30": "0.12800", "2016-06-30": "0.32700", "2016-03-31": "0.44400", "2015-12-31": "0.23900", "2015-09-30": "0.26800", "2015-06-30": "0.23100", "2015-03-31": "", "2014-12-31": "", "2014-03-31": ""}, "Income After Taxes": {"2020-09-30": "7.79700", "2020-06-30": "-598.32900", "2020-03-31": "-80.26600", "2019-12-31": "-11.35400", "2019-09-30": "-19.77700", "2019-06-30": "39.54700", "2019-03-31": "2.49200", "2018-12-31": "14.68300", "2018-09-30": "4.22400", "2018-06-30": "-3.59300", "2018-03-31": "1.23100", "2017-12-31": "22.79700", "2017-09-30": "4.83500", "2017-06-30": "-16.46000", "2017-03-31": "-20.00000", "2016-12-31": "-4.37000", "2016-09-30": "-2.34300", "2016-06-30": "-1.53500", "2016-03-31": "8.03600", "2015-12-31": "4.65400", "2015-09-30": "9.40300", "2015-06-30": "8.30100", "2015-03-31": "2.51200", "2014-12-31": "", "2014-03-31": "3.41700"}, "Other Income": {"2020-09-30": "", "2020-06-30": "", "2020-03-31": "", "2019-12-31": "", "2019-09-30": "", "2019-06-30": "", "2019-03-31": "", "2018-12-31": "", "2018-09-30": "", "2018-06-30": "", "2018-03-31": "", "2017-12-31": "", "2017-09-30": "", "2017-06-30": "", "2017-03-31": "", "2016-12-31": "", "2016-09-30": "", "2016-06-30": "", "2016-03-31": "", "2015-12-31": "", "2015-09-30": "", "2015-06-30": "", "2015-03-31": "", "2014-12-31": "", "2014-03-31": ""}, "Income From Continuous Operations": {"2020-09-30": "7.45500", "2020-06-30": "-598.32900", "2020-03-31": "-80.26600", "2019-12-31": "-11.35400", "2019-09-30": "-19.77700", "2019-06-30": "39.54700", "2019-03-31": "2.49200", "2018-12-31": "14.68300", "2018-09-30": "4.22400", "2018-06-30": "-3.59300", "2018-03-31": "1.23100", "2017-12-31": "22.79700", "2017-09-30": "4.83500", "2017-06-30": "-16.46000", "2017-03-31": "-20.00000", "2016-12-31": "-4.37000", "2016-09-30": "-2.34300", "2016-06-30": "-1.53500", "2016-03-31": "8.03600", "2015-12-31": "4.65400", "2015-09-30": "9.40300", "2015-06-30": "8.30100", "2015-03-31": "2.51200", "2014-12-31": "", "2014-03-31": "3.41700"}, "Income From Discontinued Operations": {"2020-09-30": "", "2020-06-30": "", "2020-03-31": "", "2019-12-31": "", "2019-09-30": "", "2019-06-30": "", "2019-03-31": "", "2018-12-31": "", "2018-09-30": "", "2018-06-30": "", "2018-03-31": "", "2017-12-31": "", "2017-09-30": "", "2017-06-30": "", "2017-03-31": "", "2016-12-31": "", "2016-09-30": "", "2016-06-30": "", "2016-03-31": "", "2015-12-31": "", "2015-09-30": "", "2015-06-30": "", "2015-03-31": "", "2014-12-31": "", "2014-03-31": ""}, "Net Income": {"2020-09-30": "7.03400", "2020-06-30": "-588.16900", "2020-03-31": "-79.05600", "2019-12-31": "-11.40500", "2019-09-30": "-19.47000", "2019-06-30": "38.24600", "2019-03-31": "1.01300", "2018-12-31": "12.34600", "2018-09-30": "2.07500", "2018-06-30": "-5.56200", "2018-03-31": "-0.87000", "2017-12-31": "18.75100", "2017-09-30": "2.93900", "2017-06-30": "-18.24200", "2017-03-31": "-20.00000", "2016-12-31": "-0.87800", "2016-09-30": "-4.14400", "2016-06-30": "-2.87100", "2016-03-31": "7.68100", "2015-12-31": "4.25700", "2015-09-30": "8.97300", "2015-06-30": "7.97600", "2015-03-31": "2.51200", "2014-12-31": "", "2014-03-31": "3.41700"}, "EBITDA": {"2020-09-30": "202.30600", "2020-06-30": "-403.03400", "2020-03-31": "189.38000", "2019-12-31": "197.34390", "2019-09-30": "196.68500", "2019-06-30": "258.48300", "2019-03-31": "201.70400", "2018-12-31": "212.37600", "2018-09-30": "202.10500", "2018-06-30": "194.10100", "2018-03-31": "198.49700", "2017-12-31": "194.49500", "2017-09-30": "194.50100", "2017-06-30": "167.01600", "2017-03-31": "159.61200", "2016-12-31": "170.95500", "2016-09-30": "169.02700", "2016-06-30": "163.05600", "2016-03-31": "164.63300", "2015-12-31": "71.38200", "2015-09-30": "76.18200", "2015-06-30": "57.32900", "2015-03-31": "2.51200", "2014-12-31": "", "2014-03-31": "3.41700"}, "EBIT": {"2020-09-30": "113.38900", "2020-06-30": "-496.96100", "2020-03-31": "93.55100", "2019-12-31": "86.42700", "2019-09-30": "83.13300", "2019-06-30": "145.11900", "2019-03-31": "91.00400", "2018-12-31": "96.66300", "2018-09-30": "83.16400", "2018-06-30": "73.14600", "2018-03-31": "77.74200", "2017-12-31": "71.68300", "2017-09-30": "74.94700", "2017-06-30": "58.70100", "2017-03-31": "52.98600", "2016-12-31": "66.03500", "2016-09-30": "68.30700", "2016-06-30": "66.82800", "2016-03-31": "74.52900", "2015-12-31": "71.38200", "2015-09-30": "76.18200", "2015-06-30": "57.32900", "2015-03-31": "2.51200", "2014-12-31": "", "2014-03-31": "3.41700"}, "Basic Shares Outstanding": {"2020-09-30": "198.05400", "2020-06-30": "192.47900", "2020-03-31": "192.23600", "2019-12-31": "187.35800", "2019-09-30": "191.94000", "2019-06-30": "182.97100", "2019-03-31": "182.21900", "2018-12-31": "176.16900", "2018-09-30": "175.39600", "2018-06-30": "175.01100", "2018-03-31": "174.89200", "2017-12-31": "168.69300", "2017-09-30": "174.81800", "2017-06-30": "169.65500", "2017-03-31": "155.18400", "2016-12-31": "152.47300", "2016-09-30": "153.87800", "2016-06-30": "150.91300", "2016-03-31": "149.91800", "2015-12-31": "149.83500", "2015-09-30": "149.83400", "2015-06-30": "149.82700", "2015-03-31": "", "2014-12-31": "", "2014-03-31": ""}, "Shares Outstanding": {"2020-09-30": "198.37300", "2020-06-30": "192.47900", "2020-03-31": "192.23600", "2019-12-31": "187.35800", "2019-09-30": "191.94000", "2019-06-30": "193.10500", "2019-03-31": "182.22200", "2018-12-31": "177.07100", "2018-09-30": "175.65300", "2018-06-30": "175.01100", "2018-03-31": "175.49900", "2017-12-31": "168.98900", "2017-09-30": "175.39900", "2017-06-30": "169.65500", "2017-03-31": "155.18400", "2016-12-31": "152.47300", "2016-09-30": "153.87800", "2016-06-30": "150.91300", "2016-03-31": "149.98400", "2015-12-31": "149.83500", "2015-09-30": "149.83400", "2015-06-30": "149.82700", "2015-03-31": "", "2014-12-31": "", "2014-03-31": ""}, "Basic EPS": {"2020-09-30": "0.04000", "2020-06-30": "-3.06000", "2020-03-31": "-0.41000", "2019-12-31": "-0.08000", "2019-09-30": "-0.10000", "2019-06-30": "0.21000", "2019-03-31": "0.01000", "2018-12-31": "0.07500", "2018-09-30": "0.01000", "2018-06-30": "-0.03000", "2018-03-31": "-0.00500", "2017-12-31": "0.13000", "2017-09-30": "0.02000", "2017-06-30": "-0.11000", "2017-03-31": "-0.14000", "2016-12-31": "-0.04000", "2016-09-30": "-0.03000", "2016-06-30": "-0.02000", "2016-03-31": "0.05000", "2015-12-31": "0.05000", "2015-09-30": "0.06000", "2015-06-30": "0.05000", "2015-03-31": "", "2014-12-31": "", "2014-03-31": ""}, "EPS - Earnings Per Share": {"2020-09-30": "0.04000", "2020-06-30": "-3.06000", "2020-03-31": "-0.41000", "2019-12-31": "-0.07000", "2019-09-30": "-0.10000", "2019-06-30": "0.20000", "2019-03-31": "0.01000", "2018-12-31": "0.07000", "2018-09-30": "0.01000", "2018-06-30": "-0.03000", "2018-03-31": "-0.01000", "2017-12-31": "0.14000", "2017-09-30": "-0.02000", "2017-06-30": "-0.11000", "2017-03-31": "-0.14000", "2016-12-31": "-0.04000", "2016-09-30": "-0.03000", "2016-06-30": "-0.02000", "2016-03-31": "0.05000", "2015-12-31": "0.05000", "2015-09-30": "0.06000", "2015-06-30": "0.05000", "2015-03-31": "0.00000", "2014-12-31": "0.00000", "2014-03-31": "0.00000"}}, "balance sheet": {"Cash On Hand": {"2019-12-31": "142.81300", "2018-12-31": "38.02600", "2017-12-31": "59.76500", "2016-12-31": "171.75400", "2015-12-31": "142.49800", "2014-12-31": ""}, "Receivables": {"2019-12-31": "80.03100", "2018-12-31": "165.84800", "2017-12-31": "90.69300", "2016-12-31": "44.36900", "2015-12-31": "13.87800", "2014-12-31": ""}, "Inventory": {"2019-12-31": "", "2018-12-31": "", "2017-12-31": "", "2016-12-31": "", "2015-12-31": "", "2014-12-31": ""}, "Pre-Paid Expenses": {"2019-12-31": "", "2018-12-31": "", "2017-12-31": "", "2016-12-31": "", "2015-12-31": "", "2014-12-31": ""}, "Other Current Assets": {"2019-12-31": "", "2018-12-31": "", "2017-12-31": "", "2016-12-31": "", "2015-12-31": "", "2014-12-31": ""}, "Total Current Assets": {"2019-12-31": "222.84400", "2018-12-31": "203.87400", "2017-12-31": "150.45800", "2016-12-31": "216.12300", "2015-12-31": "156.37600", "2014-12-31": ""}, "Property, Plant, And Equipment": {"2019-12-31": "3409.94500", "2018-12-31": "3209.00600", "2017-12-31": "3053.88900", "2016-12-31": "2670.03700", "2015-12-31": "2374.76000", "2014-12-31": ""}, "Long-Term Investments": {"2019-12-31": "", "2018-12-31": "", "2017-12-31": "", "2016-12-31": "", "2015-12-31": "", "2014-12-31": ""}, "Goodwill And Intangible Assets": {"2019-12-31": "1222.65100", "2018-12-31": "1125.20600", "2017-12-31": "1103.08600", "2016-12-31": "422.91800", "2015-12-31": "10.53000", "2014-12-31": ""}, "Other Long-Term Assets": {"2019-12-31": "161.56000", "2018-12-31": "54.85100", "2017-12-31": "22.64900", "2016-12-31": "9.67400", "2015-12-31": "0.97000", "2014-12-31": ""}, "Total Long-Term Assets": {"2019-12-31": "4794.15600", "2018-12-31": "4389.06300", "2017-12-31": "4179.62400", "2016-12-31": "3102.62900", "2015-12-31": "2386.26000", "2014-12-31": ""}, "Total Assets": {"2019-12-31": "5017.00000", "2018-12-31": "4592.93700", "2017-12-31": "4330.08200", "2016-12-31": "3318.75200", "2015-12-31": "2542.63600", "2014-12-31": "0.00000"}, "Total Current Liabilities": {"2019-12-31": "5273.60000", "2018-12-31": "4968.50900", "2017-12-31": "4589.01500", "2016-12-31": "4097.00300", "2015-12-31": "3540.07700", "2014-12-31": ""}, "Long Term Debt": {"2019-12-31": "52.99400", "2018-12-31": "55.28200", "2017-12-31": "56.32900", "2016-12-31": "54.53500", "2015-12-31": "", "2014-12-31": ""}, "Other Non-Current Liabilities": {"2019-12-31": "1149.13900", "2018-12-31": "923.40700", "2017-12-31": "752.87200", "2016-12-31": "460.71300", "2015-12-31": "163.75100", "2014-12-31": ""}, "Total Long Term Liabilities": {"2019-12-31": "1226.56400", "2018-12-31": "1117.63100", "2017-12-31": "948.20900", "2016-12-31": "624.19400", "2015-12-31": "169.46500", "2014-12-31": ""}, "Total Liabilities": {"2019-12-31": "6500.16400", "2018-12-31": "6086.14000", "2017-12-31": "5537.22400", "2016-12-31": "4721.19700", "2015-12-31": "3709.54200", "2014-12-31": ""}, "Common Stock Net": {"2019-12-31": "0.01900", "2018-12-31": "0.01800", "2017-12-31": "0.01700", "2016-12-31": "0.01500", "2015-12-31": "0.01500", "2014-12-31": ""}, "Retained Earnings (Accumulated Deficit)": {"2019-12-31": "", "2018-12-31": "", "2017-12-31": "", "2016-12-31": "", "2015-12-31": "", "2014-12-31": ""}, "Comprehensive Income": {"2019-12-31": "-23.44200", "2018-12-31": "30.10500", "2017-12-31": "7.82100", "2016-12-31": "-6.36900", "2015-12-31": "-5.42700", "2014-12-31": ""}, "Other Share Holders Equity": {"2019-12-31": "-2494.74000", "2018-12-31": "-2373.21800", "2017-12-31": "-1960.71500", "2016-12-31": "-1537.18300", "2015-12-31": "-1162.88600", "2014-12-31": ""}, "Share Holder Equity": {"2019-12-31": "-1483.16400", "2018-12-31": "-1493.20300", "2017-12-31": "-1207.14200", "2016-12-31": "-1402.44500", "2015-12-31": "-1166.90600", "2014-12-31": ""}, "Total Liabilities And Share Holders Equity": {"2019-12-31": "5017.00000", "2018-12-31": "4592.93700", "2017-12-31": "4330.08200", "2016-12-31": "3318.75200", "2015-12-31": "2542.63600", "2014-12-31": ""}}, "balance sheet, quarterly": {"Cash On Hand": {"2020-09-30": "195.57000", "2020-06-30": "88.26900", "2020-03-31": "109.32900", "2019-12-31": "142.81300", "2019-09-30": "197.31700", "2019-06-30": "299.39400", "2019-03-31": "104.68400", "2018-12-31": "38.02600", "2018-09-30": "118.49300", "2018-06-30": "76.50000", "2018-03-31": "56.90100", "2017-12-31": "59.76500", "2017-09-30": "49.92300", "2017-06-30": "934.09600", "2017-03-31": "68.72600", "2016-12-31": "171.75400", "2016-09-30": "40.76200", "2016-06-30": "48.81300", "2016-03-31": "165.34000", "2015-12-31": "142.49800", "2015-09-30": "209.99800", "2015-06-30": "154.61500", "2015-03-31": "", "2014-12-31": "", "2014-03-31": ""}, "Receivables": {"2020-09-30": "65.56900", "2020-06-30": "75.64000", "2020-03-31": "78.27400", "2019-12-31": "80.03100", "2019-09-30": "87.55100", "2019-06-30": "77.69400", "2019-03-31": "76.83200", "2018-12-31": "165.84800", "2018-09-30": "116.87300", "2018-06-30": "121.26300", "2018-03-31": "89.04800", "2017-12-31": "90.69300", "2017-09-30": "74.76500", "2017-06-30": "50.46500", "2017-03-31": "50.64200", "2016-12-31": "44.36900", "2016-09-30": "40.81500", "2016-06-30": "28.88000", "2016-03-31": "16.94900", "2015-12-31": "13.87800", "2015-09-30": "9.14800", "2015-06-30": "6.70700", "2015-03-31": "1.67800", "2014-12-31": "1.91200", "2014-03-31": ""}, "Inventory": {"2020-09-30": "", "2020-06-30": "", "2020-03-31": "", "2019-12-31": "", "2019-09-30": "", "2019-06-30": "", "2019-03-31": "", "2018-12-31": "", "2018-09-30": "", "2018-06-30": "", "2018-03-31": "", "2017-12-31": "", "2017-09-30": "", "2017-06-30": "", "2017-03-31": "", "2016-12-31": "", "2016-09-30": "", "2016-06-30": "", "2016-03-31": "", "2015-12-31": "", "2015-09-30": "", "2015-06-30": "", "2015-03-31": "", "2014-12-31": "", "2014-03-31": ""}, "Pre-Paid Expenses": {"2020-09-30": "", "2020-06-30": "", "2020-03-31": "", "2019-12-31": "", "2019-09-30": "", "2019-06-30": "", "2019-03-31": "", "2018-12-31": "", "2018-09-30": "", "2018-06-30": "", "2018-03-31": "", "2017-12-31": "", "2017-09-30": "", "2017-06-30": "", "2017-03-31": "", "2016-12-31": "", "2016-09-30": "", "2016-06-30": "", "2016-03-31": "", "2015-12-31": "", "2015-09-30": "", "2015-06-30": "", "2015-03-31": "", "2014-12-31": "", "2014-03-31": ""}, "Other Current Assets": {"2020-09-30": "", "2020-06-30": "", "2020-03-31": "", "2019-12-31": "", "2019-09-30": "", "2019-06-30": "", "2019-03-31": "", "2018-12-31": "", "2018-09-30": "", "2018-06-30": "", "2018-03-31": "", "2017-12-31": "", "2017-09-30": "", "2017-06-30": "", "2017-03-31": "", "2016-12-31": "", "2016-09-30": "", "2016-06-30": "", "2016-03-31": "", "2015-12-31": "", "2015-09-30": "", "2015-06-30": "", "2015-03-31": "", "2014-12-31": "", "2014-03-31": ""}, "Total Current Assets": {"2020-09-30": "261.13900", "2020-06-30": "163.90900", "2020-03-31": "187.60300", "2019-12-31": "222.84400", "2019-09-30": "284.86800", "2019-06-30": "377.08800", "2019-03-31": "181.51600", "2018-12-31": "203.87400", "2018-09-30": "235.36600", "2018-06-30": "197.76300", "2018-03-31": "145.94900", "2017-12-31": "150.45800", "2017-09-30": "124.68800", "2017-06-30": "984.56100", "2017-03-31": "119.36800", "2016-12-31": "216.12300", "2016-09-30": "81.57700", "2016-06-30": "77.69300", "2016-03-31": "182.28900", "2015-12-31": "156.37600", "2015-09-30": "219.14600", "2015-06-30": "161.32200", "2015-03-31": "1.67800", "2014-12-31": "1.91200", "2014-03-31": ""}, "Property, Plant, And Equipment": {"2020-09-30": "3287.30000", "2020-06-30": "3098.19100", "2020-03-31": "3254.60000", "2019-12-31": "3409.94500", "2019-09-30": "3371.15100", "2019-06-30": "3201.43600", "2019-03-31": "3174.74400", "2018-12-31": "3209.00600", "2018-09-30": "3155.20600", "2018-06-30": "3095.80500", "2018-03-31": "3049.71400", "2017-12-31": "3053.88900", "2017-09-30": "3037.46900", "2017-06-30": "2689.50000", "2017-03-31": "2672.34900", "2016-12-31": "2670.03700", "2016-09-30": "2694.14100", "2016-06-30": "2569.40200", "2016-03-31": "2321.12400", "2015-12-31": "2374.76000", "2015-09-30": "2389.08500", "2015-06-30": "2440.32600", "2015-03-31": "", "2014-12-31": "", "2014-03-31": ""}, "Long-Term Investments": {"2020-09-30": "", "2020-06-30": "", "2020-03-31": "", "2019-12-31": "", "2019-09-30": "", "2019-06-30": "", "2019-03-31": "", "2018-12-31": "", "2018-09-30": "", "2018-06-30": "", "2018-03-31": "", "2017-12-31": "", "2017-09-30": "", "2017-06-30": "", "2017-03-31": "", "2016-12-31": "", "2016-09-30": "", "2016-06-30": "", "2016-03-31": "", "2015-12-31": "", "2015-09-30": "", "2015-06-30": "", "2015-03-31": "", "2014-12-31": "", "2014-03-31": ""}, "Goodwill And Intangible Assets": {"2020-09-30": "1096.50500", "2020-06-30": "1036.72400", "2020-03-31": "1214.39000", "2019-12-31": "1222.65100", "2019-09-30": "1227.32600", "2019-06-30": "1064.24000", "2019-03-31": "1070.36100", "2018-12-31": "1125.20600", "2018-09-30": "1092.62400", "2018-06-30": "1097.60500", "2018-03-31": "1102.82600", "2017-12-31": "1103.08600", "2017-09-30": "1110.38700", "2017-06-30": "473.24100", "2017-03-31": "476.14700", "2016-12-31": "422.91800", "2016-09-30": "426.40000", "2016-06-30": "194.51000", "2016-03-31": "11.19000", "2015-12-31": "10.53000", "2015-09-30": "11.49400", "2015-06-30": "12.45800", "2015-03-31": "13.43800", "2014-12-31": "14.45200", "2014-03-31": "0.00000"}, "Other Long-Term Assets": {"2020-09-30": "193.02100", "2020-06-30": "517.37100", "2020-03-31": "357.48700", "2019-12-31": "161.56000", "2019-09-30": "147.88000", "2019-06-30": "147.59300", "2019-03-31": "270.68500", "2018-12-31": "54.85100", "2018-09-30": "87.62800", "2018-06-30": "80.48500", "2018-03-31": "65.02400", "2017-12-31": "22.64900", "2017-09-30": "19.66600", "2017-06-30": "13.85900", "2017-03-31": "12.81300", "2016-12-31": "9.67400", "2016-09-30": "15.41600", "2016-06-30": "10.07000", "2016-03-31": "3.31200", "2015-12-31": "0.97000", "2015-09-30": "3.05400", "2015-06-30": "31.53400", "2015-03-31": "0.31100", "2014-12-31": "0.30100", "2014-03-31": ""}, "Total Long-Term Assets": {"2020-09-30": "4576.82600", "2020-06-30": "4652.28600", "2020-03-31": "4826.47700", "2019-12-31": "4794.15600", "2019-09-30": "4746.35600", "2019-06-30": "4413.26900", "2019-03-31": "4515.79000", "2018-12-31": "4389.06300", "2018-09-30": "4335.45800", "2018-06-30": "4273.89500", "2018-03-31": "4217.56400", "2017-12-31": "4179.62400", "2017-09-30": "4167.52200", "2017-06-30": "3176.60000", "2017-03-31": "3161.30900", "2016-12-31": "3102.62900", "2016-09-30": "3135.95700", "2016-06-30": "2773.98200", "2016-03-31": "2335.62600", "2015-12-31": "2386.26000", "2015-09-30": "2403.63300", "2015-06-30": "2484.31800", "2015-03-31": "13.74900", "2014-12-31": "14.75300", "2014-03-31": ""}, "Total Assets": {"2020-09-30": "4837.96500", "2020-06-30": "4816.19500", "2020-03-31": "5014.08000", "2019-12-31": "5017.00000", "2019-09-30": "5031.22500", "2019-06-30": "4790.35700", "2019-03-31": "4697.30600", "2018-12-31": "4592.93700", "2018-09-30": "4570.82400", "2018-06-30": "4471.65800", "2018-03-31": "4363.51300", "2017-12-31": "4330.08200", "2017-09-30": "4292.21000", "2017-06-30": "4161.16100", "2017-03-31": "3280.67700", "2016-12-31": "3318.75200", "2016-09-30": "3217.53400", "2016-06-30": "2851.67500", "2016-03-31": "2517.91500", "2015-12-31": "2542.63600", "2015-09-30": "2622.77900", "2015-06-30": "2645.64000", "2015-03-31": "15.42700", "2014-12-31": "16.66500", "2014-03-31": "0.00000"}, "Total Current Liabilities": {"2020-09-30": "5088.09500", "2020-06-30": "5085.83100", "2020-03-31": "5329.66100", "2019-12-31": "5273.60000", "2019-09-30": "5292.40200", "2019-06-30": "5238.88300", "2019-03-31": "5187.27100", "2018-12-31": "4968.50900", "2018-09-30": "4897.39600", "2018-06-30": "4791.54300", "2018-03-31": "4654.39800", "2017-12-31": "4589.01500", "2017-09-30": "4512.89300", "2017-06-30": "4535.50400", "2017-03-31": "4125.53000", "2016-12-31": "4097.00300", "2016-09-30": "3942.16400", "2016-06-30": "3736.77600", "2016-03-31": "3565.57800", "2015-12-31": "3540.07700", "2015-09-30": "3604.31600", "2015-06-30": "3541.73200", "2015-03-31": "1.31100", "2014-12-31": "1.24800", "2014-03-31": ""}, "Long Term Debt": {"2020-09-30": "49.41200", "2020-06-30": "50.43600", "2020-03-31": "51.48700", "2019-12-31": "52.99400", "2019-09-30": "55.22500", "2019-06-30": "55.44400", "2019-03-31": "54.27600", "2018-12-31": "55.28200", "2018-09-30": "57.10400", "2018-06-30": "57.37800", "2018-03-31": "55.65100", "2017-12-31": "56.32900", "2017-09-30": "56.97600", "2017-06-30": "54.77000", "2017-03-31": "54.06800", "2016-12-31": "54.53500", "2016-09-30": "55.21500", "2016-06-30": "48.98000", "2016-03-31": "", "2015-12-31": "", "2015-09-30": "", "2015-06-30": "", "2015-03-31": "", "2014-12-31": "", "2014-03-31": ""}, "Other Non-Current Liabilities": {"2020-09-30": "1679.66100", "2020-06-30": "1883.84400", "2020-03-31": "1208.87100", "2019-12-31": "1149.13900", "2019-09-30": "1089.31900", "2019-06-30": "863.14700", "2019-03-31": "887.79900", "2018-12-31": "923.40700", "2018-09-30": "881.19300", "2018-06-30": "856.71100", "2018-03-31": "785.19600", "2017-12-31": "752.87200", "2017-09-30": "690.06810", "2017-06-30": "583.48000", "2017-03-31": "480.94400", "2016-12-31": "460.71300", "2016-09-30": "475.71700", "2016-06-30": "308.44200", "2016-03-31": "235.75000", "2015-12-31": "163.75100", "2015-09-30": "104.39700", "2015-06-30": "66.57600", "2015-03-31": "1.08500", "2014-12-31": "1.15400", "2014-03-31": ""}, "Total Long Term Liabilities": {"2020-09-30": "1744.99700", "2020-06-30": "1947.50200", "2020-03-31": "1279.87000", "2019-12-31": "1226.56400", "2019-09-30": "1175.66200", "2019-06-30": "1040.76300", "2019-03-31": "1060.81700", "2018-12-31": "1117.63100", "2018-09-30": "1078.59900", "2018-06-30": "1054.92700", "2018-03-31": "980.73210", "2017-12-31": "948.20900", "2017-09-30": "914.97410", "2017-06-30": "766.69600", "2017-03-31": "663.35600", "2016-12-31": "624.19400", "2016-09-30": "562.32200", "2016-06-30": "362.53700", "2016-03-31": "241.24800", "2015-12-31": "169.46500", "2015-09-30": "110.64900", "2015-06-30": "73.20900", "2015-03-31": "6.16000", "2014-12-31": "6.63700", "2014-03-31": ""}, "Total Liabilities": {"2020-09-30": "6833.09200", "2020-06-30": "7033.33300", "2020-03-31": "6609.53100", "2019-12-31": "6500.16400", "2019-09-30": "6468.06400", "2019-06-30": "6279.64600", "2019-03-31": "6248.08800", "2018-12-31": "6086.14000", "2018-09-30": "5975.99500", "2018-06-30": "5846.47000", "2018-03-31": "5635.13000", "2017-12-31": "5537.22400", "2017-09-30": "5427.86700", "2017-06-30": "5302.20000", "2017-03-31": "4788.88600", "2016-12-31": "4721.19700", "2016-09-30": "4504.48600", "2016-06-30": "4099.31300", "2016-03-31": "3806.82600", "2015-12-31": "3709.54200", "2015-09-30": "3714.96500", "2015-06-30": "3614.94100", "2015-03-31": "7.47100", "2014-12-31": "7.88500", "2014-03-31": "0.00000"}, "Common Stock Net": {"2020-09-30": "0.02300", "2020-06-30": "0.01900", "2020-03-31": "0.01900", "2019-12-31": "0.01900", "2019-09-30": "0.01900", "2019-06-30": "0.01800", "2019-03-31": "0.01800", "2018-12-31": "0.01800", "2018-09-30": "0.01800", "2018-06-30": "0.01700", "2018-03-31": "0.01700", "2017-12-31": "0.01700", "2017-09-30": "0.01700", "2017-06-30": "0.01700", "2017-03-31": "0.01600", "2016-12-31": "0.01500", "2016-09-30": "0.01500", "2016-06-30": "0.01500", "2016-03-31": "0.01500", "2015-12-31": "0.01500", "2015-09-30": "0.01500", "2015-06-30": "0.15000", "2015-03-31": "", "2014-12-31": "", "2014-03-31": "0.00000"}, "Retained Earnings (Accumulated Deficit)": {"2020-09-30": "", "2020-06-30": "", "2020-03-31": "", "2019-12-31": "", "2019-09-30": "", "2019-06-30": "", "2019-03-31": "", "2018-12-31": "", "2018-09-30": "", "2018-06-30": "", "2018-03-31": "", "2017-12-31": "", "2017-09-30": "", "2017-06-30": "", "2017-03-31": "", "2016-12-31": "", "2016-09-30": "", "2016-06-30": "", "2016-03-31": "", "2015-12-31": "", "2015-09-30": "", "2015-06-30": "", "2015-03-31": "", "2014-12-31": "", "2014-03-31": ""}, "Comprehensive Income": {"2020-09-30": "-23.15500", "2020-06-30": "-25.93700", "2020-03-31": "-28.71700", "2019-12-31": "-23.44200", "2019-09-30": "-27.45200", "2019-06-30": "-18.96000", "2019-03-31": "9.66100", "2018-12-31": "30.10500", "2018-09-30": "66.29100", "2018-06-30": "56.23700", "2018-03-31": "46.73500", "2017-12-31": "7.82100", "2017-09-30": "-5.67800", "2017-06-30": "-7.50000", "2017-03-31": "3.07200", "2016-12-31": "-6.36900", "2016-09-30": "-68.93800", "2016-06-30": "-66.96700", "2016-03-31": "-45.78900", "2015-12-31": "-5.42700", "2015-09-30": "-13.99300", "2015-06-30": "28.55100", "2015-03-31": "", "2014-12-31": "", "2014-03-31": ""}, "Other Share Holders Equity": {"2020-09-30": "-3248.08900", "2020-06-30": "-3219.62300", "2020-03-31": "-2602.77700", "2019-12-31": "-2494.74000", "2019-09-30": "-2442.37800", "2019-06-30": "-2413.32600", "2019-03-31": "-2442.56400", "2018-12-31": "-2373.21800", "2018-09-30": "-2278.12400", "2018-06-30": "-2174.21600", "2018-03-31": "-2063.64000", "2017-12-31": "-1960.71500", "2017-09-30": "-1876.59900", "2017-06-30": "-1775.36600", "2017-03-31": "-1652.80000", "2016-12-31": "-1537.18300", "2016-09-30": "-1438.30200", "2016-06-30": "-1341.63000", "2016-03-31": "-1246.54400", "2015-12-31": "-1162.88600", "2015-09-30": "-1078.80900", "2015-06-30": "-998.00200", "2015-03-31": "", "2014-12-31": "", "2014-03-31": "0.00000"}, "Share Holder Equity": {"2020-09-30": "-1995.12700", "2020-06-30": "-2217.13800", "2020-03-31": "-1595.45100", "2019-12-31": "-1483.16400", "2019-09-30": "-1436.83900", "2019-06-30": "-1489.28900", "2019-03-31": "-1550.78200", "2018-12-31": "-1493.20300", "2018-09-30": "-1405.17100", "2018-06-30": "-1374.81200", "2018-03-31": "-1271.61700", "2017-12-31": "-1207.14200", "2017-09-30": "-1135.65700", "2017-06-30": "-1141.03900", "2017-03-31": "-1508.20900", "2016-12-31": "-1402.44500", "2016-09-30": "-1286.95200", "2016-06-30": "-1247.63800", "2016-03-31": "-1288.91100", "2015-12-31": "-1166.90600", "2015-09-30": "-1092.18600", "2015-06-30": "-969.30100", "2015-03-31": "7.95600", "2014-12-31": "8.78000", "2014-03-31": "0.00000"}, "Total Liabilities And Share Holders Equity": {"2020-09-30": "4837.96500", "2020-06-30": "4816.19500", "2020-03-31": "5014.08000", "2019-12-31": "5017.00000", "2019-09-30": "5031.22500", "2019-06-30": "4790.35700", "2019-03-31": "4697.30600", "2018-12-31": "4592.93700", "2018-09-30": "4570.82400", "2018-06-30": "4471.65800", "2018-03-31": "4363.51300", "2017-12-31": "4330.08200", "2017-09-30": "4292.21000", "2017-06-30": "4161.16100", "2017-03-31": "3280.67700", "2016-12-31": "3318.75200", "2016-09-30": "3217.53400", "2016-06-30": "2851.67500", "2016-03-31": "2517.91500", "2015-12-31": "2542.63600", "2015-09-30": "2622.77900", "2015-06-30": "2645.64000", "2015-03-31": "15.42700", "2014-12-31": "16.66500", "2014-03-31": "0.00000"}}, "cash flow statement": {"Net Income/Loss": {"2019-12-31": "10.90800", "2018-12-31": "16.54500", "2017-12-31": "-8.82800", "2016-12-31": "-0.21200", "2015-12-31": "24.87000", "2014-12-31": "0.00000"}, "Total Depreciation And Amortization - Cash Flow": {"2019-12-31": "448.53300", "2018-12-31": "476.36400", "2017-12-31": "457.30700", "2016-12-31": "391.97200", "2015-12-31": "248.75200", "2014-12-31": ""}, "Other Non-Cash Items": {"2019-12-31": "-49.58800", "2018-12-31": "-10.27200", "2017-12-31": "-36.98600", "2016-12-31": "-13.69700", "2015-12-31": "-11.07500", "2014-12-31": ""}, "Total Non-Cash Items": {"2019-12-31": "398.94500", "2018-12-31": "466.09200", "2017-12-31": "420.32100", "2016-12-31": "378.27500", "2015-12-31": "237.67700", "2014-12-31": ""}, "Change In Accounts Receivable": {"2019-12-31": "25.59200", "2018-12-31": "-52.79200", "2017-12-31": "-10.52400", "2016-12-31": "-3.51600", "2015-12-31": "-0.21500", "2014-12-31": ""}, "Change In Inventories": {"2019-12-31": "", "2018-12-31": "", "2017-12-31": "", "2016-12-31": "", "2015-12-31": "", "2014-12-31": ""}, "Change In Accounts Payable": {"2019-12-31": "", "2018-12-31": "", "2017-12-31": "", "2016-12-31": "", "2015-12-31": "", "2014-12-31": ""}, "Change In Assets/Liabilities": {"2019-12-31": "184.79700", "2018-12-31": "1.75500", "2017-12-31": "-1.56000", "2016-12-31": "-1.36500", "2015-12-31": "-1.14800", "2014-12-31": ""}, "Total Change In Assets/Liabilities": {"2019-12-31": "207.12900", "2018-12-31": "-9.81900", "2017-12-31": "-6.23300", "2016-12-31": "-2.07500", "2015-12-31": "30.66100", "2014-12-31": ""}, "Cash Flow From Operating Activities": {"2019-12-31": "616.98200", "2018-12-31": "472.81800", "2017-12-31": "405.26000", "2016-12-31": "375.98800", "2015-12-31": "293.20800", "2014-12-31": ""}, "Net Change In Property, Plant, And Equipment": {"2019-12-31": "-213.65100", "2018-12-31": "-423.57500", "2017-12-31": "-166.02800", "2016-12-31": "-34.90000", "2015-12-31": "-44.41300", "2014-12-31": ""}, "Net Change In Intangible Assets": {"2019-12-31": "", "2018-12-31": "", "2017-12-31": "", "2016-12-31": "", "2015-12-31": "", "2014-12-31": ""}, "Net Acquisitions/Divestitures": {"2019-12-31": "-331.13000", "2018-12-31": "-56.96800", "2017-12-31": "-853.38000", "2016-12-31": "-500.33100", "2015-12-31": "-1035.02900", "2014-12-31": ""}, "Net Change In Short-term Investments": {"2019-12-31": "", "2018-12-31": "", "2017-12-31": "", "2016-12-31": "", "2015-12-31": "", "2014-12-31": ""}, "Net Change In Long-Term Investments": {"2019-12-31": "", "2018-12-31": "", "2017-12-31": "", "2016-12-31": "", "2015-12-31": "", "2014-12-31": ""}, "Net Change In Investments - Total": {"2019-12-31": "", "2018-12-31": "", "2017-12-31": "", "2016-12-31": "", "2015-12-31": "", "2014-12-31": ""}, "Investing Activities - Other": {"2019-12-31": "", "2018-12-31": "", "2017-12-31": "", "2016-12-31": "", "2015-12-31": "", "2014-12-31": ""}, "Cash Flow From Investing Activities": {"2019-12-31": "-544.78100", "2018-12-31": "-480.54300", "2017-12-31": "-1019.40800", "2016-12-31": "-535.23100", "2015-12-31": "-1079.44200", "2014-12-31": ""}, "Net Long-Term Debt": {"2019-12-31": "-25.33700", "2018-12-31": "-27.02600", "2017-12-31": "-24.31700", "2016-12-31": "-23.57600", "2015-12-31": "1116.30000", "2014-12-31": ""}, "Net Current Debt": {"2019-12-31": "280.01900", "2018-12-31": "360.00000", "2017-12-31": "481.00000", "2016-12-31": "548.87500", "2015-12-31": "", "2014-12-31": ""}, "Debt Issuance/Retirement Net - Total": {"2019-12-31": "254.68200", "2018-12-31": "332.97400", "2017-12-31": "456.68300", "2016-12-31": "525.29900", "2015-12-31": "1116.30000", "2014-12-31": ""}, "Net Common Equity Issued/Repurchased": {"2019-12-31": "71.50900", "2018-12-31": "107.83600", "2017-12-31": "496.53000", "2016-12-31": "51.85400", "2015-12-31": "-0.65600", "2014-12-31": ""}, "Net Total Equity Issued/Repurchased": {"2019-12-31": "71.50900", "2018-12-31": "107.83600", "2017-12-31": "496.53000", "2016-12-31": "51.85400", "2015-12-31": "-0.65600", "2014-12-31": ""}, "Total Common And Preferred Stock Dividends Paid": {"2019-12-31": "-141.77700", "2018-12-31": "-436.01100", "2017-12-31": "-402.70800", "2016-12-31": "-367.83000", "2015-12-31": "-156.85400", "2014-12-31": ""}, "Financial Activities - Other": {"2019-12-31": "-151.78500", "2018-12-31": "-18.64000", "2017-12-31": "-48.53800", "2016-12-31": "-20.55700", "2015-12-31": "-30.07600", "2014-12-31": ""}, "Cash Flow From Financial Activities": {"2019-12-31": "32.62900", "2018-12-31": "-13.84100", "2017-12-31": "501.96700", "2016-12-31": "188.76600", "2015-12-31": "928.71400", "2014-12-31": ""}, "Net Cash Flow": {"2019-12-31": "104.78700", "2018-12-31": "-21.73900", "2017-12-31": "-111.98900", "2016-12-31": "29.25600", "2015-12-31": "142.48000", "2014-12-31": ""}, "Stock-Based Compensation": {"2019-12-31": "10.80800", "2018-12-31": "8.06400", "2017-12-31": "7.71300", "2016-12-31": "4.84600", "2015-12-31": "1.93400", "2014-12-31": ""}, "Common Stock Dividends Paid": {"2019-12-31": "-141.77700", "2018-12-31": "-436.01100", "2017-12-31": "-402.70800", "2016-12-31": "-367.83000", "2015-12-31": "-156.85400", "2014-12-31": ""}}, "cash flow statement, quarterly": {"Net Income/Loss": {"2020-09-30": 7.455, "2020-06-30": -598.329, "2020-03-31": "-80.26600", "2019-12-31": -11.354, "2019-09-30": -19.777, "2019-06-30": 39.547, "2019-03-31": "2.49200", "2018-12-31": 14.683, "2018-09-30": 4.224, "2018-06-30": -3.593, "2018-03-31": "1.23100", "2017-12-31": 22.797, "2017-09-30": 4.835, "2017-06-30": -16.46, "2017-03-31": "-20.00000", "2016-12-31": -4.37, "2016-09-30": -2.343, "2016-06-30": -1.535, "2016-03-31": "8.03600", "2015-12-31": 24.87, "2015-09-30": 0, "2015-06-30": 0, "2015-03-31": "0.00000", "2014-12-31": 0, "2014-03-31": "0.00000"}, "Total Depreciation And Amortization - Cash Flow": {"2020-09-30": 88.917, "2020-06-30": 93.927, "2020-03-31": "95.82900", "2019-12-31": 110.917, "2019-09-30": 113.552, "2019-06-30": 113.364, "2019-03-31": "110.70000", "2018-12-31": 115.713, "2018-09-30": 118.941, "2018-06-30": 120.955, "2018-03-31": "120.75500", "2017-12-31": 122.812, "2017-09-30": 119.554, "2017-06-30": 108.315, "2017-03-31": "106.62600", "2016-12-31": 104.92, "2016-09-30": 100.72, "2016-06-30": 96.228, "2016-03-31": "90.10400", "2015-12-31": 248.752, "2015-09-30": 0, "2015-06-30": 0, "2015-03-31": "", "2014-12-31": 0, "2014-03-31": "0.00000"}, "Other Non-Cash Items": {"2020-09-30": -14.463, "2020-06-30": -61.252, "2020-03-31": "76.85500", "2019-12-31": -0.01, "2019-09-30": 1.534, "2019-06-30": -47.595, "2019-03-31": "-3.51700", "2018-12-31": -1.351, "2018-09-30": -2.468, "2018-06-30": 0.374, "2018-03-31": "-6.82700", "2017-12-31": -29.37, "2017-09-30": -16.028, "2017-06-30": 0.377, "2017-03-31": "8.03500", "2016-12-31": -4.859, "2016-09-30": -1.753, "2016-06-30": -3.468, "2016-03-31": "-3.61700", "2015-12-31": -11.075, "2015-09-30": 0, "2015-06-30": 0, "2015-03-31": "", "2014-12-31": 0, "2014-03-31": ""}, "Total Non-Cash Items": {"2020-09-30": 74.454, "2020-06-30": 32.675, "2020-03-31": "172.68400", "2019-12-31": 110.907, "2019-09-30": 115.086, "2019-06-30": 65.769, "2019-03-31": "107.18300", "2018-12-31": 114.362, "2018-09-30": 116.473, "2018-06-30": 121.329, "2018-03-31": "113.92800", "2017-12-31": 93.442, "2017-09-30": 103.526, "2017-06-30": 108.692, "2017-03-31": "114.66100", "2016-12-31": 100.061, "2016-09-30": 98.967, "2016-06-30": 92.76, "2016-03-31": "86.48700", "2015-12-31": 237.677, "2015-09-30": 0, "2015-06-30": 0, "2015-03-31": "", "2014-12-31": 0, "2014-03-31": ""}, "Change In Accounts Receivable": {"2020-09-30": 11.436, "2020-06-30": 3.017, "2020-03-31": "3.24600", "2019-12-31": 9.707, "2019-09-30": -9.284, "2019-06-30": -0.434, "2019-03-31": "25.60300", "2018-12-31": -37.944, "2018-09-30": 8.123, "2018-06-30": -29.38, "2018-03-31": "6.40900", "2017-12-31": -11.056, "2017-09-30": -3.936, "2017-06-30": 3.454, "2017-03-31": "1.01400", "2016-12-31": 0.919, "2016-09-30": -4.92, "2016-06-30": -0.822, "2016-03-31": "1.30700", "2015-12-31": -0.215, "2015-09-30": 0, "2015-06-30": 0, "2015-03-31": "", "2014-12-31": 0, "2014-03-31": ""}, "Change In Inventories": {"2020-09-30": 0, "2020-06-30": 0, "2020-03-31": "", "2019-12-31": 0, "2019-09-30": 0, "2019-06-30": 0, "2019-03-31": "", "2018-12-31": 0, "2018-09-30": 0, "2018-06-30": 0, "2018-03-31": "", "2017-12-31": 0, "2017-09-30": 0, "2017-06-30": 0, "2017-03-31": "", "2016-12-31": 0, "2016-09-30": 0, "2016-06-30": 0, "2016-03-31": "", "2015-12-31": 0, "2015-09-30": 0, "2015-06-30": 0, "2015-03-31": "", "2014-12-31": 0, "2014-03-31": ""}, "Change In Accounts Payable": {"2020-09-30": 0, "2020-06-30": 0, "2020-03-31": "", "2019-12-31": 0, "2019-09-30": 0, "2019-06-30": 0, "2019-03-31": "", "2018-12-31": 0, "2018-09-30": 0, "2018-06-30": 0, "2018-03-31": "", "2017-12-31": 0, "2017-09-30": 0, "2017-06-30": 0, "2017-03-31": "", "2016-12-31": 0, "2016-09-30": 0, "2016-06-30": 0, "2016-03-31": "", "2015-12-31": 0, "2015-09-30": 0, "2015-06-30": 0, "2015-03-31": "", "2014-12-31": 0, "2014-03-31": ""}, "Change In Assets/Liabilities": {"2020-09-30": -198.807, "2020-06-30": 649.798, "2020-03-31": "-8.08300", "2019-12-31": 5.737, "2019-09-30": 191.909, "2019-06-30": -11.875, "2019-03-31": "-0.97400", "2018-12-31": 6.654, "2018-09-30": 0.611, "2018-06-30": -0.889, "2018-03-31": "-4.62100", "2017-12-31": 2.747, "2017-09-30": -1.636, "2017-06-30": -1.045, "2017-03-31": "-1.62600", "2016-12-31": 3.586, "2016-09-30": -2.847, "2016-06-30": -1.852, "2016-03-31": "-0.25200", "2015-12-31": -1.148, "2015-09-30": 0, "2015-06-30": 0, "2015-03-31": "", "2014-12-31": 0, "2014-03-31": ""}, "Total Change In Assets/Liabilities": {"2020-09-30": -195.375, "2020-06-30": 659.663, "2020-03-31": "39.85400", "2019-12-31": -44.367, "2019-09-30": 216.123, "2019-06-30": -43.854, "2019-03-31": "79.22700", "2018-12-31": -56.162, "2018-09-30": 48.265, "2018-06-30": -43.629, "2018-03-31": "41.70700", "2017-12-31": -48.733, "2017-09-30": 32.991, "2017-06-30": -24.032, "2017-03-31": "33.54100", "2016-12-31": -20.254, "2016-09-30": 20.116, "2016-06-30": -29.115, "2016-03-31": "27.17800", "2015-12-31": 30.661, "2015-09-30": 0, "2015-06-30": 0, "2015-03-31": "", "2014-12-31": 0, "2014-03-31": "0.00000"}, "Cash Flow From Operating Activities": {"2020-09-30": -113.466, "2020-06-30": 94.009, "2020-03-31": "132.27200", "2019-12-31": 55.186, "2019-09-30": 311.432, "2019-06-30": 61.462, "2019-03-31": "188.90200", "2018-12-31": 72.883, "2018-09-30": 168.962, "2018-06-30": 74.107, "2018-03-31": "156.86600", "2017-12-31": 67.506, "2017-09-30": 141.352, "2017-06-30": 68.2, "2017-03-31": "128.20200", "2016-12-31": 75.437, "2016-09-30": 116.74, "2016-06-30": 62.11, "2016-03-31": "121.70100", "2015-12-31": 293.208, "2015-09-30": 0, "2015-06-30": 0, "2015-03-31": "", "2014-12-31": 0, "2014-03-31": "0.00000"}, "Net Change In Property, Plant, And Equipment": {"2020-09-30": 86.747, "2020-06-30": 166.207, "2020-03-31": "-75.09300", "2019-12-31": -85.618, "2019-09-30": -75.079, "2019-06-30": 26.504, "2019-03-31": "-79.45800", "2018-12-31": -126.467, "2018-09-30": -133.641, "2018-06-30": -112.324, "2018-03-31": "-51.14300", "2017-12-31": -54.927, "2017-09-30": -64.867, "2017-06-30": -31.303, "2017-03-31": "-14.93100", "2016-12-31": -24.245, "2016-09-30": -6.896, "2016-06-30": -3.682, "2016-03-31": "-0.07700", "2015-12-31": -44.413, "2015-09-30": 0, "2015-06-30": 0, "2015-03-31": "", "2014-12-31": 0, "2014-03-31": "0.00000"}, "Net Change In Intangible Assets": {"2020-09-30": 0, "2020-06-30": 0, "2020-03-31": "", "2019-12-31": 0, "2019-09-30": 0, "2019-06-30": 0, "2019-03-31": "", "2018-12-31": 0, "2018-09-30": 0, "2018-06-30": 0, "2018-03-31": "", "2017-12-31": 0, "2017-09-30": 0, "2017-06-30": 0, "2017-03-31": "", "2016-12-31": 0, "2016-09-30": 0, "2016-06-30": 0, "2016-03-31": "", "2015-12-31": 0, "2015-09-30": 0, "2015-06-30": 0, "2015-03-31": "", "2014-12-31": 0, "2014-03-31": ""}, "Net Acquisitions/Divestitures": {"2020-09-30": -73.127, "2020-06-30": 0, "2020-03-31": "", "2019-12-31": -7.929, "2019-09-30": -318.991, "2019-06-30": 0, "2019-03-31": "-4.21000", "2018-12-31": -53.669, "2018-09-30": -2.145, "2018-06-30": -0.192, "2018-03-31": "-0.96200", "2017-12-31": -7.289, "2017-09-30": -769.06, "2017-06-30": -5.466, "2017-03-31": "-71.56500", "2016-12-31": -2.244, "2016-09-30": -176.261, "2016-06-30": -320.59, "2016-03-31": "-1.23600", "2015-12-31": -1035.029, "2015-09-30": 0, "2015-06-30": 0, "2015-03-31": "", "2014-12-31": 0, "2014-03-31": "0.00000"}, "Net Change In Short-term Investments": {"2020-09-30": 0, "2020-06-30": 0, "2020-03-31": "", "2019-12-31": 0, "2019-09-30": 0, "2019-06-30": 0, "2019-03-31": "", "2018-12-31": 0, "2018-09-30": 0, "2018-06-30": 0, "2018-03-31": "", "2017-12-31": 0, "2017-09-30": 0, "2017-06-30": 0, "2017-03-31": "", "2016-12-31": 0, "2016-09-30": 0, "2016-06-30": 0, "2016-03-31": "", "2015-12-31": 0, "2015-09-30": 0, "2015-06-30": 0, "2015-03-31": "", "2014-12-31": 0, "2014-03-31": ""}, "Net Change In Long-Term Investments": {"2020-09-30": 0, "2020-06-30": 0, "2020-03-31": "", "2019-12-31": 0, "2019-09-30": 0, "2019-06-30": 0, "2019-03-31": "", "2018-12-31": 0, "2018-09-30": 0, "2018-06-30": 0, "2018-03-31": "", "2017-12-31": 0, "2017-09-30": 0, "2017-06-30": 0, "2017-03-31": "", "2016-12-31": 0, "2016-09-30": 0, "2016-06-30": 0, "2016-03-31": "", "2015-12-31": 0, "2015-09-30": 0, "2015-06-30": 0, "2015-03-31": "", "2014-12-31": 0, "2014-03-31": ""}, "Net Change In Investments - Total": {"2020-09-30": 0, "2020-06-30": 0, "2020-03-31": "", "2019-12-31": 0, "2019-09-30": 0, "2019-06-30": 0, "2019-03-31": "", "2018-12-31": 0, "2018-09-30": 0, "2018-06-30": 0, "2018-03-31": "", "2017-12-31": 0, "2017-09-30": 0, "2017-06-30": 0, "2017-03-31": "", "2016-12-31": 0, "2016-09-30": 0, "2016-06-30": 0, "2016-03-31": "", "2015-12-31": 0, "2015-09-30": 0, "2015-06-30": 0, "2015-03-31": "", "2014-12-31": 0, "2014-03-31": "0.00000"}, "Investing Activities - Other": {"2020-09-30": 0, "2020-06-30": 0, "2020-03-31": "", "2019-12-31": 0, "2019-09-30": 0, "2019-06-30": 0, "2019-03-31": "", "2018-12-31": 0, "2018-09-30": 0, "2018-06-30": 0, "2018-03-31": "", "2017-12-31": 0, "2017-09-30": 0, "2017-06-30": 0, "2017-03-31": "", "2016-12-31": 0, "2016-09-30": 0, "2016-06-30": 0, "2016-03-31": "", "2015-12-31": 0, "2015-09-30": 0, "2015-06-30": 0, "2015-03-31": "", "2014-12-31": 0, "2014-03-31": ""}, "Cash Flow From Investing Activities": {"2020-09-30": 13.62, "2020-06-30": 166.207, "2020-03-31": "-75.09300", "2019-12-31": -93.547, "2019-09-30": -394.07, "2019-06-30": 26.504, "2019-03-31": "-83.66800", "2018-12-31": -180.136, "2018-09-30": -135.786, "2018-06-30": -112.516, "2018-03-31": "-52.10500", "2017-12-31": -62.216, "2017-09-30": -833.927, "2017-06-30": -36.769, "2017-03-31": "-86.49600", "2016-12-31": -26.489, "2016-09-30": -183.157, "2016-06-30": -324.272, "2016-03-31": "-1.31300", "2015-12-31": -1079.442, "2015-09-30": 0, "2015-06-30": 0, "2015-03-31": "", "2014-12-31": 0, "2014-03-31": "0.00000"}, "Net Long-Term Debt": {"2020-09-30": -0.911, "2020-06-30": -0.953, "2020-03-31": "-2045.75400", "2019-12-31": -6.348, "2019-09-30": -6.553, "2019-06-30": -6.16, "2019-03-31": "-6.27600", "2018-12-31": -7.397, "2018-09-30": -6.351, "2018-06-30": -7.109, "2018-03-31": "-6.16900", "2017-12-31": -6.159, "2017-09-30": -6.273, "2017-06-30": -5.943, "2017-03-31": "-5.94200", "2016-12-31": -5.887, "2016-09-30": -5.826, "2016-06-30": -5.819, "2016-03-31": "-6.04400", "2015-12-31": 1116.3, "2015-09-30": 0, "2015-06-30": 0, "2015-03-31": "", "2014-12-31": 0, "2014-03-31": ""}, "Net Current Debt": {"2020-09-30": 1.681, "2020-06-30": -250, "2020-03-31": "2053.30000", "2019-12-31": 0, "2019-09-30": 0, "2019-06-30": 171.019, "2019-03-31": "109.00000", "2018-12-31": 100, "2018-09-30": 65, "2018-06-30": 175, "2018-03-31": "20.00000", "2017-12-31": 120, "2017-09-30": -75, "2017-06-30": 436, "2017-03-31": "", "2016-12-31": 200, "2016-09-30": 157.936, "2016-06-30": 190.939, "2016-03-31": "", "2015-12-31": 0, "2015-09-30": 0, "2015-06-30": 0, "2015-03-31": "", "2014-12-31": 0, "2014-03-31": "0.00000"}, "Debt Issuance/Retirement Net - Total": {"2020-09-30": 0.7699, "2020-06-30": -250.953, "2020-03-31": "7.54600", "2019-12-31": -6.348, "2019-09-30": -6.553, "2019-06-30": 164.859, "2019-03-31": "102.72400", "2018-12-31": 92.603, "2018-09-30": 58.649, "2018-06-30": 167.891, "2018-03-31": "13.83100", "2017-12-31": 113.841, "2017-09-30": -81.273, "2017-06-30": 430.057, "2017-03-31": "-5.94200", "2016-12-31": 194.113, "2016-09-30": 152.11, "2016-06-30": 185.12, "2016-03-31": "-6.04400", "2015-12-31": 1116.3, "2015-09-30": 0, "2015-06-30": 0, "2015-03-31": "", "2014-12-31": 0, "2014-03-31": "0.00000"}, "Net Common Equity Issued/Repurchased": {"2020-09-30": 245.6, "2020-06-30": -0.677, "2020-03-31": "-0.06700", "2019-12-31": -1.798, "2019-09-30": 2.165, "2019-06-30": 50.634, "2019-03-31": "20.50800", "2018-12-31": 44.988, "2018-09-30": 64.423, "2018-06-30": -0.917, "2018-03-31": "-0.65800", "2017-12-31": -0.642, "2017-09-30": -0.111, "2017-06-30": 499.027, "2017-03-31": "-1.74400", "2016-12-31": -0.234, "2016-09-30": -0.693, "2016-06-30": 54.047, "2016-03-31": "-1.26600", "2015-12-31": -0.656, "2015-09-30": 0, "2015-06-30": 0, "2015-03-31": "", "2014-12-31": 0, "2014-03-31": ""}, "Net Total Equity Issued/Repurchased": {"2020-09-30": 245.6, "2020-06-30": -0.677, "2020-03-31": "-0.06700", "2019-12-31": -1.798, "2019-09-30": 2.165, "2019-06-30": 50.634, "2019-03-31": "20.50800", "2018-12-31": 44.988, "2018-09-30": 64.423, "2018-06-30": -0.917, "2018-03-31": "-0.65800", "2017-12-31": -0.642, "2017-09-30": -0.111, "2017-06-30": 499.027, "2017-03-31": "-1.74400", "2016-12-31": -0.234, "2016-09-30": -0.693, "2016-06-30": 54.047, "2016-03-31": "-1.26600", "2015-12-31": -0.656, "2015-09-30": 0, "2015-06-30": 0, "2015-03-31": "", "2014-12-31": 0, "2014-03-31": "0.00000"}, "Total Common And Preferred Stock Dividends Paid": {"2020-09-30": -29.634, "2020-06-30": -29.646, "2020-03-31": "-43.28100", "2019-12-31": -9.829, "2019-09-30": -9.101, "2019-06-30": -10.02, "2019-03-31": "-112.82700", "2018-12-31": -110.457, "2018-09-30": -108.553, "2018-06-30": -108.602, "2018-03-31": "-108.39900", "2017-12-31": -108.436, "2017-09-30": -105.925, "2017-06-30": -94.214, "2017-03-31": "-94.13300", "2016-12-31": -94.138, "2016-09-30": -92.998, "2016-06-30": -90.38, "2016-03-31": "-90.31400", "2015-12-31": -156.854, "2015-09-30": 0, "2015-06-30": 0, "2015-03-31": "", "2014-12-31": 0, "2014-03-31": "0.00000"}, "Financial Activities - Other": {"2020-09-30": -9.589, "2020-06-30": 0, "2020-03-31": "-54.86100", "2019-12-31": 1.832, "2019-09-30": -5.95, "2019-06-30": -103.306, "2019-03-31": "-44.36100", "2018-12-31": 0, "2018-09-30": -5.978, "2018-06-30": 0, "2018-03-31": "-12.66200", "2017-12-31": -0.006, "2017-09-30": -4.33, "2017-06-30": -0.993, "2017-03-31": "-43.20900", "2016-12-31": -17.611, "2016-09-30": 0.052, "2016-06-30": -2.998, "2016-03-31": "", "2015-12-31": -30.076, "2015-09-30": 0, "2015-06-30": 0, "2015-03-31": "", "2014-12-31": 0, "2014-03-31": ""}, "Cash Flow From Financial Activities": {"2020-09-30": 207.147, "2020-06-30": -281.276, "2020-03-31": "-90.66300", "2019-12-31": -16.143, "2019-09-30": -19.439, "2019-06-30": 102.167, "2019-03-31": "-33.95600", "2018-12-31": 27.134, "2018-09-30": 8.541, "2018-06-30": 58.372, "2018-03-31": "-107.88800", "2017-12-31": 4.757, "2017-09-30": -191.639, "2017-06-30": 833.877, "2017-03-31": "-145.02800", "2016-12-31": 82.13, "2016-09-30": 58.471, "2016-06-30": 145.789, "2016-03-31": "-97.62400", "2015-12-31": 928.714, "2015-09-30": 0, "2015-06-30": 0, "2015-03-31": "", "2014-12-31": 0, "2014-03-31": "0.00000"}, "Net Cash Flow": {"2020-09-30": 107.301, "2020-06-30": -21.06, "2020-03-31": "-33.48400", "2019-12-31": -54.504, "2019-09-30": -102.077, "2019-06-30": 194.71, "2019-03-31": "66.65800", "2018-12-31": -80.467, "2018-09-30": 41.993, "2018-06-30": 19.599, "2018-03-31": "-2.86400", "2017-12-31": 9.842, "2017-09-30": -884.173, "2017-06-30": 865.37, "2017-03-31": "-103.02800", "2016-12-31": 130.992, "2016-09-30": -8.051, "2016-06-30": -116.527, "2016-03-31": "22.84200", "2015-12-31": 142.48, "2015-09-30": 0, "2015-06-30": 0, "2015-03-31": "", "2014-12-31": 0, "2014-03-31": "0.00000"}, "Stock-Based Compensation": {"2020-09-30": 3.341, "2020-06-30": 4.11, "2020-03-31": "2.99500", "2019-12-31": 2.878, "2019-09-30": 2.845, "2019-06-30": 3.197, "2019-03-31": "1.88800", "2018-12-31": 2.006, "2018-09-30": 1.963, "2018-06-30": 1.885, "2018-03-31": "2.21000", "2017-12-31": 2.092, "2017-09-30": 1.968, "2017-06-30": 2.021, "2017-03-31": "1.63200", "2016-12-31": 1.368, "2016-09-30": 1.331, "2016-06-30": 1.217, "2016-03-31": "0.93000", "2015-12-31": 1.934, "2015-09-30": 0, "2015-06-30": 0, "2015-03-31": "", "2014-12-31": 0, "2014-03-31": ""}, "Common Stock Dividends Paid": {"2020-09-30": -29.634, "2020-06-30": -29.646, "2020-03-31": "-43.28100", "2019-12-31": -9.829, "2019-09-30": -9.101, "2019-06-30": -10.02, "2019-03-31": "-112.82700", "2018-12-31": -110.457, "2018-09-30": -108.553, "2018-06-30": -108.602, "2018-03-31": "-108.39900", "2017-12-31": -108.436, "2017-09-30": -105.925, "2017-06-30": -94.214, "2017-03-31": "-94.13300", "2016-12-31": -94.138, "2016-09-30": -92.998, "2016-06-30": -90.38, "2016-03-31": "-90.31400", "2015-12-31": -156.854, "2015-09-30": 0, "2015-06-30": 0, "2015-03-31": "", "2014-12-31": 0, "2014-03-31": ""}}, "financial ratios": {"Current Ratio": {"2019-12-31": "", "2018-12-31": "", "2017-12-31": "", "2016-12-31": "", "2015-12-31": "", "2014-12-31": ""}, "Long-term Debt / Capital": {"2019-12-31": "-0.03710", "2018-12-31": "-0.03840", "2017-12-31": "-0.04890", "2016-12-31": "-0.04050", "2015-12-31": "", "2014-12-31": ""}, "Debt/Equity Ratio": {"2019-12-31": "-3.41880", "2018-12-31": "-3.28260", "2017-12-31": "-3.76010", "2016-12-31": "-2.91120", "2015-12-31": "-3.00390", "2014-12-31": ""}, "Gross Margin": {"2019-12-31": "", "2018-12-31": "", "2017-12-31": "", "2016-12-31": "", "2015-12-31": "", "2014-12-31": ""}, "Operating Margin": {"2019-12-31": "38.35840", "2018-12-31": "32.49840", "2017-12-31": "28.19960", "2016-12-31": "35.78610", "2015-12-31": "43.54380", "2014-12-31": ""}, "EBIT Margin": {"2019-12-31": "38.35840", "2018-12-31": "32.49840", "2017-12-31": "28.19960", "2016-12-31": "35.78610", "2015-12-31": "43.54380", "2014-12-31": ""}, "EBITDA Margin": {"2019-12-31": "80.76850", "2018-12-31": "79.30940", "2017-12-31": "78.12220", "2016-12-31": "86.66460", "2015-12-31": "95.76810", "2014-12-31": ""}, "Pre-Tax Profit Margin": {"2019-12-31": "1.47230", "2018-12-31": "1.09310", "2017-12-31": "-5.20470", "2016-12-31": "0.03960", "2015-12-31": "5.37630", "2014-12-31": ""}, "Net Profit Margin": {"2019-12-31": "0.79270", "2018-12-31": "0.78510", "2017-12-31": "-1.80690", "2016-12-31": "-0.02750", "2015-12-31": "4.97950", "2014-12-31": ""}, "Asset Turnover": {"2019-12-31": "0.21080", "2018-12-31": "0.22160", "2017-12-31": "0.21160", "2016-12-31": "0.23210", "2015-12-31": "0.18730", "2014-12-31": ""}, "Inventory Turnover Ratio": {"2019-12-31": "", "2018-12-31": "", "2017-12-31": "", "2016-12-31": "", "2015-12-31": "", "2014-12-31": ""}, "Receiveable Turnover": {"2019-12-31": "", "2018-12-31": "", "2017-12-31": "", "2016-12-31": "", "2015-12-31": "", "2014-12-31": ""}, "Days Sales In Receivables": {"2019-12-31": "", "2018-12-31": "", "2017-12-31": "", "2016-12-31": "", "2015-12-31": "", "2014-12-31": ""}, "ROE - Return On Equity": {"2019-12-31": "-0.73550", "2018-12-31": "-1.10800", "2017-12-31": "0.73130", "2016-12-31": "0.01510", "2015-12-31": "-2.13130", "2014-12-31": ""}, "Return On Tangible Equity": {"2019-12-31": "-0.40310", "2018-12-31": "-0.63190", "2017-12-31": "0.38210", "2016-12-31": "0.01160", "2015-12-31": "-2.11220", "2014-12-31": ""}, "ROA - Return On Assets": {"2019-12-31": "0.21740", "2018-12-31": "0.36020", "2017-12-31": "-0.20390", "2016-12-31": "-0.00640", "2015-12-31": "0.97810", "2014-12-31": ""}, "ROI - Return On Investment": {"2019-12-31": "-0.76270", "2018-12-31": "-1.15060", "2017-12-31": "0.76710", "2016-12-31": "0.01570", "2015-12-31": "-2.13130", "2014-12-31": ""}, "Book Value Per Share": {"2019-12-31": "-7.71910", "2018-12-31": "-8.27090", "2017-12-31": "-6.90380", "2016-12-31": "-9.03990", "2015-12-31": "-7.78650", "2014-12-31": ""}, "Operating Cash Flow Per Share": {"2019-12-31": 0.6229, "2018-12-31": 0.2721, "2017-12-31": -0.0678, "2016-12-31": 0.509, "2015-12-31": 1.9569, "2014-12-31": 0}, "Free Cash Flow Per Share": {"2019-12-31": 1.8746, "2018-12-31": -1.1376, "2017-12-31": -0.8213, "2016-12-31": 0.5765, "2015-12-31": 1.6605, "2014-12-31": 0}}, "financial ratios, quarterly": {"Current Ratio": {"2020-09-30": "", "2020-06-30": "", "2020-03-31": "", "2019-12-31": "", "2019-09-30": "", "2019-06-30": "", "2019-03-31": "", "2018-12-31": "", "2018-09-30": "", "2018-06-30": "", "2018-03-31": "", "2017-12-31": "", "2017-09-30": "", "2017-06-30": "", "2017-03-31": "", "2016-12-31": "", "2016-09-30": "", "2016-06-30": "", "2016-03-31": "", "2015-12-31": "", "2015-09-30": "", "2015-06-30": "", "2015-03-31": "", "2014-12-31": "", "2014-03-31": ""}, "Long-term Debt / Capital": {"2020-09-30": "-0.02540", "2020-06-30": "-0.02330", "2020-03-31": "-0.03330", "2019-12-31": "-0.03710", "2019-09-30": "-0.04000", "2019-06-30": "-0.03870", "2019-03-31": "-0.03630", "2018-12-31": "-0.03840", "2018-09-30": "-0.04240", "2018-06-30": "-0.04360", "2018-03-31": "-0.04580", "2017-12-31": "-0.04890", "2017-09-30": "-0.05280", "2017-06-30": "-0.05040", "2017-03-31": "-0.03720", "2016-12-31": "-0.04050", "2016-09-30": "-0.04480", "2016-06-30": "-0.04090", "2016-03-31": "", "2015-12-31": "", "2015-09-30": "", "2015-06-30": "", "2015-03-31": "", "2014-12-31": "", "2014-03-31": ""}, "Debt/Equity Ratio": {"2020-09-30": "-2.44590", "2020-06-30": "-2.19660", "2020-03-31": "-3.20420", "2019-12-31": "-3.41880", "2019-09-30": "-3.52550", "2019-06-30": "-3.39660", "2019-03-31": "-3.20800", "2018-12-31": "-3.28260", "2018-09-30": "-3.41760", "2018-06-30": "-3.44530", "2018-03-31": "-3.58530", "2017-12-31": "-3.76010", "2017-09-30": "-3.89110", "2017-06-30": "-3.93850", "2017-03-31": "-2.69050", "2016-12-31": "-2.91120", "2016-09-30": "-3.03190", "2016-06-30": "-2.99700", "2016-03-31": "-2.71830", "2015-12-31": "-3.00390", "2015-09-30": "-3.21090", "2015-06-30": "-3.61980", "2015-03-31": "", "2014-12-31": "", "2014-03-31": ""}, "Gross Margin": {"2020-09-30": "", "2020-06-30": "", "2020-03-31": "", "2019-12-31": "", "2019-09-30": "", "2019-06-30": "", "2019-03-31": "", "2018-12-31": "", "2018-09-30": "", "2018-06-30": "", "2018-03-31": "", "2017-12-31": "", "2017-09-30": "", "2017-06-30": "", "2017-03-31": "", "2016-12-31": "", "2016-09-30": "", "2016-06-30": "", "2016-03-31": "", "2015-12-31": "", "2015-09-30": "", "2015-06-30": "", "2015-03-31": "", "2014-12-31": "", "2014-03-31": ""}, "Operating Margin": {"2020-09-30": "43.81930", "2020-06-30": "-186.25330", "2020-03-31": "35.14810", "2019-12-31": "32.18440", "2019-09-30": "31.53410", "2019-06-30": "54.88330", "2019-03-31": "34.86330", "2018-12-31": "35.70140", "2018-09-30": "32.91850", "2018-06-30": "29.57440", "2018-03-31": "31.48530", "2017-12-31": "29.09970", "2017-09-30": "30.56440", "2017-06-30": "27.55750", "2017-03-31": "25.05570", "2016-12-31": "31.91330", "2016-09-30": "34.11260", "2016-06-30": "35.43880", "2016-03-31": "42.66720", "2015-12-31": "42.99060", "2015-09-30": "43.87510", "2015-06-30": "44.52810", "2015-03-31": "31.83370", "2014-12-31": "", "2014-03-31": "35.21230"}, "EBIT Margin": {"2020-09-30": "43.81930", "2020-06-30": "-186.25330", "2020-03-31": "35.14810", "2019-12-31": "32.18440", "2019-09-30": "31.53410", "2019-06-30": "54.88330", "2019-03-31": "34.86330", "2018-12-31": "35.70140", "2018-09-30": "32.91850", "2018-06-30": "29.57440", "2018-03-31": "31.48530", "2017-12-31": "29.09970", "2017-09-30": "30.56440", "2017-06-30": "27.55750", "2017-03-31": "25.05570", "2016-12-31": "31.91330", "2016-09-30": "34.11260", "2016-06-30": "35.43880", "2016-03-31": "42.66720", "2015-12-31": "42.99060", "2015-09-30": "43.87510", "2015-06-30": "44.52810", "2015-03-31": "31.83370", "2014-12-31": "", "2014-03-31": "35.21230"}, "EBITDA Margin": {"2020-09-30": "", "2020-06-30": "", "2020-03-31": "", "2019-12-31": "", "2019-09-30": "", "2019-06-30": "", "2019-03-31": "", "2018-12-31": "", "2018-09-30": "", "2018-06-30": "", "2018-03-31": "", "2017-12-31": "", "2017-09-30": "", "2017-06-30": "", "2017-03-31": "", "2016-12-31": "", "2016-09-30": "", "2016-06-30": "", "2016-03-31": "", "2015-12-31": "", "2015-09-30": "", "2015-06-30": "", "2015-03-31": "", "2014-12-31": "", "2014-03-31": ""}, "Pre-Tax Profit Margin": {"2020-09-30": "4.09560", "2020-06-30": "-226.44630", "2020-03-31": "-31.87610", "2019-12-31": "-6.27210", "2019-09-30": "-8.16370", "2019-06-30": "17.92270", "2019-03-31": "2.50770", "2018-12-31": "5.34430", "2018-09-30": "1.09170", "2018-06-30": "-2.52260", "2018-03-31": "0.05470", "2017-12-31": "-2.87250", "2017-09-30": "-1.56480", "2017-06-30": "-7.69200", "2017-03-31": "-9.63670", "2016-12-31": "-2.29650", "2016-09-30": "-1.10620", "2016-06-30": "-0.64060", "2016-03-31": "4.85470", "2015-12-31": "2.94690", "2015-09-30": "5.56980", "2015-06-30": "6.62690", "2015-03-31": "31.83370", "2014-12-31": "", "2014-03-31": "35.21230"}, "Net Profit Margin": {"2020-09-30": "2.71830", "2020-06-30": "-220.43660", "2020-03-31": "-29.70220", "2019-12-31": "-4.24710", "2019-09-30": "-7.38540", "2019-06-30": "14.46440", "2019-03-31": "0.38810", "2018-12-31": "4.55990", "2018-09-30": "0.82130", "2018-06-30": "-2.24880", "2018-03-31": "-0.35230", "2017-12-31": "7.61200", "2017-09-30": "1.19860", "2017-06-30": "-8.56380", "2017-03-31": "-9.45750", "2016-12-31": "-0.42430", "2016-09-30": "-2.06950", "2016-06-30": "-1.52250", "2016-03-31": "4.39730", "2015-12-31": "2.56380", "2015-09-30": "5.16780", "2015-06-30": "6.19500", "2015-03-31": "31.83370", "2014-12-31": "", "2014-03-31": "35.21230"}, "Asset Turnover": {"2020-09-30": "0.05350", "2020-06-30": "0.05540", "2020-03-31": "0.05310", "2019-12-31": "0.05350", "2019-09-30": "0.05240", "2019-06-30": "0.05520", "2019-03-31": "0.05560", "2018-12-31": "0.05900", "2018-09-30": "0.05530", "2018-06-30": "0.05530", "2018-03-31": "0.05660", "2017-12-31": "0.05690", "2017-09-30": "0.05710", "2017-06-30": "0.05120", "2017-03-31": "0.06450", "2016-12-31": "0.06230", "2016-09-30": "0.06220", "2016-06-30": "0.06610", "2016-03-31": "0.06940", "2015-12-31": "0.06530", "2015-09-30": "0.06620", "2015-06-30": "0.04870", "2015-03-31": "0.51150", "2014-12-31": "", "2014-03-31": ""}, "Inventory Turnover Ratio": {"2020-09-30": "", "2020-06-30": "", "2020-03-31": "", "2019-12-31": "", "2019-09-30": "", "2019-06-30": "", "2019-03-31": "", "2018-12-31": "", "2018-09-30": "", "2018-06-30": "", "2018-03-31": "", "2017-12-31": "", "2017-09-30": "", "2017-06-30": "", "2017-03-31": "", "2016-12-31": "", "2016-09-30": "", "2016-06-30": "", "2016-03-31": "", "2015-12-31": "", "2015-09-30": "", "2015-06-30": "", "2015-03-31": "", "2014-12-31": "", "2014-03-31": ""}, "Receiveable Turnover": {"2020-09-30": "", "2020-06-30": "", "2020-03-31": "", "2019-12-31": "", "2019-09-30": "", "2019-06-30": "", "2019-03-31": "", "2018-12-31": "", "2018-09-30": "", "2018-06-30": "", "2018-03-31": "", "2017-12-31": "", "2017-09-30": "", "2017-06-30": "", "2017-03-31": "", "2016-12-31": "", "2016-09-30": "", "2016-06-30": "", "2016-03-31": "", "2015-12-31": "", "2015-09-30": "", "2015-06-30": "", "2015-03-31": "", "2014-12-31": "", "2014-03-31": ""}, "Days Sales In Receivables": {"2020-09-30": "", "2020-06-30": "", "2020-03-31": "", "2019-12-31": "", "2019-09-30": "", "2019-06-30": "", "2019-03-31": "", "2018-12-31": "", "2018-09-30": "", "2018-06-30": "", "2018-03-31": "", "2017-12-31": "", "2017-09-30": "", "2017-06-30": "", "2017-03-31": "", "2016-12-31": "", "2016-09-30": "", "2016-06-30": "", "2016-03-31": "", "2015-12-31": "", "2015-09-30": "", "2015-06-30": "", "2015-03-31": "", "2014-12-31": "", "2014-03-31": ""}, "ROE - Return On Equity": {"2020-09-30": "-0.37370", "2020-06-30": "26.98660", "2020-03-31": "5.03090", "2019-12-31": "0.76550", "2019-09-30": "1.37640", "2019-06-30": "-2.65540", "2019-03-31": "-0.16070", "2018-12-31": "-0.98330", "2018-09-30": "-0.30060", "2018-06-30": "0.26130", "2018-03-31": "-0.09680", "2017-12-31": "-1.88850", "2017-09-30": "-0.42570", "2017-06-30": "1.44250", "2017-03-31": "1.32610", "2016-12-31": "0.31160", "2016-09-30": "0.17140", "2016-06-30": "0.11570", "2016-03-31": "-0.62350", "2015-12-31": "-0.39880", "2015-09-30": "-0.86090", "2015-06-30": "-0.85640", "2015-03-31": "", "2014-12-31": "", "2014-03-31": ""}, "Return On Tangible Equity": {"2020-09-30": "-0.24110", "2020-06-30": "18.38830", "2020-03-31": "2.85660", "2019-12-31": "0.41960", "2019-09-30": "0.74230", "2019-06-30": "-1.54870", "2019-03-31": "-0.09510", "2018-12-31": "-0.56080", "2018-09-30": "-0.16910", "2018-06-30": "0.14530", "2018-03-31": "-0.05180", "2017-12-31": "-0.98680", "2017-09-30": "-0.21530", "2017-06-30": "1.01970", "2017-03-31": "1.00790", "2016-12-31": "0.23940", "2016-09-30": "0.13670", "2016-06-30": "0.10640", "2016-03-31": "-0.61810", "2015-12-31": "-0.39530", "2015-09-30": "-0.85200", "2015-06-30": "-0.84550", "2015-03-31": "-45.82270", "2014-12-31": "", "2014-03-31": ""}, "ROA - Return On Assets": {"2020-09-30": "0.15410", "2020-06-30": "-12.42330", "2020-03-31": "-1.60080", "2019-12-31": "-0.22630", "2019-09-30": "-0.39310", "2019-06-30": "0.82560", "2019-03-31": "0.05310", "2018-12-31": "0.31970", "2018-09-30": "0.09240", "2018-06-30": "-0.08040", "2018-03-31": "0.02820", "2017-12-31": "0.52650", "2017-09-30": "0.11260", "2017-06-30": "-0.39560", "2017-03-31": "-0.60960", "2016-12-31": "-0.13170", "2016-09-30": "-0.07280", "2016-06-30": "-0.05380", "2016-03-31": "0.31920", "2015-12-31": "0.18300", "2015-09-30": "0.35850", "2015-06-30": "0.31380", "2015-03-31": "16.28310", "2014-12-31": "", "2014-03-31": ""}, "ROI - Return On Investment": {"2020-09-30": "-0.38310", "2020-06-30": "27.61470", "2020-03-31": "5.19870", "2019-12-31": "0.79390", "2019-09-30": "1.43140", "2019-06-30": "-2.75810", "2019-03-31": "-0.16650", "2018-12-31": "-1.02110", "2018-09-30": "-0.31330", "2018-06-30": "0.27270", "2018-03-31": "-0.10120", "2017-12-31": "-1.98090", "2017-09-30": "-0.44820", "2017-06-30": "1.51530", "2017-03-31": "1.37540", "2016-12-31": "0.32420", "2016-09-30": "0.19020", "2016-06-30": "0.12810", "2016-03-31": "-0.62350", "2015-12-31": "-0.39880", "2015-09-30": "-0.86090", "2015-06-30": "-0.85640", "2015-03-31": "31.57370", "2014-12-31": "", "2014-03-31": ""}, "Book Value Per Share": {"2020-09-30": "-8.62780", "2020-06-30": "-11.51620", "2020-03-31": "-8.29750", "2019-12-31": "-7.71910", "2019-09-30": "-7.47820", "2019-06-30": "-8.13270", "2019-03-31": "-8.48950", "2018-12-31": "-8.27090", "2018-09-30": "-7.88490", "2018-06-30": "-7.85480", "2018-03-31": "-7.26760", "2017-12-31": "-6.90380", "2017-09-30": "-6.49610", "2017-06-30": "-6.52720", "2017-03-31": "-9.71310", "2016-12-31": "-9.03990", "2016-09-30": "-8.29630", "2016-06-30": "-8.14150", "2016-03-31": "-8.59080", "2015-12-31": "-7.78650", "2015-09-30": "-7.28920", "2015-06-30": "-6.46930", "2015-03-31": "0.05310", "2014-12-31": "", "2014-03-31": ""}, "Operating Cash Flow Per Share": {"2020-09-30": -0.6069, "2020-06-30": 0.4875, "2020-03-31": "0.68810", "2019-12-31": 0.3662, "2019-09-30": 1.6304, "2019-06-30": 0.2598, "2019-03-31": "1.03670", "2018-12-31": 0.3934, "2018-09-30": 0.957, "2018-06-30": 0.426, "2018-03-31": "0.89380", "2017-12-31": 0.4725, "2017-09-30": 0.7679, "2017-06-30": 0.3316, "2017-03-31": "0.82610", "2016-12-31": 0.5127, "2016-09-30": 0.7352, "2016-06-30": 0.4066, "2016-03-31": "0.81140", "2015-12-31": 1.9569, "2015-09-30": 0, "2015-06-30": 0, "2015-03-31": "", "2014-12-31": 0, "2014-03-31": ""}, "Free Cash Flow Per Share": {"2020-09-30": -0.1837, "2020-06-30": 1.3516, "2020-03-31": "0.29740", "2019-12-31": -0.1072, "2019-09-30": 1.2376, "2019-06-30": 0.4217, "2019-03-31": "0.60060", "2018-12-31": -0.3073, "2018-09-30": 0.1997, "2018-06-30": -0.2167, "2018-03-31": "0.60240", "2017-12-31": 0.1235, "2017-09-30": 0.4071, "2017-06-30": 0.1552, "2017-03-31": "0.72990", "2016-12-31": 0.3531, "2016-09-30": 0.6908, "2016-06-30": 0.3822, "2016-03-31": "0.81090", "2015-12-31": 1.6605, "2015-09-30": 0, "2015-06-30": 0, "2015-03-31": "", "2014-12-31": 0, "2014-03-31": ""}}, "revenue": {"Uniti Group Annual Revenue (Millions of US $)": {"2019": "$1,058", "2018": "$1,018", "2017": "$916", "2016": "$770", "2015": "$476", "2014": "$"}, "Uniti Group Quarterly Revenue (Millions of US $)": {"2020-09-30": "$259", "2020-06-30": "$267", "2020-03-31": "$266", "2019-12-31": "$269", "2019-09-30": "$264", "2019-06-30": "$264", "2019-03-31": "$261", "2018-12-31": "$271", "2018-09-30": "$253", "2018-06-30": "$247", "2018-03-31": "$247", "2017-12-31": "$246", "2017-09-30": "$245", "2017-06-30": "$213", "2017-03-31": "$211", "2016-12-31": "$207", "2016-09-30": "$200", "2016-06-30": "$189", "2016-03-31": "$175", "2015-12-31": "$166", "2015-09-30": "$174", "2015-06-30": "$129", "2015-03-31": "$8", "2014-12-31": "", "2014-03-31": "$10"}}, "gross-profit": {"Uniti Group Annual Gross Profit (Millions of US $)": {"2019": "$1,058", "2018": "$1,018", "2017": "$916", "2016": "$770", "2015": "$476", "2014": "$"}, "Uniti Group Quarterly Gross Profit (Millions of US $)": {"2020-09-30": "$259", "2020-06-30": "$267", "2020-03-31": "$266", "2019-12-31": "$269", "2019-09-30": "$264", "2019-06-30": "$264", "2019-03-31": "$261", "2018-12-31": "$271", "2018-09-30": "$253", "2018-06-30": "$247", "2018-03-31": "$247", "2017-12-31": "$246", "2017-09-30": "$245", "2017-06-30": "$213", "2017-03-31": "$211", "2016-12-31": "$207", "2016-09-30": "$200", "2016-06-30": "$189", "2016-03-31": "$175", "2015-12-31": "$166", "2015-09-30": "$174", "2015-06-30": "$129", "2015-03-31": "$4", "2014-12-31": "", "2014-03-31": "$5"}}, "operating-income": {"Uniti Group Annual Operating Income (Millions of US $)": {"2019": "$406", "2018": "$331", "2017": "$258", "2016": "$276", "2015": "$207", "2014": "$"}, "Uniti Group Quarterly Operating Income (Millions of US $)": {"2020-09-30": "$113", "2020-06-30": "$-497", "2020-03-31": "$94", "2019-12-31": "$86", "2019-09-30": "$83", "2019-06-30": "$145", "2019-03-31": "$91", "2018-12-31": "$97", "2018-09-30": "$83", "2018-06-30": "$73", "2018-03-31": "$78", "2017-12-31": "$72", "2017-09-30": "$75", "2017-06-30": "$59", "2017-03-31": "$53", "2016-12-31": "$66", "2016-09-30": "$68", "2016-06-30": "$67", "2016-03-31": "$75", "2015-12-31": "$71", "2015-09-30": "$76", "2015-06-30": "$57", "2015-03-31": "$3", "2014-12-31": "", "2014-03-31": "$3"}}, "ebitda": {"Uniti Group Annual EBITDA (Millions of US $)": {"2019": "$854", "2018": "$807", "2017": "$716", "2016": "$668", "2015": "$456", "2014": "$"}, "Uniti Group Quarterly EBITDA (Millions of US $)": {"2020-09-30": "$202", "2020-06-30": "$-403", "2020-03-31": "$189", "2019-12-31": "$197", "2019-09-30": "$197", "2019-06-30": "$258", "2019-03-31": "$202", "2018-12-31": "$212", "2018-09-30": "$202", "2018-06-30": "$194", "2018-03-31": "$198", "2017-12-31": "$194", "2017-09-30": "$195", "2017-06-30": "$167", "2017-03-31": "$160", "2016-12-31": "$171", "2016-09-30": "$169", "2016-06-30": "$163", "2016-03-31": "$165", "2015-12-31": "$71", "2015-09-30": "$76", "2015-06-30": "$57", "2015-03-31": "$3", "2014-12-31": "", "2014-03-31": "$3"}}, "net-income": {"Uniti Group Annual Net Income (Millions of US $)": {"2019": "$8", "2018": "$8", "2017": "$-17", "2016": "$-0", "2015": "$24", "2014": "$"}, "Uniti Group Quarterly Net Income (Millions of US $)": {"2020-09-30": "$7", "2020-06-30": "$-588", "2020-03-31": "$-79", "2019-12-31": "$-11", "2019-09-30": "$-19", "2019-06-30": "$38", "2019-03-31": "$1", "2018-12-31": "$12", "2018-09-30": "$2", "2018-06-30": "$-6", "2018-03-31": "$-1", "2017-12-31": "$19", "2017-09-30": "$3", "2017-06-30": "$-18", "2017-03-31": "$-20", "2016-12-31": "$-1", "2016-09-30": "$-4", "2016-06-30": "$-3", "2016-03-31": "$8", "2015-12-31": "$4", "2015-09-30": "$9", "2015-06-30": "$8", "2015-03-31": "$3", "2014-12-31": "", "2014-03-31": "$3"}}, "eps-earnings-per-share-diluted": {"Uniti Group Annual EPS": {"2019": "$0.04", "2018": "$0.04", "2017": "$-0.13", "2016": "$-0.04", "2015": "$0.16", "2014": "$0.00"}, "Uniti Group Quarterly EPS": {"2020-09-30": "$0.04", "2020-06-30": "$-3.06", "2020-03-31": "$-0.41", "2019-12-31": "$-0.07", "2019-09-30": "$-0.10", "2019-06-30": "$0.20", "2019-03-31": "$0.01", "2018-12-31": "$0.07", "2018-09-30": "$0.01", "2018-06-30": "$-0.03", "2018-03-31": "$-0.01", "2017-12-31": "$0.14", "2017-09-30": "$-0.02", "2017-06-30": "$-0.11", "2017-03-31": "$-0.14", "2016-12-31": "$-0.04", "2016-09-30": "$-0.03", "2016-06-30": "$-0.02", "2016-03-31": "$0.05", "2015-12-31": "$0.05", "2015-09-30": "$0.06", "2015-06-30": "$0.05", "2015-03-31": "$0.00", "2014-12-31": "$0.00", "2014-03-31": "$0.00"}}, "shares-outstanding": {"Uniti Group Annual Shares Outstanding (Millions of Shares)": {"2019": "187", "2018": "177", "2017": "169", "2016": "152", "2015": "150", "2014": ""}, "Uniti Group Quarterly Shares Outstanding (Millions of Shares)": {"2020-09-30": "198", "2020-06-30": "192", "2020-03-31": "192", "2019-12-31": "187", "2019-09-30": "192", "2019-06-30": "193", "2019-03-31": "182", "2018-12-31": "177", "2018-09-30": "176", "2018-06-30": "175", "2018-03-31": "175", "2017-12-31": "169", "2017-09-30": "175", "2017-06-30": "170", "2017-03-31": "155", "2016-12-31": "152", "2016-09-30": "154", "2016-06-30": "151", "2016-03-31": "150", "2015-12-31": "150", "2015-09-30": "150", "2015-06-30": "150", "2015-03-31": "", "2014-12-31": "", "2014-03-31": ""}}, "total-assets": {"Uniti Group Annual Total Assets (Millions of US $)": {"2019": "$5,017", "2018": "$4,593", "2017": "$4,330", "2016": "$3,319", "2015": "$2,543", "2014": "$0"}, "Uniti Group Quarterly Total Assets (Millions of US $)": {"2020-09-30": "$4,838", "2020-06-30": "$4,816", "2020-03-31": "$5,014", "2019-12-31": "$5,017", "2019-09-30": "$5,031", "2019-06-30": "$4,790", "2019-03-31": "$4,697", "2018-12-31": "$4,593", "2018-09-30": "$4,571", "2018-06-30": "$4,472", "2018-03-31": "$4,364", "2017-12-31": "$4,330", "2017-09-30": "$4,292", "2017-06-30": "$4,161", "2017-03-31": "$3,281", "2016-12-31": "$3,319", "2016-09-30": "$3,218", "2016-06-30": "$2,852", "2016-03-31": "$2,518", "2015-12-31": "$2,543", "2015-09-30": "$2,623", "2015-06-30": "$2,646", "2015-03-31": "$15", "2014-12-31": "$17", "2014-03-31": "$0"}}, "cash-on-hand": {"Uniti Group Annual Cash on Hand (Millions of US $)": {"2019": "$143", "2018": "$38", "2017": "$60", "2016": "$172", "2015": "$142", "2014": "$"}, "Uniti Group Quarterly Cash on Hand (Millions of US $)": {"2020-09-30": "$196", "2020-06-30": "$88", "2020-03-31": "$109", "2019-12-31": "$143", "2019-09-30": "$197", "2019-06-30": "$299", "2019-03-31": "$105", "2018-12-31": "$38", "2018-09-30": "$118", "2018-06-30": "$77", "2018-03-31": "$57", "2017-12-31": "$60", "2017-09-30": "$50", "2017-06-30": "$934", "2017-03-31": "$69", "2016-12-31": "$172", "2016-09-30": "$41", "2016-06-30": "$49", "2016-03-31": "$165", "2015-12-31": "$142", "2015-09-30": "$210", "2015-06-30": "$155", "2015-03-31": "", "2014-12-31": "", "2014-03-31": ""}}, "long-term-debt": {"Uniti Group Annual Long Term Debt (Millions of US $)": {"2019": "$53", "2018": "$55", "2017": "$56", "2016": "$55", "2015": "$", "2014": "$"}, "Uniti Group Quarterly Long Term Debt (Millions of US $)": {"2020-09-30": "$49", "2020-06-30": "$50", "2020-03-31": "$51", "2019-12-31": "$53", "2019-09-30": "$55", "2019-06-30": "$55", "2019-03-31": "$54", "2018-12-31": "$55", "2018-09-30": "$57", "2018-06-30": "$57", "2018-03-31": "$56", "2017-12-31": "$56", "2017-09-30": "$57", "2017-06-30": "$55", "2017-03-31": "$54", "2016-12-31": "$55", "2016-09-30": "$55", "2016-06-30": "$49", "2016-03-31": "", "2015-12-31": "", "2015-09-30": "", "2015-06-30": "", "2015-03-31": "", "2014-12-31": "", "2014-03-31": ""}}, "total-liabilities": {"Uniti Group Annual Total Liabilities (Millions of US $)": {"2019": "$6,500", "2018": "$6,086", "2017": "$5,537", "2016": "$4,721", "2015": "$3,710", "2014": "$"}, "Uniti Group Quarterly Total Liabilities (Millions of US $)": {"2020-09-30": "$6,833", "2020-06-30": "$7,033", "2020-03-31": "$6,610", "2019-12-31": "$6,500", "2019-09-30": "$6,468", "2019-06-30": "$6,280", "2019-03-31": "$6,248", "2018-12-31": "$6,086", "2018-09-30": "$5,976", "2018-06-30": "$5,846", "2018-03-31": "$5,635", "2017-12-31": "$5,537", "2017-09-30": "$5,428", "2017-06-30": "$5,302", "2017-03-31": "$4,789", "2016-12-31": "$4,721", "2016-09-30": "$4,504", "2016-06-30": "$4,099", "2016-03-31": "$3,807", "2015-12-31": "$3,710", "2015-09-30": "$3,715", "2015-06-30": "$3,615", "2015-03-31": "$7", "2014-12-31": "$8", "2014-03-31": "$0"}}, "total-share-holder-equity": {"Uniti Group Annual Share Holder Equity (Millions of US $)": {"2019": "$-1,483", "2018": "$-1,493", "2017": "$-1,207", "2016": "$-1,402", "2015": "$-1,167", "2014": "$"}, "Uniti Group Quarterly Share Holder Equity (Millions of US $)": {"2020-09-30": "$-1,995", "2020-06-30": "$-2,217", "2020-03-31": "$-1,595", "2019-12-31": "$-1,483", "2019-09-30": "$-1,437", "2019-06-30": "$-1,489", "2019-03-31": "$-1,551", "2018-12-31": "$-1,493", "2018-09-30": "$-1,405", "2018-06-30": "$-1,375", "2018-03-31": "$-1,272", "2017-12-31": "$-1,207", "2017-09-30": "$-1,136", "2017-06-30": "$-1,141", "2017-03-31": "$-1,508", "2016-12-31": "$-1,402", "2016-09-30": "$-1,287", "2016-06-30": "$-1,248", "2016-03-31": "$-1,289", "2015-12-31": "$-1,167", "2015-09-30": "$-1,092", "2015-06-30": "$-969", "2015-03-31": "$8", "2014-12-31": "$9", "2014-03-31": "$0"}}, "profit-margins": {"current": "-63.32%"}, "gross margin": {"2020-09-30": "100.00%", "2020-06-30": "100.00%", "2020-03-31": "100.00%", "2019-12-31": "100.00%", "2019-09-30": "100.00%", "2019-06-30": "100.00%", "2019-03-31": "100.00%", "2018-12-31": "100.00%", "2018-09-30": "100.00%", "2018-06-30": "100.00%", "2018-03-31": "100.00%", "2017-12-31": "100.00%", "2017-09-30": "100.00%", "2017-06-30": "100.00%", "2017-03-31": "100.00%", "2016-12-31": "100.00%", "2016-09-30": "100.00%", "2016-06-30": "100.00%", "2016-03-31": "100.00%", "2015-12-31": "99.16%", "2015-06-30": "93.88%"}, "operating margin": {"2020-09-30": "-19.23%", "2020-06-30": "-21.95%", "2020-03-31": "38.38%", "2019-12-31": "38.28%", "2019-09-30": "39.25%", "2019-06-30": "39.66%", "2019-03-31": "33.33%", "2018-12-31": "32.51%", "2018-09-30": "30.82%", "2018-06-30": "30.25%", "2018-03-31": "29.86%", "2017-12-31": "28.31%", "2017-09-30": "28.88%", "2017-06-30": "29.60%", "2017-03-31": "31.47%", "2016-12-31": "35.80%", "2016-09-30": "38.49%", "2016-06-30": "41.05%", "2016-03-31": "43.32%", "2015-12-31": "43.40%", "2015-06-30": "42.86%"}, "ebitda margin": {"2020-09-30": "17.44%", "2020-06-30": "16.89%", "2020-03-31": "79.12%", "2019-12-31": "80.72%", "2019-09-30": "81.98%", "2019-06-30": "83.32%", "2019-03-31": "78.49%", "2018-12-31": "79.17%", "2018-09-30": "79.36%", "2018-06-30": "79.29%", "2018-03-31": "79.28%", "2017-12-31": "78.25%", "2017-09-30": "79.11%", "2017-06-30": "80.26%", "2017-03-31": "82.16%", "2016-12-31": "86.64%", "2016-09-30": "77.81%", "2016-06-30": "67.47%", "2016-03-31": "57.30%", "2015-12-31": "43.40%", "2015-06-30": "42.86%"}, "pre tax profit margin": {"2020-09-30": "-65.50%", "2020-06-30": "-68.29%", "2020-03-31": "-7.24%", "2019-12-31": "1.42%", "2019-09-30": "4.34%", "2019-06-30": "6.77%", "2019-03-31": "1.74%", "2018-12-31": "1.08%", "2018-09-30": "-1.01%", "2018-06-30": "-1.73%", "2018-03-31": "-2.84%", "2017-12-31": "-5.14%", "2017-09-30": "-5.14%", "2017-06-30": "-5.17%", "2017-03-31": "-3.47%", "2016-12-31": "0.00%", "2016-09-30": "1.37%", "2016-06-30": "3.13%", "2016-03-31": "4.97%", "2015-12-31": "5.66%", "2015-06-30": "10.20%"}, "net profit margin": {"2020-09-30": "-63.24%", "2020-06-30": "-65.38%", "2020-03-31": "-6.68%", "2019-12-31": "0.85%", "2019-09-30": "3.02%", "2019-06-30": "5.05%", "2019-03-31": "0.87%", "2018-12-31": "0.69%", "2018-09-30": "1.41%", "2018-06-30": "1.52%", "2018-03-31": "0.32%", "2017-12-31": "-1.75%", "2017-09-30": "-4.11%", "2017-06-30": "-5.17%", "2017-03-31": "-3.47%", "2016-12-31": "0.00%", "2016-09-30": "0.68%", "2016-06-30": "2.56%", "2016-03-31": "4.50%", "2015-12-31": "5.03%", "2015-06-30": "9.52%"}, "pe ratio": {"current": "7.03", "2021-02-05": "0.00", "2020-09-30": "0.00", "2020-06-30": "0.00", "2020-03-31": "0.00", "2019-12-31": "152.97", "2019-09-30": "44.00", "2019-06-30": "31.70", "2019-03-31": "250.72", "2018-12-31": "694.61", "2018-09-30": "192.40", "2018-06-30": "278.56", "2018-03-31": "0.00", "2017-12-31": "0.00", "2017-09-30": "0.00", "2017-06-30": "0.00", "2017-03-31": "0.00", "2016-12-31": "0.00", "2016-09-30": "425.36", "2016-06-30": "137.20", "2016-03-31": "68.93"}, "price sales": {"2021-02-05": "2.28", "2020-09-30": "1.89", "2020-06-30": "1.63", "2020-03-31": "1.04", "2019-12-31": "1.36", "2019-09-30": "1.23", "2019-06-30": "1.48", "2019-03-31": "1.73", "2018-12-31": "2.40", "2018-09-30": "3.03", "2018-06-30": "2.94", "2018-03-31": "2.39", "2017-12-31": "2.54", "2017-09-30": "2.06", "2017-06-30": "3.46", "2017-03-31": "3.48", "2016-12-31": "3.47", "2016-09-30": "4.41", "2016-06-30": "4.10", "2016-03-31": "3.37"}, "price book": {"current": "0.00", "2021-02-05": "0.00", "2020-09-30": "-1.20", "2020-06-30": "-0.79", "2020-03-31": "-0.69", "2019-12-31": "-0.99", "2019-09-30": "-0.94", "2019-06-30": "-1.05", "2019-03-31": "-1.18", "2018-12-31": "-1.68", "2018-09-30": "-2.20", "2018-06-30": "-2.13", "2018-03-31": "-1.81", "2017-12-31": "-2.01", "2017-09-30": "-1.71", "2017-06-30": "-2.80", "2017-03-31": "-1.89", "2016-12-31": "-1.95", "2016-09-30": "-2.56", "2016-06-30": "-2.36", "2016-03-31": "-1.68", "2015-12-31": "-1.52", "2015-09-30": "-1.51", "2015-06-30": "-2.27"}, "price fcf": {"2021-02-05": "", "2020-09-30": "$1.36", "2020-06-30": "$2.78", "2020-03-31": "$1.85", "2019-12-31": "$2.15", "2019-09-30": "$1.95", "2019-06-30": "$0.91", "2019-03-31": "$0.28", "2018-12-31": "$0.28", "2018-09-30": "$0.71", "2018-06-30": "$0.92", "2018-03-31": "$1.29", "2017-12-31": "$1.42", "2017-09-30": "$1.65", "2017-06-30": "$1.93", "2017-03-31": "$2.16", "2016-12-31": "$2.24", "2016-09-30": "$3.54", "2016-06-30": "$2.85", "2016-03-31": "$2.47"}, "net worth": {"value": "$2.93B"}, "current ratio": {"2020-09-30": "0.05", "2020-06-30": "0.03", "2020-03-31": "0.04", "2019-12-31": "0.04", "2019-09-30": "0.05", "2019-06-30": "0.07", "2019-03-31": "0.04", "2018-12-31": "0.04", "2018-09-30": "0.05", "2018-06-30": "0.04", "2018-03-31": "0.03", "2017-12-31": "0.03", "2017-09-30": "0.03", "2017-06-30": "0.22", "2017-03-31": "0.03", "2016-12-31": "0.05", "2016-09-30": "0.02", "2016-06-30": "0.02", "2016-03-31": "0.05", "2015-12-31": "0.04", "2015-09-30": "0.06", "2015-06-30": "0.05", "2015-03-31": "1.28", "2014-12-31": "1.53", "2014-03-31": "0.00"}, "quick ratio": {"2020-09-30": "0.00", "2020-06-30": "0.00", "2020-03-31": "0.00", "2019-12-31": "0.00", "2019-09-30": "0.00", "2019-06-30": "0.00", "2019-03-31": "0.00", "2018-12-31": "0.00", "2018-09-30": "0.00", "2018-06-30": "0.00", "2018-03-31": "0.00", "2017-12-31": "0.00", "2017-09-30": "0.00", "2017-06-30": "0.00", "2017-03-31": "0.00", "2016-12-31": "0.00", "2016-09-30": "0.00", "2016-06-30": "0.00", "2016-03-31": "0.00", "2015-12-31": "0.00", "2015-09-30": "0.00", "2015-06-30": "0.00", "2015-03-31": "0.00", "2014-12-31": "0.00", "2014-03-31": "0.00"}, "debt equity ratio": {"current": "0.00", "2020-09-30": "-3.43", "2020-06-30": "-3.17", "2020-03-31": "-4.14", "2019-12-31": "-4.38", "2019-09-30": "-4.50", "2019-06-30": "-4.22", "2019-03-31": "-4.03", "2018-12-31": "-4.08", "2018-09-30": "-4.25", "2018-06-30": "-4.25", "2018-03-31": "-4.43", "2017-12-31": "-4.59", "2017-09-30": "-4.78", "2017-06-30": "-4.65", "2017-03-31": "-3.18", "2016-12-31": "-3.37", "2016-09-30": "-3.50", "2016-06-30": "-3.29", "2016-03-31": "-2.95", "2015-12-31": "-3.18", "2015-09-30": "-3.40", "2015-06-30": "-3.73", "2015-03-31": "0.94", "2014-12-31": "0.90", "2014-03-31": "0.00"}, "return on equity": {"2020-09-30": "36.82%", "2020-06-30": "41.41%", "2020-03-31": "4.73%", "2019-12-31": "-0.60%", "2019-09-30": "-2.14%", "2019-06-30": "-3.57%", "2019-03-31": "-0.62%", "2018-12-31": "-0.50%", "2018-09-30": "-1.06%", "2018-06-30": "-1.20%", "2018-03-31": "-0.25%", "2017-12-31": "1.28%", "2017-09-30": "2.78%", "2017-06-30": "3.22%", "2017-03-31": "2.06%", "2016-12-31": "0.00%", "2016-09-30": "-0.40%", "2016-06-30": "-1.50%", "2016-03-31": "-2.57%", "2015-12-31": "-2.98%", "2015-06-30": "-5.88%"}, "return on assets": {"2020-09-30": "-13.63%", "2020-06-30": "-14.03%", "2020-03-31": "-1.43%", "2019-12-31": "0.18%", "2019-09-30": "0.67%", "2019-06-30": "1.14%", "2019-03-31": "0.20%", "2018-12-31": "0.16%", "2018-09-30": "0.32%", "2018-06-30": "0.34%", "2018-03-31": "0.07%", "2017-12-31": "-0.40%", "2017-09-30": "-0.96%", "2017-06-30": "-1.23%", "2017-03-31": "-0.88%", "2016-12-31": "0.00%", "2016-09-30": "0.18%", "2016-06-30": "0.68%", "2016-03-31": "1.12%", "2015-12-31": "1.23%", "2015-06-30": "2.09%"}, "return on investments": {"2020-09-30": "11.51%", "2020-06-30": "14.35%", "2020-03-31": "-28.19%", "2019-12-31": "-28.21%", "2019-09-30": "-28.93%", "2019-06-30": "-29.11%", "2019-03-31": "-24.57%", "2018-12-31": "-24.89%", "2018-09-30": "-24.32%", "2018-06-30": "-25.03%", "2018-03-31": "-25.07%", "2017-12-31": "-21.72%", "2017-09-30": "-20.37%", "2017-06-30": "-19.22%", "2017-03-31": "-19.42%", "2016-12-31": "-29.21%", "2016-09-30": "-46.24%", "2016-06-30": "-96.41%", "2016-03-31": "inf%", "2015-12-31": "inf%", "2015-06-30": "inf%"}, "return on tangible equity": {"2020-09-30": "22.63%", "2020-06-30": "24.38%", "2020-03-31": "2.65%", "2019-12-31": "-0.34%", "2019-09-30": "-1.22%", "2019-06-30": "-2.06%", "2019-03-31": "-0.35%", "2018-12-31": "-0.28%", "2018-09-30": "-0.58%", "2018-06-30": "-0.64%", "2018-03-31": "-0.14%", "2017-12-31": "0.78%", "2017-09-30": "1.88%", "2017-06-30": "2.41%", "2017-03-31": "1.61%", "2016-12-31": "0.00%", "2016-09-30": "-0.36%", "2016-06-30": "-1.43%", "2016-03-31": "-2.54%", "2015-12-31": "-2.94%", "2015-06-30": "-5.64%"}, "dividend yield history": {"last payout": "$0.60", "last yield": "4.77%"}}