{"ticker": "UPS", "price": {"title": "UPS Historical Annual Stock Price Data", "value": 164.38, "historical": {"2021": {"Average Stock Price": "160.2588", "Year Open": "163.8000", "Year High": "164.3800", "Year Low": "155.0000", "Year Close": "164.3800", "Annual % Change": "-2.39%"}, "2020": {"Average Stock Price": "129.7704", "Year Open": "116.7900", "Year High": "176.5400", "Year Low": "86.1700", "Year Close": "168.4000", "Annual % Change": "43.86%"}, "2019": {"Average Stock Price": "110.7770", "Year Open": "97.2100", "Year High": "124.3000", "Year Low": "92.9200", "Year Close": "117.0600", "Annual % Change": "20.02%"}, "2018": {"Average Stock Price": "113.4812", "Year Open": "123.6700", "Year High": "134.0900", "Year Low": "89.8900", "Year Close": "97.5300", "Annual % Change": "-18.15%"}, "2017": {"Average Stock Price": "111.8509", "Year Open": "115.0800", "Year High": "123.7200", "Year Low": "102.8700", "Year Close": "119.1500", "Annual % Change": "3.93%"}, "2016": {"Average Stock Price": "105.8670", "Year Open": "94.8400", "Year High": "120.1600", "Year Low": "88.7000", "Year Close": "114.6400", "Annual % Change": "19.13%"}, "2015": {"Average Stock Price": "100.7006", "Year Open": "110.3800", "Year High": "114.2500", "Year Low": "94.4600", "Year Close": "96.2300", "Annual % Change": "-13.44%"}, "2014": {"Average Stock Price": "100.7310", "Year Open": "103.3200", "Year High": "112.4500", "Year Low": "93.6200", "Year Close": "111.1700", "Annual % Change": "5.80%"}, "2013": {"Average Stock Price": "88.6421", "Year Open": "76.3100", "Year High": "105.0800", "Year Low": "76.1400", "Year Close": "105.0800", "Annual % Change": "42.52%"}, "2012": {"Average Stock Price": "75.6554", "Year Open": "74.1600", "Year High": "81.1100", "Year Low": "70.0200", "Year Close": "73.7300", "Annual % Change": "0.74%"}, "2011": {"Average Stock Price": "70.7358", "Year Open": "72.9500", "Year High": "76.4700", "Year Low": "61.7000", "Year Close": "73.1900", "Annual % Change": "0.84%"}, "2010": {"Average Stock Price": "64.7327", "Year Open": "58.1800", "Year High": "73.7600", "Year Low": "56.1500", "Year Close": "72.5800", "Annual % Change": "26.51%"}, "2009": {"Average Stock Price": "52.1669", "Year Open": "56.1100", "Year High": "59.2900", "Year Low": "38.3000", "Year Close": "57.3700", "Annual % Change": "4.01%"}, "2008": {"Average Stock Price": "64.4280", "Year Open": "69.1600", "Year High": "74.7300", "Year Low": "44.6800", "Year Close": "55.1600", "Annual % Change": "-22.00%"}, "2007": {"Average Stock Price": "73.3171", "Year Open": "74.9700", "Year High": "78.3700", "Year Low": "69.2600", "Year Close": "70.7200", "Annual % Change": "-5.68%"}, "2006": {"Average Stock Price": "76.3768", "Year Open": "75.5500", "Year High": "83.3500", "Year Low": "65.9200", "Year Close": "74.9800", "Annual % Change": "-0.23%"}, "2005": {"Average Stock Price": "73.2356", "Year Open": "85.0000", "Year High": "85.0000", "Year Low": "66.8600", "Year Close": "75.1500", "Annual % Change": "-12.06%"}, "2004": {"Average Stock Price": "74.3144", "Year Open": "73.6500", "Year High": "87.5300", "Year Low": "67.9800", "Year Close": "85.4600", "Annual % Change": "14.63%"}, "2003": {"Average Stock Price": "64.0125", "Year Open": "63.9900", "Year High": "74.8100", "Year Low": "53.1800", "Year Close": "74.5500", "Annual % Change": "18.18%"}, "2002": {"Average Stock Price": "61.0994", "Year Open": "54.4600", "Year High": "67.0000", "Year Low": "54.4600", "Year Close": "63.0800", "Annual % Change": "15.74%"}, "2001": {"Average Stock Price": "56.1414", "Year Open": "56.3800", "Year High": "61.9000", "Year Low": "47.9500", "Year Close": "54.5000", "Annual % Change": "-7.23%"}, "2000": {"Average Stock Price": "59.3132", "Year Open": "67.0600", "Year High": "69.0600", "Year Low": "50.6300", "Year Close": "58.7500", "Annual % Change": "-14.86%"}}}, "market cap": {"value": "$142.09B"}, "income statement": {"Revenue": {"2020-12-31": "84628.00000", "2019-12-31": "74094.00000", "2018-12-31": "71861.00000", "2017-12-31": "66585.00000", "2016-12-31": "61610.00000", "2015-12-31": "58363.00000", "2014-12-31": "58232.00000", "2013-12-31": "55438.00000", "2012-12-31": "54127.00000", "2011-12-31": "53105.00000", "2010-12-31": "49545.00000", "2009-12-31": "45297.00000", "2008-12-31": "51486.00000", "2007-12-31": "49692.00000", "2006-12-31": "47547.00000", "2005-12-31": "42581.00000"}, "Cost Of Goods Sold": {"2020-12-31": "", "2019-12-31": "17717.00000", "2018-12-31": "18568.00000", "2017-12-31": "15987.00000", "2016-12-31": "13508.00000", "2015-12-31": "11925.00000", "2014-12-31": "13714.00000", "2013-12-31": "12753.00000", "2012-12-31": "12672.00000", "2011-12-31": "12564.00000", "2010-12-31": "10743.00000", "2009-12-31": "8819.00000", "2008-12-31": "11878.00000", "2007-12-31": "10033.00000", "2006-12-31": "9306.00000", "2005-12-31": "7257.00000"}, "Gross Profit": {"2020-12-31": "84628.00000", "2019-12-31": "56377.00000", "2018-12-31": "53293.00000", "2017-12-31": "50598.00000", "2016-12-31": "48102.00000", "2015-12-31": "46438.00000", "2014-12-31": "44518.00000", "2013-12-31": "42685.00000", "2012-12-31": "41455.00000", "2011-12-31": "40541.00000", "2010-12-31": "38802.00000", "2009-12-31": "36478.00000", "2008-12-31": "39608.00000", "2007-12-31": "39659.00000", "2006-12-31": "38241.00000", "2005-12-31": "35324.00000"}, "Research And Development Expenses": {"2020-12-31": "", "2019-12-31": "", "2018-12-31": "", "2017-12-31": "", "2016-12-31": "", "2015-12-31": "", "2014-12-31": "", "2013-12-31": "", "2012-12-31": "", "2011-12-31": "", "2010-12-31": "", "2009-12-31": "", "2008-12-31": "", "2007-12-31": "", "2006-12-31": "", "2005-12-31": ""}, "SG&A Expenses": {"2020-12-31": "44529.00000", "2019-12-31": "38908.00000", "2018-12-31": "37235.00000", "2017-12-31": "34577.00000", "2016-12-31": "32534.00000", "2015-12-31": "31028.00000", "2014-12-31": "32045.00000", "2013-12-31": "28557.00000", "2012-12-31": "33102.00000", "2011-12-31": "27575.00000", "2010-12-31": "26557.00000", "2009-12-31": "25933.00000", "2008-12-31": "26063.00000", "2007-12-31": "31745.00000", "2006-12-31": "24421.00000", "2005-12-31": "22517.00000"}, "Other Operating Income Or Expenses": {"2020-12-31": "-32285.00000", "2019-12-31": "-7311.00000", "2018-12-31": "-6827.00000", "2017-12-31": "-6210.00000", "2016-12-31": "-5656.00000", "2015-12-31": "-5658.00000", "2014-12-31": "-5582.00000", "2013-12-31": "-5227.00000", "2012-12-31": "-5152.00000", "2011-12-31": "-5104.00000", "2010-12-31": "-4812.00000", "2009-12-31": "-5290.00000", "2008-12-31": "-6349.00000", "2007-12-31": "-5591.00000", "2006-12-31": "-5437.00000", "2005-12-31": "-5020.00000"}, "Operating Expenses": {"2020-12-31": "76814.00000", "2019-12-31": "66296.00000", "2018-12-31": "64837.00000", "2017-12-31": "59056.00000", "2016-12-31": "53922.00000", "2015-12-31": "50695.00000", "2014-12-31": "53264.00000", "2013-12-31": "48404.00000", "2012-12-31": "52784.00000", "2011-12-31": "47025.00000", "2010-12-31": "43904.00000", "2009-12-31": "41789.00000", "2008-12-31": "46104.00000", "2007-12-31": "49114.00000", "2006-12-31": "40912.00000", "2005-12-31": "36438.00000"}, "Operating Income": {"2020-12-31": "7814.00000", "2019-12-31": "7798.00000", "2018-12-31": "7024.00000", "2017-12-31": "7529.00000", "2016-12-31": "7688.00000", "2015-12-31": "7668.00000", "2014-12-31": "4968.00000", "2013-12-31": "7034.00000", "2012-12-31": "1343.00000", "2011-12-31": "6080.00000", "2010-12-31": "5641.00000", "2009-12-31": "3508.00000", "2008-12-31": "5382.00000", "2007-12-31": "578.00000", "2006-12-31": "6635.00000", "2005-12-31": "6143.00000"}, "Total Non-Operating Income/Expense": {"2020-12-31": "-5840.00000", "2019-12-31": "-2146.00000", "2018-12-31": "-1005.00000", "2017-12-31": "-392.00000", "2016-12-31": "-2567.00000", "2015-12-31": "-326.00000", "2014-12-31": "-331.00000", "2013-12-31": "-360.00000", "2012-12-31": "-369.00000", "2011-12-31": "-304.00000", "2010-12-31": "-351.00000", "2009-12-31": "-435.00000", "2008-12-31": "-367.00000", "2007-12-31": "-147.00000", "2006-12-31": "-125.00000", "2005-12-31": "-68.00000"}, "Pre-Tax Income": {"2020-12-31": "1974.00000", "2019-12-31": "5652.00000", "2018-12-31": "6019.00000", "2017-12-31": "7137.00000", "2016-12-31": "5121.00000", "2015-12-31": "7342.00000", "2014-12-31": "4637.00000", "2013-12-31": "6674.00000", "2012-12-31": "974.00000", "2011-12-31": "5776.00000", "2010-12-31": "5290.00000", "2009-12-31": "3073.00000", "2008-12-31": "5015.00000", "2007-12-31": "431.00000", "2006-12-31": "6510.00000", "2005-12-31": "6075.00000"}, "Income Taxes": {"2020-12-31": "547.00000", "2019-12-31": "1212.00000", "2018-12-31": "1228.00000", "2017-12-31": "2232.00000", "2016-12-31": "1699.00000", "2015-12-31": "2498.00000", "2014-12-31": "1605.00000", "2013-12-31": "2302.00000", "2012-12-31": "167.00000", "2011-12-31": "1972.00000", "2010-12-31": "1952.00000", "2009-12-31": "1105.00000", "2008-12-31": "2012.00000", "2007-12-31": "49.00000", "2006-12-31": "2308.00000", "2005-12-31": "2205.00000"}, "Income After Taxes": {"2020-12-31": "1427.00000", "2019-12-31": "4440.00000", "2018-12-31": "4791.00000", "2017-12-31": "4905.00000", "2016-12-31": "3422.00000", "2015-12-31": "4844.00000", "2014-12-31": "3032.00000", "2013-12-31": "4372.00000", "2012-12-31": "807.00000", "2011-12-31": "3804.00000", "2010-12-31": "3338.00000", "2009-12-31": "1968.00000", "2008-12-31": "3003.00000", "2007-12-31": "382.00000", "2006-12-31": "4202.00000", "2005-12-31": "3870.00000"}, "Other Income": {"2020-12-31": "", "2019-12-31": "", "2018-12-31": "", "2017-12-31": "", "2016-12-31": "", "2015-12-31": "", "2014-12-31": "", "2013-12-31": "", "2012-12-31": "", "2011-12-31": "", "2010-12-31": "", "2009-12-31": "", "2008-12-31": "", "2007-12-31": "", "2006-12-31": "", "2005-12-31": ""}, "Income From Continuous Operations": {"2020-12-31": "1427.00000", "2019-12-31": "4440.00000", "2018-12-31": "4791.00000", "2017-12-31": "4905.00000", "2016-12-31": "3422.00000", "2015-12-31": "4844.00000", "2014-12-31": "3032.00000", "2013-12-31": "4372.00000", "2012-12-31": "807.00000", "2011-12-31": "3804.00000", "2010-12-31": "3338.00000", "2009-12-31": "1968.00000", "2008-12-31": "3003.00000", "2007-12-31": "382.00000", "2006-12-31": "4202.00000", "2005-12-31": "3870.00000"}, "Income From Discontinued Operations": {"2020-12-31": "", "2019-12-31": "", "2018-12-31": "", "2017-12-31": "", "2016-12-31": "", "2015-12-31": "", "2014-12-31": "", "2013-12-31": "", "2012-12-31": "", "2011-12-31": "", "2010-12-31": "", "2009-12-31": "", "2008-12-31": "", "2007-12-31": "", "2006-12-31": "", "2005-12-31": ""}, "Net Income": {"2020-12-31": "1427.00000", "2019-12-31": "4440.00000", "2018-12-31": "4791.00000", "2017-12-31": "4905.00000", "2016-12-31": "3422.00000", "2015-12-31": "4844.00000", "2014-12-31": "3032.00000", "2013-12-31": "4372.00000", "2012-12-31": "807.00000", "2011-12-31": "3804.00000", "2010-12-31": "3338.00000", "2009-12-31": "1968.00000", "2008-12-31": "3003.00000", "2007-12-31": "382.00000", "2006-12-31": "4202.00000", "2005-12-31": "3870.00000"}, "EBITDA": {"2020-12-31": "10512.00000", "2019-12-31": "10158.00000", "2018-12-31": "9231.00000", "2017-12-31": "9811.00000", "2016-12-31": "9912.00000", "2015-12-31": "9752.00000", "2014-12-31": "6891.00000", "2013-12-31": "8901.00000", "2012-12-31": "3201.00000", "2011-12-31": "7862.00000", "2010-12-31": "7433.00000", "2009-12-31": "5255.00000", "2008-12-31": "7196.00000", "2007-12-31": "2323.00000", "2006-12-31": "8383.00000", "2005-12-31": "7787.00000"}, "EBIT": {"2020-12-31": "7814.00000", "2019-12-31": "7798.00000", "2018-12-31": "7024.00000", "2017-12-31": "7529.00000", "2016-12-31": "7688.00000", "2015-12-31": "7668.00000", "2014-12-31": "4968.00000", "2013-12-31": "7034.00000", "2012-12-31": "1343.00000", "2011-12-31": "6080.00000", "2010-12-31": "5641.00000", "2009-12-31": "3508.00000", "2008-12-31": "5382.00000", "2007-12-31": "578.00000", "2006-12-31": "6635.00000", "2005-12-31": "6143.00000"}, "Basic Shares Outstanding": {"2020-12-31": "867.00000", "2019-12-31": "864.00000", "2018-12-31": "866.00000", "2017-12-31": "871.00000", "2016-12-31": "883.00000", "2015-12-31": "901.00000", "2014-12-31": "916.00000", "2013-12-31": "940.00000", "2012-12-31": "960.00000", "2011-12-31": "981.00000", "2010-12-31": "994.00000", "2009-12-31": "998.00000", "2008-12-31": "1016.00000", "2007-12-31": "1055.00000", "2006-12-31": "1082.00000", "2005-12-31": "1113.00000"}, "Shares Outstanding": {"2020-12-31": "871.00000", "2019-12-31": "869.00000", "2018-12-31": "870.00000", "2017-12-31": "875.00000", "2016-12-31": "887.00000", "2015-12-31": "906.00000", "2014-12-31": "924.00000", "2013-12-31": "948.00000", "2012-12-31": "969.00000", "2011-12-31": "991.00000", "2010-12-31": "1003.00000", "2009-12-31": "1004.00000", "2008-12-31": "1022.00000", "2007-12-31": "1063.00000", "2006-12-31": "1089.00000", "2005-12-31": "1116.00000"}, "Basic EPS": {"2020-12-31": "1.65000", "2019-12-31": "5.14000", "2018-12-31": "5.53000", "2017-12-31": "5.63000", "2016-12-31": "3.88000", "2015-12-31": "5.38000", "2014-12-31": "3.31000", "2013-12-31": "4.65000", "2012-12-31": "0.84000", "2011-12-31": "3.88000", "2010-12-31": "3.36000", "2009-12-31": "1.97000", "2008-12-31": "2.96000", "2007-12-31": "0.36000", "2006-12-31": "3.87000", "2005-12-31": "3.48000"}, "EPS - Earnings Per Share": {"2020-12-31": "1.64000", "2019-12-31": "5.11000", "2018-12-31": "5.51000", "2017-12-31": "5.61000", "2016-12-31": "3.86000", "2015-12-31": "5.35000", "2014-12-31": "3.28000", "2013-12-31": "4.61000", "2012-12-31": "0.83000", "2011-12-31": "3.84000", "2010-12-31": "3.33000", "2009-12-31": "1.96000", "2008-12-31": "2.94000", "2007-12-31": "0.36000", "2006-12-31": "3.86000", "2005-12-31": "3.47000"}}, "income statement, quarterly": {"Revenue": {"2020-12-31": "24896.00000", "2020-09-30": "21238.00000", "2020-06-30": "20459.00000", "2020-03-31": "18035.00000", "2019-12-31": "20568.00000", "2019-09-30": "18318.00000", "2019-06-30": "18048.00000", "2019-03-31": "17160.00000", "2018-12-31": "19848.00000", "2018-09-30": "17444.00000", "2018-06-30": "17456.00000", "2018-03-31": "17113.00000", "2017-12-31": "18975.00000", "2017-09-30": "16173.00000", "2017-06-30": "15927.00000", "2017-03-31": "15510.00000", "2016-12-31": "17635.00000", "2016-09-30": "14928.00000", "2016-06-30": "14629.00000", "2016-03-31": "14418.00000", "2015-12-31": "16054.00000", "2015-09-30": "14237.00000", "2015-06-30": "14095.00000", "2015-03-31": "13977.00000", "2014-12-31": "15895.00000", "2014-09-30": "14290.00000", "2014-06-30": "14268.00000", "2014-03-31": "13779.00000", "2013-12-31": "14976.00000", "2013-09-30": "13521.00000", "2013-06-30": "13507.00000", "2013-03-31": "13434.00000", "2012-12-31": "14571.00000", "2012-09-30": "13071.00000", "2012-06-30": "13349.00000", "2012-03-31": "13136.00000", "2011-12-31": "14166.00000", "2011-09-30": "13166.00000", "2011-06-30": "13191.00000", "2011-03-31": "12582.00000", "2010-12-31": "13421.00000", "2010-09-30": "12192.00000", "2010-06-30": "12204.00000", "2010-03-31": "11728.00000", "2009-12-31": "12377.00000", "2009-09-30": "11153.00000", "2009-06-30": "10829.00000", "2009-03-31": "10938.00000", "2008-12-31": "12697.00000", "2008-09-30": "13113.00000", "2008-06-30": "13001.00000", "2008-03-31": "12675.00000", "2007-12-31": "13392.00000", "2007-09-30": "12205.00000", "2007-06-30": "12189.00000", "2007-03-31": "11906.00000", "2006-12-31": "12628.00000", "2006-09-30": "11662.00000", "2006-06-30": "11736.00000", "2006-03-31": "11521.00000", "2005-12-31": "11954.00000", "2005-09-30": "10550.00000", "2005-06-30": "10191.00000", "2005-03-31": "9886.00000"}, "Cost Of Goods Sold": {"2020-12-31": "", "2020-09-30": "5131.00000", "2020-06-30": "4769.00000", "2020-03-31": "4255.00000", "2019-12-31": "4924.00000", "2019-09-30": "4293.00000", "2019-06-30": "4330.00000", "2019-03-31": "4170.00000", "2018-12-31": "5235.00000", "2018-09-30": "4520.00000", "2018-06-30": "4484.00000", "2018-03-31": "4329.00000", "2017-12-31": "4942.00000", "2017-09-30": "3867.00000", "2017-06-30": "3622.00000", "2017-03-31": "3556.00000", "2016-12-31": "4572.00000", "2016-09-30": "3139.00000", "2016-06-30": "2958.00000", "2016-03-31": "2839.00000", "2015-12-31": "3399.00000", "2015-09-30": "2905.00000", "2015-06-30": "2773.00000", "2015-03-31": "2848.00000", "2014-12-31": "3828.00000", "2014-09-30": "3368.00000", "2014-06-30": "3309.00000", "2014-03-31": "3209.00000", "2013-12-31": "3566.00000", "2013-09-30": "3060.00000", "2013-06-30": "3032.00000", "2013-03-31": "3095.00000", "2012-12-31": "3560.00000", "2012-09-30": "3018.00000", "2012-06-30": "3050.00000", "2012-03-31": "3044.00000", "2011-12-31": "3422.00000", "2011-09-30": "3135.00000", "2011-06-30": "3136.00000", "2011-03-31": "2871.00000", "2010-12-31": "3017.00000", "2010-09-30": "2662.00000", "2010-06-30": "2611.00000", "2010-03-31": "2453.00000", "2009-12-31": "2637.00000", "2009-09-30": "2198.00000", "2009-06-30": "2000.00000", "2009-03-31": "1984.00000", "2008-12-31": "2708.00000", "2008-09-30": "3178.00000", "2008-06-30": "3149.00000", "2008-03-31": "2843.00000", "2007-12-31": "2918.00000", "2007-09-30": "2480.00000", "2007-06-30": "2383.00000", "2007-03-31": "2252.00000", "2006-12-31": "2507.00000", "2006-09-30": "2327.00000", "2006-06-30": "2326.00000", "2006-03-31": "2146.00000", "2005-12-31": "", "2005-09-30": "", "2005-06-30": "", "2005-03-31": ""}, "Gross Profit": {"2020-12-31": "24896.00000", "2020-09-30": "16107.00000", "2020-06-30": "15690.00000", "2020-03-31": "13780.00000", "2019-12-31": "15644.00000", "2019-09-30": "14025.00000", "2019-06-30": "13718.00000", "2019-03-31": "12990.00000", "2018-12-31": "14613.00000", "2018-09-30": "12924.00000", "2018-06-30": "12972.00000", "2018-03-31": "12784.00000", "2017-12-31": "14033.00000", "2017-09-30": "12306.00000", "2017-06-30": "12305.00000", "2017-03-31": "11954.00000", "2016-12-31": "13063.00000", "2016-09-30": "11789.00000", "2016-06-30": "11671.00000", "2016-03-31": "11579.00000", "2015-12-31": "12655.00000", "2015-09-30": "11332.00000", "2015-06-30": "11322.00000", "2015-03-31": "11129.00000", "2014-12-31": "12067.00000", "2014-09-30": "10922.00000", "2014-06-30": "10959.00000", "2014-03-31": "10570.00000", "2013-12-31": "11410.00000", "2013-09-30": "10461.00000", "2013-06-30": "10475.00000", "2013-03-31": "10339.00000", "2012-12-31": "11011.00000", "2012-09-30": "10053.00000", "2012-06-30": "10299.00000", "2012-03-31": "10092.00000", "2011-12-31": "10744.00000", "2011-09-30": "10031.00000", "2011-06-30": "10055.00000", "2011-03-31": "9711.00000", "2010-12-31": "10404.00000", "2010-09-30": "9530.00000", "2010-06-30": "9593.00000", "2010-03-31": "9275.00000", "2009-12-31": "9740.00000", "2009-09-30": "8955.00000", "2009-06-30": "8829.00000", "2009-03-31": "8954.00000", "2008-12-31": "9989.00000", "2008-09-30": "9935.00000", "2008-06-30": "9852.00000", "2008-03-31": "9832.00000", "2007-12-31": "10474.00000", "2007-09-30": "9725.00000", "2007-06-30": "9806.00000", "2007-03-31": "9654.00000", "2006-12-31": "10121.00000", "2006-09-30": "9335.00000", "2006-06-30": "9410.00000", "2006-03-31": "9375.00000", "2005-12-31": "11954.00000", "2005-09-30": "10550.00000", "2005-06-30": "10191.00000", "2005-03-31": "9886.00000"}, "Research And Development Expenses": {"2020-12-31": "", "2020-09-30": "", "2020-06-30": "", "2020-03-31": "", "2019-12-31": "", "2019-09-30": "", "2019-06-30": "", "2019-03-31": "", "2018-12-31": "", "2018-09-30": "", "2018-06-30": "", "2018-03-31": "", "2017-12-31": "", "2017-09-30": "", "2017-06-30": "", "2017-03-31": "", "2016-12-31": "", "2016-09-30": "", "2016-06-30": "", "2016-03-31": "", "2015-12-31": "", "2015-09-30": "", "2015-06-30": "", "2015-03-31": "", "2014-12-31": "", "2014-09-30": "", "2014-06-30": "", "2014-03-31": "", "2013-12-31": "", "2013-09-30": "", "2013-06-30": "", "2013-03-31": "", "2012-12-31": "", "2012-09-30": "", "2012-06-30": "", "2012-03-31": "", "2011-12-31": "", "2011-09-30": "", "2011-06-30": "", "2011-03-31": "", "2010-12-31": "", "2010-09-30": "", "2010-06-30": "", "2010-03-31": "", "2009-12-31": "", "2009-09-30": "", "2009-06-30": "", "2009-03-31": "", "2008-12-31": "", "2008-09-30": "", "2008-06-30": "", "2008-03-31": "", "2007-12-31": "", "2007-09-30": "", "2007-06-30": "", "2007-03-31": "", "2006-12-31": "", "2006-09-30": "", "2006-06-30": "", "2006-03-31": "", "2005-12-31": "", "2005-09-30": "", "2005-06-30": "", "2005-03-31": ""}, "SG&A Expenses": {"2020-12-31": "12523.00000", "2020-09-30": "11077.00000", "2020-06-30": "10843.00000", "2020-03-31": "10086.00000", "2019-12-31": "10702.00000", "2019-09-30": "9590.00000", "2019-06-30": "9299.00000", "2019-03-31": "9317.00000", "2018-12-31": "10151.00000", "2018-09-30": "9015.00000", "2018-06-30": "9024.00000", "2018-03-31": "9045.00000", "2017-12-31": "9545.00000", "2017-09-30": "8437.00000", "2017-06-30": "8284.00000", "2017-03-31": "8311.00000", "2016-12-31": "9086.00000", "2016-09-30": "7857.00000", "2016-06-30": "7738.00000", "2016-03-31": "7853.00000", "2015-12-31": "8504.00000", "2015-09-30": "7458.00000", "2015-06-30": "7502.00000", "2015-03-31": "7564.00000", "2014-12-31": "9188.00000", "2014-09-30": "7217.00000", "2014-06-30": "8375.00000", "2014-03-31": "7265.00000", "2013-12-31": "7647.00000", "2013-09-30": "6961.00000", "2013-06-30": "6981.00000", "2013-03-31": "6968.00000", "2012-12-31": "11943.00000", "2012-09-30": "7577.00000", "2012-06-30": "6747.00000", "2012-03-31": "6835.00000", "2011-12-31": "7730.00000", "2011-09-30": "6647.00000", "2011-06-30": "6636.00000", "2011-03-31": "6562.00000", "2010-12-31": "7092.00000", "2010-09-30": "6411.00000", "2010-06-30": "6515.00000", "2010-03-31": "6539.00000", "2009-12-31": "6930.00000", "2009-09-30": "6341.00000", "2009-06-30": "6330.00000", "2009-03-31": "6332.00000", "2008-12-31": "6616.00000", "2008-09-30": "6425.00000", "2008-06-30": "6522.00000", "2008-03-31": "6500.00000", "2007-12-31": "12824.00000", "2007-09-30": "6253.00000", "2007-06-30": "6327.00000", "2007-03-31": "6341.00000", "2006-12-31": "6504.00000", "2006-09-30": "5908.00000", "2006-06-30": "5990.00000", "2006-03-31": "6019.00000", "2005-12-31": "6128.00000", "2005-09-30": "5603.00000", "2005-06-30": "5389.00000", "2005-03-31": "5397.00000"}, "Other Operating Income Or Expenses": {"2020-12-31": "-10206.00000", "2020-09-30": "-1990.00000", "2020-06-30": "-1974.00000", "2020-03-31": "-1974.00000", "2019-12-31": "-2179.00000", "2019-09-30": "-1720.00000", "2019-06-30": "-1701.00000", "2019-03-31": "-1711.00000", "2018-12-31": "-1913.00000", "2018-09-30": "-1658.00000", "2018-06-30": "-1633.00000", "2018-03-31": "-1623.00000", "2017-12-31": "-1831.00000", "2017-09-30": "-1485.00000", "2017-06-30": "-1422.00000", "2017-03-31": "-1472.00000", "2016-12-31": "-1621.00000", "2016-09-30": "-1344.00000", "2016-06-30": "-1340.00000", "2016-03-31": "-1351.00000", "2015-12-31": "-1559.00000", "2015-09-30": "-1363.00000", "2015-06-30": "-1350.00000", "2015-03-31": "-1386.00000", "2014-12-31": "-1628.00000", "2014-09-30": "-1266.00000", "2014-06-30": "-1364.00000", "2014-03-31": "-1324.00000", "2013-12-31": "-1388.00000", "2013-09-30": "-1236.00000", "2013-06-30": "-1286.00000", "2013-03-31": "-1317.00000", "2012-12-31": "-1374.00000", "2012-09-30": "-1246.00000", "2012-06-30": "-1303.00000", "2012-03-31": "-1229.00000", "2011-12-31": "-1366.00000", "2011-09-30": "-1271.00000", "2011-06-30": "-1231.00000", "2011-03-31": "-1236.00000", "2010-12-31": "-1287.00000", "2010-09-30": "-1055.00000", "2010-06-30": "-1227.00000", "2010-03-31": "-1243.00000", "2009-12-31": "-1394.00000", "2009-09-30": "-1244.00000", "2009-06-30": "-1178.00000", "2009-03-31": "-1474.00000", "2008-12-31": "-2116.00000", "2008-09-30": "-1422.00000", "2008-06-30": "-1424.00000", "2008-03-31": "-1387.00000", "2007-12-31": "-1460.00000", "2007-09-30": "-1329.00000", "2007-06-30": "-1283.00000", "2007-03-31": "-1519.00000", "2006-12-31": "-1376.00000", "2006-09-30": "-1410.00000", "2006-06-30": "-1289.00000", "2006-03-31": "-1362.00000", "2005-12-31": "4786.00000", "2005-09-30": "-3449.00000", "2005-06-30": "-3253.00000", "2005-03-31": "-3104.00000"}, "Operating Expenses": {"2020-12-31": "22729.00000", "2020-09-30": "18875.00000", "2020-06-30": "18247.00000", "2020-03-31": "16963.00000", "2019-12-31": "18435.00000", "2019-09-30": "16190.00000", "2019-06-30": "15905.00000", "2019-03-31": "15766.00000", "2018-12-31": "17844.00000", "2018-09-30": "15717.00000", "2018-06-30": "15683.00000", "2018-03-31": "15593.00000", "2017-12-31": "16912.00000", "2017-09-30": "14361.00000", "2017-06-30": "13890.00000", "2017-03-31": "13893.00000", "2016-12-31": "15842.00000", "2016-09-30": "12894.00000", "2016-06-30": "12591.00000", "2016-03-31": "12595.00000", "2015-12-31": "14003.00000", "2015-09-30": "12253.00000", "2015-06-30": "12135.00000", "2015-03-31": "12304.00000", "2014-12-31": "15141.00000", "2014-09-30": "12336.00000", "2014-06-30": "13521.00000", "2014-03-31": "12266.00000", "2013-12-31": "13068.00000", "2013-09-30": "11717.00000", "2013-06-30": "11765.00000", "2013-03-31": "11854.00000", "2012-12-31": "17353.00000", "2012-09-30": "12305.00000", "2012-06-30": "11559.00000", "2012-03-31": "11567.00000", "2011-12-31": "12969.00000", "2011-09-30": "11500.00000", "2011-06-30": "11446.00000", "2011-03-31": "11110.00000", "2010-12-31": "11840.00000", "2010-09-30": "10576.00000", "2010-06-30": "10802.00000", "2010-03-31": "10686.00000", "2009-12-31": "11411.00000", "2009-09-30": "10224.00000", "2009-06-30": "9934.00000", "2009-03-31": "10220.00000", "2008-12-31": "11894.00000", "2008-09-30": "11481.00000", "2008-06-30": "11547.00000", "2008-03-31": "11182.00000", "2007-12-31": "17645.00000", "2007-09-30": "10497.00000", "2007-06-30": "10424.00000", "2007-03-31": "10548.00000", "2006-12-31": "10819.00000", "2006-09-30": "10086.00000", "2006-06-30": "10041.00000", "2006-03-31": "9966.00000", "2005-12-31": "10243.00000", "2005-09-30": "9052.00000", "2005-06-30": "8642.00000", "2005-03-31": "8501.00000"}, "Operating Income": {"2020-12-31": "2167.00000", "2020-09-30": "2363.00000", "2020-06-30": "2212.00000", "2020-03-31": "1072.00000", "2019-12-31": "2133.00000", "2019-09-30": "2128.00000", "2019-06-30": "2143.00000", "2019-03-31": "1394.00000", "2018-12-31": "2004.00000", "2018-09-30": "1727.00000", "2018-06-30": "1773.00000", "2018-03-31": "1520.00000", "2017-12-31": "2063.00000", "2017-09-30": "1812.00000", "2017-06-30": "2037.00000", "2017-03-31": "1617.00000", "2016-12-31": "1793.00000", "2016-09-30": "2034.00000", "2016-06-30": "2038.00000", "2016-03-31": "1823.00000", "2015-12-31": "2051.00000", "2015-09-30": "1984.00000", "2015-06-30": "1960.00000", "2015-03-31": "1673.00000", "2014-12-31": "754.00000", "2014-09-30": "1954.00000", "2014-06-30": "747.00000", "2014-03-31": "1513.00000", "2013-12-31": "1908.00000", "2013-09-30": "1804.00000", "2013-06-30": "1742.00000", "2013-03-31": "1580.00000", "2012-12-31": "-2782.00000", "2012-09-30": "766.00000", "2012-06-30": "1790.00000", "2012-03-31": "1569.00000", "2011-12-31": "1197.00000", "2011-09-30": "1666.00000", "2011-06-30": "1745.00000", "2011-03-31": "1472.00000", "2010-12-31": "1581.00000", "2010-09-30": "1616.00000", "2010-06-30": "1402.00000", "2010-03-31": "1042.00000", "2009-12-31": "966.00000", "2009-09-30": "929.00000", "2009-06-30": "895.00000", "2009-03-31": "718.00000", "2008-12-31": "803.00000", "2008-09-30": "1632.00000", "2008-06-30": "1454.00000", "2008-03-31": "1493.00000", "2007-12-31": "-4253.00000", "2007-09-30": "1708.00000", "2007-06-30": "1765.00000", "2007-03-31": "1358.00000", "2006-12-31": "1809.00000", "2006-09-30": "1576.00000", "2006-06-30": "1695.00000", "2006-03-31": "1555.00000", "2005-12-31": "1711.00000", "2005-09-30": "1498.00000", "2005-06-30": "1549.00000", "2005-03-31": "1385.00000"}, "Total Non-Operating Income/Expense": {"2020-12-31": "-6325.00000", "2020-09-30": "162.00000", "2020-06-30": "145.00000", "2020-03-31": "178.00000", "2019-12-31": "-2331.00000", "2019-09-30": "78.00000", "2019-06-30": "61.00000", "2019-03-31": "46.00000", "2018-12-31": "-1461.00000", "2018-09-30": "162.00000", "2018-06-30": "153.00000", "2018-03-31": "141.00000", "2017-12-31": "-692.00000", "2017-09-30": "125.00000", "2017-06-30": "82.00000", "2017-03-31": "93.00000", "2016-12-31": "-2324.00000", "2016-09-30": "-81.00000", "2016-06-30": "-86.00000", "2016-03-31": "-76.00000", "2015-12-31": "-82.00000", "2015-09-30": "-79.00000", "2015-06-30": "-82.00000", "2015-03-31": "-83.00000", "2014-12-31": "-92.00000", "2014-09-30": "-85.00000", "2014-06-30": "-64.00000", "2014-03-31": "-90.00000", "2013-12-31": "-84.00000", "2013-09-30": "-90.00000", "2013-06-30": "-95.00000", "2013-03-31": "-91.00000", "2012-12-31": "-103.00000", "2012-09-30": "-92.00000", "2012-06-30": "-86.00000", "2012-03-31": "-88.00000", "2011-12-31": "-88.00000", "2011-09-30": "-68.00000", "2011-06-30": "-74.00000", "2011-03-31": "-74.00000", "2010-12-31": "-84.00000", "2010-09-30": "-76.00000", "2010-06-30": "-102.00000", "2010-03-31": "-89.00000", "2009-12-31": "-76.00000", "2009-09-30": "-87.00000", "2009-06-30": "-203.00000", "2009-03-31": "-69.00000", "2008-12-31": "-83.00000", "2008-09-30": "-117.00000", "2008-06-30": "-90.00000", "2008-03-31": "-77.00000", "2007-12-31": "-40.00000", "2007-09-30": "-39.00000", "2007-06-30": "-33.00000", "2007-03-31": "-35.00000", "2006-12-31": "-40.00000", "2006-09-30": "-29.00000", "2006-06-30": "-31.00000", "2006-03-31": "-25.00000", "2005-12-31": "-44.00000", "2005-09-30": "-9.00000", "2005-06-30": "-8.00000", "2005-03-31": "-7.00000"}, "Pre-Tax Income": {"2020-12-31": "-4158.00000", "2020-09-30": "2525.00000", "2020-06-30": "2357.00000", "2020-03-31": "1250.00000", "2019-12-31": "-198.00000", "2019-09-30": "2206.00000", "2019-06-30": "2204.00000", "2019-03-31": "1440.00000", "2018-12-31": "543.00000", "2018-09-30": "1889.00000", "2018-06-30": "1926.00000", "2018-03-31": "1661.00000", "2017-12-31": "1371.00000", "2017-09-30": "1937.00000", "2017-06-30": "2119.00000", "2017-03-31": "1710.00000", "2016-12-31": "-531.00000", "2016-09-30": "1953.00000", "2016-06-30": "1952.00000", "2016-03-31": "1747.00000", "2015-12-31": "1969.00000", "2015-09-30": "1905.00000", "2015-06-30": "1878.00000", "2015-03-31": "1590.00000", "2014-12-31": "662.00000", "2014-09-30": "1869.00000", "2014-06-30": "683.00000", "2014-03-31": "1423.00000", "2013-12-31": "1824.00000", "2013-09-30": "1714.00000", "2013-06-30": "1647.00000", "2013-03-31": "1489.00000", "2012-12-31": "-2885.00000", "2012-09-30": "674.00000", "2012-06-30": "1704.00000", "2012-03-31": "1481.00000", "2011-12-31": "1109.00000", "2011-09-30": "1598.00000", "2011-06-30": "1671.00000", "2011-03-31": "1398.00000", "2010-12-31": "1497.00000", "2010-09-30": "1540.00000", "2010-06-30": "1300.00000", "2010-03-31": "953.00000", "2009-12-31": "890.00000", "2009-09-30": "842.00000", "2009-06-30": "692.00000", "2009-03-31": "649.00000", "2008-12-31": "720.00000", "2008-09-30": "1515.00000", "2008-06-30": "1364.00000", "2008-03-31": "1416.00000", "2007-12-31": "-4293.00000", "2007-09-30": "1669.00000", "2007-06-30": "1732.00000", "2007-03-31": "1323.00000", "2006-12-31": "1769.00000", "2006-09-30": "1547.00000", "2006-06-30": "1664.00000", "2006-03-31": "1530.00000", "2005-12-31": "1667.00000", "2005-09-30": "1489.00000", "2005-06-30": "1541.00000", "2005-03-31": "1378.00000"}, "Income Taxes": {"2020-12-31": "-895.00000", "2020-09-30": "568.00000", "2020-06-30": "589.00000", "2020-03-31": "285.00000", "2019-12-31": "-92.00000", "2019-09-30": "456.00000", "2019-06-30": "519.00000", "2019-03-31": "329.00000", "2018-12-31": "90.00000", "2018-09-30": "381.00000", "2018-06-30": "441.00000", "2018-03-31": "316.00000", "2017-12-31": "275.00000", "2017-09-30": "678.00000", "2017-06-30": "735.00000", "2017-03-31": "544.00000", "2016-12-31": "-283.00000", "2016-09-30": "683.00000", "2016-06-30": "683.00000", "2016-03-31": "616.00000", "2015-12-31": "638.00000", "2015-09-30": "648.00000", "2015-06-30": "648.00000", "2015-03-31": "564.00000", "2014-12-31": "209.00000", "2014-09-30": "655.00000", "2014-06-30": "229.00000", "2014-03-31": "512.00000", "2013-12-31": "657.00000", "2013-09-30": "617.00000", "2013-06-30": "576.00000", "2013-03-31": "452.00000", "2012-12-31": "-1137.00000", "2012-09-30": "205.00000", "2012-06-30": "588.00000", "2012-03-31": "511.00000", "2011-12-31": "384.00000", "2011-09-30": "526.00000", "2011-06-30": "579.00000", "2011-03-31": "483.00000", "2010-12-31": "528.00000", "2010-09-30": "549.00000", "2010-06-30": "455.00000", "2010-03-31": "420.00000", "2009-12-31": "317.00000", "2009-09-30": "293.00000", "2009-06-30": "247.00000", "2009-03-31": "248.00000", "2008-12-31": "466.00000", "2008-09-30": "545.00000", "2008-06-30": "491.00000", "2008-03-31": "510.00000", "2007-12-31": "-1652.00000", "2007-09-30": "593.00000", "2007-06-30": "628.00000", "2007-03-31": "480.00000", "2006-12-31": "641.00000", "2006-09-30": "509.00000", "2006-06-30": "603.00000", "2006-03-31": "555.00000", "2005-12-31": "618.00000", "2005-09-30": "536.00000", "2005-06-30": "555.00000", "2005-03-31": "496.00000"}, "Income After Taxes": {"2020-12-31": "-3263.00000", "2020-09-30": "1957.00000", "2020-06-30": "1768.00000", "2020-03-31": "965.00000", "2019-12-31": "-106.00000", "2019-09-30": "1750.00000", "2019-06-30": "1685.00000", "2019-03-31": "1111.00000", "2018-12-31": "453.00000", "2018-09-30": "1508.00000", "2018-06-30": "1485.00000", "2018-03-31": "1345.00000", "2017-12-31": "1096.00000", "2017-09-30": "1259.00000", "2017-06-30": "1384.00000", "2017-03-31": "1166.00000", "2016-12-31": "-248.00000", "2016-09-30": "1270.00000", "2016-06-30": "1269.00000", "2016-03-31": "1131.00000", "2015-12-31": "1331.00000", "2015-09-30": "1257.00000", "2015-06-30": "1230.00000", "2015-03-31": "1026.00000", "2014-12-31": "453.00000", "2014-09-30": "1214.00000", "2014-06-30": "454.00000", "2014-03-31": "911.00000", "2013-12-31": "1167.00000", "2013-09-30": "1097.00000", "2013-06-30": "1071.00000", "2013-03-31": "1037.00000", "2012-12-31": "-1748.00000", "2012-09-30": "469.00000", "2012-06-30": "1116.00000", "2012-03-31": "970.00000", "2011-12-31": "725.00000", "2011-09-30": "1072.00000", "2011-06-30": "1092.00000", "2011-03-31": "915.00000", "2010-12-31": "969.00000", "2010-09-30": "991.00000", "2010-06-30": "845.00000", "2010-03-31": "533.00000", "2009-12-31": "573.00000", "2009-09-30": "549.00000", "2009-06-30": "445.00000", "2009-03-31": "401.00000", "2008-12-31": "254.00000", "2008-09-30": "970.00000", "2008-06-30": "873.00000", "2008-03-31": "906.00000", "2007-12-31": "-2641.00000", "2007-09-30": "1076.00000", "2007-06-30": "1104.00000", "2007-03-31": "843.00000", "2006-12-31": "1128.00000", "2006-09-30": "1038.00000", "2006-06-30": "1061.00000", "2006-03-31": "975.00000", "2005-12-31": "1049.00000", "2005-09-30": "953.00000", "2005-06-30": "986.00000", "2005-03-31": "882.00000"}, "Other Income": {"2020-12-31": "", "2020-09-30": "", "2020-06-30": "", "2020-03-31": "", "2019-12-31": "", "2019-09-30": "", "2019-06-30": "", "2019-03-31": "", "2018-12-31": "", "2018-09-30": "", "2018-06-30": "", "2018-03-31": "", "2017-12-31": "", "2017-09-30": "", "2017-06-30": "", "2017-03-31": "", "2016-12-31": "", "2016-09-30": "", "2016-06-30": "", "2016-03-31": "", "2015-12-31": "", "2015-09-30": "", "2015-06-30": "", "2015-03-31": "", "2014-12-31": "", "2014-09-30": "", "2014-06-30": "", "2014-03-31": "", "2013-12-31": "", "2013-09-30": "", "2013-06-30": "", "2013-03-31": "", "2012-12-31": "", "2012-09-30": "", "2012-06-30": "", "2012-03-31": "", "2011-12-31": "", "2011-09-30": "", "2011-06-30": "", "2011-03-31": "", "2010-12-31": "", "2010-09-30": "", "2010-06-30": "", "2010-03-31": "", "2009-12-31": "", "2009-09-30": "", "2009-06-30": "", "2009-03-31": "", "2008-12-31": "", "2008-09-30": "", "2008-06-30": "", "2008-03-31": "", "2007-12-31": "", "2007-09-30": "", "2007-06-30": "", "2007-03-31": "", "2006-12-31": "", "2006-09-30": "", "2006-06-30": "", "2006-03-31": "", "2005-12-31": "", "2005-09-30": "", "2005-06-30": "", "2005-03-31": ""}, "Income From Continuous Operations": {"2020-12-31": "-3263.00000", "2020-09-30": "1957.00000", "2020-06-30": "1768.00000", "2020-03-31": "965.00000", "2019-12-31": "-106.00000", "2019-09-30": "1750.00000", "2019-06-30": "1685.00000", "2019-03-31": "1111.00000", "2018-12-31": "453.00000", "2018-09-30": "1508.00000", "2018-06-30": "1485.00000", "2018-03-31": "1345.00000", "2017-12-31": "1096.00000", "2017-09-30": "1259.00000", "2017-06-30": "1384.00000", "2017-03-31": "1166.00000", "2016-12-31": "-248.00000", "2016-09-30": "1270.00000", "2016-06-30": "1269.00000", "2016-03-31": "1131.00000", "2015-12-31": "1331.00000", "2015-09-30": "1257.00000", "2015-06-30": "1230.00000", "2015-03-31": "1026.00000", "2014-12-31": "453.00000", "2014-09-30": "1214.00000", "2014-06-30": "454.00000", "2014-03-31": "911.00000", "2013-12-31": "1167.00000", "2013-09-30": "1097.00000", "2013-06-30": "1071.00000", "2013-03-31": "1037.00000", "2012-12-31": "-1748.00000", "2012-09-30": "469.00000", "2012-06-30": "1116.00000", "2012-03-31": "970.00000", "2011-12-31": "725.00000", "2011-09-30": "1072.00000", "2011-06-30": "1092.00000", "2011-03-31": "915.00000", "2010-12-31": "969.00000", "2010-09-30": "991.00000", "2010-06-30": "845.00000", "2010-03-31": "533.00000", "2009-12-31": "573.00000", "2009-09-30": "549.00000", "2009-06-30": "445.00000", "2009-03-31": "401.00000", "2008-12-31": "254.00000", "2008-09-30": "970.00000", "2008-06-30": "873.00000", "2008-03-31": "906.00000", "2007-12-31": "-2641.00000", "2007-09-30": "1076.00000", "2007-06-30": "1104.00000", "2007-03-31": "843.00000", "2006-12-31": "1128.00000", "2006-09-30": "1038.00000", "2006-06-30": "1061.00000", "2006-03-31": "975.00000", "2005-12-31": "1049.00000", "2005-09-30": "953.00000", "2005-06-30": "986.00000", "2005-03-31": "882.00000"}, "Income From Discontinued Operations": {"2020-12-31": "", "2020-09-30": "", "2020-06-30": "", "2020-03-31": "", "2019-12-31": "", "2019-09-30": "", "2019-06-30": "", "2019-03-31": "", "2018-12-31": "", "2018-09-30": "", "2018-06-30": "", "2018-03-31": "", "2017-12-31": "", "2017-09-30": "", "2017-06-30": "", "2017-03-31": "", "2016-12-31": "", "2016-09-30": "", "2016-06-30": "", "2016-03-31": "", "2015-12-31": "", "2015-09-30": "", "2015-06-30": "", "2015-03-31": "", "2014-12-31": "", "2014-09-30": "", "2014-06-30": "", "2014-03-31": "", "2013-12-31": "", "2013-09-30": "", "2013-06-30": "", "2013-03-31": "", "2012-12-31": "", "2012-09-30": "", "2012-06-30": "", "2012-03-31": "", "2011-12-31": "", "2011-09-30": "", "2011-06-30": "", "2011-03-31": "", "2010-12-31": "", "2010-09-30": "", "2010-06-30": "", "2010-03-31": "", "2009-12-31": "", "2009-09-30": "", "2009-06-30": "", "2009-03-31": "", "2008-12-31": "", "2008-09-30": "", "2008-06-30": "", "2008-03-31": "", "2007-12-31": "", "2007-09-30": "", "2007-06-30": "", "2007-03-31": "", "2006-12-31": "", "2006-09-30": "", "2006-06-30": "", "2006-03-31": "", "2005-12-31": "", "2005-09-30": "", "2005-06-30": "", "2005-03-31": ""}, "Net Income": {"2020-12-31": "-3263.00000", "2020-09-30": "1957.00000", "2020-06-30": "1768.00000", "2020-03-31": "965.00000", "2019-12-31": "-106.00000", "2019-09-30": "1750.00000", "2019-06-30": "1685.00000", "2019-03-31": "1111.00000", "2018-12-31": "453.00000", "2018-09-30": "1508.00000", "2018-06-30": "1485.00000", "2018-03-31": "1345.00000", "2017-12-31": "1096.00000", "2017-09-30": "1259.00000", "2017-06-30": "1384.00000", "2017-03-31": "1166.00000", "2016-12-31": "-248.00000", "2016-09-30": "1270.00000", "2016-06-30": "1269.00000", "2016-03-31": "1131.00000", "2015-12-31": "1331.00000", "2015-09-30": "1257.00000", "2015-06-30": "1230.00000", "2015-03-31": "1026.00000", "2014-12-31": "453.00000", "2014-09-30": "1214.00000", "2014-06-30": "454.00000", "2014-03-31": "911.00000", "2013-12-31": "1167.00000", "2013-09-30": "1097.00000", "2013-06-30": "1071.00000", "2013-03-31": "1037.00000", "2012-12-31": "-1748.00000", "2012-09-30": "469.00000", "2012-06-30": "1116.00000", "2012-03-31": "970.00000", "2011-12-31": "725.00000", "2011-09-30": "1072.00000", "2011-06-30": "1092.00000", "2011-03-31": "915.00000", "2010-12-31": "969.00000", "2010-09-30": "991.00000", "2010-06-30": "845.00000", "2010-03-31": "533.00000", "2009-12-31": "573.00000", "2009-09-30": "549.00000", "2009-06-30": "445.00000", "2009-03-31": "401.00000", "2008-12-31": "254.00000", "2008-09-30": "970.00000", "2008-06-30": "873.00000", "2008-03-31": "906.00000", "2007-12-31": "-2641.00000", "2007-09-30": "1076.00000", "2007-06-30": "1104.00000", "2007-03-31": "843.00000", "2006-12-31": "1128.00000", "2006-09-30": "1038.00000", "2006-06-30": "1061.00000", "2006-03-31": "975.00000", "2005-12-31": "1049.00000", "2005-09-30": "953.00000", "2005-06-30": "986.00000", "2005-03-31": "882.00000"}, "EBITDA": {"2020-12-31": "", "2020-09-30": "3040.00000", "2020-06-30": "2873.00000", "2020-03-31": "1720.00000", "2019-12-31": "2763.00000", "2019-09-30": "2715.00000", "2019-06-30": "2718.00000", "2019-03-31": "1962.00000", "2018-12-31": "2549.00000", "2018-09-30": "2251.00000", "2018-06-30": "2315.00000", "2018-03-31": "2116.00000", "2017-12-31": "2657.00000", "2017-09-30": "2384.00000", "2017-06-30": "2599.00000", "2017-03-31": "2171.00000", "2016-12-31": "2356.00000", "2016-09-30": "2588.00000", "2016-06-30": "2593.00000", "2016-03-31": "2375.00000", "2015-12-31": "2592.00000", "2015-09-30": "2511.00000", "2015-06-30": "2470.00000", "2015-03-31": "2179.00000", "2014-12-31": "1251.00000", "2014-09-30": "2439.00000", "2014-06-30": "1220.00000", "2014-03-31": "1981.00000", "2013-12-31": "2375.00000", "2013-09-30": "2264.00000", "2013-06-30": "2208.00000", "2013-03-31": "2054.00000", "2012-12-31": "-2306.00000", "2012-09-30": "1230.00000", "2012-06-30": "2249.00000", "2012-03-31": "2028.00000", "2011-12-31": "1648.00000", "2011-09-30": "2113.00000", "2011-06-30": "2188.00000", "2011-03-31": "1913.00000", "2010-12-31": "2025.00000", "2010-09-30": "2064.00000", "2010-06-30": "1851.00000", "2010-03-31": "1493.00000", "2009-12-31": "1416.00000", "2009-09-30": "1370.00000", "2009-06-30": "1321.00000", "2009-03-31": "1148.00000", "2008-12-31": "1257.00000", "2008-09-30": "2088.00000", "2008-06-30": "1906.00000", "2008-03-31": "1945.00000", "2007-12-31": "-3810.00000", "2007-09-30": "2143.00000", "2007-06-30": "2196.00000", "2007-03-31": "1794.00000", "2006-12-31": "2241.00000", "2006-09-30": "2017.00000", "2006-06-30": "2131.00000", "2006-03-31": "1994.00000", "2005-12-31": "2142.00000", "2005-09-30": "1910.00000", "2005-06-30": "1952.00000", "2005-03-31": "1783.00000"}, "EBIT": {"2020-12-31": "2167.00000", "2020-09-30": "2363.00000", "2020-06-30": "2212.00000", "2020-03-31": "1072.00000", "2019-12-31": "2133.00000", "2019-09-30": "2128.00000", "2019-06-30": "2143.00000", "2019-03-31": "1394.00000", "2018-12-31": "2004.00000", "2018-09-30": "1727.00000", "2018-06-30": "1773.00000", "2018-03-31": "1520.00000", "2017-12-31": "2063.00000", "2017-09-30": "1812.00000", "2017-06-30": "2037.00000", "2017-03-31": "1617.00000", "2016-12-31": "1793.00000", "2016-09-30": "2034.00000", "2016-06-30": "2038.00000", "2016-03-31": "1823.00000", "2015-12-31": "2051.00000", "2015-09-30": "1984.00000", "2015-06-30": "1960.00000", "2015-03-31": "1673.00000", "2014-12-31": "754.00000", "2014-09-30": "1954.00000", "2014-06-30": "747.00000", "2014-03-31": "1513.00000", "2013-12-31": "1908.00000", "2013-09-30": "1804.00000", "2013-06-30": "1742.00000", "2013-03-31": "1580.00000", "2012-12-31": "-2782.00000", "2012-09-30": "766.00000", "2012-06-30": "1790.00000", "2012-03-31": "1569.00000", "2011-12-31": "1197.00000", "2011-09-30": "1666.00000", "2011-06-30": "1745.00000", "2011-03-31": "1472.00000", "2010-12-31": "1581.00000", "2010-09-30": "1616.00000", "2010-06-30": "1402.00000", "2010-03-31": "1042.00000", "2009-12-31": "966.00000", "2009-09-30": "929.00000", "2009-06-30": "895.00000", "2009-03-31": "718.00000", "2008-12-31": "803.00000", "2008-09-30": "1632.00000", "2008-06-30": "1454.00000", "2008-03-31": "1493.00000", "2007-12-31": "-4253.00000", "2007-09-30": "1708.00000", "2007-06-30": "1765.00000", "2007-03-31": "1358.00000", "2006-12-31": "1809.00000", "2006-09-30": "1576.00000", "2006-06-30": "1695.00000", "2006-03-31": "1555.00000", "2005-12-31": "1711.00000", "2005-09-30": "1498.00000", "2005-06-30": "1549.00000", "2005-03-31": "1385.00000"}, "Basic Shares Outstanding": {"2020-12-31": "871.00000", "2020-09-30": "868.00000", "2020-06-30": "866.00000", "2020-03-31": "864.00000", "2019-12-31": "864.00000", "2019-09-30": "864.00000", "2019-06-30": "865.00000", "2019-03-31": "866.00000", "2018-12-31": "866.00000", "2018-09-30": "865.00000", "2018-06-30": "861.00000", "2018-03-31": "866.00000", "2017-12-31": "871.00000", "2017-09-30": "864.00000", "2017-06-30": "872.00000", "2017-03-31": "874.00000", "2016-12-31": "883.00000", "2016-09-30": "876.00000", "2016-06-30": "886.00000", "2016-03-31": "889.00000", "2015-12-31": "901.00000", "2015-09-30": "895.00000", "2015-06-30": "901.00000", "2015-03-31": "903.00000", "2014-12-31": "916.00000", "2014-09-30": "913.00000", "2014-06-30": "918.00000", "2014-03-31": "921.00000", "2013-12-31": "940.00000", "2013-09-30": "935.00000", "2013-06-30": "943.00000", "2013-03-31": "952.00000", "2012-12-31": "960.00000", "2012-09-30": "961.00000", "2012-06-30": "962.00000", "2012-03-31": "962.00000", "2011-12-31": "981.00000", "2011-09-30": "977.00000", "2011-06-30": "988.00000", "2011-03-31": "992.00000", "2010-12-31": "994.00000", "2010-09-30": "994.00000", "2010-06-30": "994.00000", "2010-03-31": "995.00000", "2009-12-31": "998.00000", "2009-09-30": "997.00000", "2009-06-30": "998.00000", "2009-03-31": "995.00000", "2008-12-31": "1016.00000", "2008-09-30": "1006.00000", "2008-06-30": "1019.00000", "2008-03-31": "1034.00000", "2007-12-31": "1055.00000", "2007-09-30": "1051.00000", "2007-06-30": "1058.00000", "2007-03-31": "1070.00000", "2006-12-31": "1082.00000", "2006-09-30": "1080.00000", "2006-06-30": "1087.00000", "2006-03-31": "1096.00000", "2005-12-31": "1113.00000", "2005-09-30": "1106.00000", "2005-06-30": "1116.00000", "2005-03-31": "1124.00000"}, "Shares Outstanding": {"2020-12-31": "871.00000", "2020-09-30": "872.00000", "2020-06-30": "869.00000", "2020-03-31": "869.00000", "2019-12-31": "869.00000", "2019-09-30": "870.00000", "2019-06-30": "869.00000", "2019-03-31": "869.00000", "2018-12-31": "870.00000", "2018-09-30": "870.00000", "2018-06-30": "866.00000", "2018-03-31": "870.00000", "2017-12-31": "875.00000", "2017-09-30": "869.00000", "2017-06-30": "876.00000", "2017-03-31": "879.00000", "2016-12-31": "887.00000", "2016-09-30": "880.00000", "2016-06-30": "890.00000", "2016-03-31": "894.00000", "2015-12-31": "906.00000", "2015-09-30": "903.00000", "2015-06-30": "908.00000", "2015-03-31": "913.00000", "2014-12-31": "924.00000", "2014-09-30": "922.00000", "2014-06-30": "927.00000", "2014-03-31": "923.00000", "2013-12-31": "948.00000", "2013-09-30": "944.00000", "2013-06-30": "952.00000", "2013-03-31": "960.00000", "2012-12-31": "969.00000", "2012-09-30": "970.00000", "2012-06-30": "971.00000", "2012-03-31": "972.00000", "2011-12-31": "991.00000", "2011-09-30": "987.00000", "2011-06-30": "998.00000", "2011-03-31": "1002.00000", "2010-12-31": "1003.00000", "2010-09-30": "1004.00000", "2010-06-30": "1003.00000", "2010-03-31": "1004.00000", "2009-12-31": "1004.00000", "2009-09-30": "1004.00000", "2009-06-30": "1004.00000", "2009-03-31": "997.00000", "2008-12-31": "1022.00000", "2008-09-30": "1013.00000", "2008-06-30": "1021.00000", "2008-03-31": "1037.00000", "2007-12-31": "1063.00000", "2007-09-30": "1058.00000", "2007-06-30": "1060.00000", "2007-03-31": "1075.00000", "2006-12-31": "1089.00000", "2006-09-30": "1085.00000", "2006-06-30": "1092.00000", "2006-03-31": "1100.00000", "2005-12-31": "1116.00000", "2005-09-30": "1109.00000", "2005-06-30": "1119.00000", "2005-03-31": "1127.00000"}, "Basic EPS": {"2020-12-31": "-3.75000", "2020-09-30": "2.25000", "2020-06-30": "2.04000", "2020-03-31": "1.12000", "2019-12-31": "-0.12000", "2019-09-30": "2.03000", "2019-06-30": "1.95000", "2019-03-31": "1.28000", "2018-12-31": "0.53000", "2018-09-30": "1.74000", "2018-06-30": "1.71000", "2018-03-31": "1.55000", "2017-12-31": "1.26000", "2017-09-30": "1.45000", "2017-06-30": "1.59000", "2017-03-31": "1.33000", "2016-12-31": "-0.26000", "2016-09-30": "1.44000", "2016-06-30": "1.43000", "2016-03-31": "1.27000", "2015-12-31": "1.48000", "2015-09-30": "1.40000", "2015-06-30": "1.37000", "2015-03-31": "1.13000", "2014-12-31": "0.50000", "2014-09-30": "1.33000", "2014-06-30": "0.49000", "2014-03-31": "0.99000", "2013-12-31": "1.25000", "2013-09-30": "1.17000", "2013-06-30": "1.14000", "2013-03-31": "1.09000", "2012-12-31": "-1.82000", "2012-09-30": "0.49000", "2012-06-30": "1.16000", "2012-03-31": "1.01000", "2011-12-31": "0.75000", "2011-09-30": "1.10000", "2011-06-30": "1.11000", "2011-03-31": "0.92000", "2010-12-31": "0.97000", "2010-09-30": "1.00000", "2010-06-30": "0.85000", "2010-03-31": "0.54000", "2009-12-31": "0.57000", "2009-09-30": "0.55000", "2009-06-30": "0.45000", "2009-03-31": "0.40000", "2008-12-31": "0.27000", "2008-09-30": "0.96000", "2008-06-30": "0.86000", "2008-03-31": "0.87000", "2007-12-31": "-2.49000", "2007-09-30": "1.02000", "2007-06-30": "1.04000", "2007-03-31": "0.79000", "2006-12-31": "1.04000", "2006-09-30": "0.96000", "2006-06-30": "0.98000", "2006-03-31": "0.89000", "2005-12-31": "0.96000", "2005-09-30": "0.86000", "2005-06-30": "0.88000", "2005-03-31": "0.78000"}, "EPS - Earnings Per Share": {"2020-12-31": "-3.75000", "2020-09-30": "2.24000", "2020-06-30": "2.03000", "2020-03-31": "1.11000", "2019-12-31": "-0.12000", "2019-09-30": "2.01000", "2019-06-30": "1.94000", "2019-03-31": "1.28000", "2018-12-31": "0.52000", "2018-09-30": "1.73000", "2018-06-30": "1.71000", "2018-03-31": "1.55000", "2017-12-31": "1.26000", "2017-09-30": "1.44000", "2017-06-30": "1.58000", "2017-03-31": "1.33000", "2016-12-31": "-0.28000", "2016-09-30": "1.44000", "2016-06-30": "1.43000", "2016-03-31": "1.27000", "2015-12-31": "1.49000", "2015-09-30": "1.39000", "2015-06-30": "1.35000", "2015-03-31": "1.12000", "2014-12-31": "0.49000", "2014-09-30": "1.32000", "2014-06-30": "0.49000", "2014-03-31": "0.98000", "2013-12-31": "1.24000", "2013-09-30": "1.16000", "2013-06-30": "1.13000", "2013-03-31": "1.08000", "2012-12-31": "-1.80000", "2012-09-30": "0.48000", "2012-06-30": "1.15000", "2012-03-31": "1.00000", "2011-12-31": "0.75000", "2011-09-30": "1.09000", "2011-06-30": "1.09000", "2011-03-31": "0.91000", "2010-12-31": "0.97000", "2010-09-30": "0.99000", "2010-06-30": "0.84000", "2010-03-31": "0.53000", "2009-12-31": "0.57000", "2009-09-30": "0.55000", "2009-06-30": "0.44000", "2009-03-31": "0.40000", "2008-12-31": "0.26000", "2008-09-30": "0.96000", "2008-06-30": "0.85000", "2008-03-31": "0.87000", "2007-12-31": "-2.48000", "2007-09-30": "1.02000", "2007-06-30": "1.04000", "2007-03-31": "0.78000", "2006-12-31": "1.04000", "2006-09-30": "0.96000", "2006-06-30": "0.97000", "2006-03-31": "0.89000", "2005-12-31": "0.95000", "2005-09-30": "0.86000", "2005-06-30": "0.88000", "2005-03-31": "0.78000"}}, "balance sheet": {"Cash On Hand": {"2020-12-31": "6316.00000", "2019-12-31": "5741.00000", "2018-12-31": "5035.00000", "2017-12-31": "4069.00000", "2016-12-31": "4567.00000", "2015-12-31": "4726.00000", "2014-12-31": "3283.00000", "2013-12-31": "5245.00000", "2012-12-31": "7924.00000", "2011-12-31": "4275.00000", "2010-12-31": "4081.00000", "2009-12-31": "2100.00000", "2008-12-31": "1049.00000", "2007-12-31": "2604.00000", "2006-12-31": "1983.00000", "2005-12-31": "3041.00000"}, "Receivables": {"2020-12-31": "10750.00000", "2019-12-31": "9934.00000", "2018-12-31": "9898.00000", "2017-12-31": "10346.00000", "2016-12-31": "8328.00000", "2015-12-31": "7134.00000", "2014-12-31": "6661.00000", "2013-12-31": "6502.00000", "2012-12-31": "6111.00000", "2011-12-31": "6246.00000", "2010-12-31": "5627.00000", "2009-12-31": "5922.00000", "2008-12-31": "6194.00000", "2007-12-31": "7808.00000", "2006-12-31": "6285.00000", "2005-12-31": "6154.00000"}, "Inventory": {"2020-12-31": "", "2019-12-31": "", "2018-12-31": "", "2017-12-31": "", "2016-12-31": "", "2015-12-31": "", "2014-12-31": "", "2013-12-31": "", "2012-12-31": "", "2011-12-31": "", "2010-12-31": "", "2009-12-31": "", "2008-12-31": "", "2007-12-31": "", "2006-12-31": "", "2005-12-31": ""}, "Pre-Paid Expenses": {"2020-12-31": "", "2019-12-31": "", "2018-12-31": "", "2017-12-31": "", "2016-12-31": "", "2015-12-31": "", "2014-12-31": "", "2013-12-31": "", "2012-12-31": "", "2011-12-31": "", "2010-12-31": "", "2009-12-31": "", "2008-12-31": "", "2007-12-31": "", "2006-12-31": "", "2005-12-31": ""}, "Other Current Assets": {"2020-12-31": "3234.00000", "2019-12-31": "1428.00000", "2018-12-31": "1277.00000", "2017-12-31": "1303.00000", "2016-12-31": "954.00000", "2015-12-31": "1348.00000", "2014-12-31": "1274.00000", "2013-12-31": "956.00000", "2012-12-31": "973.00000", "2011-12-31": "1152.00000", "2010-12-31": "1202.00000", "2009-12-31": "668.00000", "2008-12-31": "1108.00000", "2007-12-31": "742.00000", "2006-12-31": "695.00000", "2005-12-31": "1058.00000"}, "Total Current Assets": {"2020-12-31": "20300.00000", "2019-12-31": "17103.00000", "2018-12-31": "16210.00000", "2017-12-31": "15718.00000", "2016-12-31": "13849.00000", "2015-12-31": "13208.00000", "2014-12-31": "11218.00000", "2013-12-31": "13387.00000", "2012-12-31": "15591.00000", "2011-12-31": "12284.00000", "2010-12-31": "11569.00000", "2009-12-31": "9275.00000", "2008-12-31": "8845.00000", "2007-12-31": "11760.00000", "2006-12-31": "9377.00000", "2005-12-31": "10728.00000"}, "Property, Plant, And Equipment": {"2020-12-31": "32254.00000", "2019-12-31": "30482.00000", "2018-12-31": "26576.00000", "2017-12-31": "22118.00000", "2016-12-31": "18800.00000", "2015-12-31": "18352.00000", "2014-12-31": "18281.00000", "2013-12-31": "17961.00000", "2012-12-31": "17894.00000", "2011-12-31": "17621.00000", "2010-12-31": "17387.00000", "2009-12-31": "17979.00000", "2008-12-31": "18265.00000", "2007-12-31": "17663.00000", "2006-12-31": "16779.00000", "2005-12-31": "15289.00000"}, "Long-Term Investments": {"2020-12-31": "", "2019-12-31": "", "2018-12-31": "", "2017-12-31": "", "2016-12-31": "", "2015-12-31": "", "2014-12-31": "", "2013-12-31": "", "2012-12-31": "", "2011-12-31": "", "2010-12-31": "", "2009-12-31": "", "2008-12-31": "", "2007-12-31": "", "2006-12-31": "", "2005-12-31": ""}, "Goodwill And Intangible Assets": {"2020-12-31": "5641.00000", "2019-12-31": "5980.00000", "2018-12-31": "5886.00000", "2017-12-31": "5836.00000", "2016-12-31": "5515.00000", "2015-12-31": "4968.00000", "2014-12-31": "3031.00000", "2013-12-31": "2965.00000", "2012-12-31": "2776.00000", "2011-12-31": "2686.00000", "2010-12-31": "2680.00000", "2009-12-31": "2685.00000", "2008-12-31": "2497.00000", "2007-12-31": "3205.00000", "2006-12-31": "3221.00000", "2005-12-31": "3233.00000"}, "Other Long-Term Assets": {"2020-12-31": "697.00000", "2019-12-31": "1106.00000", "2018-12-31": "1203.00000", "2017-12-31": "1636.00000", "2016-12-31": "1622.00000", "2015-12-31": "1528.00000", "2014-12-31": "1691.00000", "2013-12-31": "1789.00000", "2012-12-31": "1918.00000", "2011-12-31": "1992.00000", "2010-12-31": "1961.00000", "2009-12-31": "1607.00000", "2008-12-31": "1796.00000", "2007-12-31": "1562.00000", "2006-12-31": "1415.00000", "2005-12-31": "1294.00000"}, "Total Long-Term Assets": {"2020-12-31": "42192.00000", "2019-12-31": "40754.00000", "2018-12-31": "33806.00000", "2017-12-31": "29856.00000", "2016-12-31": "26528.00000", "2015-12-31": "25103.00000", "2014-12-31": "24222.00000", "2013-12-31": "22825.00000", "2012-12-31": "23272.00000", "2011-12-31": "22417.00000", "2010-12-31": "22028.00000", "2009-12-31": "22608.00000", "2008-12-31": "23034.00000", "2007-12-31": "27282.00000", "2006-12-31": "23833.00000", "2005-12-31": "24219.00000"}, "Total Assets": {"2020-12-31": "62492.00000", "2019-12-31": "57857.00000", "2018-12-31": "50016.00000", "2017-12-31": "45574.00000", "2016-12-31": "40377.00000", "2015-12-31": "38311.00000", "2014-12-31": "35440.00000", "2013-12-31": "36212.00000", "2012-12-31": "38863.00000", "2011-12-31": "34701.00000", "2010-12-31": "33597.00000", "2009-12-31": "31883.00000", "2008-12-31": "31879.00000", "2007-12-31": "39042.00000", "2006-12-31": "33210.00000", "2005-12-31": "34947.00000"}, "Total Current Liabilities": {"2020-12-31": "17016.00000", "2019-12-31": "15413.00000", "2018-12-31": "14087.00000", "2017-12-31": "12886.00000", "2016-12-31": "11730.00000", "2015-12-31": "10696.00000", "2014-12-31": "8621.00000", "2013-12-31": "7131.00000", "2012-12-31": "8390.00000", "2011-12-31": "6514.00000", "2010-12-31": "5902.00000", "2009-12-31": "6239.00000", "2008-12-31": "7817.00000", "2007-12-31": "9840.00000", "2006-12-31": "6719.00000", "2005-12-31": "6518.00000"}, "Long Term Debt": {"2020-12-31": "22031.00000", "2019-12-31": "21818.00000", "2018-12-31": "19931.00000", "2017-12-31": "20278.00000", "2016-12-31": "12394.00000", "2015-12-31": "11316.00000", "2014-12-31": "9856.00000", "2013-12-31": "10824.00000", "2012-12-31": "11089.00000", "2011-12-31": "11095.00000", "2010-12-31": "10491.00000", "2009-12-31": "8668.00000", "2008-12-31": "7797.00000", "2007-12-31": "7506.00000", "2006-12-31": "3133.00000", "2005-12-31": "3159.00000"}, "Other Non-Current Liabilities": {"2020-12-31": "3847.00000", "2019-12-31": "2719.00000", "2018-12-31": "2995.00000", "2017-12-31": "3569.00000", "2016-12-31": "3018.00000", "2015-12-31": "3055.00000", "2014-12-31": "3275.00000", "2013-12-31": "3474.00000", "2012-12-31": "3535.00000", "2011-12-31": "2579.00000", "2010-12-31": "2624.00000", "2009-12-31": "2530.00000", "2008-12-31": "2574.00000", "2007-12-31": "2455.00000", "2006-12-31": "2599.00000", "2005-12-31": "2507.00000"}, "Total Long Term Liabilities": {"2020-12-31": "44723.00000", "2019-12-31": "39161.00000", "2018-12-31": "32892.00000", "2017-12-31": "31664.00000", "2016-12-31": "28218.00000", "2015-12-31": "25124.00000", "2014-12-31": "24661.00000", "2013-12-31": "22593.00000", "2012-12-31": "25740.00000", "2011-12-31": "21079.00000", "2010-12-31": "19648.00000", "2009-12-31": "17948.00000", "2008-12-31": "17282.00000", "2007-12-31": "17019.00000", "2006-12-31": "11009.00000", "2005-12-31": "11545.00000"}, "Total Liabilities": {"2020-12-31": "61739.00000", "2019-12-31": "54574.00000", "2018-12-31": "46979.00000", "2017-12-31": "44550.00000", "2016-12-31": "39948.00000", "2015-12-31": "35820.00000", "2014-12-31": "33282.00000", "2013-12-31": "29724.00000", "2012-12-31": "34130.00000", "2011-12-31": "27593.00000", "2010-12-31": "25550.00000", "2009-12-31": "24187.00000", "2008-12-31": "25099.00000", "2007-12-31": "26859.00000", "2006-12-31": "17728.00000", "2005-12-31": "18063.00000"}, "Common Stock Net": {"2020-12-31": "9.00000", "2019-12-31": "9.00000", "2018-12-31": "9.00000", "2017-12-31": "9.00000", "2016-12-31": "9.00000", "2015-12-31": "9.00000", "2014-12-31": "9.00000", "2013-12-31": "9.00000", "2012-12-31": "10.00000", "2011-12-31": "10.00000", "2010-12-31": "10.00000", "2009-12-31": "10.00000", "2008-12-31": "10.00000", "2007-12-31": "10.00000", "2006-12-31": "11.00000", "2005-12-31": "11.00000"}, "Retained Earnings (Accumulated Deficit)": {"2020-12-31": "6980.00000", "2019-12-31": "9105.00000", "2018-12-31": "8006.00000", "2017-12-31": "5852.00000", "2016-12-31": "4879.00000", "2015-12-31": "6001.00000", "2014-12-31": "5726.00000", "2013-12-31": "6925.00000", "2012-12-31": "7997.00000", "2011-12-31": "10128.00000", "2010-12-31": "10604.00000", "2009-12-31": "12745.00000", "2008-12-31": "12412.00000", "2007-12-31": "14186.00000", "2006-12-31": "17676.00000", "2005-12-31": "17037.00000"}, "Comprehensive Income": {"2020-12-31": "-7113.00000", "2019-12-31": "-5997.00000", "2018-12-31": "-4994.00000", "2017-12-31": "-4867.00000", "2016-12-31": "-4483.00000", "2015-12-31": "-3540.00000", "2014-12-31": "-3594.00000", "2013-12-31": "-460.00000", "2012-12-31": "-3354.00000", "2011-12-31": "-3103.00000", "2010-12-31": "-2635.00000", "2009-12-31": "-5127.00000", "2008-12-31": "-5642.00000", "2007-12-31": "-2013.00000", "2006-12-31": "-2205.00000", "2005-12-31": "-164.00000"}, "Other Share Holders Equity": {"2020-12-31": "", "2019-12-31": "", "2018-12-31": "", "2017-12-31": "", "2016-12-31": "", "2015-12-31": "", "2014-12-31": "", "2013-12-31": "", "2012-12-31": "", "2011-12-31": "", "2010-12-31": "", "2009-12-31": "", "2008-12-31": "", "2007-12-31": "", "2006-12-31": "", "2005-12-31": ""}, "Share Holder Equity": {"2020-12-31": "753.00000", "2019-12-31": "3283.00000", "2018-12-31": "3037.00000", "2017-12-31": "1024.00000", "2016-12-31": "429.00000", "2015-12-31": "2491.00000", "2014-12-31": "2158.00000", "2013-12-31": "6488.00000", "2012-12-31": "4733.00000", "2011-12-31": "7108.00000", "2010-12-31": "8047.00000", "2009-12-31": "7696.00000", "2008-12-31": "6780.00000", "2007-12-31": "12183.00000", "2006-12-31": "15482.00000", "2005-12-31": "16884.00000"}, "Total Liabilities And Share Holders Equity": {"2020-12-31": "62492.00000", "2019-12-31": "57857.00000", "2018-12-31": "50016.00000", "2017-12-31": "45574.00000", "2016-12-31": "40377.00000", "2015-12-31": "38311.00000", "2014-12-31": "35440.00000", "2013-12-31": "36212.00000", "2012-12-31": "38863.00000", "2011-12-31": "34701.00000", "2010-12-31": "33597.00000", "2009-12-31": "31883.00000", "2008-12-31": "31879.00000", "2007-12-31": "39042.00000", "2006-12-31": "33210.00000", "2005-12-31": "34947.00000"}}, "balance sheet, quarterly": {"Cash On Hand": {"2020-12-31": "6316.00000", "2020-09-30": "9241.00000", "2020-06-30": "9216.00000", "2020-03-31": "9460.00000", "2019-12-31": "5741.00000", "2019-09-30": "4538.00000", "2019-06-30": "4797.00000", "2019-03-31": "5111.00000", "2018-12-31": "5035.00000", "2018-09-30": "4841.00000", "2018-06-30": "4934.00000", "2018-03-31": "4209.00000", "2017-12-31": "4069.00000", "2017-09-30": "4461.00000", "2017-06-30": "4604.00000", "2017-03-31": "3718.00000", "2016-12-31": "4567.00000", "2016-09-30": "5358.00000", "2016-06-30": "5672.00000", "2016-03-31": "6267.00000", "2015-12-31": "4726.00000", "2015-09-30": "5689.00000", "2015-06-30": "6222.00000", "2015-03-31": "6417.00000", "2014-12-31": "3283.00000", "2014-09-30": "5571.00000", "2014-06-30": "4599.00000", "2014-03-31": "7035.00000", "2013-12-31": "5245.00000", "2013-09-30": "6649.00000", "2013-06-30": "6192.00000", "2013-03-31": "7332.00000", "2012-12-31": "7924.00000", "2012-09-30": "9016.00000", "2012-06-30": "7322.00000", "2012-03-31": "6080.00000", "2011-12-31": "4275.00000", "2011-09-30": "5453.00000", "2011-06-30": "5637.00000", "2011-03-31": "5444.00000", "2010-12-31": "4081.00000", "2010-09-30": "3752.00000", "2010-06-30": "4007.00000", "2010-03-31": "3115.00000", "2009-12-31": "2100.00000", "2009-09-30": "2788.00000", "2009-06-30": "3347.00000", "2009-03-31": "4346.00000", "2008-12-31": "1049.00000", "2008-09-30": "1762.00000", "2008-06-30": "1689.00000", "2008-03-31": "1484.00000", "2007-12-31": "2604.00000", "2007-09-30": "1999.00000", "2007-06-30": "2121.00000", "2007-03-31": "2398.00000", "2006-12-31": "1983.00000", "2006-09-30": "2241.00000", "2006-06-30": "2850.00000", "2006-03-31": "3131.00000", "2005-12-31": "3041.00000", "2005-09-30": "3906.00000", "2005-06-30": "5504.00000", "2005-03-31": "5229.00000"}, "Receivables": {"2020-12-31": "10750.00000", "2020-09-30": "8993.00000", "2020-06-30": "9230.00000", "2020-03-31": "8126.00000", "2019-12-31": "9552.00000", "2019-09-30": "8155.00000", "2019-06-30": "8672.00000", "2019-03-31": "8460.00000", "2018-12-31": "9898.00000", "2018-09-30": "7814.00000", "2018-06-30": "7670.00000", "2018-03-31": "7894.00000", "2017-12-31": "10346.00000", "2017-09-30": "6937.00000", "2017-06-30": "6553.00000", "2017-03-31": "6475.00000", "2016-12-31": "8328.00000", "2016-09-30": "6272.00000", "2016-06-30": "6111.00000", "2016-03-31": "6241.00000", "2015-12-31": "7134.00000", "2015-09-30": "6055.00000", "2015-06-30": "5618.00000", "2015-03-31": "5724.00000", "2014-12-31": "6661.00000", "2014-09-30": "5822.00000", "2014-06-30": "5845.00000", "2014-03-31": "5804.00000", "2013-12-31": "6502.00000", "2013-09-30": "5592.00000", "2013-06-30": "5438.00000", "2013-03-31": "5617.00000", "2012-12-31": "6111.00000", "2012-09-30": "5545.00000", "2012-06-30": "5541.00000", "2012-03-31": "5637.00000", "2011-12-31": "6246.00000", "2011-09-30": "5584.00000", "2011-06-30": "5951.00000", "2011-03-31": "5781.00000", "2010-12-31": "5627.00000", "2010-09-30": "5629.00000", "2010-06-30": "5660.00000", "2010-03-31": "5599.00000", "2009-12-31": "5922.00000", "2009-09-30": "5156.00000", "2009-06-30": "4894.00000", "2009-03-31": "5088.00000", "2008-12-31": "6194.00000", "2008-09-30": "6711.00000", "2008-06-30": "6722.00000", "2008-03-31": "6596.00000", "2007-12-31": "7808.00000", "2007-09-30": "6146.00000", "2007-06-30": "5967.00000", "2007-03-31": "5899.00000", "2006-12-31": "6285.00000", "2006-09-30": "6360.00000", "2006-06-30": "6187.00000", "2006-03-31": "6178.00000", "2005-12-31": "6154.00000", "2005-09-30": "5946.00000", "2005-06-30": "5359.00000", "2005-03-31": "5906.00000"}, "Inventory": {"2020-12-31": "", "2020-09-30": "", "2020-06-30": "", "2020-03-31": "", "2019-12-31": "", "2019-09-30": "", "2019-06-30": "", "2019-03-31": "", "2018-12-31": "", "2018-09-30": "", "2018-06-30": "", "2018-03-31": "", "2017-12-31": "", "2017-09-30": "", "2017-06-30": "", "2017-03-31": "", "2016-12-31": "", "2016-09-30": "", "2016-06-30": "", "2016-03-31": "", "2015-12-31": "", "2015-09-30": "", "2015-06-30": "", "2015-03-31": "", "2014-12-31": "", "2014-09-30": "", "2014-06-30": "", "2014-03-31": "", "2013-12-31": "", "2013-09-30": "", "2013-06-30": "", "2013-03-31": "", "2012-12-31": "", "2012-09-30": "", "2012-06-30": "", "2012-03-31": "", "2011-12-31": "", "2011-09-30": "", "2011-06-30": "", "2011-03-31": "", "2010-12-31": "", "2010-09-30": "", "2010-06-30": "", "2010-03-31": "", "2009-12-31": "", "2009-09-30": "", "2009-06-30": "", "2009-03-31": "", "2008-12-31": "", "2008-09-30": "", "2008-06-30": "", "2008-03-31": "", "2007-12-31": "", "2007-09-30": "", "2007-06-30": "", "2007-03-31": "", "2006-12-31": "", "2006-09-30": "", "2006-06-30": "", "2006-03-31": "", "2005-12-31": "", "2005-09-30": "", "2005-06-30": "", "2005-03-31": ""}, "Pre-Paid Expenses": {"2020-12-31": "", "2020-09-30": "", "2020-06-30": "", "2020-03-31": "", "2019-12-31": "", "2019-09-30": "", "2019-06-30": "", "2019-03-31": "", "2018-12-31": "", "2018-09-30": "", "2018-06-30": "", "2018-03-31": "", "2017-12-31": "", "2017-09-30": "", "2017-06-30": "", "2017-03-31": "", "2016-12-31": "", "2016-09-30": "", "2016-06-30": "", "2016-03-31": "", "2015-12-31": "", "2015-09-30": "", "2015-06-30": "", "2015-03-31": "", "2014-12-31": "", "2014-09-30": "", "2014-06-30": "", "2014-03-31": "", "2013-12-31": "", "2013-09-30": "", "2013-06-30": "", "2013-03-31": "", "2012-12-31": "", "2012-09-30": "", "2012-06-30": "", "2012-03-31": "", "2011-12-31": "", "2011-09-30": "", "2011-06-30": "", "2011-03-31": "", "2010-12-31": "", "2010-09-30": "", "2010-06-30": "", "2010-03-31": "", "2009-12-31": "", "2009-09-30": "", "2009-06-30": "", "2009-03-31": "", "2008-12-31": "", "2008-09-30": "", "2008-06-30": "", "2008-03-31": "", "2007-12-31": "", "2007-09-30": "", "2007-06-30": "", "2007-03-31": "", "2006-12-31": "", "2006-09-30": "", "2006-06-30": "", "2006-03-31": "", "2005-12-31": "", "2005-09-30": "", "2005-06-30": "", "2005-03-31": ""}, "Other Current Assets": {"2020-12-31": "3234.00000", "2020-09-30": "1696.00000", "2020-06-30": "1780.00000", "2020-03-31": "1803.00000", "2019-12-31": "1810.00000", "2019-09-30": "1491.00000", "2019-06-30": "1374.00000", "2019-03-31": "1333.00000", "2018-12-31": "1277.00000", "2018-09-30": "1336.00000", "2018-06-30": "1270.00000", "2018-03-31": "1517.00000", "2017-12-31": "1303.00000", "2017-09-30": "1512.00000", "2017-06-30": "1237.00000", "2017-03-31": "1301.00000", "2016-12-31": "954.00000", "2016-09-30": "1223.00000", "2016-06-30": "1340.00000", "2016-03-31": "1404.00000", "2015-12-31": "1348.00000", "2015-09-30": "1283.00000", "2015-06-30": "1374.00000", "2015-03-31": "1363.00000", "2014-12-31": "1274.00000", "2014-09-30": "1334.00000", "2014-06-30": "1259.00000", "2014-03-31": "1096.00000", "2013-12-31": "956.00000", "2013-09-30": "930.00000", "2013-06-30": "1032.00000", "2013-03-31": "950.00000", "2012-12-31": "973.00000", "2012-09-30": "1214.00000", "2012-06-30": "1246.00000", "2012-03-31": "1121.00000", "2011-12-31": "1152.00000", "2011-09-30": "957.00000", "2011-06-30": "701.00000", "2011-03-31": "698.00000", "2010-12-31": "1202.00000", "2010-09-30": "713.00000", "2010-06-30": "805.00000", "2010-03-31": "783.00000", "2009-12-31": "668.00000", "2009-09-30": "924.00000", "2009-06-30": "1311.00000", "2009-03-31": "1431.00000", "2008-12-31": "1108.00000", "2008-09-30": "1079.00000", "2008-06-30": "989.00000", "2008-03-31": "881.00000", "2007-12-31": "742.00000", "2007-09-30": "796.00000", "2007-06-30": "841.00000", "2007-03-31": "736.00000", "2006-12-31": "695.00000", "2006-09-30": "905.00000", "2006-06-30": "954.00000", "2006-03-31": "1034.00000", "2005-12-31": "1058.00000", "2005-09-30": "1010.00000", "2005-06-30": "1082.00000", "2005-03-31": "938.00000"}, "Total Current Assets": {"2020-12-31": "20300.00000", "2020-09-30": "19930.00000", "2020-06-30": "20226.00000", "2020-03-31": "19389.00000", "2019-12-31": "17103.00000", "2019-09-30": "14184.00000", "2019-06-30": "14843.00000", "2019-03-31": "14904.00000", "2018-12-31": "16210.00000", "2018-09-30": "13991.00000", "2018-06-30": "13874.00000", "2018-03-31": "13620.00000", "2017-12-31": "15718.00000", "2017-09-30": "12910.00000", "2017-06-30": "12394.00000", "2017-03-31": "11494.00000", "2016-12-31": "13849.00000", "2016-09-30": "12853.00000", "2016-06-30": "13123.00000", "2016-03-31": "13912.00000", "2015-12-31": "13208.00000", "2015-09-30": "13581.00000", "2015-06-30": "13768.00000", "2015-03-31": "13915.00000", "2014-12-31": "11218.00000", "2014-09-30": "13318.00000", "2014-06-30": "12341.00000", "2014-03-31": "14620.00000", "2013-12-31": "13387.00000", "2013-09-30": "13758.00000", "2013-06-30": "13226.00000", "2013-03-31": "14481.00000", "2012-12-31": "15591.00000", "2012-09-30": "16344.00000", "2012-06-30": "14702.00000", "2012-03-31": "13473.00000", "2011-12-31": "12284.00000", "2011-09-30": "12628.00000", "2011-06-30": "12950.00000", "2011-03-31": "12618.00000", "2010-12-31": "11569.00000", "2010-09-30": "10756.00000", "2010-06-30": "11024.00000", "2010-03-31": "10060.00000", "2009-12-31": "9275.00000", "2009-09-30": "9566.00000", "2009-06-30": "10182.00000", "2009-03-31": "11368.00000", "2008-12-31": "8845.00000", "2008-09-30": "10072.00000", "2008-06-30": "9924.00000", "2008-03-31": "9602.00000", "2007-12-31": "11760.00000", "2007-09-30": "9542.00000", "2007-06-30": "9462.00000", "2007-03-31": "9522.00000", "2006-12-31": "9377.00000", "2006-09-30": "10141.00000", "2006-06-30": "10525.00000", "2006-03-31": "10843.00000", "2005-12-31": "10728.00000", "2005-09-30": "11433.00000", "2005-06-30": "12474.00000", "2005-03-31": "12599.00000"}, "Property, Plant, And Equipment": {"2020-12-31": "32254.00000", "2020-09-30": "32164.00000", "2020-06-30": "31439.00000", "2020-03-31": "30908.00000", "2019-12-31": "30482.00000", "2019-09-30": "29071.00000", "2019-06-30": "28095.00000", "2019-03-31": "27247.00000", "2018-12-31": "26576.00000", "2018-09-30": "25379.00000", "2018-06-30": "23901.00000", "2018-03-31": "23239.00000", "2017-12-31": "22118.00000", "2017-09-30": "20988.00000", "2017-06-30": "19841.00000", "2017-03-31": "19225.00000", "2016-12-31": "18800.00000", "2016-09-30": "18489.00000", "2016-06-30": "18251.00000", "2016-03-31": "18285.00000", "2015-12-31": "18352.00000", "2015-09-30": "18163.00000", "2015-06-30": "17970.00000", "2015-03-31": "17901.00000", "2014-12-31": "18281.00000", "2014-09-30": "17843.00000", "2014-06-30": "17787.00000", "2014-03-31": "17769.00000", "2013-12-31": "17961.00000", "2013-09-30": "17992.00000", "2013-06-30": "17880.00000", "2013-03-31": "17888.00000", "2012-12-31": "17894.00000", "2012-09-30": "17829.00000", "2012-06-30": "17597.00000", "2012-03-31": "17614.00000", "2011-12-31": "17621.00000", "2011-09-30": "17581.00000", "2011-06-30": "17489.00000", "2011-03-31": "17407.00000", "2010-12-31": "17387.00000", "2010-09-30": "17471.00000", "2010-06-30": "17615.00000", "2010-03-31": "17758.00000", "2009-12-31": "17979.00000", "2009-09-30": "18092.00000", "2009-06-30": "17974.00000", "2009-03-31": "18000.00000", "2008-12-31": "18265.00000", "2008-09-30": "18361.00000", "2008-06-30": "18213.00000", "2008-03-31": "17921.00000", "2007-12-31": "17663.00000", "2007-09-30": "17327.00000", "2007-06-30": "16987.00000", "2007-03-31": "16738.00000", "2006-12-31": "16779.00000", "2006-09-30": "16353.00000", "2006-06-30": "15903.00000", "2006-03-31": "15450.00000", "2005-12-31": "15289.00000", "2005-09-30": "14889.00000", "2005-06-30": "14154.00000", "2005-03-31": "14058.00000"}, "Long-Term Investments": {"2020-12-31": "", "2020-09-30": "", "2020-06-30": "", "2020-03-31": "", "2019-12-31": "", "2019-09-30": "", "2019-06-30": "", "2019-03-31": "", "2018-12-31": "", "2018-09-30": "", "2018-06-30": "", "2018-03-31": "", "2017-12-31": "", "2017-09-30": "", "2017-06-30": "", "2017-03-31": "", "2016-12-31": "", "2016-09-30": "", "2016-06-30": "", "2016-03-31": "", "2015-12-31": "", "2015-09-30": "", "2015-06-30": "", "2015-03-31": "", "2014-12-31": "", "2014-09-30": "", "2014-06-30": "", "2014-03-31": "", "2013-12-31": "", "2013-09-30": "", "2013-06-30": "", "2013-03-31": "", "2012-12-31": "", "2012-09-30": "", "2012-06-30": "", "2012-03-31": "", "2011-12-31": "", "2011-09-30": "", "2011-06-30": "", "2011-03-31": "", "2010-12-31": "", "2010-09-30": "", "2010-06-30": "", "2010-03-31": "", "2009-12-31": "", "2009-09-30": "", "2009-06-30": "", "2009-03-31": "", "2008-12-31": "", "2008-09-30": "", "2008-06-30": "", "2008-03-31": "", "2007-12-31": "", "2007-09-30": "", "2007-06-30": "", "2007-03-31": "", "2006-12-31": "", "2006-09-30": "", "2006-06-30": "", "2006-03-31": "", "2005-12-31": "", "2005-09-30": "", "2005-06-30": "", "2005-03-31": ""}, "Goodwill And Intangible Assets": {"2020-12-31": "5641.00000", "2020-09-30": "6105.00000", "2020-06-30": "5994.00000", "2020-03-31": "5952.00000", "2019-12-31": "5980.00000", "2019-09-30": "5914.00000", "2019-06-30": "5932.00000", "2019-03-31": "5906.00000", "2018-12-31": "5886.00000", "2018-09-30": "5895.00000", "2018-06-30": "5865.00000", "2018-03-31": "5918.00000", "2017-12-31": "5836.00000", "2017-09-30": "5735.00000", "2017-06-30": "5674.00000", "2017-03-31": "5557.00000", "2016-12-31": "5515.00000", "2016-09-30": "4973.00000", "2016-06-30": "4977.00000", "2016-03-31": "5009.00000", "2015-12-31": "4968.00000", "2015-09-30": "4965.00000", "2015-06-30": "3092.00000", "2015-03-31": "2984.00000", "2014-12-31": "3031.00000", "2014-09-30": "2982.00000", "2014-06-30": "3032.00000", "2014-03-31": "3004.00000", "2013-12-31": "2965.00000", "2013-09-30": "2951.00000", "2013-06-30": "2827.00000", "2013-03-31": "2805.00000", "2012-12-31": "2776.00000", "2012-09-30": "2784.00000", "2012-06-30": "2767.00000", "2012-03-31": "2811.00000", "2011-12-31": "2686.00000", "2011-09-30": "2688.00000", "2011-06-30": "2694.00000", "2011-03-31": "2706.00000", "2010-12-31": "2680.00000", "2010-09-30": "2694.00000", "2010-06-30": "2678.00000", "2010-03-31": "2698.00000", "2009-12-31": "2685.00000", "2009-09-30": "2620.00000", "2009-06-30": "2488.00000", "2009-03-31": "2473.00000", "2008-12-31": "2497.00000", "2008-09-30": "3151.00000", "2008-06-30": "3220.00000", "2008-03-31": "3219.00000", "2007-12-31": "3205.00000", "2007-09-30": "3230.00000", "2007-06-30": "3225.00000", "2007-03-31": "3246.00000", "2006-12-31": "3221.00000", "2006-09-30": "3196.00000", "2006-06-30": "3276.00000", "2006-03-31": "3257.00000", "2005-12-31": "3233.00000", "2005-09-30": "3129.00000", "2005-06-30": "1965.00000", "2005-03-31": "1942.00000"}, "Other Long-Term Assets": {"2020-12-31": "697.00000", "2020-09-30": "908.00000", "2020-06-30": "1123.00000", "2020-03-31": "1306.00000", "2019-12-31": "1106.00000", "2019-09-30": "1415.00000", "2019-06-30": "1297.00000", "2019-03-31": "1308.00000", "2018-12-31": "1203.00000", "2018-09-30": "1231.00000", "2018-06-30": "1373.00000", "2018-03-31": "1423.00000", "2017-12-31": "1636.00000", "2017-09-30": "1405.00000", "2017-06-30": "1453.00000", "2017-03-31": "1578.00000", "2016-12-31": "1622.00000", "2016-09-30": "1571.00000", "2016-06-30": "1678.00000", "2016-03-31": "1634.00000", "2015-12-31": "1528.00000", "2015-09-30": "1637.00000", "2015-06-30": "1600.00000", "2015-03-31": "1777.00000", "2014-12-31": "1691.00000", "2014-09-30": "1763.00000", "2014-06-30": "1701.00000", "2014-03-31": "1692.00000", "2013-12-31": "1789.00000", "2013-09-30": "1802.00000", "2013-06-30": "1807.00000", "2013-03-31": "1957.00000", "2012-12-31": "1918.00000", "2012-09-30": "2107.00000", "2012-06-30": "2111.00000", "2012-03-31": "2065.00000", "2011-12-31": "1992.00000", "2011-09-30": "2110.00000", "2011-06-30": "1771.00000", "2011-03-31": "1588.00000", "2010-12-31": "1961.00000", "2010-09-30": "1673.00000", "2010-06-30": "1640.00000", "2010-03-31": "1651.00000", "2009-12-31": "1607.00000", "2009-09-30": "1571.00000", "2009-06-30": "1517.00000", "2009-03-31": "1503.00000", "2008-12-31": "1796.00000", "2008-09-30": "1568.00000", "2008-06-30": "1737.00000", "2008-03-31": "1816.00000", "2007-12-31": "1562.00000", "2007-09-30": "1443.00000", "2007-06-30": "1380.00000", "2007-03-31": "1439.00000", "2006-12-31": "1415.00000", "2006-09-30": "1761.00000", "2006-06-30": "1772.00000", "2006-03-31": "1800.00000", "2005-12-31": "1294.00000", "2005-09-30": "1744.00000", "2005-06-30": "1487.00000", "2005-03-31": "1407.00000"}, "Total Long-Term Assets": {"2020-12-31": "42192.00000", "2020-09-30": "42476.00000", "2020-06-30": "41831.00000", "2020-03-31": "41506.00000", "2019-12-31": "40754.00000", "2019-09-30": "39098.00000", "2019-06-30": "37944.00000", "2019-03-31": "37157.00000", "2018-12-31": "33806.00000", "2018-09-30": "32698.00000", "2018-06-30": "31349.00000", "2018-03-31": "30844.00000", "2017-12-31": "29856.00000", "2017-09-30": "28446.00000", "2017-06-30": "27330.00000", "2017-03-31": "26886.00000", "2016-12-31": "26528.00000", "2016-09-30": "25489.00000", "2016-06-30": "25216.00000", "2016-03-31": "25256.00000", "2015-12-31": "25103.00000", "2015-09-30": "25421.00000", "2015-06-30": "23483.00000", "2015-03-31": "23417.00000", "2014-12-31": "24222.00000", "2014-09-30": "22588.00000", "2014-06-30": "22520.00000", "2014-03-31": "22465.00000", "2013-12-31": "22825.00000", "2013-09-30": "23718.00000", "2013-06-30": "23477.00000", "2013-03-31": "23524.00000", "2012-12-31": "23272.00000", "2012-09-30": "22720.00000", "2012-06-30": "22475.00000", "2012-03-31": "22490.00000", "2011-12-31": "22417.00000", "2011-09-30": "22610.00000", "2011-06-30": "22202.00000", "2011-03-31": "21976.00000", "2010-12-31": "22028.00000", "2010-09-30": "22151.00000", "2010-06-30": "22245.00000", "2010-03-31": "22444.00000", "2009-12-31": "22608.00000", "2009-09-30": "22645.00000", "2009-06-30": "22358.00000", "2009-03-31": "22405.00000", "2008-12-31": "23034.00000", "2008-09-30": "28093.00000", "2008-06-30": "28132.00000", "2008-03-31": "27868.00000", "2007-12-31": "27282.00000", "2007-09-30": "24954.00000", "2007-06-30": "24051.00000", "2007-03-31": "23853.00000", "2006-12-31": "23833.00000", "2006-09-30": "26031.00000", "2006-06-30": "24349.00000", "2006-03-31": "23948.00000", "2005-12-31": "24219.00000", "2005-09-30": "23646.00000", "2005-06-30": "20692.00000", "2005-03-31": "20530.00000"}, "Total Assets": {"2020-12-31": "62492.00000", "2020-09-30": "62406.00000", "2020-06-30": "62057.00000", "2020-03-31": "60895.00000", "2019-12-31": "57857.00000", "2019-09-30": "53282.00000", "2019-06-30": "52787.00000", "2019-03-31": "52061.00000", "2018-12-31": "50016.00000", "2018-09-30": "46689.00000", "2018-06-30": "45223.00000", "2018-03-31": "44464.00000", "2017-12-31": "45574.00000", "2017-09-30": "41356.00000", "2017-06-30": "39724.00000", "2017-03-31": "38380.00000", "2016-12-31": "40377.00000", "2016-09-30": "38342.00000", "2016-06-30": "38339.00000", "2016-03-31": "39168.00000", "2015-12-31": "38311.00000", "2015-09-30": "39002.00000", "2015-06-30": "37251.00000", "2015-03-31": "37332.00000", "2014-12-31": "35440.00000", "2014-09-30": "35906.00000", "2014-06-30": "34861.00000", "2014-03-31": "37085.00000", "2013-12-31": "36212.00000", "2013-09-30": "37476.00000", "2013-06-30": "36703.00000", "2013-03-31": "38005.00000", "2012-12-31": "38863.00000", "2012-09-30": "39064.00000", "2012-06-30": "37177.00000", "2012-03-31": "35963.00000", "2011-12-31": "34701.00000", "2011-09-30": "35238.00000", "2011-06-30": "35152.00000", "2011-03-31": "34594.00000", "2010-12-31": "33597.00000", "2010-09-30": "32907.00000", "2010-06-30": "33269.00000", "2010-03-31": "32504.00000", "2009-12-31": "31883.00000", "2009-09-30": "32211.00000", "2009-06-30": "32540.00000", "2009-03-31": "33773.00000", "2008-12-31": "31879.00000", "2008-09-30": "38165.00000", "2008-06-30": "38056.00000", "2008-03-31": "37470.00000", "2007-12-31": "39042.00000", "2007-09-30": "34496.00000", "2007-06-30": "33513.00000", "2007-03-31": "33375.00000", "2006-12-31": "33210.00000", "2006-09-30": "36172.00000", "2006-06-30": "34874.00000", "2006-03-31": "34791.00000", "2005-12-31": "34947.00000", "2005-09-30": "35079.00000", "2005-06-30": "33166.00000", "2005-03-31": "33129.00000"}, "Total Current Liabilities": {"2020-12-31": "17016.00000", "2020-09-30": "15456.00000", "2020-06-30": "16271.00000", "2020-03-31": "15846.00000", "2019-12-31": "15413.00000", "2019-09-30": "12835.00000", "2019-06-30": "13633.00000", "2019-03-31": "13209.00000", "2018-12-31": "14087.00000", "2018-09-30": "12222.00000", "2018-06-30": "11488.00000", "2018-03-31": "11149.00000", "2017-12-31": "12886.00000", "2017-09-30": "12167.00000", "2017-06-30": "11082.00000", "2017-03-31": "11406.00000", "2016-12-31": "11730.00000", "2016-09-30": "10889.00000", "2016-06-30": "9961.00000", "2016-03-31": "11098.00000", "2015-12-31": "10696.00000", "2015-09-30": "11869.00000", "2015-06-30": "10303.00000", "2015-03-31": "10610.00000", "2014-12-31": "8621.00000", "2014-09-30": "9096.00000", "2014-06-30": "8337.00000", "2014-03-31": "9193.00000", "2013-12-31": "7131.00000", "2013-09-30": "7821.00000", "2013-06-30": "7183.00000", "2013-03-31": "8034.00000", "2012-12-31": "8390.00000", "2012-09-30": "10289.00000", "2012-06-30": "8400.00000", "2012-03-31": "7543.00000", "2011-12-31": "6514.00000", "2011-09-30": "7511.00000", "2011-06-30": "7618.00000", "2011-03-31": "7605.00000", "2010-12-31": "5902.00000", "2010-09-30": "6801.00000", "2010-06-30": "7687.00000", "2010-03-31": "7366.00000", "2009-12-31": "6239.00000", "2009-09-30": "6774.00000", "2009-06-30": "7157.00000", "2009-03-31": "8794.00000", "2008-12-31": "7817.00000", "2008-09-30": "8972.00000", "2008-06-30": "9967.00000", "2008-03-31": "8977.00000", "2007-12-31": "9840.00000", "2007-09-30": "7849.00000", "2007-06-30": "7210.00000", "2007-03-31": "7017.00000", "2006-12-31": "6719.00000", "2006-09-30": "7819.00000", "2006-06-30": "6613.00000", "2006-03-31": "7006.00000", "2005-12-31": "6518.00000", "2005-09-30": "7869.00000", "2005-06-30": "6243.00000", "2005-03-31": "6445.00000"}, "Long Term Debt": {"2020-12-31": "22031.00000", "2020-09-30": "23336.00000", "2020-06-30": "23199.00000", "2020-03-31": "24196.00000", "2019-12-31": "21818.00000", "2019-09-30": "21740.00000", "2019-06-30": "20427.00000", "2019-03-31": "20377.00000", "2018-12-31": "19931.00000", "2018-09-30": "20101.00000", "2018-06-30": "20120.00000", "2018-03-31": "20409.00000", "2017-12-31": "20278.00000", "2017-09-30": "14355.00000", "2017-06-30": "14257.00000", "2017-03-31": "12938.00000", "2016-12-31": "12394.00000", "2016-09-30": "11506.00000", "2016-06-30": "11550.00000", "2016-03-31": "11569.00000", "2015-12-31": "11316.00000", "2015-09-30": "10044.00000", "2015-06-30": "9900.00000", "2015-03-31": "9941.00000", "2014-12-31": "9856.00000", "2014-09-30": "9858.00000", "2014-06-30": "9940.00000", "2014-03-31": "9860.00000", "2013-12-31": "10824.00000", "2013-09-30": "10897.00000", "2013-06-30": "10837.00000", "2013-03-31": "11051.00000", "2012-12-31": "11089.00000", "2012-09-30": "11148.00000", "2012-06-30": "11112.00000", "2012-03-31": "11079.00000", "2011-12-31": "11095.00000", "2011-09-30": "11092.00000", "2011-06-30": "10787.00000", "2011-03-31": "10504.00000", "2010-12-31": "10491.00000", "2010-09-30": "8648.00000", "2010-06-30": "8614.00000", "2010-03-31": "8548.00000", "2009-12-31": "8668.00000", "2009-09-30": "8908.00000", "2009-06-30": "8866.00000", "2009-03-31": "8737.00000", "2008-12-31": "7797.00000", "2008-09-30": "8064.00000", "2008-06-30": "7233.00000", "2008-03-31": "7294.00000", "2007-12-31": "7506.00000", "2007-09-30": "3287.00000", "2007-06-30": "3101.00000", "2007-03-31": "3139.00000", "2006-12-31": "3133.00000", "2006-09-30": "3113.00000", "2006-06-30": "3077.00000", "2006-03-31": "3046.00000", "2005-12-31": "3159.00000", "2005-09-30": "3182.00000", "2005-06-30": "3258.00000", "2005-03-31": "3211.00000"}, "Other Non-Current Liabilities": {"2020-12-31": "3847.00000", "2020-09-30": "3760.00000", "2020-06-30": "3276.00000", "2020-03-31": "2783.00000", "2019-12-31": "2719.00000", "2019-09-30": "2741.00000", "2019-06-30": "2807.00000", "2019-03-31": "2869.00000", "2018-12-31": "2995.00000", "2018-09-30": "3159.00000", "2018-06-30": "3258.00000", "2018-03-31": "3641.00000", "2017-12-31": "3569.00000", "2017-09-30": "3145.00000", "2017-06-30": "3035.00000", "2017-03-31": "2976.00000", "2016-12-31": "3018.00000", "2016-09-30": "3056.00000", "2016-06-30": "3077.00000", "2016-03-31": "3078.00000", "2015-12-31": "3055.00000", "2015-09-30": "3072.00000", "2015-06-30": "3266.00000", "2015-03-31": "3269.00000", "2014-12-31": "3275.00000", "2014-09-30": "3283.00000", "2014-06-30": "3427.00000", "2014-03-31": "3390.00000", "2013-12-31": "3474.00000", "2013-09-30": "3483.00000", "2013-06-30": "3627.00000", "2013-03-31": "3634.00000", "2012-12-31": "3535.00000", "2012-09-30": "3468.00000", "2012-06-30": "2737.00000", "2012-03-31": "2507.00000", "2011-12-31": "2579.00000", "2011-09-30": "2628.00000", "2011-06-30": "2531.00000", "2011-03-31": "2579.00000", "2010-12-31": "2624.00000", "2010-09-30": "2585.00000", "2010-06-30": "2662.00000", "2010-03-31": "2529.00000", "2009-12-31": "2530.00000", "2009-09-30": "2508.00000", "2009-06-30": "2435.00000", "2009-03-31": "2430.00000", "2008-12-31": "2574.00000", "2008-09-30": "2411.00000", "2008-06-30": "2594.00000", "2008-03-31": "2512.00000", "2007-12-31": "2455.00000", "2007-09-30": "2364.00000", "2007-06-30": "2550.00000", "2007-03-31": "2588.00000", "2006-12-31": "2599.00000", "2006-09-30": "", "2006-06-30": "", "2006-03-31": "", "2005-12-31": "2507.00000", "2005-09-30": "", "2005-06-30": "", "2005-03-31": ""}, "Total Long Term Liabilities": {"2020-12-31": "44723.00000", "2020-09-30": "41344.00000", "2020-06-30": "41410.00000", "2020-03-31": "41736.00000", "2019-12-31": "39161.00000", "2019-09-30": "34873.00000", "2019-06-30": "34731.00000", "2019-03-31": "35367.00000", "2018-12-31": "32892.00000", "2018-09-30": "31341.00000", "2018-06-30": "31379.00000", "2018-03-31": "31940.00000", "2017-12-31": "31664.00000", "2017-09-30": "27650.00000", "2017-06-30": "27368.00000", "2017-03-31": "26414.00000", "2016-12-31": "28218.00000", "2016-09-30": "24686.00000", "2016-06-30": "25728.00000", "2016-03-31": "25590.00000", "2015-12-31": "25124.00000", "2015-09-30": "25185.00000", "2015-06-30": "24980.00000", "2015-03-31": "24875.00000", "2014-12-31": "24661.00000", "2014-09-30": "21166.00000", "2014-06-30": "20939.00000", "2014-03-31": "21630.00000", "2013-12-31": "22593.00000", "2013-09-30": "26000.00000", "2013-06-30": "25890.00000", "2013-03-31": "25928.00000", "2012-12-31": "25740.00000", "2012-09-30": "21161.00000", "2012-06-30": "21052.00000", "2012-03-31": "20921.00000", "2011-12-31": "21079.00000", "2011-09-30": "19858.00000", "2011-06-30": "19205.00000", "2011-03-31": "18755.00000", "2010-12-31": "19648.00000", "2010-09-30": "17580.00000", "2010-06-30": "17652.00000", "2010-03-31": "17525.00000", "2009-12-31": "17948.00000", "2009-09-30": "18391.00000", "2009-06-30": "18590.00000", "2009-03-31": "18199.00000", "2008-12-31": "17282.00000", "2008-09-30": "18091.00000", "2008-06-30": "17069.00000", "2008-03-31": "16900.00000", "2007-12-31": "17019.00000", "2007-09-30": "11078.00000", "2007-06-30": "11059.00000", "2007-03-31": "11050.00000", "2006-12-31": "11009.00000", "2006-09-30": "11176.00000", "2006-06-30": "11246.00000", "2006-03-31": "11069.00000", "2005-12-31": "11545.00000", "2005-09-30": "10593.00000", "2005-06-30": "10474.00000", "2005-03-31": "10330.00000"}, "Total Liabilities": {"2020-12-31": "61739.00000", "2020-09-30": "56800.00000", "2020-06-30": "57681.00000", "2020-03-31": "57582.00000", "2019-12-31": "54574.00000", "2019-09-30": "47708.00000", "2019-06-30": "48364.00000", "2019-03-31": "48576.00000", "2018-12-31": "46979.00000", "2018-09-30": "43563.00000", "2018-06-30": "42867.00000", "2018-03-31": "43089.00000", "2017-12-31": "44550.00000", "2017-09-30": "39817.00000", "2017-06-30": "38450.00000", "2017-03-31": "37820.00000", "2016-12-31": "39948.00000", "2016-09-30": "35575.00000", "2016-06-30": "35689.00000", "2016-03-31": "36688.00000", "2015-12-31": "35820.00000", "2015-09-30": "37054.00000", "2015-06-30": "35283.00000", "2015-03-31": "35485.00000", "2014-12-31": "33282.00000", "2014-09-30": "30262.00000", "2014-06-30": "29276.00000", "2014-03-31": "30823.00000", "2013-12-31": "29724.00000", "2013-09-30": "33821.00000", "2013-06-30": "33073.00000", "2013-03-31": "33962.00000", "2012-12-31": "34130.00000", "2012-09-30": "31450.00000", "2012-06-30": "29452.00000", "2012-03-31": "28464.00000", "2011-12-31": "27593.00000", "2011-09-30": "27369.00000", "2011-06-30": "26823.00000", "2011-03-31": "26360.00000", "2010-12-31": "25550.00000", "2010-09-30": "24381.00000", "2010-06-30": "25339.00000", "2010-03-31": "24891.00000", "2009-12-31": "24187.00000", "2009-09-30": "25165.00000", "2009-06-30": "25747.00000", "2009-03-31": "26993.00000", "2008-12-31": "25099.00000", "2008-09-30": "27063.00000", "2008-06-30": "27036.00000", "2008-03-31": "25877.00000", "2007-12-31": "26859.00000", "2007-09-30": "18927.00000", "2007-06-30": "18269.00000", "2007-03-31": "18067.00000", "2006-12-31": "17728.00000", "2006-09-30": "18995.00000", "2006-06-30": "17859.00000", "2006-03-31": "18075.00000", "2005-12-31": "18063.00000", "2005-09-30": "18462.00000", "2005-06-30": "16717.00000", "2005-03-31": "16775.00000"}, "Common Stock Net": {"2020-12-31": "9.00000", "2020-09-30": "9.00000", "2020-06-30": "9.00000", "2020-03-31": "9.00000", "2019-12-31": "9.00000", "2019-09-30": "9.00000", "2019-06-30": "9.00000", "2019-03-31": "9.00000", "2018-12-31": "9.00000", "2018-09-30": "9.00000", "2018-06-30": "9.00000", "2018-03-31": "9.00000", "2017-12-31": "9.00000", "2017-09-30": "9.00000", "2017-06-30": "9.00000", "2017-03-31": "9.00000", "2016-12-31": "9.00000", "2016-09-30": "9.00000", "2016-06-30": "9.00000", "2016-03-31": "9.00000", "2015-12-31": "9.00000", "2015-09-30": "9.00000", "2015-06-30": "9.00000", "2015-03-31": "9.00000", "2014-12-31": "9.00000", "2014-09-30": "9.00000", "2014-06-30": "9.00000", "2014-03-31": "9.00000", "2013-12-31": "9.00000", "2013-09-30": "9.00000", "2013-06-30": "9.00000", "2013-03-31": "9.00000", "2012-12-31": "10.00000", "2012-09-30": "10.00000", "2012-06-30": "10.00000", "2012-03-31": "10.00000", "2011-12-31": "10.00000", "2011-09-30": "10.00000", "2011-06-30": "10.00000", "2011-03-31": "10.00000", "2010-12-31": "10.00000", "2010-09-30": "10.00000", "2010-06-30": "10.00000", "2010-03-31": "10.00000", "2009-12-31": "10.00000", "2009-09-30": "10.00000", "2009-06-30": "10.00000", "2009-03-31": "10.00000", "2008-12-31": "10.00000", "2008-09-30": "10.00000", "2008-06-30": "10.00000", "2008-03-31": "10.00000", "2007-12-31": "10.00000", "2007-09-30": "10.00000", "2007-06-30": "11.00000", "2007-03-31": "11.00000", "2006-12-31": "11.00000", "2006-09-30": "11.00000", "2006-06-30": "11.00000", "2006-03-31": "11.00000", "2005-12-31": "11.00000", "2005-09-30": "11.00000", "2005-06-30": "11.00000", "2005-03-31": "11.00000"}, "Retained Earnings (Accumulated Deficit)": {"2020-12-31": "6980.00000", "2020-09-30": "11115.00000", "2020-06-30": "10032.00000", "2020-03-31": "9137.00000", "2019-12-31": "9105.00000", "2019-09-30": "10037.00000", "2019-06-30": "9109.00000", "2019-03-31": "8249.00000", "2018-12-31": "8006.00000", "2018-09-30": "8377.00000", "2018-06-30": "7665.00000", "2018-03-31": "6973.00000", "2017-12-31": "5852.00000", "2017-09-30": "5724.00000", "2017-06-30": "5437.00000", "2017-03-31": "4988.00000", "2016-12-31": "4879.00000", "2016-09-30": "6385.00000", "2016-06-30": "6223.00000", "2016-03-31": "6095.00000", "2015-12-31": "6001.00000", "2015-09-30": "5771.00000", "2015-06-30": "5668.00000", "2015-03-31": "5508.00000", "2014-12-31": "5726.00000", "2014-09-30": "6229.00000", "2014-06-30": "6155.00000", "2014-03-31": "6727.00000", "2013-12-31": "6925.00000", "2013-09-30": "7102.00000", "2013-06-30": "7185.00000", "2013-03-31": "7614.00000", "2012-12-31": "7997.00000", "2012-09-30": "10448.00000", "2012-06-30": "10827.00000", "2012-03-31": "10433.00000", "2011-12-31": "10128.00000", "2011-09-30": "13828.00000", "2011-06-30": "14218.00000", "2011-03-31": "14206.00000", "2010-12-31": "10604.00000", "2010-09-30": "13603.00000", "2010-06-30": "13067.00000", "2010-03-31": "12692.00000", "2009-12-31": "12745.00000", "2009-09-30": "12453.00000", "2009-06-30": "12352.00000", "2009-03-31": "12363.00000", "2008-12-31": "12412.00000", "2008-09-30": "12711.00000", "2008-06-30": "12841.00000", "2008-03-31": "13517.00000", "2007-12-31": "14186.00000", "2007-09-30": "17733.00000", "2007-06-30": "17431.00000", "2007-03-31": "17476.00000", "2006-12-31": "17676.00000", "2006-09-30": "17278.00000", "2006-06-30": "17122.00000", "2006-03-31": "16861.00000", "2005-12-31": "17037.00000", "2005-09-30": "16734.00000", "2005-06-30": "16604.00000", "2005-03-31": "16520.00000"}, "Comprehensive Income": {"2020-12-31": "-7113.00000", "2020-09-30": "-6022.00000", "2020-06-30": "-5933.00000", "2020-03-31": "-5876.00000", "2019-12-31": "-5997.00000", "2019-09-30": "-4617.00000", "2019-06-30": "-4815.00000", "2019-03-31": "-4818.00000", "2018-12-31": "-4994.00000", "2018-09-30": "-5288.00000", "2018-06-30": "-5346.00000", "2018-03-31": "-5638.00000", "2017-12-31": "-4867.00000", "2017-09-30": "-4224.00000", "2017-06-30": "-4202.00000", "2017-03-31": "-4462.00000", "2016-12-31": "-4483.00000", "2016-09-30": "-3651.00000", "2016-06-30": "-3606.00000", "2016-03-31": "-3647.00000", "2015-12-31": "-3540.00000", "2015-09-30": "-3851.00000", "2015-06-30": "-3727.00000", "2015-03-31": "-3688.00000", "2014-12-31": "-3594.00000", "2014-09-30": "-611.00000", "2014-06-30": "-596.00000", "2014-03-31": "-489.00000", "2013-12-31": "-460.00000", "2013-09-30": "-3469.00000", "2013-06-30": "-3577.00000", "2013-03-31": "-3595.00000", "2012-12-31": "-3354.00000", "2012-09-30": "-2929.00000", "2012-06-30": "-3192.00000", "2012-03-31": "-3020.00000", "2011-12-31": "-3103.00000", "2011-09-30": "-6040.00000", "2011-06-30": "-5977.00000", "2011-03-31": "-6052.00000", "2010-12-31": "-2635.00000", "2010-09-30": "-5153.00000", "2010-06-30": "-5217.00000", "2010-03-31": "-5155.00000", "2009-12-31": "-5127.00000", "2009-09-30": "-5531.00000", "2009-06-30": "-5628.00000", "2009-03-31": "-5639.00000", "2008-12-31": "-5642.00000", "2008-09-30": "-1619.00000", "2008-06-30": "-1831.00000", "2008-03-31": "-1934.00000", "2007-12-31": "-2013.00000", "2007-09-30": "-2174.00000", "2007-06-30": "-2198.00000", "2007-03-31": "-2179.00000", "2006-12-31": "-2205.00000", "2006-09-30": "-112.00000", "2006-06-30": "-118.00000", "2006-03-31": "-156.00000", "2005-12-31": "-164.00000", "2005-09-30": "-128.00000", "2005-06-30": "-166.00000", "2005-03-31": "-177.00000"}, "Other Share Holders Equity": {"2020-12-31": "", "2020-09-30": "", "2020-06-30": "", "2020-03-31": "", "2019-12-31": "", "2019-09-30": "", "2019-06-30": "", "2019-03-31": "", "2018-12-31": "", "2018-09-30": "", "2018-06-30": "", "2018-03-31": "", "2017-12-31": "", "2017-09-30": "", "2017-06-30": "", "2017-03-31": "", "2016-12-31": "", "2016-09-30": "", "2016-06-30": "", "2016-03-31": "", "2015-12-31": "", "2015-09-30": "", "2015-06-30": "", "2015-03-31": "", "2014-12-31": "", "2014-09-30": "", "2014-06-30": "", "2014-03-31": "", "2013-12-31": "", "2013-09-30": "", "2013-06-30": "", "2013-03-31": "", "2012-12-31": "", "2012-09-30": "", "2012-06-30": "", "2012-03-31": "", "2011-12-31": "", "2011-09-30": "", "2011-06-30": "", "2011-03-31": "", "2010-12-31": "", "2010-09-30": "", "2010-06-30": "", "2010-03-31": "", "2009-12-31": "", "2009-09-30": "", "2009-06-30": "", "2009-03-31": "", "2008-12-31": "", "2008-09-30": "", "2008-06-30": "", "2008-03-31": "", "2007-12-31": "", "2007-09-30": "", "2007-06-30": "", "2007-03-31": "", "2006-12-31": "", "2006-09-30": "", "2006-06-30": "", "2006-03-31": "", "2005-12-31": "", "2005-09-30": "", "2005-06-30": "", "2005-03-31": ""}, "Share Holder Equity": {"2020-12-31": "753.00000", "2020-09-30": "5606.00000", "2020-06-30": "4376.00000", "2020-03-31": "3313.00000", "2019-12-31": "3283.00000", "2019-09-30": "5574.00000", "2019-06-30": "4423.00000", "2019-03-31": "3485.00000", "2018-12-31": "3037.00000", "2018-09-30": "3126.00000", "2018-06-30": "2356.00000", "2018-03-31": "1375.00000", "2017-12-31": "1024.00000", "2017-09-30": "1539.00000", "2017-06-30": "1274.00000", "2017-03-31": "560.00000", "2016-12-31": "429.00000", "2016-09-30": "2767.00000", "2016-06-30": "2650.00000", "2016-03-31": "2480.00000", "2015-12-31": "2491.00000", "2015-09-30": "1948.00000", "2015-06-30": "1968.00000", "2015-03-31": "1847.00000", "2014-12-31": "2158.00000", "2014-09-30": "5644.00000", "2014-06-30": "5585.00000", "2014-03-31": "6262.00000", "2013-12-31": "6488.00000", "2013-09-30": "3655.00000", "2013-06-30": "3630.00000", "2013-03-31": "4043.00000", "2012-12-31": "4733.00000", "2012-09-30": "7614.00000", "2012-06-30": "7725.00000", "2012-03-31": "7499.00000", "2011-12-31": "7108.00000", "2011-09-30": "7869.00000", "2011-06-30": "8329.00000", "2011-03-31": "8234.00000", "2010-12-31": "8047.00000", "2010-09-30": "8526.00000", "2010-06-30": "7930.00000", "2010-03-31": "7613.00000", "2009-12-31": "7696.00000", "2009-09-30": "7046.00000", "2009-06-30": "6793.00000", "2009-03-31": "6780.00000", "2008-12-31": "6780.00000", "2008-09-30": "11102.00000", "2008-06-30": "11020.00000", "2008-03-31": "11593.00000", "2007-12-31": "12183.00000", "2007-09-30": "15569.00000", "2007-06-30": "15244.00000", "2007-03-31": "15308.00000", "2006-12-31": "15482.00000", "2006-09-30": "17177.00000", "2006-06-30": "17015.00000", "2006-03-31": "16716.00000", "2005-12-31": "16884.00000", "2005-09-30": "16617.00000", "2005-06-30": "16449.00000", "2005-03-31": "16354.00000"}, "Total Liabilities And Share Holders Equity": {"2020-12-31": "62492.00000", "2020-09-30": "62406.00000", "2020-06-30": "62057.00000", "2020-03-31": "60895.00000", "2019-12-31": "57857.00000", "2019-09-30": "53282.00000", "2019-06-30": "52787.00000", "2019-03-31": "52061.00000", "2018-12-31": "50016.00000", "2018-09-30": "46689.00000", "2018-06-30": "45223.00000", "2018-03-31": "44464.00000", "2017-12-31": "45574.00000", "2017-09-30": "41356.00000", "2017-06-30": "39724.00000", "2017-03-31": "38380.00000", "2016-12-31": "40377.00000", "2016-09-30": "38342.00000", "2016-06-30": "38339.00000", "2016-03-31": "39168.00000", "2015-12-31": "38311.00000", "2015-09-30": "39002.00000", "2015-06-30": "37251.00000", "2015-03-31": "37332.00000", "2014-12-31": "35440.00000", "2014-09-30": "35906.00000", "2014-06-30": "34861.00000", "2014-03-31": "37085.00000", "2013-12-31": "36212.00000", "2013-09-30": "37476.00000", "2013-06-30": "36703.00000", "2013-03-31": "38005.00000", "2012-12-31": "38863.00000", "2012-09-30": "39064.00000", "2012-06-30": "37177.00000", "2012-03-31": "35963.00000", "2011-12-31": "34701.00000", "2011-09-30": "35238.00000", "2011-06-30": "35152.00000", "2011-03-31": "34594.00000", "2010-12-31": "33597.00000", "2010-09-30": "32907.00000", "2010-06-30": "33269.00000", "2010-03-31": "32504.00000", "2009-12-31": "31883.00000", "2009-09-30": "32211.00000", "2009-06-30": "32540.00000", "2009-03-31": "33773.00000", "2008-12-31": "31879.00000", "2008-09-30": "38165.00000", "2008-06-30": "38056.00000", "2008-03-31": "37470.00000", "2007-12-31": "39042.00000", "2007-09-30": "34496.00000", "2007-06-30": "33513.00000", "2007-03-31": "33375.00000", "2006-12-31": "33210.00000", "2006-09-30": "36172.00000", "2006-06-30": "34874.00000", "2006-03-31": "34791.00000", "2005-12-31": "34947.00000", "2005-09-30": "35079.00000", "2005-06-30": "33166.00000", "2005-03-31": "33129.00000"}}, "cash flow statement": {"Net Income/Loss": {"2020-12-31": "1427.00000", "2019-12-31": "4440.00000", "2018-12-31": "4791.00000", "2017-12-31": "4905.00000", "2016-12-31": "3422.00000", "2015-12-31": "4844.00000", "2014-12-31": "3032.00000", "2013-12-31": "4372.00000", "2012-12-31": "807.00000", "2011-12-31": "3804.00000", "2010-12-31": "3338.00000", "2009-12-31": "1968.00000", "2008-12-31": "3003.00000", "2007-12-31": "382.00000", "2006-12-31": "4202.00000", "2005-12-31": "3870.00000"}, "Total Depreciation And Amortization - Cash Flow": {"2020-12-31": "2698.00000", "2019-12-31": "2360.00000", "2018-12-31": "2207.00000", "2017-12-31": "2282.00000", "2016-12-31": "2224.00000", "2015-12-31": "2084.00000", "2014-12-31": "1923.00000", "2013-12-31": "1867.00000", "2012-12-31": "1858.00000", "2011-12-31": "1782.00000", "2010-12-31": "1792.00000", "2009-12-31": "1747.00000", "2008-12-31": "1814.00000", "2007-12-31": "1745.00000", "2006-12-31": "1748.00000", "2005-12-31": "1644.00000"}, "Other Non-Cash Items": {"2020-12-31": "5274.00000", "2019-12-31": "1703.00000", "2018-12-31": "3671.00000", "2017-12-31": "-4258.00000", "2016-12-31": "1521.00000", "2015-12-31": "756.00000", "2014-12-31": "483.00000", "2013-12-31": "1099.00000", "2012-12-31": "4419.00000", "2011-12-31": "1263.00000", "2010-12-31": "-636.00000", "2009-12-31": "1462.00000", "2008-12-31": "2448.00000", "2007-12-31": "443.00000", "2006-12-31": "-299.00000", "2005-12-31": "301.00000"}, "Total Non-Cash Items": {"2020-12-31": "7972.00000", "2019-12-31": "4063.00000", "2018-12-31": "5878.00000", "2017-12-31": "-1976.00000", "2016-12-31": "3745.00000", "2015-12-31": "2840.00000", "2014-12-31": "2406.00000", "2013-12-31": "2966.00000", "2012-12-31": "6277.00000", "2011-12-31": "3045.00000", "2010-12-31": "1156.00000", "2009-12-31": "3209.00000", "2008-12-31": "4262.00000", "2007-12-31": "2188.00000", "2006-12-31": "1449.00000", "2005-12-31": "1945.00000"}, "Change In Accounts Receivable": {"2020-12-31": "-1562.00000", "2019-12-31": "-717.00000", "2018-12-31": "-421.00000", "2017-12-31": "-1022.00000", "2016-12-31": "-704.00000", "2015-12-31": "-452.00000", "2014-12-31": "-523.00000", "2013-12-31": "-515.00000", "2012-12-31": "-124.00000", "2011-12-31": "-657.00000", "2010-12-31": "-532.00000", "2009-12-31": "-30.00000", "2008-12-31": "197.00000", "2007-12-31": "-380.00000", "2006-12-31": "-77.00000", "2005-12-31": "-789.00000"}, "Change In Inventories": {"2020-12-31": "", "2019-12-31": "", "2018-12-31": "", "2017-12-31": "", "2016-12-31": "", "2015-12-31": "", "2014-12-31": "", "2013-12-31": "", "2012-12-31": "", "2011-12-31": "", "2010-12-31": "", "2009-12-31": "", "2008-12-31": "", "2007-12-31": "", "2006-12-31": "", "2005-12-31": ""}, "Change In Accounts Payable": {"2020-12-31": "904.00000", "2019-12-31": "419.00000", "2018-12-31": "1034.00000", "2017-12-31": "599.00000", "2016-12-31": "460.00000", "2015-12-31": "-147.00000", "2014-12-31": "276.00000", "2013-12-31": "218.00000", "2012-12-31": "-58.00000", "2011-12-31": "249.00000", "2010-12-31": "265.00000", "2009-12-31": "-107.00000", "2008-12-31": "87.00000", "2007-12-31": "-37.00000", "2006-12-31": "24.00000", "2005-12-31": "158.00000"}, "Change In Assets/Liabilities": {"2020-12-31": "87.00000", "2019-12-31": "880.00000", "2018-12-31": "924.00000", "2017-12-31": "-1227.00000", "2016-12-31": "-541.00000", "2015-12-31": "408.00000", "2014-12-31": "429.00000", "2013-12-31": "-153.00000", "2012-12-31": "216.00000", "2011-12-31": "293.00000", "2010-12-31": "-490.00000", "2009-12-31": "320.00000", "2008-12-31": "-328.00000", "2007-12-31": "53.00000", "2006-12-31": "-38.00000", "2005-12-31": "113.00000"}, "Total Change In Assets/Liabilities": {"2020-12-31": "1060.00000", "2019-12-31": "136.00000", "2018-12-31": "2042.00000", "2017-12-31": "-1450.00000", "2016-12-31": "-694.00000", "2015-12-31": "-254.00000", "2014-12-31": "288.00000", "2013-12-31": "-34.00000", "2012-12-31": "132.00000", "2011-12-31": "224.00000", "2010-12-31": "-659.00000", "2009-12-31": "108.00000", "2008-12-31": "1161.00000", "2007-12-31": "-1447.00000", "2006-12-31": "-62.00000", "2005-12-31": "-22.00000"}, "Cash Flow From Operating Activities": {"2020-12-31": "10459.00000", "2019-12-31": "8639.00000", "2018-12-31": "12711.00000", "2017-12-31": "1479.00000", "2016-12-31": "6473.00000", "2015-12-31": "7430.00000", "2014-12-31": "5726.00000", "2013-12-31": "7304.00000", "2012-12-31": "7216.00000", "2011-12-31": "7073.00000", "2010-12-31": "3835.00000", "2009-12-31": "5285.00000", "2008-12-31": "8426.00000", "2007-12-31": "1123.00000", "2006-12-31": "5589.00000", "2005-12-31": "5793.00000"}, "Net Change In Property, Plant, And Equipment": {"2020-12-31": "-5372.00000", "2019-12-31": "-6315.00000", "2018-12-31": "-6246.00000", "2017-12-31": "-5203.00000", "2016-12-31": "-2877.00000", "2015-12-31": "-2353.00000", "2014-12-31": "-2275.00000", "2013-12-31": "-1961.00000", "2012-12-31": "-2058.00000", "2011-12-31": "-1978.00000", "2010-12-31": "-1085.00000", "2009-12-31": "-1542.00000", "2008-12-31": "-2489.00000", "2007-12-31": "-2735.00000", "2006-12-31": "-3010.00000", "2005-12-31": "-2160.00000"}, "Net Change In Intangible Assets": {"2020-12-31": "", "2019-12-31": "", "2018-12-31": "", "2017-12-31": "", "2016-12-31": "", "2015-12-31": "", "2014-12-31": "", "2013-12-31": "", "2012-12-31": "", "2011-12-31": "", "2010-12-31": "", "2009-12-31": "", "2008-12-31": "", "2007-12-31": "", "2006-12-31": "", "2005-12-31": ""}, "Net Acquisitions/Divestitures": {"2020-12-31": "-20.00000", "2019-12-31": "-6.00000", "2018-12-31": "-2.00000", "2017-12-31": "-134.00000", "2016-12-31": "-547.00000", "2015-12-31": "-1904.00000", "2014-12-31": "-88.00000", "2013-12-31": "-22.00000", "2012-12-31": "-100.00000", "2011-12-31": "-73.00000", "2010-12-31": "63.00000", "2009-12-31": "-9.00000", "2008-12-31": "", "2007-12-31": "", "2006-12-31": "", "2005-12-31": "-1488.00000"}, "Net Change In Short-term Investments": {"2020-12-31": "106.00000", "2019-12-31": "322.00000", "2018-12-31": "-87.00000", "2017-12-31": "360.00000", "2016-12-31": "911.00000", "2015-12-31": "-1027.00000", "2014-12-31": "-419.00000", "2013-12-31": "9.00000", "2012-12-31": "628.00000", "2011-12-31": "-413.00000", "2010-12-31": "30.00000", "2009-12-31": "-11.00000", "2008-12-31": "-278.00000", "2007-12-31": "621.00000", "2006-12-31": "482.00000", "2005-12-31": "2752.00000"}, "Net Change In Long-Term Investments": {"2020-12-31": "", "2019-12-31": "", "2018-12-31": "", "2017-12-31": "", "2016-12-31": "", "2015-12-31": "", "2014-12-31": "", "2013-12-31": "", "2012-12-31": "", "2011-12-31": "", "2010-12-31": "", "2009-12-31": "", "2008-12-31": "", "2007-12-31": "", "2006-12-31": "", "2005-12-31": ""}, "Net Change In Investments - Total": {"2020-12-31": "106.00000", "2019-12-31": "322.00000", "2018-12-31": "-87.00000", "2017-12-31": "360.00000", "2016-12-31": "911.00000", "2015-12-31": "-1027.00000", "2014-12-31": "-419.00000", "2013-12-31": "9.00000", "2012-12-31": "628.00000", "2011-12-31": "-413.00000", "2010-12-31": "30.00000", "2009-12-31": "-11.00000", "2008-12-31": "-278.00000", "2007-12-31": "621.00000", "2006-12-31": "482.00000", "2005-12-31": "2752.00000"}, "Investing Activities - Other": {"2020-12-31": "3.00000", "2019-12-31": "-62.00000", "2018-12-31": "5.00000", "2017-12-31": "6.00000", "2016-12-31": "-50.00000", "2015-12-31": "-25.00000", "2014-12-31": "-19.00000", "2013-12-31": "-140.00000", "2012-12-31": "195.00000", "2011-12-31": "-73.00000", "2010-12-31": "338.00000", "2009-12-31": "314.00000", "2008-12-31": "-412.00000", "2007-12-31": "-85.00000", "2006-12-31": "188.00000", "2005-12-31": "-79.00000"}, "Cash Flow From Investing Activities": {"2020-12-31": "-5283.00000", "2019-12-31": "-6061.00000", "2018-12-31": "-6330.00000", "2017-12-31": "-4971.00000", "2016-12-31": "-2563.00000", "2015-12-31": "-5309.00000", "2014-12-31": "-2801.00000", "2013-12-31": "-2114.00000", "2012-12-31": "-1335.00000", "2011-12-31": "-2537.00000", "2010-12-31": "-654.00000", "2009-12-31": "-1248.00000", "2008-12-31": "-3179.00000", "2007-12-31": "-2199.00000", "2006-12-31": "-2340.00000", "2005-12-31": "-975.00000"}, "Net Long-Term Debt": {"2020-12-31": "1611.00000", "2019-12-31": "2109.00000", "2018-12-31": "-1685.00000", "2017-12-31": "8077.00000", "2016-12-31": "2122.00000", "2015-12-31": "1059.00000", "2014-12-31": "-169.00000", "2013-12-31": "-1775.00000", "2012-12-31": "1729.00000", "2011-12-31": "88.00000", "2010-12-31": "1727.00000", "2009-12-31": "1216.00000", "2008-12-31": "1095.00000", "2007-12-31": "3896.00000", "2006-12-31": "559.00000", "2005-12-31": "-174.00000"}, "Net Current Debt": {"2020-12-31": "-2462.00000", "2019-12-31": "310.00000", "2018-12-31": "63.00000", "2017-12-31": "-250.00000", "2016-12-31": "-88.00000", "2015-12-31": "2529.00000", "2014-12-31": "", "2013-12-31": "", "2012-12-31": "", "2011-12-31": "-183.00000", "2010-12-31": "-481.00000", "2009-12-31": "-1738.00000", "2008-12-31": "-2016.00000", "2007-12-31": "2613.00000", "2006-12-31": "-513.00000", "2005-12-31": "-287.00000"}, "Debt Issuance/Retirement Net - Total": {"2020-12-31": "-851.00000", "2019-12-31": "2419.00000", "2018-12-31": "-1622.00000", "2017-12-31": "7827.00000", "2016-12-31": "2034.00000", "2015-12-31": "3588.00000", "2014-12-31": "-169.00000", "2013-12-31": "-1775.00000", "2012-12-31": "1729.00000", "2011-12-31": "-95.00000", "2010-12-31": "1246.00000", "2009-12-31": "-522.00000", "2008-12-31": "-921.00000", "2007-12-31": "6509.00000", "2006-12-31": "46.00000", "2005-12-31": "-461.00000"}, "Net Common Equity Issued/Repurchased": {"2020-12-31": "61.00000", "2019-12-31": "-786.00000", "2018-12-31": "-771.00000", "2017-12-31": "-1566.00000", "2016-12-31": "-2433.00000", "2015-12-31": "-2453.00000", "2014-12-31": "-2421.00000", "2013-12-31": "-3347.00000", "2012-12-31": "-1320.00000", "2011-12-31": "-2375.00000", "2010-12-31": "-599.00000", "2009-12-31": "-412.00000", "2008-12-31": "-3401.00000", "2007-12-31": "-2465.00000", "2006-12-31": "-2296.00000", "2005-12-31": "-2315.00000"}, "Net Total Equity Issued/Repurchased": {"2020-12-31": "61.00000", "2019-12-31": "-786.00000", "2018-12-31": "-771.00000", "2017-12-31": "-1566.00000", "2016-12-31": "-2433.00000", "2015-12-31": "-2453.00000", "2014-12-31": "-2421.00000", "2013-12-31": "-3347.00000", "2012-12-31": "-1320.00000", "2011-12-31": "-2375.00000", "2010-12-31": "-599.00000", "2009-12-31": "-412.00000", "2008-12-31": "-3401.00000", "2007-12-31": "-2465.00000", "2006-12-31": "-2296.00000", "2005-12-31": "-2315.00000"}, "Total Common And Preferred Stock Dividends Paid": {"2020-12-31": "-3374.00000", "2019-12-31": "-3194.00000", "2018-12-31": "-3011.00000", "2017-12-31": "-2771.00000", "2016-12-31": "-2643.00000", "2015-12-31": "-2525.00000", "2014-12-31": "-2366.00000", "2013-12-31": "-2260.00000", "2012-12-31": "-2130.00000", "2011-12-31": "-1997.00000", "2010-12-31": "-1818.00000", "2009-12-31": "-1751.00000", "2008-12-31": "-2219.00000", "2007-12-31": "-1703.00000", "2006-12-31": "-1577.00000", "2005-12-31": "-1391.00000"}, "Financial Activities - Other": {"2020-12-31": "-353.00000", "2019-12-31": "-166.00000", "2018-12-31": "-288.00000", "2017-12-31": "-203.00000", "2016-12-31": "-98.00000", "2015-12-31": "-175.00000", "2014-12-31": "-205.00000", "2013-12-31": "-425.00000", "2012-12-31": "-96.00000", "2011-12-31": "-395.00000", "2010-12-31": "-175.00000", "2009-12-31": "-360.00000", "2008-12-31": "-161.00000", "2007-12-31": "-44.00000", "2006-12-31": "-24.00000", "2005-12-31": "-8.00000"}, "Cash Flow From Financial Activities": {"2020-12-31": "-4517.00000", "2019-12-31": "-1727.00000", "2018-12-31": "-5692.00000", "2017-12-31": "3287.00000", "2016-12-31": "-3140.00000", "2015-12-31": "-1565.00000", "2014-12-31": "-5161.00000", "2013-12-31": "-7807.00000", "2012-12-31": "-1817.00000", "2011-12-31": "-4862.00000", "2010-12-31": "-1346.00000", "2009-12-31": "-3045.00000", "2008-12-31": "-6702.00000", "2007-12-31": "2297.00000", "2006-12-31": "-3851.00000", "2005-12-31": "-4175.00000"}, "Net Cash Flow": {"2020-12-31": "672.00000", "2019-12-31": "871.00000", "2018-12-31": "598.00000", "2017-12-31": "-152.00000", "2016-12-31": "749.00000", "2015-12-31": "439.00000", "2014-12-31": "-2374.00000", "2013-12-31": "-2662.00000", "2012-12-31": "4293.00000", "2011-12-31": "-336.00000", "2010-12-31": "1828.00000", "2009-12-31": "1035.00000", "2008-12-31": "-1520.00000", "2007-12-31": "1233.00000", "2006-12-31": "-575.00000", "2005-12-31": "630.00000"}, "Stock-Based Compensation": {"2020-12-31": "796.00000", "2019-12-31": "915.00000", "2018-12-31": "634.00000", "2017-12-31": "584.00000", "2016-12-31": "591.00000", "2015-12-31": "574.00000", "2014-12-31": "536.00000", "2013-12-31": "513.00000", "2012-12-31": "547.00000", "2011-12-31": "524.00000", "2010-12-31": "519.00000", "2009-12-31": "430.00000", "2008-12-31": "516.00000", "2007-12-31": "447.00000", "2006-12-31": "369.00000", "2005-12-31": "234.00000"}, "Common Stock Dividends Paid": {"2020-12-31": "-3374.00000", "2019-12-31": "-3194.00000", "2018-12-31": "-3011.00000", "2017-12-31": "-2771.00000", "2016-12-31": "-2643.00000", "2015-12-31": "-2525.00000", "2014-12-31": "-2366.00000", "2013-12-31": "-2260.00000", "2012-12-31": "-2130.00000", "2011-12-31": "-1997.00000", "2010-12-31": "-1818.00000", "2009-12-31": "-1751.00000", "2008-12-31": "-2219.00000", "2007-12-31": "-1703.00000", "2006-12-31": "-1577.00000", "2005-12-31": "-1391.00000"}}, "cash flow statement, quarterly": {"Net Income/Loss": {"2020-12-31": -3263, "2020-09-30": 1957, "2020-06-30": 1768, "2020-03-31": "965.00000", "2019-12-31": -106, "2019-09-30": 1750, "2019-06-30": 1685, "2019-03-31": "1111.00000", "2018-12-31": 453, "2018-09-30": 1508, "2018-06-30": 1485, "2018-03-31": "1345.00000", "2017-12-31": 1096, "2017-09-30": 1259, "2017-06-30": 1384, "2017-03-31": "1166.00000", "2016-12-31": -248, "2016-09-30": 1270, "2016-06-30": 1269, "2016-03-31": "1131.00000", "2015-12-31": 1331, "2015-09-30": 1257, "2015-06-30": 1230, "2015-03-31": "1026.00000", "2014-12-31": 453, "2014-09-30": 1214, "2014-06-30": 454, "2014-03-31": "911.00000", "2013-12-31": 1167, "2013-09-30": 1097, "2013-06-30": 1071, "2013-03-31": "1037.00000", "2012-12-31": -1748, "2012-09-30": 469, "2012-06-30": 1116, "2012-03-31": "970.00000", "2011-12-31": 725, "2011-09-30": 1072, "2011-06-30": 1092, "2011-03-31": "915.00000", "2010-12-31": 969, "2010-09-30": 991, "2010-06-30": 845, "2010-03-31": "533.00000", "2009-12-31": 573, "2009-09-30": 549, "2009-06-30": 445, "2009-03-31": "401.00000", "2008-12-31": 254, "2008-09-30": 970, "2008-06-30": 873, "2008-03-31": "906.00000", "2007-12-31": -2641, "2007-09-30": 1076, "2007-06-30": 1104, "2007-03-31": "843.00000", "2006-12-31": 1128, "2006-09-30": 1038, "2006-06-30": 1061, "2006-03-31": "975.00000", "2005-12-31": 1049, "2005-09-30": 953, "2005-06-30": 986, "2005-03-31": "882.00000"}, "Total Depreciation And Amortization - Cash Flow": {"2020-12-31": 712, "2020-09-30": 677, "2020-06-30": 661, "2020-03-31": "648.00000", "2019-12-31": 630, "2019-09-30": 587, "2019-06-30": 575, "2019-03-31": "568.00000", "2018-12-31": 545, "2018-09-30": 524, "2018-06-30": 542, "2018-03-31": "596.00000", "2017-12-31": 594, "2017-09-30": 572, "2017-06-30": 562, "2017-03-31": "554.00000", "2016-12-31": 563, "2016-09-30": 554, "2016-06-30": 555, "2016-03-31": "552.00000", "2015-12-31": 541, "2015-09-30": 527, "2015-06-30": 510, "2015-03-31": "506.00000", "2014-12-31": 497, "2014-09-30": 485, "2014-06-30": 473, "2014-03-31": "468.00000", "2013-12-31": 467, "2013-09-30": 460, "2013-06-30": 466, "2013-03-31": "474.00000", "2012-12-31": 476, "2012-09-30": 464, "2012-06-30": 459, "2012-03-31": "459.00000", "2011-12-31": 451, "2011-09-30": 447, "2011-06-30": 443, "2011-03-31": "441.00000", "2010-12-31": 444, "2010-09-30": 448, "2010-06-30": 449, "2010-03-31": "451.00000", "2009-12-31": 450, "2009-09-30": 441, "2009-06-30": 426, "2009-03-31": "430.00000", "2008-12-31": 454, "2008-09-30": 456, "2008-06-30": 452, "2008-03-31": "452.00000", "2007-12-31": 443, "2007-09-30": 435, "2007-06-30": 431, "2007-03-31": "436.00000", "2006-12-31": 432, "2006-09-30": 441, "2006-06-30": 436, "2006-03-31": "439.00000", "2005-12-31": 431, "2005-09-30": 412, "2005-06-30": 403, "2005-03-31": "398.00000"}, "Other Non-Cash Items": {"2020-12-31": 4410, "2020-09-30": -242, "2020-06-30": 685, "2020-03-31": "421.00000", "2019-12-31": 2880, "2019-09-30": -1211, "2019-06-30": -285, "2019-03-31": "319.00000", "2018-12-31": 2488, "2018-09-30": 319, "2018-06-30": 347, "2018-03-31": "517.00000", "2017-12-31": -3056, "2017-09-30": 400, "2017-06-30": 415, "2017-03-31": "-2017.00000", "2016-12-31": 1920, "2016-09-30": -1040, "2016-06-30": 328, "2016-03-31": "313.00000", "2015-12-31": 120, "2015-09-30": 127, "2015-06-30": 182, "2015-03-31": "327.00000", "2014-12-31": 496, "2014-09-30": 386, "2014-06-30": -725, "2014-03-31": "326.00000", "2013-12-31": 610, "2013-09-30": 228, "2013-06-30": 310, "2013-03-31": "-49.00000", "2012-12-31": 3604, "2012-09-30": 516, "2012-06-30": 143, "2012-03-31": "156.00000", "2011-12-31": 1061, "2011-09-30": 436, "2011-06-30": 535, "2011-03-31": "-769.00000", "2010-12-31": -573, "2010-09-30": -151, "2010-06-30": 196, "2010-03-31": "-108.00000", "2009-12-31": 612, "2009-09-30": 235, "2009-06-30": 308, "2009-03-31": "307.00000", "2008-12-31": 1013, "2008-09-30": 480, "2008-06-30": 646, "2008-03-31": "309.00000", "2007-12-31": 353, "2007-09-30": -377, "2007-06-30": 212, "2007-03-31": "255.00000", "2006-12-31": 624, "2006-09-30": -1319, "2006-06-30": 98, "2006-03-31": "298.00000", "2005-12-31": 798, "2005-09-30": -773, "2005-06-30": 130, "2005-03-31": "146.00000"}, "Total Non-Cash Items": {"2020-12-31": 5122, "2020-09-30": 435, "2020-06-30": 1346, "2020-03-31": "1069.00000", "2019-12-31": 3510, "2019-09-30": -624, "2019-06-30": 290, "2019-03-31": "887.00000", "2018-12-31": 3033, "2018-09-30": 843, "2018-06-30": 889, "2018-03-31": "1113.00000", "2017-12-31": -2462, "2017-09-30": 972, "2017-06-30": 977, "2017-03-31": "-1463.00000", "2016-12-31": 2483, "2016-09-30": -486, "2016-06-30": 883, "2016-03-31": "865.00000", "2015-12-31": 661, "2015-09-30": 654, "2015-06-30": 692, "2015-03-31": "833.00000", "2014-12-31": 993, "2014-09-30": 871, "2014-06-30": -252, "2014-03-31": "794.00000", "2013-12-31": 1077, "2013-09-30": 688, "2013-06-30": 776, "2013-03-31": "425.00000", "2012-12-31": 4080, "2012-09-30": 980, "2012-06-30": 602, "2012-03-31": "615.00000", "2011-12-31": 1512, "2011-09-30": 883, "2011-06-30": 978, "2011-03-31": "-328.00000", "2010-12-31": -129, "2010-09-30": 297, "2010-06-30": 645, "2010-03-31": "343.00000", "2009-12-31": 1062, "2009-09-30": 676, "2009-06-30": 734, "2009-03-31": "737.00000", "2008-12-31": 1467, "2008-09-30": 936, "2008-06-30": 1098, "2008-03-31": "761.00000", "2007-12-31": 796, "2007-09-30": 58, "2007-06-30": 643, "2007-03-31": "691.00000", "2006-12-31": 1056, "2006-09-30": -878, "2006-06-30": 534, "2006-03-31": "737.00000", "2005-12-31": 1229, "2005-09-30": -361, "2005-06-30": 533, "2005-03-31": "544.00000"}, "Change In Accounts Receivable": {"2020-12-31": -1914, "2020-09-30": 247, "2020-06-30": -1118, "2020-03-31": "1223.00000", "2019-12-31": -1560, "2019-09-30": 26, "2019-06-30": -484, "2019-03-31": "1301.00000", "2018-12-31": -1517, "2018-09-30": -174, "2018-06-30": 69, "2018-03-31": "1201.00000", "2017-12-31": -1840, "2017-09-30": -320, "2017-06-30": 4, "2017-03-31": "1134.00000", "2016-12-31": -1486, "2016-09-30": -272, "2016-06-30": -28, "2016-03-31": "1082.00000", "2015-12-31": -1190, "2015-09-30": -142, "2015-06-30": 117, "2015-03-31": "763.00000", "2014-12-31": -971, "2014-09-30": -137, "2014-06-30": -74, "2014-03-31": "659.00000", "2013-12-31": -932, "2013-09-30": -125, "2013-06-30": 121, "2013-03-31": "421.00000", "2012-12-31": -592, "2012-09-30": -22, "2012-06-30": -95, "2012-03-31": "585.00000", "2011-12-31": -834, "2011-09-30": -8, "2011-06-30": -127, "2011-03-31": "312.00000", "2010-12-31": -489, "2010-09-30": -85, "2010-06-30": -135, "2010-03-31": "177.00000", "2009-12-31": -580, "2009-09-30": -302, "2009-06-30": 102, "2009-03-31": "750.00000", "2008-12-31": 146, "2008-09-30": -70, "2008-06-30": -41, "2008-03-31": "162.00000", "2007-12-31": -452, "2007-09-30": -121, "2007-06-30": -77, "2007-03-31": "270.00000", "2006-12-31": -113, "2006-09-30": -191, "2006-06-30": 64, "2006-03-31": "163.00000", "2005-12-31": -579, "2005-09-30": -345, "2005-06-30": 79, "2005-03-31": "56.00000"}, "Change In Inventories": {"2020-12-31": 0, "2020-09-30": 0, "2020-06-30": 0, "2020-03-31": "", "2019-12-31": 0, "2019-09-30": 0, "2019-06-30": 0, "2019-03-31": "", "2018-12-31": 0, "2018-09-30": 0, "2018-06-30": 0, "2018-03-31": "", "2017-12-31": 0, "2017-09-30": 0, "2017-06-30": 0, "2017-03-31": "", "2016-12-31": 0, "2016-09-30": 0, "2016-06-30": 0, "2016-03-31": "", "2015-12-31": 0, "2015-09-30": 0, "2015-06-30": 0, "2015-03-31": "", "2014-12-31": 0, "2014-09-30": 0, "2014-06-30": 0, "2014-03-31": "", "2013-12-31": 0, "2013-09-30": 0, "2013-06-30": 0, "2013-03-31": "", "2012-12-31": 0, "2012-09-30": 0, "2012-06-30": 0, "2012-03-31": "", "2011-12-31": 0, "2011-09-30": 0, "2011-06-30": 0, "2011-03-31": "", "2010-12-31": 0, "2010-09-30": 0, "2010-06-30": 0, "2010-03-31": "", "2009-12-31": 0, "2009-09-30": 0, "2009-06-30": 0, "2009-03-31": "", "2008-12-31": 0, "2008-09-30": 0, "2008-06-30": 0, "2008-03-31": "", "2007-12-31": 0, "2007-09-30": 0, "2007-06-30": 0, "2007-03-31": "", "2006-12-31": 0, "2006-09-30": 0, "2006-06-30": 0, "2006-03-31": "", "2005-12-31": 0, "2005-09-30": 0, "2005-06-30": 0, "2005-03-31": ""}, "Change In Accounts Payable": {"2020-12-31": 1354, "2020-09-30": 167, "2020-06-30": 484, "2020-03-31": "-1101.00000", "2019-12-31": 1333, "2019-09-30": -132, "2019-06-30": 361, "2019-03-31": "-1143.00000", "2018-12-31": 1425, "2018-09-30": -131, "2018-06-30": 341, "2018-03-31": "-601.00000", "2017-12-31": 997, "2017-09-30": 132, "2017-06-30": 143, "2017-03-31": "-673.00000", "2016-12-31": 736, "2016-09-30": 34, "2016-06-30": 261, "2016-03-31": "-571.00000", "2015-12-31": 598, "2015-09-30": -187, "2015-06-30": 13, "2015-03-31": "-571.00000", "2014-12-31": 676, "2014-09-30": -43, "2014-06-30": 1, "2014-03-31": "-358.00000", "2013-12-31": 647, "2013-09-30": -220, "2013-06-30": 72, "2013-03-31": "-281.00000", "2012-12-31": 221, "2012-09-30": -116, "2012-06-30": 113, "2012-03-31": "-276.00000", "2011-12-31": 316, "2011-09-30": -44, "2011-06-30": 58, "2011-03-31": "-81.00000", "2010-12-31": 203, "2010-09-30": 63, "2010-06-30": -49, "2010-03-31": "48.00000", "2009-12-31": 212, "2009-09-30": -26, "2009-06-30": -179, "2009-03-31": "-114.00000", "2008-12-31": -19, "2008-09-30": -81, "2008-06-30": 182, "2008-03-31": "5.00000", "2007-12-31": 180, "2007-09-30": -45, "2007-06-30": -156, "2007-03-31": "-16.00000", "2006-12-31": -37, "2006-09-30": 25, "2006-06-30": 185, "2006-03-31": "-149.00000", "2005-12-31": 70, "2005-09-30": 146, "2005-06-30": -34, "2005-03-31": "-24.00000"}, "Change In Assets/Liabilities": {"2020-12-31": -424, "2020-09-30": -29, "2020-06-30": 229, "2020-03-31": "311.00000", "2019-12-31": -291, "2019-09-30": 716, "2019-06-30": 240, "2019-03-31": "215.00000", "2018-12-31": -410, "2018-09-30": -33, "2018-06-30": 291, "2018-03-31": "1076.00000", "2017-12-31": -796, "2017-09-30": -393, "2017-06-30": -147, "2017-03-31": "109.00000", "2016-12-31": -420, "2016-09-30": 5, "2016-06-30": -397, "2016-03-31": "271.00000", "2015-12-31": -327, "2015-09-30": 420, "2015-06-30": -569, "2015-03-31": "884.00000", "2014-12-31": 177, "2014-09-30": 314, "2014-06-30": -298, "2014-03-31": "236.00000", "2013-12-31": -10, "2013-09-30": 19, "2013-06-30": -322, "2013-03-31": "160.00000", "2012-12-31": 67, "2012-09-30": -105, "2012-06-30": -89, "2012-03-31": "343.00000", "2011-12-31": 20, "2011-09-30": -53, "2011-06-30": 7, "2011-03-31": "319.00000", "2010-12-31": -350, "2010-09-30": -233, "2010-06-30": 24, "2010-03-31": "69.00000", "2009-12-31": 126, "2009-09-30": 189, "2009-06-30": -239, "2009-03-31": "244.00000", "2008-12-31": -1220, "2008-09-30": 1132, "2008-06-30": -16, "2008-03-31": "-224.00000", "2007-12-31": -147, "2007-09-30": 209, "2007-06-30": -76, "2007-03-31": "67.00000", "2006-12-31": -269, "2006-09-30": 9, "2006-06-30": -35, "2006-03-31": "257.00000", "2005-12-31": -540, "2005-09-30": 91, "2005-06-30": 354, "2005-03-31": "208.00000"}, "Total Change In Assets/Liabilities": {"2020-12-31": -683, "2020-09-30": 944, "2020-06-30": 283, "2020-03-31": "516.00000", "2019-12-31": -458, "2019-09-30": 360, "2019-06-30": -45, "2019-03-31": "279.00000", "2018-12-31": -197, "2018-09-30": -129, "2018-06-30": 759, "2018-03-31": "1609.00000", "2017-12-31": -1573, "2017-09-30": -434, "2017-06-30": 21, "2017-03-31": "536.00000", "2016-12-31": -1125, "2016-09-30": -114, "2016-06-30": -129, "2016-03-31": "674.00000", "2015-12-31": -977, "2015-09-30": 265, "2015-06-30": -434, "2015-03-31": "892.00000", "2014-12-31": 89, "2014-09-30": 274, "2014-06-30": -637, "2014-03-31": "562.00000", "2013-12-31": 0, "2013-09-30": -156, "2013-06-30": -174, "2013-03-31": "296.00000", "2012-12-31": -219, "2012-09-30": -196, "2012-06-30": -148, "2012-03-31": "695.00000", "2011-12-31": -526, "2011-09-30": 93, "2011-06-30": -37, "2011-03-31": "694.00000", "2010-12-31": -928, "2010-09-30": -377, "2010-06-30": -27, "2010-03-31": "673.00000", "2009-12-31": -583, "2009-09-30": -147, "2009-06-30": -220, "2009-03-31": "1058.00000", "2008-12-31": -243, "2008-09-30": 14, "2008-06-30": -248, "2008-03-31": "1638.00000", "2007-12-31": -2300, "2007-09-30": 538, "2007-06-30": -644, "2007-03-31": "959.00000", "2006-12-31": -671, "2006-09-30": -48, "2006-06-30": -159, "2006-03-31": "816.00000", "2005-12-31": -1036, "2005-09-30": -117, "2005-06-30": 231, "2005-03-31": "900.00000"}, "Cash Flow From Operating Activities": {"2020-12-31": 1176, "2020-09-30": 3336, "2020-06-30": 3397, "2020-03-31": "2550.00000", "2019-12-31": 2946, "2019-09-30": 1486, "2019-06-30": 1930, "2019-03-31": "2277.00000", "2018-12-31": 3289, "2018-09-30": 2222, "2018-06-30": 3133, "2018-03-31": "4067.00000", "2017-12-31": -2939, "2017-09-30": 1797, "2017-06-30": 2382, "2017-03-31": "239.00000", "2016-12-31": 1110, "2016-09-30": 670, "2016-06-30": 2023, "2016-03-31": "2670.00000", "2015-12-31": 1015, "2015-09-30": 2176, "2015-06-30": 1488, "2015-03-31": "2751.00000", "2014-12-31": 1535, "2014-09-30": 2359, "2014-06-30": -435, "2014-03-31": "2267.00000", "2013-12-31": 2244, "2013-09-30": 1629, "2013-06-30": 1673, "2013-03-31": "1758.00000", "2012-12-31": 2113, "2012-09-30": 1253, "2012-06-30": 1570, "2012-03-31": "2280.00000", "2011-12-31": 1711, "2011-09-30": 2048, "2011-06-30": 2033, "2011-03-31": "1281.00000", "2010-12-31": -88, "2010-09-30": 911, "2010-06-30": 1463, "2010-03-31": "1549.00000", "2009-12-31": 1052, "2009-09-30": 1078, "2009-06-30": 959, "2009-03-31": "2196.00000", "2008-12-31": 1478, "2008-09-30": 1920, "2008-06-30": 1723, "2008-03-31": "3305.00000", "2007-12-31": -4145, "2007-09-30": 1672, "2007-06-30": 1103, "2007-03-31": "2493.00000", "2006-12-31": 1513, "2006-09-30": 112, "2006-06-30": 1436, "2006-03-31": "2528.00000", "2005-12-31": 1242, "2005-09-30": 475, "2005-06-30": 1750, "2005-03-31": "2326.00000"}, "Net Change In Property, Plant, And Equipment": {"2020-12-31": -2163, "2020-09-30": -1146, "2020-06-30": -1131, "2020-03-31": "-932.00000", "2019-12-31": -2040, "2019-09-30": -1420, "2019-06-30": -1345, "2019-03-31": "-1510.00000", "2018-12-31": -1801, "2018-09-30": -1631, "2018-06-30": -1297, "2018-03-31": "-1517.00000", "2017-12-31": -1513, "2017-09-30": -1695, "2017-06-30": -1068, "2017-03-31": "-927.00000", "2016-12-31": -1116, "2016-09-30": -809, "2016-06-30": -528, "2016-03-31": "-424.00000", "2015-12-31": -719, "2015-09-30": -684, "2015-06-30": -587, "2015-03-31": "-363.00000", "2014-12-31": -859, "2014-09-30": -613, "2014-06-30": -485, "2014-03-31": "-318.00000", "2013-12-31": -446, "2013-09-30": -549, "2013-06-30": -525, "2013-03-31": "-441.00000", "2012-12-31": -516, "2012-09-30": -625, "2012-06-30": -508, "2012-03-31": "-409.00000", "2011-12-31": -450, "2011-09-30": -599, "2011-06-30": -538, "2011-03-31": "-391.00000", "2010-12-31": -368, "2010-09-30": -93, "2010-06-30": -361, "2010-03-31": "-263.00000", "2009-12-31": -397, "2009-09-30": -491, "2009-06-30": -278, "2009-03-31": "-376.00000", "2008-12-31": -485, "2008-09-30": -688, "2008-06-30": -712, "2008-03-31": "-604.00000", "2007-12-31": -784, "2007-09-30": -779, "2007-06-30": -524, "2007-03-31": "-648.00000", "2006-12-31": -758, "2006-09-30": -827, "2006-06-30": -839, "2006-03-31": "-586.00000", "2005-12-31": -568, "2005-09-30": -559, "2005-06-30": -538, "2005-03-31": "-495.00000"}, "Net Change In Intangible Assets": {"2020-12-31": 0, "2020-09-30": 0, "2020-06-30": 0, "2020-03-31": "", "2019-12-31": 0, "2019-09-30": 0, "2019-06-30": 0, "2019-03-31": "", "2018-12-31": 0, "2018-09-30": 0, "2018-06-30": 0, "2018-03-31": "", "2017-12-31": 0, "2017-09-30": 0, "2017-06-30": 0, "2017-03-31": "", "2016-12-31": 0, "2016-09-30": 0, "2016-06-30": 0, "2016-03-31": "", "2015-12-31": 0, "2015-09-30": 0, "2015-06-30": 0, "2015-03-31": "", "2014-12-31": 0, "2014-09-30": 0, "2014-06-30": 0, "2014-03-31": "", "2013-12-31": 0, "2013-09-30": 0, "2013-06-30": 0, "2013-03-31": "", "2012-12-31": 0, "2012-09-30": 0, "2012-06-30": 0, "2012-03-31": "", "2011-12-31": 0, "2011-09-30": 0, "2011-06-30": 0, "2011-03-31": "", "2010-12-31": 0, "2010-09-30": 0, "2010-06-30": 0, "2010-03-31": "", "2009-12-31": 0, "2009-09-30": 0, "2009-06-30": 0, "2009-03-31": "", "2008-12-31": 0, "2008-09-30": 0, "2008-06-30": 0, "2008-03-31": "", "2007-12-31": 0, "2007-09-30": 0, "2007-06-30": 0, "2007-03-31": "", "2006-12-31": 0, "2006-09-30": 0, "2006-06-30": 0, "2006-03-31": "", "2005-12-31": 0, "2005-09-30": 0, "2005-06-30": 0, "2005-03-31": ""}, "Net Acquisitions/Divestitures": {"2020-12-31": -7, "2020-09-30": -13, "2020-06-30": 0, "2020-03-31": "", "2019-12-31": 0, "2019-09-30": -5, "2019-06-30": 0, "2019-03-31": "-1.00000", "2018-12-31": 0, "2018-09-30": 0, "2018-06-30": -2, "2018-03-31": "", "2017-12-31": -73, "2017-09-30": -4, "2017-06-30": -32, "2017-03-31": "-25.00000", "2016-12-31": -544, "2016-09-30": 0, "2016-06-30": 3, "2016-03-31": "-6.00000", "2015-12-31": 21, "2015-09-30": -1835, "2015-06-30": -80, "2015-03-31": "-10.00000", "2014-12-31": -66, "2014-09-30": 0, "2014-06-30": 0, "2014-03-31": "-22.00000", "2013-12-31": -2, "2013-09-30": -20, "2013-06-30": 0, "2013-03-31": "", "2012-12-31": 0, "2012-09-30": 0, "2012-06-30": 0, "2012-03-31": "-100.00000", "2011-12-31": -73, "2011-09-30": 0, "2011-06-30": 0, "2011-03-31": "", "2010-12-31": 63, "2010-09-30": 0, "2010-06-30": 0, "2010-03-31": "", "2009-12-31": -9, "2009-09-30": 0, "2009-06-30": 0, "2009-03-31": "", "2008-12-31": 0, "2008-09-30": 0, "2008-06-30": 0, "2008-03-31": "", "2007-12-31": 0, "2007-09-30": 0, "2007-06-30": 0, "2007-03-31": "", "2006-12-31": 0, "2006-09-30": 0, "2006-06-30": 0, "2006-03-31": "", "2005-12-31": -25, "2005-09-30": -1371, "2005-06-30": -52, "2005-03-31": "-40.00000"}, "Net Change In Short-term Investments": {"2020-12-31": -1, "2020-09-30": -3, "2020-06-30": 110, "2020-03-31": "0.00000", "2019-12-31": -8, "2019-09-30": 233, "2019-06-30": -4, "2019-03-31": "101.00000", "2018-12-31": -65, "2018-09-30": -29, "2018-06-30": -62, "2018-03-31": "69.00000", "2017-12-31": 243, "2017-09-30": 88, "2017-06-30": -18, "2017-03-31": "47.00000", "2016-12-31": 1123, "2016-09-30": 579, "2016-06-30": -166, "2016-03-31": "-625.00000", "2015-12-31": 226, "2015-09-30": 460, "2015-06-30": -747, "2015-03-31": "-966.00000", "2014-12-31": 276, "2014-09-30": 264, "2014-06-30": -463, "2014-03-31": "-496.00000", "2013-12-31": 991, "2013-09-30": -84, "2013-06-30": -498, "2013-03-31": "-400.00000", "2012-12-31": -17, "2012-09-30": -19, "2012-06-30": 362, "2012-03-31": "302.00000", "2011-12-31": 60, "2011-09-30": -375, "2011-06-30": -197, "2011-03-31": "99.00000", "2010-12-31": 63, "2010-09-30": 93, "2010-06-30": -150, "2010-03-31": "24.00000", "2009-12-31": 1, "2009-09-30": -14, "2009-06-30": 104, "2009-03-31": "-102.00000", "2008-12-31": 8, "2008-09-30": -11, "2008-06-30": -1, "2008-03-31": "-274.00000", "2007-12-31": 178, "2007-09-30": 519, "2007-06-30": 256, "2007-03-31": "-332.00000", "2006-12-31": -81, "2006-09-30": 816, "2006-06-30": 85, "2006-03-31": "-338.00000", "2005-12-31": 531, "2005-09-30": 2017, "2005-06-30": 310, "2005-03-31": "-106.00000"}, "Net Change In Long-Term Investments": {"2020-12-31": 0, "2020-09-30": 0, "2020-06-30": 0, "2020-03-31": "", "2019-12-31": 0, "2019-09-30": 0, "2019-06-30": 0, "2019-03-31": "", "2018-12-31": 0, "2018-09-30": 0, "2018-06-30": 0, "2018-03-31": "", "2017-12-31": 0, "2017-09-30": 0, "2017-06-30": 0, "2017-03-31": "", "2016-12-31": 0, "2016-09-30": 0, "2016-06-30": 0, "2016-03-31": "", "2015-12-31": 0, "2015-09-30": 0, "2015-06-30": 0, "2015-03-31": "", "2014-12-31": 0, "2014-09-30": 0, "2014-06-30": 0, "2014-03-31": "", "2013-12-31": 0, "2013-09-30": 0, "2013-06-30": 0, "2013-03-31": "", "2012-12-31": 0, "2012-09-30": 0, "2012-06-30": 0, "2012-03-31": "", "2011-12-31": 0, "2011-09-30": 0, "2011-06-30": 0, "2011-03-31": "", "2010-12-31": 0, "2010-09-30": 0, "2010-06-30": 0, "2010-03-31": "", "2009-12-31": 0, "2009-09-30": 0, "2009-06-30": 0, "2009-03-31": "", "2008-12-31": 0, "2008-09-30": 0, "2008-06-30": 0, "2008-03-31": "", "2007-12-31": 0, "2007-09-30": 0, "2007-06-30": 0, "2007-03-31": "", "2006-12-31": 0, "2006-09-30": 0, "2006-06-30": 0, "2006-03-31": "", "2005-12-31": 0, "2005-09-30": 0, "2005-06-30": 0, "2005-03-31": ""}, "Net Change In Investments - Total": {"2020-12-31": -1, "2020-09-30": -3, "2020-06-30": 110, "2020-03-31": "", "2019-12-31": -8, "2019-09-30": 233, "2019-06-30": -4, "2019-03-31": "101.00000", "2018-12-31": -65, "2018-09-30": -29, "2018-06-30": -62, "2018-03-31": "69.00000", "2017-12-31": 243, "2017-09-30": 88, "2017-06-30": -18, "2017-03-31": "47.00000", "2016-12-31": 1123, "2016-09-30": 579, "2016-06-30": -166, "2016-03-31": "-625.00000", "2015-12-31": 226, "2015-09-30": 460, "2015-06-30": -747, "2015-03-31": "-966.00000", "2014-12-31": 276, "2014-09-30": 264, "2014-06-30": -463, "2014-03-31": "-496.00000", "2013-12-31": 991, "2013-09-30": -84, "2013-06-30": -498, "2013-03-31": "-400.00000", "2012-12-31": -17, "2012-09-30": -19, "2012-06-30": 362, "2012-03-31": "302.00000", "2011-12-31": 60, "2011-09-30": -375, "2011-06-30": -197, "2011-03-31": "99.00000", "2010-12-31": 63, "2010-09-30": 93, "2010-06-30": -150, "2010-03-31": "24.00000", "2009-12-31": 1, "2009-09-30": -14, "2009-06-30": 104, "2009-03-31": "-102.00000", "2008-12-31": 8, "2008-09-30": -11, "2008-06-30": -1, "2008-03-31": "-274.00000", "2007-12-31": 178, "2007-09-30": 519, "2007-06-30": 256, "2007-03-31": "-332.00000", "2006-12-31": -81, "2006-09-30": 816, "2006-06-30": 85, "2006-03-31": "-338.00000", "2005-12-31": 531, "2005-09-30": 2017, "2005-06-30": 310, "2005-03-31": "-106.00000"}, "Investing Activities - Other": {"2020-12-31": -6, "2020-09-30": -1, "2020-06-30": 12, "2020-03-31": "-2.00000", "2019-12-31": 14, "2019-09-30": 12, "2019-06-30": -82, "2019-03-31": "-6.00000", "2018-12-31": 35, "2018-09-30": -19, "2018-06-30": -13, "2018-03-31": "2.00000", "2017-12-31": -13, "2017-09-30": 21, "2017-06-30": 3, "2017-03-31": "-5.00000", "2016-12-31": 1, "2016-09-30": -3, "2016-06-30": 5, "2016-03-31": "-53.00000", "2015-12-31": 122, "2015-09-30": -124, "2015-06-30": -5, "2015-03-31": "-18.00000", "2014-12-31": -13, "2014-09-30": 12, "2014-06-30": -9, "2014-03-31": "-9.00000", "2013-12-31": -194, "2013-09-30": 43, "2013-06-30": -77, "2013-03-31": "88.00000", "2012-12-31": 105, "2012-09-30": 44, "2012-06-30": 98, "2012-03-31": "-52.00000", "2011-12-31": 42, "2011-09-30": -73, "2011-06-30": -52, "2011-03-31": "10.00000", "2010-12-31": 81, "2010-09-30": 115, "2010-06-30": 153, "2010-03-31": "-11.00000", "2009-12-31": 36, "2009-09-30": 41, "2009-06-30": 155, "2009-03-31": "82.00000", "2008-12-31": -9, "2008-09-30": -55, "2008-06-30": -198, "2008-03-31": "-150.00000", "2007-12-31": 100, "2007-09-30": -110, "2007-06-30": -110, "2007-03-31": "35.00000", "2006-12-31": 45, "2006-09-30": 30, "2006-06-30": 167, "2006-03-31": "-54.00000", "2005-12-31": -15, "2005-09-30": -96, "2005-06-30": 6, "2005-03-31": "26.00000"}, "Cash Flow From Investing Activities": {"2020-12-31": -2177, "2020-09-30": -1163, "2020-06-30": -1009, "2020-03-31": "-934.00000", "2019-12-31": -2034, "2019-09-30": -1180, "2019-06-30": -1431, "2019-03-31": "-1416.00000", "2018-12-31": -1831, "2018-09-30": -1679, "2018-06-30": -1374, "2018-03-31": "-1446.00000", "2017-12-31": -1356, "2017-09-30": -1590, "2017-06-30": -1115, "2017-03-31": "-910.00000", "2016-12-31": -536, "2016-09-30": -233, "2016-06-30": -686, "2016-03-31": "-1108.00000", "2015-12-31": -350, "2015-09-30": -2183, "2015-06-30": -1419, "2015-03-31": "-1357.00000", "2014-12-31": -662, "2014-09-30": -337, "2014-06-30": -957, "2014-03-31": "-845.00000", "2013-12-31": 349, "2013-09-30": -610, "2013-06-30": -1100, "2013-03-31": "-753.00000", "2012-12-31": -428, "2012-09-30": -600, "2012-06-30": -48, "2012-03-31": "-259.00000", "2011-12-31": -421, "2011-09-30": -1047, "2011-06-30": -787, "2011-03-31": "-282.00000", "2010-12-31": -161, "2010-09-30": 115, "2010-06-30": -358, "2010-03-31": "-250.00000", "2009-12-31": -369, "2009-09-30": -464, "2009-06-30": -19, "2009-03-31": "-396.00000", "2008-12-31": -486, "2008-09-30": -754, "2008-06-30": -911, "2008-03-31": "-1028.00000", "2007-12-31": -506, "2007-09-30": -370, "2007-06-30": -378, "2007-03-31": "-945.00000", "2006-12-31": -794, "2006-09-30": 19, "2006-06-30": -587, "2006-03-31": "-978.00000", "2005-12-31": -77, "2005-09-30": -9, "2005-06-30": -274, "2005-03-31": "-615.00000"}, "Net Long-Term Debt": {"2020-12-31": -646, "2020-09-30": -353, "2020-06-30": -956, "2020-03-31": "3566.00000", "2019-12-31": -282, "2019-09-30": 1726, "2019-06-30": -1037, "2019-03-31": "1702.00000", "2018-12-31": -615, "2018-09-30": 431, "2018-06-30": -4, "2018-03-31": "-1497.00000", "2017-12-31": 5199, "2017-09-30": 283, "2017-06-30": 2026, "2017-03-31": "569.00000", "2016-12-31": 427, "2016-09-30": -61, "2016-06-30": 178, "2016-03-31": "1578.00000", "2015-12-31": 831, "2015-09-30": 144, "2015-06-30": -797, "2015-03-31": "881.00000", "2014-12-31": -434, "2014-09-30": 521, "2014-06-30": -248, "2014-03-31": "-8.00000", "2013-12-31": -14, "2013-09-30": 0, "2013-06-30": -111, "2013-03-31": "-1650.00000", "2012-12-31": -4, "2012-09-30": 1737, "2012-06-30": -8, "2012-03-31": "4.00000", "2011-12-31": -9, "2011-09-30": 107, "2011-06-30": 91, "2011-03-31": "-101.00000", "2010-12-31": 1969, "2010-09-30": -77, "2010-06-30": -11, "2010-03-31": "-154.00000", "2009-12-31": -171, "2009-09-30": -387, "2009-06-30": -896, "2009-03-31": "2670.00000", "2008-12-31": -512, "2008-09-30": 462, "2008-06-30": 1202, "2008-03-31": "-57.00000", "2007-12-31": 3498, "2007-09-30": 316, "2007-06-30": 81, "2007-03-31": "1.00000", "2006-12-31": 133, "2006-09-30": 421, "2006-06-30": 37, "2006-03-31": "-32.00000", "2005-12-31": -5, "2005-09-30": -349, "2005-06-30": 196, "2005-03-31": "-16.00000"}, "Net Current Debt": {"2020-12-31": -538, "2020-09-30": -1032, "2020-06-30": -801, "2020-03-31": "-91.00000", "2019-12-31": 1410, "2019-09-30": -1049, "2019-06-30": 1166, "2019-03-31": "-1217.00000", "2018-12-31": 140, "2018-09-30": -145, "2018-06-30": -97, "2018-03-31": "165.00000", "2017-12-31": 104, "2017-09-30": 456, "2017-06-30": -1372, "2017-03-31": "562.00000", "2016-12-31": 601, "2016-09-30": 1092, "2016-06-30": -1022, "2016-03-31": "-759.00000", "2015-12-31": -1017, "2015-09-30": 1227, "2015-06-30": 856, "2015-03-31": "1463.00000", "2014-12-31": -1066, "2014-09-30": -30, "2014-06-30": -87, "2014-03-31": "1183.00000", "2013-12-31": -1653, "2013-09-30": 608, "2013-06-30": -427, "2013-03-31": "1472.00000", "2012-12-31": -2075, "2012-09-30": 198, "2012-06-30": 992, "2012-03-31": "885.00000", "2011-12-31": -1293, "2011-09-30": -62, "2011-06-30": -125, "2011-03-31": "1297.00000", "2010-12-31": -655, "2010-09-30": -652, "2010-06-30": 198, "2010-03-31": "628.00000", "2009-12-31": -577, "2009-09-30": -290, "2009-06-30": -437, "2009-03-31": "-434.00000", "2008-12-31": -414, "2008-09-30": -287, "2008-06-30": -125, "2008-03-31": "-1190.00000", "2007-12-31": 2513, "2007-09-30": -316, "2007-06-30": 430, "2007-03-31": "-14.00000", "2006-12-31": -790, "2006-09-30": 629, "2006-06-30": -177, "2006-03-31": "-175.00000", "2005-12-31": -1008, "2005-09-30": 1198, "2005-06-30": -133, "2005-03-31": "-344.00000"}, "Debt Issuance/Retirement Net - Total": {"2020-12-31": -1184, "2020-09-30": -1385, "2020-06-30": -1757, "2020-03-31": "3475.00000", "2019-12-31": 1128, "2019-09-30": 677, "2019-06-30": 129, "2019-03-31": "485.00000", "2018-12-31": -475, "2018-09-30": 286, "2018-06-30": -101, "2018-03-31": "-1332.00000", "2017-12-31": 5303, "2017-09-30": 739, "2017-06-30": 654, "2017-03-31": "1131.00000", "2016-12-31": 1028, "2016-09-30": 1031, "2016-06-30": -844, "2016-03-31": "819.00000", "2015-12-31": -186, "2015-09-30": 1371, "2015-06-30": 59, "2015-03-31": "2344.00000", "2014-12-31": -1500, "2014-09-30": 491, "2014-06-30": -335, "2014-03-31": "1175.00000", "2013-12-31": -1667, "2013-09-30": 608, "2013-06-30": -538, "2013-03-31": "-178.00000", "2012-12-31": -2079, "2012-09-30": 1935, "2012-06-30": 984, "2012-03-31": "889.00000", "2011-12-31": -1302, "2011-09-30": 45, "2011-06-30": -34, "2011-03-31": "1196.00000", "2010-12-31": 1314, "2010-09-30": -729, "2010-06-30": 187, "2010-03-31": "474.00000", "2009-12-31": -748, "2009-09-30": -677, "2009-06-30": -1333, "2009-03-31": "2236.00000", "2008-12-31": -926, "2008-09-30": 175, "2008-06-30": 1077, "2008-03-31": "-1247.00000", "2007-12-31": 6011, "2007-09-30": 0, "2007-06-30": 511, "2007-03-31": "-13.00000", "2006-12-31": -657, "2006-09-30": 1050, "2006-06-30": -140, "2006-03-31": "-207.00000", "2005-12-31": -1013, "2005-09-30": 849, "2005-06-30": 63, "2005-03-31": "-360.00000"}, "Net Common Equity Issued/Repurchased": {"2020-12-31": 71, "2020-09-30": 90, "2020-06-30": 50, "2020-03-31": "-150.00000", "2019-12-31": -196, "2019-09-30": -216, "2019-06-30": -175, "2019-03-31": "-199.00000", "2018-12-31": -177, "2018-09-30": -198, "2018-06-30": -212, "2018-03-31": "-184.00000", "2017-12-31": -397, "2017-09-30": -403, "2017-06-30": -402, "2017-03-31": "-364.00000", "2016-12-31": -622, "2016-09-30": -629, "2016-06-30": -625, "2016-03-31": "-557.00000", "2015-12-31": -619, "2015-09-30": -626, "2015-06-30": -604, "2015-03-31": "-604.00000", "2014-12-31": -562, "2014-09-30": -629, "2014-06-30": -636, "2014-03-31": "-594.00000", "2013-12-31": -849, "2013-09-30": -924, "2013-06-30": -730, "2013-03-31": "-844.00000", "2012-12-31": -171, "2012-09-30": -458, "2012-06-30": -275, "2012-03-31": "-416.00000", "2011-12-31": -422, "2011-09-30": -1064, "2011-06-30": -488, "2011-03-31": "-401.00000", "2010-12-31": -151, "2010-09-30": -111, "2010-06-30": -104, "2010-03-31": "-233.00000", "2009-12-31": -121, "2009-09-30": -112, "2009-06-30": -94, "2009-03-31": "-85.00000", "2008-12-31": -252, "2008-09-30": -953, "2008-06-30": -1071, "2008-03-31": "-1125.00000", "2007-12-31": -530, "2007-09-30": -488, "2007-06-30": -816, "2007-03-31": "-631.00000", "2006-12-31": -382, "2006-09-30": -582, "2006-06-30": -505, "2006-03-31": "-827.00000", "2005-12-31": -486, "2005-09-30": -509, "2005-06-30": -581, "2005-03-31": "-739.00000"}, "Net Total Equity Issued/Repurchased": {"2020-12-31": 71, "2020-09-30": 90, "2020-06-30": 50, "2020-03-31": "-150.00000", "2019-12-31": -196, "2019-09-30": -216, "2019-06-30": -175, "2019-03-31": "-199.00000", "2018-12-31": -177, "2018-09-30": -198, "2018-06-30": -212, "2018-03-31": "-184.00000", "2017-12-31": -397, "2017-09-30": -403, "2017-06-30": -402, "2017-03-31": "-364.00000", "2016-12-31": -622, "2016-09-30": -629, "2016-06-30": -625, "2016-03-31": "-557.00000", "2015-12-31": -619, "2015-09-30": -626, "2015-06-30": -604, "2015-03-31": "-604.00000", "2014-12-31": -562, "2014-09-30": -629, "2014-06-30": -636, "2014-03-31": "-594.00000", "2013-12-31": -849, "2013-09-30": -924, "2013-06-30": -730, "2013-03-31": "-844.00000", "2012-12-31": -171, "2012-09-30": -458, "2012-06-30": -275, "2012-03-31": "-416.00000", "2011-12-31": -422, "2011-09-30": -1064, "2011-06-30": -488, "2011-03-31": "-401.00000", "2010-12-31": -151, "2010-09-30": -111, "2010-06-30": -104, "2010-03-31": "-233.00000", "2009-12-31": -121, "2009-09-30": -112, "2009-06-30": -94, "2009-03-31": "-85.00000", "2008-12-31": -252, "2008-09-30": -953, "2008-06-30": -1071, "2008-03-31": "-1125.00000", "2007-12-31": -530, "2007-09-30": -488, "2007-06-30": -816, "2007-03-31": "-631.00000", "2006-12-31": -382, "2006-09-30": -582, "2006-06-30": -505, "2006-03-31": "-827.00000", "2005-12-31": -486, "2005-09-30": -509, "2005-06-30": -581, "2005-03-31": "-739.00000"}, "Total Common And Preferred Stock Dividends Paid": {"2020-12-31": -846, "2020-09-30": -845, "2020-06-30": -843, "2020-03-31": "-840.00000", "2019-12-31": -797, "2019-09-30": -798, "2019-06-30": -800, "2019-03-31": "-799.00000", "2018-12-31": -751, "2018-09-30": -753, "2018-06-30": -753, "2018-03-31": "-754.00000", "2017-12-31": -686, "2017-09-30": -696, "2017-06-30": -694, "2017-03-31": "-695.00000", "2016-12-31": -656, "2016-09-30": -660, "2016-06-30": -661, "2016-03-31": "-666.00000", "2015-12-31": -626, "2015-09-30": -629, "2015-06-30": -634, "2015-03-31": "-636.00000", "2014-12-31": -586, "2014-09-30": -588, "2014-06-30": -596, "2014-03-31": "-596.00000", "2013-12-31": -558, "2013-09-30": -562, "2013-06-30": -568, "2013-03-31": "-572.00000", "2012-12-31": -530, "2012-09-30": -532, "2012-06-30": -534, "2012-03-31": "-534.00000", "2011-12-31": -497, "2011-09-30": -493, "2011-06-30": -504, "2011-03-31": "-503.00000", "2010-12-31": -455, "2010-09-30": -452, "2010-06-30": -455, "2010-03-31": "-456.00000", "2009-12-31": -438, "2009-09-30": -437, "2009-06-30": -438, "2009-03-31": "-438.00000", "2008-12-31": -438, "2008-09-30": -444, "2008-06-30": -451, "2008-03-31": "-886.00000", "2007-12-31": -5, "2007-09-30": -432, "2007-06-30": -436, "2007-03-31": "-830.00000", "2006-12-31": -8, "2006-09-30": -401, "2006-06-30": -405, "2006-03-31": "-763.00000", "2005-12-31": 1, "2005-09-30": -359, "2005-06-30": -362, "2005-03-31": "-671.00000"}, "Financial Activities - Other": {"2020-12-31": -2, "2020-09-30": -17, "2020-06-30": -16, "2020-03-31": "-318.00000", "2019-12-31": -8, "2019-09-30": 17, "2019-06-30": 7, "2019-03-31": "-182.00000", "2018-12-31": -29, "2018-09-30": 12, "2018-06-30": 9, "2018-03-31": "-280.00000", "2017-12-31": -19, "2017-09-30": 2, "2017-06-30": 10, "2017-03-31": "-196.00000", "2016-12-31": -109, "2016-09-30": 61, "2016-06-30": -14, "2016-03-31": "-36.00000", "2015-12-31": 26, "2015-09-30": -24, "2015-06-30": 28, "2015-03-31": "-205.00000", "2014-12-31": -100, "2014-09-30": -55, "2014-06-30": 55, "2014-03-31": "-105.00000", "2013-12-31": -17, "2013-09-30": 203, "2013-06-30": -359, "2013-03-31": "-252.00000", "2012-12-31": -104, "2012-09-30": -36, "2012-06-30": -68, "2012-03-31": "112.00000", "2011-12-31": -157, "2011-09-30": -1, "2011-06-30": -192, "2011-03-31": "-45.00000", "2010-12-31": -115, "2010-09-30": -1, "2010-06-30": -17, "2010-03-31": "-42.00000", "2009-12-31": -77, "2009-09-30": 0, "2009-06-30": -27, "2009-03-31": "-256.00000", "2008-12-31": -49, "2008-09-30": 171, "2008-06-30": -199, "2008-03-31": "-84.00000", "2007-12-31": -46, "2007-09-30": 2, "2007-06-30": 0, "2007-03-31": "", "2006-12-31": -27, "2006-09-30": 3, "2006-06-30": 0, "2006-03-31": "", "2005-12-31": -6, "2005-09-30": -4, "2005-06-30": 1, "2005-03-31": "1.00000"}, "Cash Flow From Financial Activities": {"2020-12-31": -1961, "2020-09-30": -2157, "2020-06-30": -2566, "2020-03-31": "2167.00000", "2019-12-31": 127, "2019-09-30": -320, "2019-06-30": -839, "2019-03-31": "-695.00000", "2018-12-31": -1432, "2018-09-30": -653, "2018-06-30": -1057, "2018-03-31": "-2550.00000", "2017-12-31": 4201, "2017-09-30": -358, "2017-06-30": -432, "2017-03-31": "-124.00000", "2016-12-31": -359, "2016-09-30": -197, "2016-06-30": -2144, "2016-03-31": "-440.00000", "2015-12-31": -1405, "2015-09-30": 92, "2015-06-30": -1151, "2015-03-31": "899.00000", "2014-12-31": -2748, "2014-09-30": -781, "2014-06-30": -1512, "2014-03-31": "-120.00000", "2013-12-31": -3091, "2013-09-30": -675, "2013-06-30": -2195, "2013-03-31": "-1846.00000", "2012-12-31": -2884, "2012-09-30": 909, "2012-06-30": 107, "2012-03-31": "51.00000", "2011-12-31": -2378, "2011-09-30": -1513, "2011-06-30": -1218, "2011-03-31": "247.00000", "2010-12-31": 593, "2010-09-30": -1293, "2010-06-30": -389, "2010-03-31": "-257.00000", "2009-12-31": -1384, "2009-09-30": -1226, "2009-06-30": -1892, "2009-03-31": "1457.00000", "2008-12-31": -1665, "2008-09-30": -1051, "2008-06-30": -644, "2008-03-31": "-3342.00000", "2007-12-31": 5430, "2007-09-30": -918, "2007-06-30": -741, "2007-03-31": "-1474.00000", "2006-12-31": -1074, "2006-09-30": 70, "2006-06-30": -1050, "2006-03-31": "-1797.00000", "2005-12-31": -1504, "2005-09-30": -23, "2005-06-30": -879, "2005-03-31": "-1769.00000"}, "Net Cash Flow": {"2020-12-31": -2930, "2020-09-30": 26, "2020-06-30": -142, "2020-03-31": "3718.00000", "2019-12-31": 1053, "2019-09-30": -31, "2019-06-30": -326, "2019-03-31": "175.00000", "2018-12-31": -8, "2018-09-30": -116, "2018-06-30": 665, "2018-03-31": "57.00000", "2017-12-31": -97, "2017-09-30": -125, "2017-06-30": 849, "2017-03-31": "-779.00000", "2016-12-31": 180, "2016-09-30": 240, "2016-06-30": -828, "2016-03-31": "1157.00000", "2015-12-31": -711, "2015-09-30": 11, "2015-06-30": -1052, "2015-03-31": "2191.00000", "2014-12-31": -1913, "2014-09-30": 1148, "2014-06-30": -2890, "2014-03-31": "1281.00000", "2013-12-31": -517, "2013-09-30": 374, "2013-06-30": -1648, "2013-03-31": "-871.00000", "2012-12-31": -1103, "2012-09-30": 1712, "2012-06-30": 1585, "2012-03-31": "2099.00000", "2011-12-31": -1099, "2011-09-30": -558, "2011-06-30": 34, "2011-03-31": "1287.00000", "2010-12-31": 350, "2010-09-30": -232, "2010-06-30": 708, "2010-03-31": "1002.00000", "2009-12-31": -700, "2009-09-30": -576, "2009-06-30": -920, "2009-03-31": "3231.00000", "2008-12-31": -732, "2008-09-30": 61, "2008-06-30": 169, "2008-03-31": "-1018.00000", "2007-12-31": 782, "2007-09-30": 389, "2007-06-30": -15, "2007-03-31": "77.00000", "2006-12-31": -345, "2006-09-30": 194, "2006-06-30": -179, "2006-03-31": "-245.00000", "2005-12-31": -339, "2005-09-30": 448, "2005-06-30": 581, "2005-03-31": "-60.00000"}, "Stock-Based Compensation": {"2020-12-31": 288, "2020-09-30": 140, "2020-06-30": 137, "2020-03-31": "231.00000", "2019-12-31": 199, "2019-09-30": 203, "2019-06-30": 205, "2019-03-31": "308.00000", "2018-12-31": 127, "2018-09-30": 129, "2018-06-30": 139, "2018-03-31": "239.00000", "2017-12-31": 138, "2017-09-30": 118, "2017-06-30": 116, "2017-03-31": "212.00000", "2016-12-31": 120, "2016-09-30": 125, "2016-06-30": 131, "2016-03-31": "215.00000", "2015-12-31": 122, "2015-09-30": 124, "2015-06-30": 134, "2015-03-31": "194.00000", "2014-12-31": 106, "2014-09-30": 124, "2014-06-30": 142, "2014-03-31": "164.00000", "2013-12-31": 107, "2013-09-30": 118, "2013-06-30": 131, "2013-03-31": "157.00000", "2012-12-31": 126, "2012-09-30": 126, "2012-06-30": 133, "2012-03-31": "162.00000", "2011-12-31": 122, "2011-09-30": 130, "2011-06-30": 152, "2011-03-31": "120.00000", "2010-12-31": 170, "2010-09-30": 111, "2010-06-30": 138, "2010-03-31": "100.00000", "2009-12-31": 118, "2009-09-30": 93, "2009-06-30": 114, "2009-03-31": "105.00000", "2008-12-31": 142, "2008-09-30": 123, "2008-06-30": 134, "2008-03-31": "117.00000", "2007-12-31": 112, "2007-09-30": 122, "2007-06-30": 118, "2007-03-31": "95.00000", "2006-12-31": 134, "2006-09-30": 79, "2006-06-30": 88, "2006-03-31": "68.00000", "2005-12-31": 105, "2005-09-30": 49, "2005-06-30": 40, "2005-03-31": "40.00000"}, "Common Stock Dividends Paid": {"2020-12-31": -846, "2020-09-30": -845, "2020-06-30": -843, "2020-03-31": "-840.00000", "2019-12-31": -797, "2019-09-30": -798, "2019-06-30": -800, "2019-03-31": "-799.00000", "2018-12-31": -751, "2018-09-30": -753, "2018-06-30": -753, "2018-03-31": "-754.00000", "2017-12-31": -686, "2017-09-30": -696, "2017-06-30": -694, "2017-03-31": "-695.00000", "2016-12-31": -656, "2016-09-30": -660, "2016-06-30": -661, "2016-03-31": "-666.00000", "2015-12-31": -626, "2015-09-30": -629, "2015-06-30": -634, "2015-03-31": "-636.00000", "2014-12-31": -586, "2014-09-30": -588, "2014-06-30": -596, "2014-03-31": "-596.00000", "2013-12-31": -558, "2013-09-30": -562, "2013-06-30": -568, "2013-03-31": "-572.00000", "2012-12-31": -530, "2012-09-30": -532, "2012-06-30": -534, "2012-03-31": "-534.00000", "2011-12-31": -497, "2011-09-30": -493, "2011-06-30": -504, "2011-03-31": "-503.00000", "2010-12-31": -455, "2010-09-30": -452, "2010-06-30": -455, "2010-03-31": "-456.00000", "2009-12-31": -438, "2009-09-30": -437, "2009-06-30": -438, "2009-03-31": "-438.00000", "2008-12-31": -438, "2008-09-30": -444, "2008-06-30": -451, "2008-03-31": "-886.00000", "2007-12-31": -5, "2007-09-30": -432, "2007-06-30": -436, "2007-03-31": "-830.00000", "2006-12-31": -8, "2006-09-30": -401, "2006-06-30": -405, "2006-03-31": "-763.00000", "2005-12-31": 1, "2005-09-30": -359, "2005-06-30": -362, "2005-03-31": "-671.00000"}}, "financial ratios": {"Current Ratio": {"2019-12-31": "1.10960", "2018-12-31": "1.15070", "2017-12-31": "1.21980", "2016-12-31": "1.18060", "2015-12-31": "1.23490", "2014-12-31": "1.30120", "2013-12-31": "1.87730", "2012-12-31": "1.85830", "2011-12-31": "1.88580", "2010-12-31": "1.96020", "2009-12-31": "1.48660", "2008-12-31": "1.13150", "2007-12-31": "1.19510", "2006-12-31": "1.39560", "2005-12-31": "1.64590"}, "Long-term Debt / Capital": {"2019-12-31": "0.86920", "2018-12-31": "0.86780", "2017-12-31": "0.95190", "2016-12-31": "0.96650", "2015-12-31": "0.81960", "2014-12-31": "0.82040", "2013-12-31": "0.62520", "2012-12-31": "0.70090", "2011-12-31": "0.60950", "2010-12-31": "0.56590", "2009-12-31": "0.52970", "2008-12-31": "0.53490", "2007-12-31": "0.38120", "2006-12-31": "0.16830", "2005-12-31": "0.15760"}, "Debt/Equity Ratio": {"2019-12-31": "7.68750", "2018-12-31": "7.48630", "2017-12-31": "23.71970", "2016-12-31": "37.47090", "2015-12-31": "5.75430", "2014-12-31": "4.99490", "2013-12-31": "1.67570", "2012-12-31": "2.71920", "2011-12-31": "1.56560", "2010-12-31": "1.34780", "2009-12-31": "1.23710", "2008-12-31": "1.45590", "2007-12-31": "0.90440", "2006-12-31": "0.26590", "2005-12-31": "0.23570"}, "Gross Margin": {"2019-12-31": "76.08850", "2018-12-31": "74.16120", "2017-12-31": "75.99010", "2016-12-31": "78.07500", "2015-12-31": "79.56750", "2014-12-31": "76.44940", "2013-12-31": "76.99590", "2012-12-31": "76.58840", "2011-12-31": "76.34120", "2010-12-31": "78.31670", "2009-12-31": "80.53070", "2008-12-31": "76.92970", "2007-12-31": "79.80960", "2006-12-31": "80.42780", "2005-12-31": "82.95720"}, "Operating Margin": {"2019-12-31": "10.52450", "2018-12-31": "9.77440", "2017-12-31": "11.30740", "2016-12-31": "12.47850", "2015-12-31": "13.13850", "2014-12-31": "8.53140", "2013-12-31": "12.68810", "2012-12-31": "2.48120", "2011-12-31": "11.44900", "2010-12-31": "11.38560", "2009-12-31": "7.74440", "2008-12-31": "10.45330", "2007-12-31": "1.16320", "2006-12-31": "13.95460", "2005-12-31": "14.42660"}, "EBIT Margin": {"2019-12-31": "10.52450", "2018-12-31": "9.77440", "2017-12-31": "11.30740", "2016-12-31": "12.47850", "2015-12-31": "13.13850", "2014-12-31": "8.53140", "2013-12-31": "12.68810", "2012-12-31": "2.48120", "2011-12-31": "11.44900", "2010-12-31": "11.38560", "2009-12-31": "7.74440", "2008-12-31": "10.45330", "2007-12-31": "1.16320", "2006-12-31": "13.95460", "2005-12-31": "14.42660"}, "EBITDA Margin": {"2019-12-31": "13.70960", "2018-12-31": "12.84560", "2017-12-31": "14.73460", "2016-12-31": "16.08830", "2015-12-31": "16.70920", "2014-12-31": "11.83370", "2013-12-31": "16.05580", "2012-12-31": "5.91390", "2011-12-31": "14.80460", "2010-12-31": "15.00250", "2009-12-31": "11.60120", "2008-12-31": "13.97660", "2007-12-31": "4.67480", "2006-12-31": "17.63100", "2005-12-31": "18.28750"}, "Pre-Tax Profit Margin": {"2019-12-31": "7.62810", "2018-12-31": "8.37590", "2017-12-31": "10.71860", "2016-12-31": "8.31200", "2015-12-31": "12.57990", "2014-12-31": "7.96300", "2013-12-31": "12.03870", "2012-12-31": "1.79950", "2011-12-31": "10.87660", "2010-12-31": "10.67720", "2009-12-31": "6.78410", "2008-12-31": "9.74050", "2007-12-31": "0.86730", "2006-12-31": "13.69170", "2005-12-31": "14.26690"}, "Net Profit Margin": {"2019-12-31": "5.99240", "2018-12-31": "6.66700", "2017-12-31": "7.36650", "2016-12-31": "5.55430", "2015-12-31": "8.29980", "2014-12-31": "5.20680", "2013-12-31": "7.88630", "2012-12-31": "1.49090", "2011-12-31": "7.16320", "2010-12-31": "6.73730", "2009-12-31": "4.34470", "2008-12-31": "5.83270", "2007-12-31": "0.76870", "2006-12-31": "8.83760", "2005-12-31": "9.08860"}, "Asset Turnover": {"2019-12-31": "1.28060", "2018-12-31": "1.43680", "2017-12-31": "1.46100", "2016-12-31": "1.52590", "2015-12-31": "1.52340", "2014-12-31": "1.64310", "2013-12-31": "1.53090", "2012-12-31": "1.39280", "2011-12-31": "1.53040", "2010-12-31": "1.47470", "2009-12-31": "1.42070", "2008-12-31": "1.61500", "2007-12-31": "1.27280", "2006-12-31": "1.43170", "2005-12-31": "1.21840"}, "Inventory Turnover Ratio": {"2019-12-31": "", "2018-12-31": "", "2017-12-31": "", "2016-12-31": "", "2015-12-31": "", "2014-12-31": "", "2013-12-31": "", "2012-12-31": "", "2011-12-31": "", "2010-12-31": "", "2009-12-31": "", "2008-12-31": "", "2007-12-31": "", "2006-12-31": "", "2005-12-31": ""}, "Receiveable Turnover": {"2019-12-31": "7.45860", "2018-12-31": "7.26020", "2017-12-31": "6.43580", "2016-12-31": "7.39790", "2015-12-31": "8.18100", "2014-12-31": "8.74220", "2013-12-31": "8.52630", "2012-12-31": "8.85730", "2011-12-31": "8.50220", "2010-12-31": "8.80490", "2009-12-31": "7.64890", "2008-12-31": "8.31220", "2007-12-31": "6.36420", "2006-12-31": "7.56520", "2005-12-31": "6.91920"}, "Days Sales In Receivables": {"2019-12-31": "48.93660", "2018-12-31": "50.27440", "2017-12-31": "56.71380", "2016-12-31": "49.33810", "2015-12-31": "44.61580", "2014-12-31": "41.75140", "2013-12-31": "42.80870", "2012-12-31": "41.20890", "2011-12-31": "42.92990", "2010-12-31": "41.45430", "2009-12-31": "47.71910", "2008-12-31": "43.91120", "2007-12-31": "57.35170", "2006-12-31": "48.24750", "2005-12-31": "52.75150"}, "ROE - Return On Equity": {"2019-12-31": "135.24220", "2018-12-31": "157.75440", "2017-12-31": "479.00390", "2016-12-31": "797.66900", "2015-12-31": "194.46010", "2014-12-31": "140.50050", "2013-12-31": "67.38590", "2012-12-31": "17.05050", "2011-12-31": "53.51720", "2010-12-31": "41.48130", "2009-12-31": "25.57170", "2008-12-31": "44.29200", "2007-12-31": "3.13550", "2006-12-31": "27.14120", "2005-12-31": "22.92110"}, "Return On Tangible Equity": {"2019-12-31": "-164.62740", "2018-12-31": "-168.16430", "2017-12-31": "-101.93270", "2016-12-31": "-67.28270", "2015-12-31": "-195.55910", "2014-12-31": "-347.30810", "2013-12-31": "124.09880", "2012-12-31": "41.23660", "2011-12-31": "86.02440", "2010-12-31": "62.19490", "2009-12-31": "39.27360", "2008-12-31": "70.11440", "2007-12-31": "4.25480", "2006-12-31": "34.27130", "2005-12-31": "28.34960"}, "ROA - Return On Assets": {"2019-12-31": "7.67410", "2018-12-31": "9.57890", "2017-12-31": "10.76270", "2016-12-31": "8.47510", "2015-12-31": "12.64390", "2014-12-31": "8.55530", "2013-12-31": "12.07340", "2012-12-31": "2.07650", "2011-12-31": "10.96220", "2010-12-31": "9.93540", "2009-12-31": "6.17260", "2008-12-31": "9.42000", "2007-12-31": "0.97840", "2006-12-31": "12.65280", "2005-12-31": "11.07390"}, "ROI - Return On Investment": {"2019-12-31": "17.68850", "2018-12-31": "20.85950", "2017-12-31": "23.02600", "2016-12-31": "26.68640", "2015-12-31": "35.08370", "2014-12-31": "25.23720", "2013-12-31": "25.25420", "2012-12-31": "5.10050", "2011-12-31": "20.89770", "2010-12-31": "18.00630", "2009-12-31": "12.02640", "2008-12-31": "20.60100", "2007-12-31": "1.94020", "2006-12-31": "22.57320", "2005-12-31": "19.30850"}, "Book Value Per Share": {"2019-12-31": "3.83260", "2018-12-31": "3.53800", "2017-12-31": "1.19210", "2016-12-31": "0.49420", "2015-12-31": "2.81150", "2014-12-31": "2.38450", "2013-12-31": "7.02930", "2012-12-31": "4.96640", "2011-12-31": "7.38110", "2010-12-31": "8.13650", "2009-12-31": "7.74250", "2008-12-31": "6.80720", "2007-12-31": "11.70320", "2006-12-31": "14.46920", "2005-12-31": "15.39110"}, "Operating Cash Flow Per Share": {"2019-12-31": -4.669, "2018-12-31": 12.92, "2017-12-31": -5.6073, "2016-12-31": -0.9033, "2015-12-31": 2.0039, "2014-12-31": -1.5076, "2013-12-31": 0.2577, "2012-12-31": 0.3097, "2011-12-31": 3.3137, "2010-12-31": -1.4404, "2009-12-31": -2.9807, "2008-12-31": 7.1882, "2007-12-31": -4.0758, "2006-12-31": -0.0587, "2005-12-31": 5.1909}, "Free Cash Flow Per Share": {"2019-12-31": -4.7567, "2018-12-31": 11.687, "2017-12-31": -8.3101, "2016-12-31": -1.5497, "2015-12-31": 1.869, "2014-12-31": -1.9013, "2013-12-31": 0.3131, "2012-12-31": 0.1817, "2011-12-31": 2.3995, "2010-12-31": -0.9863, "2009-12-31": -2.0811, "2008-12-31": 7.3257, "2007-12-31": -3.8847, "2006-12-31": -0.8872, "2005-12-31": 3.2554}}, "financial ratios, quarterly": {"Current Ratio": {"2020-09-30": "1.28950", "2020-06-30": "1.24310", "2020-03-31": "1.22360", "2019-12-31": "1.10960", "2019-09-30": "1.10510", "2019-06-30": "1.08880", "2019-03-31": "1.12830", "2018-12-31": "1.15070", "2018-09-30": "1.14470", "2018-06-30": "1.20770", "2018-03-31": "1.22160", "2017-12-31": "1.21980", "2017-09-30": "1.06110", "2017-06-30": "1.11840", "2017-03-31": "1.00770", "2016-12-31": "1.18060", "2016-09-30": "1.18040", "2016-06-30": "1.31740", "2016-03-31": "1.25360", "2015-12-31": "1.23490", "2015-09-30": "1.14420", "2015-06-30": "1.33630", "2015-03-31": "1.31150", "2014-12-31": "1.30120", "2014-09-30": "1.46420", "2014-06-30": "1.48030", "2014-03-31": "1.59030", "2013-12-31": "1.87730", "2013-09-30": "1.75910", "2013-06-30": "1.84130", "2013-03-31": "1.80250", "2012-12-31": "1.85830", "2012-09-30": "1.58850", "2012-06-30": "1.75020", "2012-03-31": "1.78620", "2011-12-31": "1.88580", "2011-09-30": "1.68130", "2011-06-30": "1.69990", "2011-03-31": "1.65920", "2010-12-31": "1.96020", "2010-09-30": "1.58150", "2010-06-30": "1.43410", "2010-03-31": "1.36570", "2009-12-31": "1.48660", "2009-09-30": "1.41220", "2009-06-30": "1.42270", "2009-03-31": "1.29270", "2008-12-31": "1.13150", "2008-09-30": "1.12260", "2008-06-30": "0.99570", "2008-03-31": "1.06960", "2007-12-31": "1.19510", "2007-09-30": "1.21570", "2007-06-30": "1.31230", "2007-03-31": "1.35700", "2006-12-31": "1.39560", "2006-09-30": "1.29700", "2006-06-30": "1.59160", "2006-03-31": "1.54770", "2005-12-31": "1.64590", "2005-09-30": "1.45290", "2005-06-30": "1.99810", "2005-03-31": "1.95480"}, "Long-term Debt / Capital": {"2020-09-30": "0.80630", "2020-06-30": "0.84130", "2020-03-31": "0.87960", "2019-12-31": "0.86920", "2019-09-30": "0.79590", "2019-06-30": "0.82200", "2019-03-31": "0.85400", "2018-12-31": "0.86780", "2018-09-30": "0.86540", "2018-06-30": "0.89520", "2018-03-31": "0.93690", "2017-12-31": "0.95190", "2017-09-30": "0.90320", "2017-06-30": "0.91800", "2017-03-31": "0.95850", "2016-12-31": "0.96650", "2016-09-30": "0.80610", "2016-06-30": "0.81340", "2016-03-31": "0.82350", "2015-12-31": "0.81960", "2015-09-30": "0.83760", "2015-06-30": "0.83420", "2015-03-31": "0.84330", "2014-12-31": "0.82040", "2014-09-30": "0.63590", "2014-06-30": "0.64030", "2014-03-31": "0.61160", "2013-12-31": "0.62520", "2013-09-30": "0.74880", "2013-06-30": "0.74910", "2013-03-31": "0.73210", "2012-12-31": "0.70090", "2012-09-30": "0.59420", "2012-06-30": "0.58990", "2012-03-31": "0.59640", "2011-12-31": "0.60950", "2011-09-30": "0.58500", "2011-06-30": "0.56430", "2011-03-31": "0.56060", "2010-12-31": "0.56590", "2010-09-30": "0.50360", "2010-06-30": "0.52070", "2010-03-31": "0.52890", "2009-12-31": "0.52970", "2009-09-30": "0.55840", "2009-06-30": "0.56620", "2009-03-31": "0.56310", "2008-12-31": "0.53490", "2008-09-30": "0.42070", "2008-06-30": "0.39630", "2008-03-31": "0.38620", "2007-12-31": "0.38120", "2007-09-30": "0.17430", "2007-06-30": "0.16900", "2007-03-31": "0.17020", "2006-12-31": "0.16830", "2006-09-30": "0.15340", "2006-06-30": "0.15310", "2006-03-31": "0.15410", "2005-12-31": "0.15760", "2005-09-30": "0.16070", "2005-06-30": "0.16530", "2005-03-31": "0.16410"}, "Debt/Equity Ratio": {"2020-09-30": "4.58760", "2020-06-30": "6.15810", "2020-03-31": "8.63300", "2019-12-31": "7.68750", "2019-09-30": "4.28790", "2019-06-30": "5.28580", "2019-03-31": "6.64730", "2018-12-31": "7.48630", "2018-09-30": "7.45390", "2018-06-30": "9.63960", "2018-03-31": "16.79420", "2017-12-31": "23.71970", "2017-09-30": "12.28720", "2017-06-30": "14.18680", "2017-03-31": "30.78570", "2016-12-31": "37.47090", "2016-09-30": "5.53890", "2016-06-30": "5.42110", "2016-03-31": "6.22500", "2015-12-31": "5.75430", "2015-09-30": "7.49540", "2015-06-30": "6.68290", "2015-03-31": "7.09470", "2014-12-31": "4.99490", "2014-09-30": "2.17060", "2014-06-30": "2.12030", "2014-03-31": "1.92940", "2013-12-31": "1.67570", "2013-09-30": "3.44730", "2013-06-30": "3.28460", "2013-03-31": "3.13280", "2012-12-31": "2.71920", "2012-09-30": "1.97100", "2012-06-30": "1.68580", "2012-03-31": "1.59990", "2011-12-31": "1.56560", "2011-09-30": "1.57610", "2011-06-30": "1.46010", "2011-03-31": "1.46440", "2010-12-31": "1.34780", "2010-09-30": "1.13090", "2010-06-30": "1.29270", "2010-03-31": "1.30750", "2009-12-31": "1.23710", "2009-09-30": "1.46250", "2009-06-30": "1.60210", "2009-03-31": "1.78220", "2008-12-31": "1.45590", "2008-09-30": "0.98710", "2008-06-30": "0.98490", "2008-03-31": "0.84550", "2007-12-31": "0.90440", "2007-09-30": "0.29940", "2007-06-30": "0.30100", "2007-03-31": "0.26880", "2006-12-31": "0.26590", "2006-09-30": "0.27730", "2006-06-30": "0.21290", "2006-03-31": "0.22370", "2005-12-31": "0.23570", "2005-09-30": "0.30280", "2005-06-30": "0.25070", "2005-03-31": "0.24770"}, "Gross Margin": {"2020-09-30": "75.84050", "2020-06-30": "76.69000", "2020-03-31": "76.40700", "2019-12-31": "76.05990", "2019-09-30": "76.56400", "2019-06-30": "76.00840", "2019-03-31": "75.69930", "2018-12-31": "73.62450", "2018-09-30": "74.08850", "2018-06-30": "74.31260", "2018-03-31": "74.70350", "2017-12-31": "73.95520", "2017-09-30": "76.08980", "2017-06-30": "77.25870", "2017-03-31": "77.07290", "2016-12-31": "74.07430", "2016-09-30": "78.97240", "2016-06-30": "79.77990", "2016-03-31": "80.30930", "2015-12-31": "78.82770", "2015-09-30": "79.59540", "2015-06-30": "80.32640", "2015-03-31": "79.62370", "2014-12-31": "75.91700", "2014-09-30": "76.43110", "2014-06-30": "76.80820", "2014-03-31": "76.71090", "2013-12-31": "76.18860", "2013-09-30": "77.36850", "2013-06-30": "77.55240", "2013-03-31": "76.96140", "2012-12-31": "75.56790", "2012-09-30": "76.91070", "2012-06-30": "77.15190", "2012-03-31": "76.82700", "2011-12-31": "75.84360", "2011-09-30": "76.18870", "2011-06-30": "76.22620", "2011-03-31": "77.18170", "2010-12-31": "77.52030", "2010-09-30": "78.16600", "2010-06-30": "78.60540", "2010-03-31": "79.08420", "2009-12-31": "78.69440", "2009-09-30": "80.29230", "2009-06-30": "81.53110", "2009-03-31": "81.86140", "2008-12-31": "78.67210", "2008-09-30": "75.76450", "2008-06-30": "75.77880", "2008-03-31": "77.57000", "2007-12-31": "78.21090", "2007-09-30": "79.68050", "2007-06-30": "80.44960", "2007-03-31": "81.08520", "2006-12-31": "80.14730", "2006-09-30": "80.04630", "2006-06-30": "80.18060", "2006-03-31": "81.37320", "2005-12-31": "39.29230", "2005-09-30": "100.00000", "2005-06-30": "100.00000", "2005-03-31": "100.00000"}, "Operating Margin": {"2020-09-30": "11.12630", "2020-06-30": "10.81190", "2020-03-31": "5.94400", "2019-12-31": "10.37050", "2019-09-30": "11.61700", "2019-06-30": "11.87390", "2019-03-31": "8.12350", "2018-12-31": "10.09670", "2018-09-30": "9.90030", "2018-06-30": "10.15700", "2018-03-31": "8.88210", "2017-12-31": "10.87220", "2017-09-30": "11.20390", "2017-06-30": "12.78960", "2017-03-31": "10.42550", "2016-12-31": "10.16730", "2016-09-30": "13.62540", "2016-06-30": "13.93120", "2016-03-31": "12.64390", "2015-12-31": "12.77560", "2015-09-30": "13.93550", "2015-06-30": "13.90560", "2015-03-31": "11.96970", "2014-12-31": "4.74360", "2014-09-30": "13.67390", "2014-06-30": "5.23550", "2014-03-31": "10.98050", "2013-12-31": "12.74040", "2013-09-30": "13.34220", "2013-06-30": "12.89700", "2013-03-31": "11.76120", "2012-12-31": "-19.09270", "2012-09-30": "5.86030", "2012-06-30": "13.40920", "2012-03-31": "11.94430", "2011-12-31": "8.44980", "2011-09-30": "12.65380", "2011-06-30": "13.22870", "2011-03-31": "11.69930", "2010-12-31": "11.78010", "2010-09-30": "13.25460", "2010-06-30": "11.48800", "2010-03-31": "8.88470", "2009-12-31": "7.80480", "2009-09-30": "8.32960", "2009-06-30": "8.26480", "2009-03-31": "6.56430", "2008-12-31": "6.32430", "2008-09-30": "12.44570", "2008-06-30": "11.18380", "2008-03-31": "11.77910", "2007-12-31": "-31.75780", "2007-09-30": "13.99430", "2007-06-30": "14.48030", "2007-03-31": "11.40600", "2006-12-31": "14.32530", "2006-09-30": "13.51400", "2006-06-30": "14.44270", "2006-03-31": "13.49710", "2005-12-31": "14.31320", "2005-09-30": "14.19910", "2005-06-30": "15.19970", "2005-03-31": "14.00970"}, "EBIT Margin": {"2020-09-30": "11.12630", "2020-06-30": "10.81190", "2020-03-31": "5.94400", "2019-12-31": "10.37050", "2019-09-30": "11.61700", "2019-06-30": "11.87390", "2019-03-31": "8.12350", "2018-12-31": "10.09670", "2018-09-30": "9.90030", "2018-06-30": "10.15700", "2018-03-31": "8.88210", "2017-12-31": "10.87220", "2017-09-30": "11.20390", "2017-06-30": "12.78960", "2017-03-31": "10.42550", "2016-12-31": "10.16730", "2016-09-30": "13.62540", "2016-06-30": "13.93120", "2016-03-31": "12.64390", "2015-12-31": "12.77560", "2015-09-30": "13.93550", "2015-06-30": "13.90560", "2015-03-31": "11.96970", "2014-12-31": "4.74360", "2014-09-30": "13.67390", "2014-06-30": "5.23550", "2014-03-31": "10.98050", "2013-12-31": "12.74040", "2013-09-30": "13.34220", "2013-06-30": "12.89700", "2013-03-31": "11.76120", "2012-12-31": "-19.09270", "2012-09-30": "5.86030", "2012-06-30": "13.40920", "2012-03-31": "11.94430", "2011-12-31": "8.44980", "2011-09-30": "12.65380", "2011-06-30": "13.22870", "2011-03-31": "11.69930", "2010-12-31": "11.78010", "2010-09-30": "13.25460", "2010-06-30": "11.48800", "2010-03-31": "8.88470", "2009-12-31": "7.80480", "2009-09-30": "8.32960", "2009-06-30": "8.26480", "2009-03-31": "6.56430", "2008-12-31": "6.32430", "2008-09-30": "12.44570", "2008-06-30": "11.18380", "2008-03-31": "11.77910", "2007-12-31": "-31.75780", "2007-09-30": "13.99430", "2007-06-30": "14.48030", "2007-03-31": "11.40600", "2006-12-31": "14.32530", "2006-09-30": "13.51400", "2006-06-30": "14.44270", "2006-03-31": "13.49710", "2005-12-31": "14.31320", "2005-09-30": "14.19910", "2005-06-30": "15.19970", "2005-03-31": "14.00970"}, "EBITDA Margin": {"2020-09-30": "", "2020-06-30": "", "2020-03-31": "", "2019-12-31": "", "2019-09-30": "", "2019-06-30": "", "2019-03-31": "", "2018-12-31": "", "2018-09-30": "", "2018-06-30": "", "2018-03-31": "", "2017-12-31": "", "2017-09-30": "", "2017-06-30": "", "2017-03-31": "", "2016-12-31": "", "2016-09-30": "", "2016-06-30": "", "2016-03-31": "", "2015-12-31": "", "2015-09-30": "", "2015-06-30": "", "2015-03-31": "", "2014-12-31": "", "2014-09-30": "", "2014-06-30": "", "2014-03-31": "", "2013-12-31": "", "2013-09-30": "", "2013-06-30": "", "2013-03-31": "", "2012-12-31": "", "2012-09-30": "", "2012-06-30": "", "2012-03-31": "", "2011-12-31": "", "2011-09-30": "", "2011-06-30": "", "2011-03-31": "", "2010-12-31": "", "2010-09-30": "", "2010-06-30": "", "2010-03-31": "", "2009-12-31": "", "2009-09-30": "", "2009-06-30": "", "2009-03-31": "", "2008-12-31": "", "2008-09-30": "", "2008-06-30": "", "2008-03-31": "", "2007-12-31": "", "2007-09-30": "", "2007-06-30": "", "2007-03-31": "", "2006-12-31": "", "2006-09-30": "", "2006-06-30": "", "2006-03-31": "", "2005-12-31": "", "2005-09-30": "", "2005-06-30": "", "2005-03-31": ""}, "Pre-Tax Profit Margin": {"2020-09-30": "11.88910", "2020-06-30": "11.52060", "2020-03-31": "6.93100", "2019-12-31": "-0.96270", "2019-09-30": "12.04280", "2019-06-30": "12.21190", "2019-03-31": "8.39160", "2018-12-31": "2.73580", "2018-09-30": "10.82890", "2018-06-30": "11.03350", "2018-03-31": "9.70610", "2017-12-31": "7.22530", "2017-09-30": "11.97680", "2017-06-30": "13.30450", "2017-03-31": "11.02510", "2016-12-31": "-3.01110", "2016-09-30": "13.08280", "2016-06-30": "13.34340", "2016-03-31": "12.11680", "2015-12-31": "12.26490", "2015-09-30": "13.38060", "2015-06-30": "13.32390", "2015-03-31": "11.37580", "2014-12-31": "4.16480", "2014-09-30": "13.07910", "2014-06-30": "4.78690", "2014-03-31": "10.32730", "2013-12-31": "12.17950", "2013-09-30": "12.67660", "2013-06-30": "12.19370", "2013-03-31": "11.08380", "2012-12-31": "-19.79960", "2012-09-30": "5.15650", "2012-06-30": "12.76500", "2012-03-31": "11.27440", "2011-12-31": "7.82860", "2011-09-30": "12.13730", "2011-06-30": "12.66770", "2011-03-31": "11.11110", "2010-12-31": "11.15420", "2010-09-30": "12.63120", "2010-06-30": "10.65220", "2010-03-31": "8.12590", "2009-12-31": "7.19080", "2009-09-30": "7.54950", "2009-06-30": "6.39020", "2009-03-31": "5.93340", "2008-12-31": "5.67060", "2008-09-30": "11.55340", "2008-06-30": "10.49150", "2008-03-31": "11.17160", "2007-12-31": "-32.05650", "2007-09-30": "13.67470", "2007-06-30": "14.20950", "2007-03-31": "11.11200", "2006-12-31": "14.00860", "2006-09-30": "13.26530", "2006-06-30": "14.17860", "2006-03-31": "13.28010", "2005-12-31": "13.94510", "2005-09-30": "14.11370", "2005-06-30": "15.12120", "2005-03-31": "13.93890"}, "Net Profit Margin": {"2020-09-30": "9.21460", "2020-06-30": "8.64170", "2020-03-31": "5.35070", "2019-12-31": "-0.51540", "2019-09-30": "9.55340", "2019-06-30": "9.33620", "2019-03-31": "6.47440", "2018-12-31": "2.28230", "2018-09-30": "8.64480", "2018-06-30": "8.50710", "2018-03-31": "7.85950", "2017-12-31": "5.77600", "2017-09-30": "7.78460", "2017-06-30": "8.68960", "2017-03-31": "7.51770", "2016-12-31": "-1.40630", "2016-09-30": "8.50750", "2016-06-30": "8.67460", "2016-03-31": "7.84440", "2015-12-31": "8.29080", "2015-09-30": "8.82910", "2015-06-30": "8.72650", "2015-03-31": "7.34060", "2014-12-31": "2.85000", "2014-09-30": "8.49550", "2014-06-30": "3.18190", "2014-03-31": "6.61150", "2013-12-31": "7.79250", "2013-09-30": "8.11330", "2013-06-30": "7.92920", "2013-03-31": "7.71920", "2012-12-31": "-11.99640", "2012-09-30": "3.58810", "2012-06-30": "8.36020", "2012-03-31": "7.38430", "2011-12-31": "5.11790", "2011-09-30": "8.14220", "2011-06-30": "8.27840", "2011-03-31": "7.27230", "2010-12-31": "7.22000", "2010-09-30": "8.12830", "2010-06-30": "6.92400", "2010-03-31": "4.54470", "2009-12-31": "4.62960", "2009-09-30": "4.92240", "2009-06-30": "4.10930", "2009-03-31": "3.66610", "2008-12-31": "2.00050", "2008-09-30": "7.39720", "2008-06-30": "6.71490", "2008-03-31": "7.14790", "2007-12-31": "-19.72070", "2007-09-30": "8.81610", "2007-06-30": "9.05730", "2007-03-31": "7.08050", "2006-12-31": "8.93250", "2006-09-30": "8.90070", "2006-06-30": "9.04060", "2006-03-31": "8.46280", "2005-12-31": "8.77530", "2005-09-30": "9.03320", "2005-06-30": "9.67520", "2005-03-31": "8.92170"}, "Asset Turnover": {"2020-09-30": "0.34030", "2020-06-30": "0.32970", "2020-03-31": "0.29620", "2019-12-31": "0.35550", "2019-09-30": "0.34380", "2019-06-30": "0.34190", "2019-03-31": "0.32960", "2018-12-31": "0.39680", "2018-09-30": "0.37360", "2018-06-30": "0.38600", "2018-03-31": "0.38490", "2017-12-31": "0.41640", "2017-09-30": "0.39110", "2017-06-30": "0.40090", "2017-03-31": "0.40410", "2016-12-31": "0.43680", "2016-09-30": "0.38930", "2016-06-30": "0.38160", "2016-03-31": "0.36810", "2015-12-31": "0.41900", "2015-09-30": "0.36500", "2015-06-30": "0.37840", "2015-03-31": "0.37440", "2014-12-31": "0.44850", "2014-09-30": "0.39800", "2014-06-30": "0.40930", "2014-03-31": "0.37160", "2013-12-31": "0.41360", "2013-09-30": "0.36080", "2013-06-30": "0.36800", "2013-03-31": "0.35350", "2012-12-31": "0.37490", "2012-09-30": "0.33460", "2012-06-30": "0.35910", "2012-03-31": "0.36530", "2011-12-31": "0.40820", "2011-09-30": "0.37360", "2011-06-30": "0.37530", "2011-03-31": "0.36370", "2010-12-31": "0.39950", "2010-09-30": "0.37050", "2010-06-30": "0.36680", "2010-03-31": "0.36080", "2009-12-31": "0.38820", "2009-09-30": "0.34620", "2009-06-30": "0.33280", "2009-03-31": "0.32390", "2008-12-31": "0.39830", "2008-09-30": "0.34360", "2008-06-30": "0.34160", "2008-03-31": "0.33830", "2007-12-31": "0.34300", "2007-09-30": "0.35380", "2007-06-30": "0.36370", "2007-03-31": "0.35670", "2006-12-31": "0.38020", "2006-09-30": "0.32240", "2006-06-30": "0.33650", "2006-03-31": "0.33110", "2005-12-31": "0.34210", "2005-09-30": "0.30070", "2005-06-30": "0.30730", "2005-03-31": "0.29840"}, "Inventory Turnover Ratio": {"2020-09-30": "", "2020-06-30": "", "2020-03-31": "", "2019-12-31": "", "2019-09-30": "", "2019-06-30": "", "2019-03-31": "", "2018-12-31": "", "2018-09-30": "", "2018-06-30": "", "2018-03-31": "", "2017-12-31": "", "2017-09-30": "", "2017-06-30": "", "2017-03-31": "", "2016-12-31": "", "2016-09-30": "", "2016-06-30": "", "2016-03-31": "", "2015-12-31": "", "2015-09-30": "", "2015-06-30": "", "2015-03-31": "", "2014-12-31": "", "2014-09-30": "", "2014-06-30": "", "2014-03-31": "", "2013-12-31": "", "2013-09-30": "", "2013-06-30": "", "2013-03-31": "", "2012-12-31": "", "2012-09-30": "", "2012-06-30": "", "2012-03-31": "", "2011-12-31": "", "2011-09-30": "", "2011-06-30": "", "2011-03-31": "", "2010-12-31": "", "2010-09-30": "", "2010-06-30": "", "2010-03-31": "", "2009-12-31": "", "2009-09-30": "", "2009-06-30": "", "2009-03-31": "", "2008-12-31": "", "2008-09-30": "", "2008-06-30": "", "2008-03-31": "", "2007-12-31": "", "2007-09-30": "", "2007-06-30": "", "2007-03-31": "", "2006-12-31": "", "2006-09-30": "", "2006-06-30": "", "2006-03-31": "", "2005-12-31": "", "2005-09-30": "", "2005-06-30": "", "2005-03-31": ""}, "Receiveable Turnover": {"2020-09-30": "2.36160", "2020-06-30": "2.21660", "2020-03-31": "2.21940", "2019-12-31": "2.15330", "2019-09-30": "2.24620", "2019-06-30": "2.08120", "2019-03-31": "2.02840", "2018-12-31": "2.00530", "2018-09-30": "2.23240", "2018-06-30": "2.27590", "2018-03-31": "2.16780", "2017-12-31": "1.83400", "2017-09-30": "2.33140", "2017-06-30": "2.43050", "2017-03-31": "2.39540", "2016-12-31": "2.11760", "2016-09-30": "2.38010", "2016-06-30": "2.39390", "2016-03-31": "2.31020", "2015-12-31": "2.25040", "2015-09-30": "2.35130", "2015-06-30": "2.50890", "2015-03-31": "2.44180", "2014-12-31": "2.38630", "2014-09-30": "2.45450", "2014-06-30": "2.44110", "2014-03-31": "2.37410", "2013-12-31": "2.30330", "2013-09-30": "2.41790", "2013-06-30": "2.48380", "2013-03-31": "2.39170", "2012-12-31": "2.38440", "2012-09-30": "2.35730", "2012-06-30": "2.40910", "2012-03-31": "2.33030", "2011-12-31": "2.26800", "2011-09-30": "2.35780", "2011-06-30": "2.21660", "2011-03-31": "2.17640", "2010-12-31": "2.38510", "2010-09-30": "2.16590", "2010-06-30": "2.15620", "2010-03-31": "2.09470", "2009-12-31": "2.09000", "2009-09-30": "2.16310", "2009-06-30": "2.21270", "2009-03-31": "2.14980", "2008-12-31": "2.04990", "2008-09-30": "1.95400", "2008-06-30": "1.93410", "2008-03-31": "1.92160", "2007-12-31": "1.71520", "2007-09-30": "1.98580", "2007-06-30": "2.04270", "2007-03-31": "2.01830", "2006-12-31": "2.00920", "2006-09-30": "1.83360", "2006-06-30": "1.89690", "2006-03-31": "1.86480", "2005-12-31": "1.94250", "2005-09-30": "1.77430", "2005-06-30": "1.90170", "2005-03-31": "1.67390"}, "Days Sales In Receivables": {"2020-09-30": "38.10950", "2020-06-30": "40.60320", "2020-03-31": "40.55120", "2019-12-31": "41.79700", "2019-09-30": "40.06720", "2019-06-30": "43.24470", "2019-03-31": "44.37060", "2018-12-31": "44.88210", "2018-09-30": "40.31530", "2018-06-30": "39.54510", "2018-03-31": "41.51580", "2017-12-31": "49.07190", "2017-09-30": "38.60320", "2017-06-30": "37.02960", "2017-03-31": "37.57250", "2016-12-31": "42.50190", "2016-09-30": "37.81350", "2016-06-30": "37.59590", "2016-03-31": "38.95760", "2015-12-31": "39.99380", "2015-09-30": "38.27700", "2015-06-30": "35.87230", "2015-03-31": "36.85770", "2014-12-31": "37.71560", "2014-09-30": "36.66760", "2014-06-30": "36.86920", "2014-03-31": "37.90990", "2013-12-31": "39.07450", "2013-09-30": "37.22210", "2013-06-30": "36.23460", "2013-03-31": "37.63060", "2012-12-31": "37.74550", "2012-09-30": "38.17990", "2012-06-30": "37.35790", "2012-03-31": "38.62140", "2011-12-31": "39.68230", "2011-09-30": "38.17100", "2011-06-30": "40.60270", "2011-03-31": "41.35190", "2010-12-31": "37.73420", "2010-09-30": "41.55270", "2010-06-30": "41.74040", "2010-03-31": "42.96640", "2009-12-31": "43.06210", "2009-09-30": "41.60670", "2009-06-30": "40.67410", "2009-03-31": "41.86510", "2008-12-31": "43.90490", "2008-09-30": "46.06040", "2008-06-30": "46.53330", "2008-03-31": "46.83550", "2007-12-31": "52.47310", "2007-09-30": "45.32080", "2007-06-30": "44.05860", "2007-03-31": "44.59180", "2006-12-31": "44.79330", "2006-09-30": "49.08250", "2006-06-30": "47.44630", "2006-03-31": "48.26140", "2005-12-31": "46.33260", "2005-09-30": "50.72420", "2005-06-30": "47.32710", "2005-03-31": "53.76690"}, "ROE - Return On Equity": {"2020-09-30": "34.90900", "2020-06-30": "40.40220", "2020-03-31": "29.12770", "2019-12-31": "-3.22880", "2019-09-30": "31.39580", "2019-06-30": "38.09630", "2019-03-31": "31.87950", "2018-12-31": "14.91600", "2018-09-30": "48.24060", "2018-06-30": "63.03060", "2018-03-31": "97.81820", "2017-12-31": "107.03130", "2017-09-30": "81.80640", "2017-06-30": "108.63420", "2017-03-31": "208.21430", "2016-12-31": "-57.80890", "2016-09-30": "45.89810", "2016-06-30": "47.88680", "2016-03-31": "45.60480", "2015-12-31": "53.43240", "2015-09-30": "64.52770", "2015-06-30": "62.50000", "2015-03-31": "55.54950", "2014-12-31": "20.99170", "2014-09-30": "21.50960", "2014-06-30": "8.12890", "2014-03-31": "14.54810", "2013-12-31": "17.98710", "2013-09-30": "30.01370", "2013-06-30": "29.50410", "2013-03-31": "25.64930", "2012-12-31": "-36.93220", "2012-09-30": "6.15970", "2012-06-30": "14.44660", "2012-03-31": "12.93510", "2011-12-31": "10.19980", "2011-09-30": "13.62310", "2011-06-30": "13.11080", "2011-03-31": "11.11250", "2010-12-31": "12.04180", "2010-09-30": "11.62330", "2010-06-30": "10.65570", "2010-03-31": "7.00120", "2009-12-31": "7.44540", "2009-09-30": "7.79170", "2009-06-30": "6.55090", "2009-03-31": "5.91450", "2008-12-31": "3.74630", "2008-09-30": "8.73720", "2008-06-30": "7.92200", "2008-03-31": "7.81510", "2007-12-31": "-21.67780", "2007-09-30": "6.91120", "2007-06-30": "7.24220", "2007-03-31": "5.50690", "2006-12-31": "7.28590", "2006-09-30": "6.04300", "2006-06-30": "6.23570", "2006-03-31": "5.83270", "2005-12-31": "6.21300", "2005-09-30": "5.73510", "2005-06-30": "5.99430", "2005-03-31": "5.39320"}, "Return On Tangible Equity": {"2020-09-30": "-392.18440", "2020-06-30": "-109.27070", "2020-03-31": "-36.56690", "2019-12-31": "3.93030", "2019-09-30": "-514.70590", "2019-06-30": "-111.66340", "2019-03-31": "-45.89010", "2018-12-31": "-15.90030", "2018-09-30": "-54.46010", "2018-06-30": "-42.31980", "2018-03-31": "-29.60600", "2017-12-31": "-22.77640", "2017-09-30": "-30.00480", "2017-06-30": "-31.45460", "2017-03-31": "-23.33400", "2016-12-31": "4.87610", "2016-09-30": "-57.57030", "2016-06-30": "-54.53370", "2016-03-31": "-44.72120", "2015-12-31": "-53.73440", "2015-09-30": "-41.66390", "2015-06-30": "-109.43060", "2015-03-31": "-90.23750", "2014-12-31": "-51.89000", "2014-09-30": "45.60480", "2014-06-30": "17.78300", "2014-03-31": "27.96190", "2013-12-31": "33.12520", "2013-09-30": "155.82390", "2013-06-30": "133.37480", "2013-03-31": "83.76410", "2012-12-31": "-89.32040", "2012-09-30": "9.71010", "2012-06-30": "22.50910", "2012-03-31": "20.69110", "2011-12-31": "16.39530", "2011-09-30": "20.69100", "2011-06-30": "19.37890", "2011-03-31": "16.55210", "2010-12-31": "18.05480", "2010-09-30": "16.99250", "2010-06-30": "16.08910", "2010-03-31": "10.84440", "2009-12-31": "11.43480", "2009-09-30": "12.40400", "2009-06-30": "10.33680", "2009-03-31": "9.31040", "2008-12-31": "5.93040", "2008-09-30": "12.19970", "2008-06-30": "11.19230", "2008-03-31": "10.81920", "2007-12-31": "-29.41640", "2007-09-30": "8.72030", "2007-06-30": "9.18550", "2007-03-31": "6.98890", "2006-12-31": "9.19990", "2006-09-30": "7.42440", "2006-06-30": "7.72250", "2006-03-31": "7.24420", "2005-12-31": "7.68440", "2005-09-30": "7.06550", "2005-06-30": "6.80750", "2005-03-31": "6.11990"}, "ROA - Return On Assets": {"2020-09-30": "3.13590", "2020-06-30": "2.84900", "2020-03-31": "1.58470", "2019-12-31": "-0.18320", "2019-09-30": "3.28440", "2019-06-30": "3.19210", "2019-03-31": "2.13400", "2018-12-31": "0.90570", "2018-09-30": "3.22990", "2018-06-30": "3.28370", "2018-03-31": "3.02490", "2017-12-31": "2.40490", "2017-09-30": "3.04430", "2017-06-30": "3.48400", "2017-03-31": "3.03800", "2016-12-31": "-0.61420", "2016-09-30": "3.31230", "2016-06-30": "3.30990", "2016-03-31": "2.88760", "2015-12-31": "3.47420", "2015-09-30": "3.22290", "2015-06-30": "3.30190", "2015-03-31": "2.74830", "2014-12-31": "1.27820", "2014-09-30": "3.38110", "2014-06-30": "1.30230", "2014-03-31": "2.45650", "2013-12-31": "3.22270", "2013-09-30": "2.92720", "2013-06-30": "2.91800", "2013-03-31": "2.72860", "2012-12-31": "-4.49790", "2012-09-30": "1.20060", "2012-06-30": "3.00190", "2012-03-31": "2.69720", "2011-12-31": "2.08930", "2011-09-30": "3.04220", "2011-06-30": "3.10650", "2011-03-31": "2.64500", "2010-12-31": "2.88420", "2010-09-30": "3.01150", "2010-06-30": "2.53990", "2010-03-31": "1.63980", "2009-12-31": "1.79720", "2009-09-30": "1.70440", "2009-06-30": "1.36750", "2009-03-31": "1.18730", "2008-12-31": "0.79680", "2008-09-30": "2.54160", "2008-06-30": "2.29400", "2008-03-31": "2.41790", "2007-12-31": "-6.76450", "2007-09-30": "3.11920", "2007-06-30": "3.29420", "2007-03-31": "2.52580", "2006-12-31": "3.39660", "2006-09-30": "2.86960", "2006-06-30": "3.04240", "2006-03-31": "2.80240", "2005-12-31": "3.00170", "2005-09-30": "2.71670", "2005-06-30": "2.97290", "2005-03-31": "2.66230"}, "ROI - Return On Investment": {"2020-09-30": "6.76180", "2020-06-30": "6.41160", "2020-03-31": "3.50790", "2019-12-31": "-0.42230", "2019-09-30": "6.40700", "2019-06-30": "6.78070", "2019-03-31": "4.65590", "2018-12-31": "1.97230", "2018-09-30": "6.49240", "2018-06-30": "6.60700", "2018-03-31": "6.17430", "2017-12-31": "5.14510", "2017-09-30": "7.92120", "2017-06-30": "8.91120", "2017-03-31": "8.63830", "2016-12-31": "-1.93400", "2016-09-30": "8.89790", "2016-06-30": "8.93660", "2016-03-31": "8.05040", "2015-12-31": "9.64000", "2015-09-30": "10.48200", "2015-06-30": "10.36400", "2015-03-31": "8.70380", "2014-12-31": "3.77060", "2014-09-30": "7.83120", "2014-06-30": "2.92430", "2014-03-31": "5.65070", "2013-12-31": "6.74100", "2013-09-30": "7.53850", "2013-06-30": "7.40310", "2013-03-31": "6.87030", "2012-12-31": "-11.04790", "2012-09-30": "2.49970", "2012-06-30": "5.92450", "2012-03-31": "5.22120", "2011-12-31": "3.98290", "2011-09-30": "5.65370", "2011-06-30": "5.71250", "2011-03-31": "4.88310", "2010-12-31": "5.22710", "2010-09-30": "5.77040", "2010-06-30": "5.10760", "2010-03-31": "3.29810", "2009-12-31": "3.50160", "2009-09-30": "3.44110", "2009-06-30": "2.84180", "2009-03-31": "2.58430", "2008-12-31": "1.74250", "2008-09-30": "5.06100", "2008-06-30": "4.78280", "2008-03-31": "4.79700", "2007-12-31": "-13.41360", "2007-09-30": "5.70640", "2007-06-30": "6.01800", "2007-03-31": "4.56980", "2006-12-31": "6.05960", "2006-09-30": "5.11580", "2006-06-30": "5.28070", "2006-03-31": "4.93370", "2005-12-31": "5.23370", "2005-09-30": "4.81340", "2005-06-30": "5.00330", "2005-03-31": "4.50810"}, "Book Value Per Share": {"2020-09-30": "6.49140", "2020-06-30": "5.07300", "2020-03-31": "3.84960", "2019-12-31": "3.83260", "2019-09-30": "6.49950", "2019-06-30": "5.15140", "2019-03-31": "4.05230", "2018-12-31": "3.53800", "2018-09-30": "3.63910", "2018-06-30": "2.73950", "2018-03-31": "1.59510", "2017-12-31": "1.19210", "2017-09-30": "1.78540", "2017-06-30": "1.47280", "2017-03-31": "0.64520", "2016-12-31": "0.49420", "2016-09-30": "3.16950", "2016-06-30": "3.01480", "2016-03-31": "2.80540", "2015-12-31": "2.81150", "2015-09-30": "2.18630", "2015-06-30": "2.19640", "2015-03-31": "2.04990", "2014-12-31": "2.38450", "2014-09-30": "6.21590", "2014-06-30": "6.11050", "2014-03-31": "6.81390", "2013-12-31": "7.02930", "2013-09-30": "3.93430", "2013-06-30": "3.87410", "2013-03-31": "4.27830", "2012-12-31": "4.96640", "2012-09-30": "7.99790", "2012-06-30": "8.06370", "2012-03-31": "7.81960", "2011-12-31": "7.38110", "2011-09-30": "8.16290", "2011-06-30": "8.49030", "2011-03-31": "8.35090", "2010-12-31": "8.13650", "2010-09-30": "8.62080", "2010-06-30": "8.00200", "2010-03-31": "7.68990", "2009-12-31": "7.74250", "2009-09-30": "7.09570", "2009-06-30": "6.82710", "2009-03-31": "6.80720", "2008-12-31": "6.80720", "2008-09-30": "11.12430", "2008-06-30": "10.94340", "2008-03-31": "11.32130", "2007-12-31": "11.70320", "2007-09-30": "14.88430", "2007-06-30": "14.46300", "2007-03-31": "14.40080", "2006-12-31": "14.46920", "2006-09-30": "15.99350", "2006-06-30": "15.72550", "2006-03-31": "15.36400", "2005-12-31": "15.39110", "2005-09-30": "15.07900", "2005-06-30": "14.83230", "2005-03-31": "14.65410"}, "Operating Cash Flow Per Share": {"2020-09-30": 3.8021, "2020-06-30": 3.9091, "2020-03-31": "2.93440", "2019-12-31": 3.3976, "2019-09-30": 1.7025, "2019-06-30": 2.2209, "2019-03-31": "2.62030", "2018-12-31": 3.7804, "2018-09-30": 2.5158, "2018-06-30": 3.6394, "2018-03-31": "4.67470", "2017-12-31": -3.3937, "2017-09-30": 2.092, "2017-06-30": 2.7201, "2017-03-31": "0.27190", "2016-12-31": 1.2033, "2016-09-30": 0.8213, "2016-06-30": 2.2864, "2016-03-31": "2.98660", "2015-12-31": 1.0968, "2015-09-30": 2.4356, "2015-06-30": 1.6554, "2015-03-31": "3.01310", "2014-12-31": 1.6514, "2014-09-30": 2.5693, "2014-06-30": -0.4798, "2014-03-31": "2.45610", "2013-12-31": 2.3444, "2013-09-30": 1.7562, "2013-06-30": 1.7727, "2013-03-31": "1.83130", "2012-12-31": 2.1861, "2012-09-30": 1.2958, "2012-06-30": 1.6193, "2012-03-31": "2.34570", "2011-12-31": 1.7046, "2011-09-30": 2.112, "2011-06-30": 2.0422, "2011-03-31": "1.27840", "2010-12-31": -0.0839, "2010-09-30": 0.9044, "2010-06-30": 1.4602, "2010-03-31": "1.54280", "2009-12-31": 1.0478, "2009-09-30": 1.0737, "2009-06-30": 0.9398, "2009-03-31": "2.20260", "2008-12-31": 1.3858, "2008-09-30": 1.9342, "2008-06-30": 1.7375, "2008-03-31": "3.18710", "2007-12-31": -3.9228, "2007-09-30": 1.5867, "2007-06-30": 1.0734, "2007-03-31": "2.31910", "2006-12-31": 1.3755, "2006-09-30": 0.1267, "2006-06-30": 1.3318, "2006-03-31": "2.29820", "2005-12-31": 1.0872, "2005-09-30": 0.4612, "2005-06-30": 1.5786, "2005-03-31": "2.06390"}, "Free Cash Flow Per Share": {"2020-09-30": 2.4961, "2020-06-30": 2.6076, "2020-03-31": "1.86190", "2019-12-31": 1.0444, "2019-09-30": 0.0741, "2019-06-30": 0.6732, "2019-03-31": "0.88260", "2018-12-31": 1.7103, "2018-09-30": 0.656, "2018-06-30": 2.1337, "2018-03-31": "2.93100", "2017-12-31": -5.0937, "2017-09-30": 0.1231, "2017-06-30": 1.4973, "2017-03-31": "-0.78270", "2016-12-31": -0.0391, "2016-09-30": -0.1102, "2016-06-30": 1.6911, "2016-03-31": "2.51230", "2015-12-31": 0.3092, "2015-09-30": 1.6724, "2015-06-30": 1.0066, "2015-03-31": "2.61560", "2014-12-31": 0.725, "2014-09-30": 1.8998, "2014-06-30": -1.0016, "2014-03-31": "2.11160", "2013-12-31": 1.8808, "2013-09-30": 1.166, "2013-06-30": 1.2174, "2013-03-31": "1.37190", "2012-12-31": 1.6519, "2012-09-30": 0.6505, "2012-06-30": 1.0957, "2012-03-31": "1.92490", "2011-12-31": 1.2568, "2011-09-30": 1.4947, "2011-06-30": 1.5016, "2011-03-31": "0.88820", "2010-12-31": -0.4514, "2010-09-30": 0.8123, "2010-06-30": 1.1, "2010-03-31": "1.28090", "2009-12-31": 0.6524, "2009-09-30": 0.5847, "2009-06-30": 0.6655, "2009-03-31": "1.82550", "2008-12-31": 0.9286, "2008-09-30": 1.2449, "2008-06-30": 1.0311, "2008-03-31": "2.60460", "2007-12-31": -4.6517, "2007-09-30": 0.8484, "2007-06-30": 0.5705, "2007-03-31": "1.71630", "2006-12-31": 0.6871, "2006-09-30": -0.644, "2006-06-30": 0.5596, "2006-03-31": "1.76550", "2005-12-31": 0.5872, "2005-09-30": -0.0512, "2005-06-30": 1.0947, "2005-03-31": "1.62470"}}, "revenue": {"UPS Annual Revenue (Millions of US $)": {"2020": "$84,628", "2019": "$74,094", "2018": "$71,861", "2017": "$66,585", "2016": "$61,610", "2015": "$58,363", "2014": "$58,232", "2013": "$55,438", "2012": "$54,127", "2011": "$53,105", "2010": "$49,545", "2009": "$45,297", "2008": "$51,486", "2007": "$49,692", "2006": "$47,547", "2005": "$42,581"}, "UPS Quarterly Revenue (Millions of US $)": {"2020-12-31": "$24,896", "2020-09-30": "$21,238", "2020-06-30": "$20,459", "2020-03-31": "$18,035", "2019-12-31": "$20,568", "2019-09-30": "$18,318", "2019-06-30": "$18,048", "2019-03-31": "$17,160", "2018-12-31": "$19,848", "2018-09-30": "$17,444", "2018-06-30": "$17,456", "2018-03-31": "$17,113", "2017-12-31": "$18,975", "2017-09-30": "$16,173", "2017-06-30": "$15,927", "2017-03-31": "$15,510", "2016-12-31": "$17,635", "2016-09-30": "$14,928", "2016-06-30": "$14,629", "2016-03-31": "$14,418", "2015-12-31": "$16,054", "2015-09-30": "$14,237", "2015-06-30": "$14,095", "2015-03-31": "$13,977", "2014-12-31": "$15,895", "2014-09-30": "$14,290", "2014-06-30": "$14,268", "2014-03-31": "$13,779", "2013-12-31": "$14,976", "2013-09-30": "$13,521", "2013-06-30": "$13,507", "2013-03-31": "$13,434", "2012-12-31": "$14,571", "2012-09-30": "$13,071", "2012-06-30": "$13,349", "2012-03-31": "$13,136", "2011-12-31": "$14,166", "2011-09-30": "$13,166", "2011-06-30": "$13,191", "2011-03-31": "$12,582", "2010-12-31": "$13,421", "2010-09-30": "$12,192", "2010-06-30": "$12,204", "2010-03-31": "$11,728", "2009-12-31": "$12,377", "2009-09-30": "$11,153", "2009-06-30": "$10,829", "2009-03-31": "$10,938", "2008-12-31": "$12,697", "2008-09-30": "$13,113", "2008-06-30": "$13,001", "2008-03-31": "$12,675", "2007-12-31": "$13,392", "2007-09-30": "$12,205", "2007-06-30": "$12,189", "2007-03-31": "$11,906", "2006-12-31": "$12,628", "2006-09-30": "$11,662", "2006-06-30": "$11,736", "2006-03-31": "$11,521", "2005-12-31": "$11,954", "2005-09-30": "$10,550", "2005-06-30": "$10,191", "2005-03-31": "$9,886"}}, "gross-profit": {"UPS Annual Gross Profit (Millions of US $)": {"2020": "$84,628", "2019": "$56,377", "2018": "$53,293", "2017": "$50,598", "2016": "$48,102", "2015": "$46,438", "2014": "$44,518", "2013": "$42,685", "2012": "$41,455", "2011": "$40,541", "2010": "$38,802", "2009": "$36,478", "2008": "$39,608", "2007": "$39,659", "2006": "$38,241", "2005": "$35,324"}, "UPS Quarterly Gross Profit (Millions of US $)": {"2020-12-31": "$24,896", "2020-09-30": "$16,107", "2020-06-30": "$15,690", "2020-03-31": "$13,780", "2019-12-31": "$15,644", "2019-09-30": "$14,025", "2019-06-30": "$13,718", "2019-03-31": "$12,990", "2018-12-31": "$14,613", "2018-09-30": "$12,924", "2018-06-30": "$12,972", "2018-03-31": "$12,784", "2017-12-31": "$14,033", "2017-09-30": "$12,306", "2017-06-30": "$12,305", "2017-03-31": "$11,954", "2016-12-31": "$13,063", "2016-09-30": "$11,789", "2016-06-30": "$11,671", "2016-03-31": "$11,579", "2015-12-31": "$12,655", "2015-09-30": "$11,332", "2015-06-30": "$11,322", "2015-03-31": "$11,129", "2014-12-31": "$12,067", "2014-09-30": "$10,922", "2014-06-30": "$10,959", "2014-03-31": "$10,570", "2013-12-31": "$11,410", "2013-09-30": "$10,461", "2013-06-30": "$10,475", "2013-03-31": "$10,339", "2012-12-31": "$11,011", "2012-09-30": "$10,053", "2012-06-30": "$10,299", "2012-03-31": "$10,092", "2011-12-31": "$10,744", "2011-09-30": "$10,031", "2011-06-30": "$10,055", "2011-03-31": "$9,711", "2010-12-31": "$10,404", "2010-09-30": "$9,530", "2010-06-30": "$9,593", "2010-03-31": "$9,275", "2009-12-31": "$9,740", "2009-09-30": "$8,955", "2009-06-30": "$8,829", "2009-03-31": "$8,954", "2008-12-31": "$9,989", "2008-09-30": "$9,935", "2008-06-30": "$9,852", "2008-03-31": "$9,832", "2007-12-31": "$10,474", "2007-09-30": "$9,725", "2007-06-30": "$9,806", "2007-03-31": "$9,654", "2006-12-31": "$10,121", "2006-09-30": "$9,335", "2006-06-30": "$9,410", "2006-03-31": "$9,375", "2005-12-31": "$11,954", "2005-09-30": "$10,550", "2005-06-30": "$10,191", "2005-03-31": "$9,886"}}, "operating-income": {"UPS Annual Operating Income (Millions of US $)": {"2020": "$7,814", "2019": "$7,798", "2018": "$7,024", "2017": "$7,529", "2016": "$7,688", "2015": "$7,668", "2014": "$4,968", "2013": "$7,034", "2012": "$1,343", "2011": "$6,080", "2010": "$5,641", "2009": "$3,508", "2008": "$5,382", "2007": "$578", "2006": "$6,635", "2005": "$6,143"}, "UPS Quarterly Operating Income (Millions of US $)": {"2020-12-31": "$2,167", "2020-09-30": "$2,363", "2020-06-30": "$2,212", "2020-03-31": "$1,072", "2019-12-31": "$2,133", "2019-09-30": "$2,128", "2019-06-30": "$2,143", "2019-03-31": "$1,394", "2018-12-31": "$2,004", "2018-09-30": "$1,727", "2018-06-30": "$1,773", "2018-03-31": "$1,520", "2017-12-31": "$2,063", "2017-09-30": "$1,812", "2017-06-30": "$2,037", "2017-03-31": "$1,617", "2016-12-31": "$1,793", "2016-09-30": "$2,034", "2016-06-30": "$2,038", "2016-03-31": "$1,823", "2015-12-31": "$2,051", "2015-09-30": "$1,984", "2015-06-30": "$1,960", "2015-03-31": "$1,673", "2014-12-31": "$754", "2014-09-30": "$1,954", "2014-06-30": "$747", "2014-03-31": "$1,513", "2013-12-31": "$1,908", "2013-09-30": "$1,804", "2013-06-30": "$1,742", "2013-03-31": "$1,580", "2012-12-31": "$-2,782", "2012-09-30": "$766", "2012-06-30": "$1,790", "2012-03-31": "$1,569", "2011-12-31": "$1,197", "2011-09-30": "$1,666", "2011-06-30": "$1,745", "2011-03-31": "$1,472", "2010-12-31": "$1,581", "2010-09-30": "$1,616", "2010-06-30": "$1,402", "2010-03-31": "$1,042", "2009-12-31": "$966", "2009-09-30": "$929", "2009-06-30": "$895", "2009-03-31": "$718", "2008-12-31": "$803", "2008-09-30": "$1,632", "2008-06-30": "$1,454", "2008-03-31": "$1,493", "2007-12-31": "$-4,253", "2007-09-30": "$1,708", "2007-06-30": "$1,765", "2007-03-31": "$1,358", "2006-12-31": "$1,809", "2006-09-30": "$1,576", "2006-06-30": "$1,695", "2006-03-31": "$1,555", "2005-12-31": "$1,711", "2005-09-30": "$1,498", "2005-06-30": "$1,549", "2005-03-31": "$1,385"}}, "ebitda": {"UPS Annual EBITDA (Millions of US $)": {"2019": "$10,158", "2018": "$9,231", "2017": "$9,811", "2016": "$9,912", "2015": "$9,752", "2014": "$6,891", "2013": "$8,901", "2012": "$3,201", "2011": "$7,862", "2010": "$7,433", "2009": "$5,255", "2008": "$7,196", "2007": "$2,323", "2006": "$8,383", "2005": "$7,787"}, "UPS Quarterly EBITDA (Millions of US $)": {"2020-09-30": "$3,040", "2020-06-30": "$2,873", "2020-03-31": "$1,720", "2019-12-31": "$2,763", "2019-09-30": "$2,715", "2019-06-30": "$2,718", "2019-03-31": "$1,962", "2018-12-31": "$2,549", "2018-09-30": "$2,251", "2018-06-30": "$2,315", "2018-03-31": "$2,116", "2017-12-31": "$2,657", "2017-09-30": "$2,384", "2017-06-30": "$2,599", "2017-03-31": "$2,171", "2016-12-31": "$2,356", "2016-09-30": "$2,588", "2016-06-30": "$2,593", "2016-03-31": "$2,375", "2015-12-31": "$2,592", "2015-09-30": "$2,511", "2015-06-30": "$2,470", "2015-03-31": "$2,179", "2014-12-31": "$1,251", "2014-09-30": "$2,439", "2014-06-30": "$1,220", "2014-03-31": "$1,981", "2013-12-31": "$2,375", "2013-09-30": "$2,264", "2013-06-30": "$2,208", "2013-03-31": "$2,054", "2012-12-31": "$-2,306", "2012-09-30": "$1,230", "2012-06-30": "$2,249", "2012-03-31": "$2,028", "2011-12-31": "$1,648", "2011-09-30": "$2,113", "2011-06-30": "$2,188", "2011-03-31": "$1,913", "2010-12-31": "$2,025", "2010-09-30": "$2,064", "2010-06-30": "$1,851", "2010-03-31": "$1,493", "2009-12-31": "$1,416", "2009-09-30": "$1,370", "2009-06-30": "$1,321", "2009-03-31": "$1,148", "2008-12-31": "$1,257", "2008-09-30": "$2,088", "2008-06-30": "$1,906", "2008-03-31": "$1,945", "2007-12-31": "$-3,810", "2007-09-30": "$2,143", "2007-06-30": "$2,196", "2007-03-31": "$1,794", "2006-12-31": "$2,241", "2006-09-30": "$2,017", "2006-06-30": "$2,131", "2006-03-31": "$1,994", "2005-12-31": "$2,142", "2005-09-30": "$1,910", "2005-06-30": "$1,952", "2005-03-31": "$1,783"}}, "net-income": {"UPS Annual Net Income (Millions of US $)": {"2020": "$1,427", "2019": "$4,440", "2018": "$4,791", "2017": "$4,905", "2016": "$3,422", "2015": "$4,844", "2014": "$3,032", "2013": "$4,372", "2012": "$807", "2011": "$3,804", "2010": "$3,338", "2009": "$1,968", "2008": "$3,003", "2007": "$382", "2006": "$4,202", "2005": "$3,870"}, "UPS Quarterly Net Income (Millions of US $)": {"2020-12-31": "$-3,263", "2020-09-30": "$1,957", "2020-06-30": "$1,768", "2020-03-31": "$965", "2019-12-31": "$-106", "2019-09-30": "$1,750", "2019-06-30": "$1,685", "2019-03-31": "$1,111", "2018-12-31": "$453", "2018-09-30": "$1,508", "2018-06-30": "$1,485", "2018-03-31": "$1,345", "2017-12-31": "$1,096", "2017-09-30": "$1,259", "2017-06-30": "$1,384", "2017-03-31": "$1,166", "2016-12-31": "$-248", "2016-09-30": "$1,270", "2016-06-30": "$1,269", "2016-03-31": "$1,131", "2015-12-31": "$1,331", "2015-09-30": "$1,257", "2015-06-30": "$1,230", "2015-03-31": "$1,026", "2014-12-31": "$453", "2014-09-30": "$1,214", "2014-06-30": "$454", "2014-03-31": "$911", "2013-12-31": "$1,167", "2013-09-30": "$1,097", "2013-06-30": "$1,071", "2013-03-31": "$1,037", "2012-12-31": "$-1,748", "2012-09-30": "$469", "2012-06-30": "$1,116", "2012-03-31": "$970", "2011-12-31": "$725", "2011-09-30": "$1,072", "2011-06-30": "$1,092", "2011-03-31": "$915", "2010-12-31": "$969", "2010-09-30": "$991", "2010-06-30": "$845", "2010-03-31": "$533", "2009-12-31": "$573", "2009-09-30": "$549", "2009-06-30": "$445", "2009-03-31": "$401", "2008-12-31": "$254", "2008-09-30": "$970", "2008-06-30": "$873", "2008-03-31": "$906", "2007-12-31": "$-2,641", "2007-09-30": "$1,076", "2007-06-30": "$1,104", "2007-03-31": "$843", "2006-12-31": "$1,128", "2006-09-30": "$1,038", "2006-06-30": "$1,061", "2006-03-31": "$975", "2005-12-31": "$1,049", "2005-09-30": "$953", "2005-06-30": "$986", "2005-03-31": "$882"}}, "eps-earnings-per-share-diluted": {"UPS Annual EPS": {"2020": "$1.64", "2019": "$5.11", "2018": "$5.51", "2017": "$5.61", "2016": "$3.86", "2015": "$5.35", "2014": "$3.28", "2013": "$4.61", "2012": "$0.83", "2011": "$3.84", "2010": "$3.33", "2009": "$1.96", "2008": "$2.94", "2007": "$0.36", "2006": "$3.86", "2005": "$3.47"}, "UPS Quarterly EPS": {"2020-12-31": "$-3.75", "2020-09-30": "$2.24", "2020-06-30": "$2.03", "2020-03-31": "$1.11", "2019-12-31": "$-0.12", "2019-09-30": "$2.01", "2019-06-30": "$1.94", "2019-03-31": "$1.28", "2018-12-31": "$0.52", "2018-09-30": "$1.73", "2018-06-30": "$1.71", "2018-03-31": "$1.55", "2017-12-31": "$1.26", "2017-09-30": "$1.44", "2017-06-30": "$1.58", "2017-03-31": "$1.33", "2016-12-31": "$-0.28", "2016-09-30": "$1.44", "2016-06-30": "$1.43", "2016-03-31": "$1.27", "2015-12-31": "$1.49", "2015-09-30": "$1.39", "2015-06-30": "$1.35", "2015-03-31": "$1.12", "2014-12-31": "$0.49", "2014-09-30": "$1.32", "2014-06-30": "$0.49", "2014-03-31": "$0.98", "2013-12-31": "$1.24", "2013-09-30": "$1.16", "2013-06-30": "$1.13", "2013-03-31": "$1.08", "2012-12-31": "$-1.80", "2012-09-30": "$0.48", "2012-06-30": "$1.15", "2012-03-31": "$1.00", "2011-12-31": "$0.75", "2011-09-30": "$1.09", "2011-06-30": "$1.09", "2011-03-31": "$0.91", "2010-12-31": "$0.97", "2010-09-30": "$0.99", "2010-06-30": "$0.84", "2010-03-31": "$0.53", "2009-12-31": "$0.57", "2009-09-30": "$0.55", "2009-06-30": "$0.44", "2009-03-31": "$0.40", "2008-12-31": "$0.26", "2008-09-30": "$0.96", "2008-06-30": "$0.85", "2008-03-31": "$0.87", "2007-12-31": "$-2.48", "2007-09-30": "$1.02", "2007-06-30": "$1.04", "2007-03-31": "$0.78", "2006-12-31": "$1.04", "2006-09-30": "$0.96", "2006-06-30": "$0.97", "2006-03-31": "$0.89", "2005-12-31": "$0.95", "2005-09-30": "$0.86", "2005-06-30": "$0.88", "2005-03-31": "$0.78"}}, "shares-outstanding": {"UPS Annual Shares Outstanding (Millions of Shares)": {"2020": "871", "2019": "869", "2018": "870", "2017": "875", "2016": "887", "2015": "906", "2014": "924", "2013": "948", "2012": "969", "2011": "991", "2010": "1,003", "2009": "1,004", "2008": "1,022", "2007": "1,063", "2006": "1,089", "2005": "1,116"}, "UPS Quarterly Shares Outstanding (Millions of Shares)": {"2020-12-31": "871", "2020-09-30": "872", "2020-06-30": "869", "2020-03-31": "869", "2019-12-31": "869", "2019-09-30": "870", "2019-06-30": "869", "2019-03-31": "869", "2018-12-31": "870", "2018-09-30": "870", "2018-06-30": "866", "2018-03-31": "870", "2017-12-31": "875", "2017-09-30": "869", "2017-06-30": "876", "2017-03-31": "879", "2016-12-31": "887", "2016-09-30": "880", "2016-06-30": "890", "2016-03-31": "894", "2015-12-31": "906", "2015-09-30": "903", "2015-06-30": "908", "2015-03-31": "913", "2014-12-31": "924", "2014-09-30": "922", "2014-06-30": "927", "2014-03-31": "923", "2013-12-31": "948", "2013-09-30": "944", "2013-06-30": "952", "2013-03-31": "960", "2012-12-31": "969", "2012-09-30": "970", "2012-06-30": "971", "2012-03-31": "972", "2011-12-31": "991", "2011-09-30": "987", "2011-06-30": "998", "2011-03-31": "1,002", "2010-12-31": "1,003", "2010-09-30": "1,004", "2010-06-30": "1,003", "2010-03-31": "1,004", "2009-12-31": "1,004", "2009-09-30": "1,004", "2009-06-30": "1,004", "2009-03-31": "997", "2008-12-31": "1,022", "2008-09-30": "1,013", "2008-06-30": "1,021", "2008-03-31": "1,037", "2007-12-31": "1,063", "2007-09-30": "1,058", "2007-06-30": "1,060", "2007-03-31": "1,075", "2006-12-31": "1,089", "2006-09-30": "1,085", "2006-06-30": "1,092", "2006-03-31": "1,100", "2005-12-31": "1,116", "2005-09-30": "1,109", "2005-06-30": "1,119", "2005-03-31": "1,127"}}, "total-assets": {"UPS Annual Total Assets (Millions of US $)": {"2019": "$57,857", "2018": "$50,016", "2017": "$45,574", "2016": "$40,377", "2015": "$38,311", "2014": "$35,440", "2013": "$36,212", "2012": "$38,863", "2011": "$34,701", "2010": "$33,597", "2009": "$31,883", "2008": "$31,879", "2007": "$39,042", "2006": "$33,210", "2005": "$34,947"}, "UPS Quarterly Total Assets (Millions of US $)": {"2020-09-30": "$62,406", "2020-06-30": "$62,057", "2020-03-31": "$60,895", "2019-12-31": "$57,857", "2019-09-30": "$53,282", "2019-06-30": "$52,787", "2019-03-31": "$52,061", "2018-12-31": "$50,016", "2018-09-30": "$46,689", "2018-06-30": "$45,223", "2018-03-31": "$44,464", "2017-12-31": "$45,574", "2017-09-30": "$41,356", "2017-06-30": "$39,724", "2017-03-31": "$38,380", "2016-12-31": "$40,377", "2016-09-30": "$38,342", "2016-06-30": "$38,339", "2016-03-31": "$39,168", "2015-12-31": "$38,311", "2015-09-30": "$39,002", "2015-06-30": "$37,251", "2015-03-31": "$37,332", "2014-12-31": "$35,440", "2014-09-30": "$35,906", "2014-06-30": "$34,861", "2014-03-31": "$37,085", "2013-12-31": "$36,212", "2013-09-30": "$37,476", "2013-06-30": "$36,703", "2013-03-31": "$38,005", "2012-12-31": "$38,863", "2012-09-30": "$39,064", "2012-06-30": "$37,177", "2012-03-31": "$35,963", "2011-12-31": "$34,701", "2011-09-30": "$35,238", "2011-06-30": "$35,152", "2011-03-31": "$34,594", "2010-12-31": "$33,597", "2010-09-30": "$32,907", "2010-06-30": "$33,269", "2010-03-31": "$32,504", "2009-12-31": "$31,883", "2009-09-30": "$32,211", "2009-06-30": "$32,540", "2009-03-31": "$33,773", "2008-12-31": "$31,879", "2008-09-30": "$38,165", "2008-06-30": "$38,056", "2008-03-31": "$37,470", "2007-12-31": "$39,042", "2007-09-30": "$34,496", "2007-06-30": "$33,513", "2007-03-31": "$33,375", "2006-12-31": "$33,210", "2006-09-30": "$36,172", "2006-06-30": "$34,874", "2006-03-31": "$34,791", "2005-12-31": "$34,947", "2005-09-30": "$35,079", "2005-06-30": "$33,166", "2005-03-31": "$33,129"}}, "cash-on-hand": {"UPS Annual Cash on Hand (Millions of US $)": {"2019": "$5,741", "2018": "$5,035", "2017": "$4,069", "2016": "$4,567", "2015": "$4,726", "2014": "$3,283", "2013": "$5,245", "2012": "$7,924", "2011": "$4,275", "2010": "$4,081", "2009": "$2,100", "2008": "$1,049", "2007": "$2,604", "2006": "$1,983", "2005": "$3,041"}, "UPS Quarterly Cash on Hand (Millions of US $)": {"2020-09-30": "$9,241", "2020-06-30": "$9,216", "2020-03-31": "$9,460", "2019-12-31": "$5,741", "2019-09-30": "$4,538", "2019-06-30": "$4,797", "2019-03-31": "$5,111", "2018-12-31": "$5,035", "2018-09-30": "$4,841", "2018-06-30": "$4,934", "2018-03-31": "$4,209", "2017-12-31": "$4,069", "2017-09-30": "$4,461", "2017-06-30": "$4,604", "2017-03-31": "$3,718", "2016-12-31": "$4,567", "2016-09-30": "$5,358", "2016-06-30": "$5,672", "2016-03-31": "$6,267", "2015-12-31": "$4,726", "2015-09-30": "$5,689", "2015-06-30": "$6,222", "2015-03-31": "$6,417", "2014-12-31": "$3,283", "2014-09-30": "$5,571", "2014-06-30": "$4,599", "2014-03-31": "$7,035", "2013-12-31": "$5,245", "2013-09-30": "$6,649", "2013-06-30": "$6,192", "2013-03-31": "$7,332", "2012-12-31": "$7,924", "2012-09-30": "$9,016", "2012-06-30": "$7,322", "2012-03-31": "$6,080", "2011-12-31": "$4,275", "2011-09-30": "$5,453", "2011-06-30": "$5,637", "2011-03-31": "$5,444", "2010-12-31": "$4,081", "2010-09-30": "$3,752", "2010-06-30": "$4,007", "2010-03-31": "$3,115", "2009-12-31": "$2,100", "2009-09-30": "$2,788", "2009-06-30": "$3,347", "2009-03-31": "$4,346", "2008-12-31": "$1,049", "2008-09-30": "$1,762", "2008-06-30": "$1,689", "2008-03-31": "$1,484", "2007-12-31": "$2,604", "2007-09-30": "$1,999", "2007-06-30": "$2,121", "2007-03-31": "$2,398", "2006-12-31": "$1,983", "2006-09-30": "$2,241", "2006-06-30": "$2,850", "2006-03-31": "$3,131", "2005-12-31": "$3,041", "2005-09-30": "$3,906", "2005-06-30": "$5,504", "2005-03-31": "$5,229"}}, "long-term-debt": {"UPS Annual Long Term Debt (Millions of US $)": {"2019": "$21,818", "2018": "$19,931", "2017": "$20,278", "2016": "$12,394", "2015": "$11,316", "2014": "$9,856", "2013": "$10,824", "2012": "$11,089", "2011": "$11,095", "2010": "$10,491", "2009": "$8,668", "2008": "$7,797", "2007": "$7,506", "2006": "$3,133", "2005": "$3,159"}, "UPS Quarterly Long Term Debt (Millions of US $)": {"2020-09-30": "$23,336", "2020-06-30": "$23,199", "2020-03-31": "$24,196", "2019-12-31": "$21,818", "2019-09-30": "$21,740", "2019-06-30": "$20,427", "2019-03-31": "$20,377", "2018-12-31": "$19,931", "2018-09-30": "$20,101", "2018-06-30": "$20,120", "2018-03-31": "$20,409", "2017-12-31": "$20,278", "2017-09-30": "$14,355", "2017-06-30": "$14,257", "2017-03-31": "$12,938", "2016-12-31": "$12,394", "2016-09-30": "$11,506", "2016-06-30": "$11,550", "2016-03-31": "$11,569", "2015-12-31": "$11,316", "2015-09-30": "$10,044", "2015-06-30": "$9,900", "2015-03-31": "$9,941", "2014-12-31": "$9,856", "2014-09-30": "$9,858", "2014-06-30": "$9,940", "2014-03-31": "$9,860", "2013-12-31": "$10,824", "2013-09-30": "$10,897", "2013-06-30": "$10,837", "2013-03-31": "$11,051", "2012-12-31": "$11,089", "2012-09-30": "$11,148", "2012-06-30": "$11,112", "2012-03-31": "$11,079", "2011-12-31": "$11,095", "2011-09-30": "$11,092", "2011-06-30": "$10,787", "2011-03-31": "$10,504", "2010-12-31": "$10,491", "2010-09-30": "$8,648", "2010-06-30": "$8,614", "2010-03-31": "$8,548", "2009-12-31": "$8,668", "2009-09-30": "$8,908", "2009-06-30": "$8,866", "2009-03-31": "$8,737", "2008-12-31": "$7,797", "2008-09-30": "$8,064", "2008-06-30": "$7,233", "2008-03-31": "$7,294", "2007-12-31": "$7,506", "2007-09-30": "$3,287", "2007-06-30": "$3,101", "2007-03-31": "$3,139", "2006-12-31": "$3,133", "2006-09-30": "$3,113", "2006-06-30": "$3,077", "2006-03-31": "$3,046", "2005-12-31": "$3,159", "2005-09-30": "$3,182", "2005-06-30": "$3,258", "2005-03-31": "$3,211"}}, "total-liabilities": {"UPS Annual Total Liabilities (Millions of US $)": {"2019": "$54,574", "2018": "$46,979", "2017": "$44,550", "2016": "$39,948", "2015": "$35,820", "2014": "$33,282", "2013": "$29,724", "2012": "$34,130", "2011": "$27,593", "2010": "$25,550", "2009": "$24,187", "2008": "$25,099", "2007": "$26,859", "2006": "$17,728", "2005": "$18,063"}, "UPS Quarterly Total Liabilities (Millions of US $)": {"2020-09-30": "$56,800", "2020-06-30": "$57,681", "2020-03-31": "$57,582", "2019-12-31": "$54,574", "2019-09-30": "$47,708", "2019-06-30": "$48,364", "2019-03-31": "$48,576", "2018-12-31": "$46,979", "2018-09-30": "$43,563", "2018-06-30": "$42,867", "2018-03-31": "$43,089", "2017-12-31": "$44,550", "2017-09-30": "$39,817", "2017-06-30": "$38,450", "2017-03-31": "$37,820", "2016-12-31": "$39,948", "2016-09-30": "$35,575", "2016-06-30": "$35,689", "2016-03-31": "$36,688", "2015-12-31": "$35,820", "2015-09-30": "$37,054", "2015-06-30": "$35,283", "2015-03-31": "$35,485", "2014-12-31": "$33,282", "2014-09-30": "$30,262", "2014-06-30": "$29,276", "2014-03-31": "$30,823", "2013-12-31": "$29,724", "2013-09-30": "$33,821", "2013-06-30": "$33,073", "2013-03-31": "$33,962", "2012-12-31": "$34,130", "2012-09-30": "$31,450", "2012-06-30": "$29,452", "2012-03-31": "$28,464", "2011-12-31": "$27,593", "2011-09-30": "$27,369", "2011-06-30": "$26,823", "2011-03-31": "$26,360", "2010-12-31": "$25,550", "2010-09-30": "$24,381", "2010-06-30": "$25,339", "2010-03-31": "$24,891", "2009-12-31": "$24,187", "2009-09-30": "$25,165", "2009-06-30": "$25,747", "2009-03-31": "$26,993", "2008-12-31": "$25,099", "2008-09-30": "$27,063", "2008-06-30": "$27,036", "2008-03-31": "$25,877", "2007-12-31": "$26,859", "2007-09-30": "$18,927", "2007-06-30": "$18,269", "2007-03-31": "$18,067", "2006-12-31": "$17,728", "2006-09-30": "$18,995", "2006-06-30": "$17,859", "2006-03-31": "$18,075", "2005-12-31": "$18,063", "2005-09-30": "$18,462", "2005-06-30": "$16,717", "2005-03-31": "$16,775"}}, "total-share-holder-equity": {"UPS Annual Share Holder Equity (Millions of US $)": {"2019": "$3,283", "2018": "$3,037", "2017": "$1,024", "2016": "$429", "2015": "$2,491", "2014": "$2,158", "2013": "$6,488", "2012": "$4,733", "2011": "$7,108", "2010": "$8,047", "2009": "$7,696", "2008": "$6,780", "2007": "$12,183", "2006": "$15,482", "2005": "$16,884"}, "UPS Quarterly Share Holder Equity (Millions of US $)": {"2020-09-30": "$5,606", "2020-06-30": "$4,376", "2020-03-31": "$3,313", "2019-12-31": "$3,283", "2019-09-30": "$5,574", "2019-06-30": "$4,423", "2019-03-31": "$3,485", "2018-12-31": "$3,037", "2018-09-30": "$3,126", "2018-06-30": "$2,356", "2018-03-31": "$1,375", "2017-12-31": "$1,024", "2017-09-30": "$1,539", "2017-06-30": "$1,274", "2017-03-31": "$560", "2016-12-31": "$429", "2016-09-30": "$2,767", "2016-06-30": "$2,650", "2016-03-31": "$2,480", "2015-12-31": "$2,491", "2015-09-30": "$1,948", "2015-06-30": "$1,968", "2015-03-31": "$1,847", "2014-12-31": "$2,158", "2014-09-30": "$5,644", "2014-06-30": "$5,585", "2014-03-31": "$6,262", "2013-12-31": "$6,488", "2013-09-30": "$3,655", "2013-06-30": "$3,630", "2013-03-31": "$4,043", "2012-12-31": "$4,733", "2012-09-30": "$7,614", "2012-06-30": "$7,725", "2012-03-31": "$7,499", "2011-12-31": "$7,108", "2011-09-30": "$7,869", "2011-06-30": "$8,329", "2011-03-31": "$8,234", "2010-12-31": "$8,047", "2010-09-30": "$8,526", "2010-06-30": "$7,930", "2010-03-31": "$7,613", "2009-12-31": "$7,696", "2009-09-30": "$7,046", "2009-06-30": "$6,793", "2009-03-31": "$6,780", "2008-12-31": "$6,780", "2008-09-30": "$11,102", "2008-06-30": "$11,020", "2008-03-31": "$11,593", "2007-12-31": "$12,183", "2007-09-30": "$15,569", "2007-06-30": "$15,244", "2007-03-31": "$15,308", "2006-12-31": "$15,482", "2006-09-30": "$17,177", "2006-06-30": "$17,015", "2006-03-31": "$16,716", "2005-12-31": "$16,884", "2005-09-30": "$16,617", "2005-06-30": "$16,449", "2005-03-31": "$16,354"}}, "profit-margins": {"current": "1.69%"}, "gross margin": {"2020-12-31": "83.27%", "2020-09-30": "76.24%", "2020-06-30": "76.43%", "2020-03-31": "76.25%", "2019-12-31": "76.09%", "2019-09-30": "75.43%", "2019-06-30": "74.82%", "2019-03-31": "74.40%", "2018-12-31": "74.16%", "2018-09-30": "74.26%", "2018-06-30": "74.72%", "2018-03-31": "75.42%", "2017-12-31": "75.99%", "2017-09-30": "76.06%", "2017-06-30": "76.74%", "2017-03-31": "77.31%", "2016-12-31": "78.07%", "2016-09-30": "79.45%", "2016-06-30": "79.61%", "2016-03-31": "79.74%", "2015-12-31": "79.57%", "2015-09-30": "78.77%", "2015-06-30": "78.00%", "2015-03-31": "77.15%", "2014-12-31": "76.45%", "2014-09-30": "76.53%", "2014-06-30": "76.75%", "2014-03-31": "76.93%", "2013-12-31": "77.00%", "2013-09-30": "76.84%", "2013-06-30": "76.72%", "2013-03-31": "76.62%", "2012-12-31": "76.59%", "2012-09-30": "76.67%", "2012-06-30": "76.49%", "2012-03-31": "76.26%", "2011-12-31": "76.34%", "2011-09-30": "76.78%", "2011-06-30": "77.26%", "2011-03-31": "77.85%", "2010-12-31": "78.32%", "2010-09-30": "78.63%", "2010-06-30": "79.14%", "2010-03-31": "79.85%", "2009-12-31": "80.53%", "2009-09-30": "80.51%", "2009-06-30": "79.25%", "2009-03-31": "77.85%", "2008-12-31": "76.93%", "2008-09-30": "76.83%", "2008-06-30": "77.79%", "2008-03-31": "78.95%", "2007-12-31": "79.81%", "2007-09-30": "80.33%", "2007-06-30": "80.43%", "2007-03-31": "80.36%", "2006-12-31": "80.43%", "2006-09-30": "85.49%", "2006-06-30": "90.23%", "2006-03-31": "95.15%", "2005-12-31": "100.00%"}, "operating margin": {"2020-12-31": "9.23%", "2020-09-30": "9.69%", "2020-06-30": "9.75%", "2020-03-31": "9.97%", "2019-12-31": "10.52%", "2019-09-30": "10.45%", "2019-06-30": "10.02%", "2019-03-31": "9.59%", "2018-12-31": "9.77%", "2018-09-30": "9.98%", "2018-06-30": "10.28%", "2018-03-31": "10.90%", "2017-12-31": "11.31%", "2017-09-30": "11.13%", "2017-06-30": "11.69%", "2017-03-31": "11.93%", "2016-12-31": "12.48%", "2016-09-30": "13.24%", "2016-06-30": "13.31%", "2016-03-31": "13.30%", "2015-12-31": "13.14%", "2015-09-30": "10.95%", "2015-06-30": "10.88%", "2015-03-31": "8.78%", "2014-12-31": "8.53%", "2014-09-30": "10.68%", "2014-06-30": "10.56%", "2014-03-31": "12.49%", "2013-12-31": "12.69%", "2013-09-30": "4.26%", "2013-06-30": "2.39%", "2013-03-31": "2.49%", "2012-12-31": "2.48%", "2012-09-30": "9.91%", "2012-06-30": "11.56%", "2012-03-31": "11.51%", "2011-12-31": "11.45%", "2011-09-30": "12.35%", "2011-06-30": "12.48%", "2011-03-31": "12.05%", "2010-12-31": "11.39%", "2010-09-30": "10.36%", "2010-06-30": "9.14%", "2010-03-31": "8.31%", "2009-12-31": "7.74%", "2009-09-30": "7.33%", "2009-06-30": "8.51%", "2009-03-31": "9.26%", "2008-12-31": "10.45%", "2008-09-30": "0.62%", "2008-06-30": "0.78%", "2008-03-31": "1.41%", "2007-12-31": "1.16%", "2007-09-30": "13.57%", "2007-06-30": "13.45%", "2007-03-31": "13.43%", "2006-12-31": "13.95%", "2006-09-30": "13.95%", "2006-06-30": "14.11%", "2006-03-31": "14.28%", "2005-12-31": "14.43%"}, "ebitda margin": {"2020-09-30": "12.95%", "2020-06-30": "13.01%", "2020-03-31": "13.23%", "2019-12-31": "13.71%", "2019-09-30": "13.55%", "2019-06-30": "13.08%", "2019-03-31": "12.62%", "2018-12-31": "12.85%", "2018-09-30": "13.16%", "2018-06-30": "13.59%", "2018-03-31": "14.31%", "2017-12-31": "14.73%", "2017-09-30": "14.58%", "2017-06-30": "15.18%", "2017-03-31": "15.48%", "2016-12-31": "16.09%", "2016-09-30": "16.91%", "2016-06-30": "16.97%", "2016-03-31": "16.92%", "2015-12-31": "16.71%", "2015-09-30": "14.45%", "2015-06-30": "14.31%", "2015-03-31": "12.13%", "2014-12-31": "11.83%", "2014-09-30": "13.98%", "2014-06-30": "13.87%", "2014-03-31": "15.83%", "2013-12-31": "16.06%", "2013-09-30": "7.67%", "2013-06-30": "5.84%", "2013-03-31": "5.93%", "2012-12-31": "5.91%", "2012-09-30": "13.32%", "2012-06-30": "14.94%", "2012-03-31": "14.87%", "2011-12-31": "14.80%", "2011-09-30": "15.74%", "2011-06-30": "15.94%", "2011-03-31": "15.58%", "2010-12-31": "15.00%", "2010-09-30": "14.07%", "2010-06-30": "12.92%", "2010-03-31": "12.15%", "2009-12-31": "11.60%", "2009-09-30": "11.17%", "2009-06-30": "12.22%", "2009-03-31": "12.86%", "2008-12-31": "13.98%", "2008-09-30": "4.08%", "2008-06-30": "4.26%", "2008-03-31": "4.90%", "2007-12-31": "4.67%", "2007-09-30": "17.11%", "2007-06-30": "17.05%", "2007-03-31": "17.07%", "2006-12-31": "17.63%", "2006-09-30": "17.67%", "2006-06-30": "17.87%", "2006-03-31": "18.09%", "2005-12-31": "18.29%"}, "pre tax profit margin": {"2020-12-31": "2.33%", "2020-09-30": "7.39%", "2020-06-30": "7.26%", "2020-03-31": "7.29%", "2019-12-31": "7.63%", "2019-09-30": "8.71%", "2019-06-30": "8.38%", "2019-03-31": "8.06%", "2018-12-31": "8.38%", "2018-09-30": "9.65%", "2018-06-30": "9.89%", "2018-03-31": "10.39%", "2017-12-31": "10.72%", "2017-09-30": "8.02%", "2017-06-30": "8.20%", "2017-03-31": "8.11%", "2016-12-31": "8.31%", "2016-09-30": "12.70%", "2016-06-30": "12.76%", "2016-03-31": "12.75%", "2015-12-31": "12.58%", "2015-09-30": "10.37%", "2015-06-30": "10.30%", "2015-03-31": "8.22%", "2014-12-31": "7.96%", "2014-09-30": "10.12%", "2014-06-30": "9.98%", "2014-03-31": "11.85%", "2013-12-31": "12.04%", "2013-09-30": "3.57%", "2013-06-30": "1.69%", "2013-03-31": "1.80%", "2012-12-31": "1.80%", "2012-09-30": "9.25%", "2012-06-30": "10.95%", "2012-03-31": "10.92%", "2011-12-31": "10.88%", "2011-09-30": "11.77%", "2011-06-30": "11.88%", "2011-03-31": "11.38%", "2010-12-31": "10.68%", "2010-09-30": "9.66%", "2010-06-30": "8.40%", "2010-03-31": "7.33%", "2009-12-31": "6.78%", "2009-09-30": "6.36%", "2009-06-30": "7.52%", "2009-03-31": "8.54%", "2008-12-31": "9.74%", "2008-09-30": "0.00%", "2008-06-30": "0.30%", "2008-03-31": "1.04%", "2007-12-31": "0.87%", "2007-09-30": "13.27%", "2007-06-30": "13.17%", "2007-03-31": "13.15%", "2006-12-31": "13.69%", "2006-09-30": "13.67%", "2006-06-30": "13.88%", "2006-03-31": "14.08%", "2005-12-31": "14.27%"}, "net profit margin": {"2020-12-31": "1.69%", "2020-09-30": "5.71%", "2020-06-30": "5.66%", "2020-03-31": "5.73%", "2019-12-31": "5.99%", "2019-09-30": "6.81%", "2019-06-30": "6.56%", "2019-03-31": "6.34%", "2018-12-31": "6.67%", "2018-09-30": "7.65%", "2018-06-30": "7.44%", "2018-03-31": "7.46%", "2017-12-31": "7.37%", "2017-09-30": "5.46%", "2017-06-30": "5.58%", "2017-03-31": "5.51%", "2016-12-31": "5.55%", "2016-09-30": "8.33%", "2016-06-30": "8.41%", "2016-03-31": "8.42%", "2015-12-31": "8.30%", "2015-09-30": "6.81%", "2015-06-30": "6.73%", "2015-03-31": "5.39%", "2014-12-31": "5.21%", "2014-09-30": "6.54%", "2014-06-30": "6.42%", "2014-03-31": "7.61%", "2013-12-31": "7.89%", "2013-09-30": "2.65%", "2013-06-30": "1.52%", "2013-03-31": "1.61%", "2012-12-31": "1.49%", "2012-09-30": "6.11%", "2012-06-30": "7.22%", "2012-03-31": "7.19%", "2011-12-31": "7.16%", "2011-09-30": "7.73%", "2011-06-30": "7.72%", "2011-03-31": "7.38%", "2010-12-31": "6.74%", "2010-09-30": "6.07%", "2010-06-30": "5.27%", "2010-03-31": "4.56%", "2009-12-31": "4.34%", "2009-09-30": "3.61%", "2009-06-30": "4.35%", "2009-03-31": "5.02%", "2008-12-31": "5.83%", "2008-09-30": "0.21%", "2008-06-30": "0.42%", "2008-03-31": "0.88%", "2007-12-31": "0.77%", "2007-09-30": "8.48%", "2007-06-30": "8.50%", "2007-03-31": "8.49%", "2006-12-31": "8.84%", "2006-09-30": "8.80%", "2006-06-30": "8.82%", "2006-03-31": "8.96%", "2005-12-31": "9.09%"}, "pe ratio": {"current": "20.00", "2021-02-05": "30.55", "2020-12-31": "31.30", "2020-09-30": "31.48", "2020-06-30": "21.83", "2020-03-31": "18.48", "2019-12-31": "22.16", "2019-09-30": "20.00", "2019-06-30": "17.97", "2019-03-31": "20.11", "2018-12-31": "16.55", "2018-09-30": "17.29", "2018-06-30": "16.35", "2018-03-31": "16.34", "2017-12-31": "19.20", "2017-09-30": "26.45", "2017-06-30": "24.24", "2017-03-31": "24.23", "2016-12-31": "26.02", "2016-09-30": "16.97", "2016-06-30": "16.75", "2016-03-31": "16.51", "2015-12-31": "15.37", "2015-09-30": "19.21", "2015-06-30": "19.03", "2015-03-31": "23.66", "2014-12-31": "28.08", "2014-09-30": "20.04", "2014-06-30": "21.64", "2014-03-31": "17.50", "2013-12-31": "18.35", "2013-09-30": "47.57", "2013-06-30": "80.05", "2013-03-31": "77.17", "2012-12-31": "72.31", "2012-09-30": "16.53", "2012-06-30": "15.40", "2012-03-31": "15.99", "2011-12-31": "14.86", "2011-09-30": "11.58", "2011-06-30": "13.49", "2011-03-31": "14.48", "2010-12-31": "15.46", "2010-09-30": "15.74", "2010-06-30": "15.52", "2010-03-31": "20.53", "2009-12-31": "19.23", "2009-09-30": "24.51", "2009-06-30": "17.21", "2009-03-31": "14.00", "2008-12-31": "13.04", "2008-09-30": "196.37", "2008-06-30": "149.72", "2008-03-31": "105.29", "2007-12-31": "125.34", "2007-09-30": "12.96", "2007-06-30": "12.73", "2007-03-31": "12.37", "2006-12-31": "12.79"}, "price sales": {"2021-02-05": "1.69", "2020-12-31": "1.73", "2020-09-30": "1.79", "2020-06-30": "1.23", "2020-03-31": "1.06", "2019-12-31": "1.33", "2019-09-30": "1.36", "2019-06-30": "1.18", "2019-03-31": "1.27", "2018-12-31": "1.10", "2018-09-30": "1.33", "2018-06-30": "1.22", "2018-03-31": "1.22", "2017-12-31": "1.42", "2017-09-30": "1.45", "2017-06-30": "1.36", "2017-03-31": "1.34", "2016-12-31": "1.45", "2016-09-30": "1.42", "2016-06-30": "1.41", "2016-03-31": "1.39", "2015-12-31": "1.28", "2015-09-30": "1.31", "2015-06-30": "1.28", "2015-03-31": "1.28", "2014-12-31": "1.46", "2014-09-30": "1.31", "2014-06-30": "1.39", "2014-03-31": "1.34", "2013-12-31": "1.45", "2013-09-30": "1.27", "2013-06-30": "1.21", "2013-03-31": "1.21", "2012-12-31": "1.04", "2012-09-30": "1.01", "2012-06-30": "1.11", "2012-03-31": "1.14", "2011-12-31": "1.04", "2011-09-30": "0.91", "2011-06-30": "1.07", "2011-03-31": "1.10", "2010-12-31": "1.09", "2010-09-30": "1.01", "2010-06-30": "0.88", "2010-03-31": "1.02", "2009-12-31": "0.91", "2009-09-30": "0.89", "2009-06-30": "0.75", "2009-03-31": "0.70", "2008-12-31": "0.76", "2008-09-30": "0.86", "2008-06-30": "0.85", "2008-03-31": "1.03", "2007-12-31": "1.02", "2007-09-30": "1.10", "2007-06-30": "1.08", "2007-03-31": "1.05", "2006-12-31": "1.13"}, "price book": {"current": "188.70", "2021-02-05": "25.32", "2020-09-30": "25.51", "2020-06-30": "21.64", "2020-03-31": "23.72", "2019-12-31": "29.55", "2019-09-30": "17.70", "2019-06-30": "19.09", "2019-03-31": "26.00", "2018-12-31": "25.77", "2018-09-30": "29.75", "2018-06-30": "35.69", "2018-03-31": "59.91", "2017-12-31": "90.49", "2017-09-30": "60.45", "2017-06-30": "66.99", "2017-03-31": "147.19", "2016-12-31": "203.73", "2016-09-30": "30.10", "2016-06-30": "30.95", "2016-03-31": "32.31", "2015-12-31": "29.18", "2015-09-30": "38.22", "2015-06-30": "37.09", "2015-03-31": "39.47", "2014-12-31": "38.63", "2014-09-30": "13.02", "2014-06-30": "13.74", "2014-03-31": "11.61", "2013-12-31": "12.06", "2013-09-30": "18.62", "2013-06-30": "17.77", "2013-03-31": "15.87", "2012-12-31": "11.65", "2012-09-30": "6.96", "2012-06-30": "7.55", "2012-03-31": "7.92", "2011-12-31": "7.55", "2011-09-30": "5.84", "2011-06-30": "6.44", "2011-03-31": "6.62", "2010-12-31": "6.59", "2010-09-30": "5.68", "2010-06-30": "5.18", "2010-03-31": "6.06", "2009-12-31": "5.32", "2009-09-30": "5.67", "2009-06-30": "5.17", "2009-03-31": "5.06", "2008-12-31": "5.61", "2008-09-30": "3.88", "2008-06-30": "3.83", "2008-03-31": "4.37", "2007-12-31": "4.07", "2007-09-30": "3.38", "2007-06-30": "3.36", "2007-03-31": "3.22", "2006-12-31": "3.41", "2006-09-30": "2.95", "2006-06-30": "3.41", "2006-03-31": "3.35"}, "price fcf": {"2021-02-05": "", "2020-09-30": "$8.01", "2020-06-30": "$5.59", "2020-03-31": "$3.65", "2019-12-31": "$2.67", "2019-09-30": "$3.34", "2019-06-30": "$3.92", "2019-03-31": "$5.38", "2018-12-31": "$7.43", "2018-09-30": "$0.63", "2018-06-30": "$0.09", "2018-03-31": "$-0.54", "2017-12-31": "$-4.26", "2017-09-30": "$0.80", "2017-06-30": "$0.57", "2017-03-31": "$0.76", "2016-12-31": "$4.05", "2016-09-30": "$4.40", "2016-06-30": "$6.19", "2016-03-31": "$5.50", "2015-12-31": "$5.60", "2015-09-30": "$6.02", "2015-06-30": "$6.25", "2015-03-31": "$4.24", "2014-12-31": "$3.73", "2014-09-30": "$4.89", "2014-06-30": "$4.16", "2014-03-31": "$6.38", "2013-12-31": "$5.64", "2013-09-30": "$5.41", "2013-06-30": "$4.89", "2013-03-31": "$4.77", "2012-12-31": "$5.32", "2012-09-30": "$4.93", "2012-06-30": "$5.77", "2012-03-31": "$6.18", "2011-12-31": "$5.14", "2011-09-30": "$3.43", "2011-06-30": "$2.75", "2011-03-31": "$2.35", "2010-12-31": "$2.74", "2010-09-30": "$3.85", "2010-06-30": "$3.62", "2010-03-31": "$3.18", "2009-12-31": "$3.73", "2009-09-30": "$4.00", "2009-06-30": "$4.66", "2009-03-31": "$5.03", "2008-12-31": "$5.81", "2008-09-30": "$0.23", "2008-06-30": "$-0.17", "2008-03-31": "$-0.63", "2007-12-31": "$-1.52", "2007-09-30": "$3.82", "2007-06-30": "$2.33", "2007-03-31": "$2.32", "2006-12-31": "$2.37"}, "net worth": {"value": "$142.09B"}, "current ratio": {"2020-12-31": "1.19", "2020-09-30": "1.29", "2020-06-30": "1.24", "2020-03-31": "1.22", "2019-12-31": "1.11", "2019-09-30": "1.11", "2019-06-30": "1.09", "2019-03-31": "1.13", "2018-12-31": "1.15", "2018-09-30": "1.15", "2018-06-30": "1.21", "2018-03-31": "1.22", "2017-12-31": "1.22", "2017-09-30": "1.06", "2017-06-30": "1.12", "2017-03-31": "1.01", "2016-12-31": "1.18", "2016-09-30": "1.18", "2016-06-30": "1.32", "2016-03-31": "1.25", "2015-12-31": "1.24", "2015-09-30": "1.14", "2015-06-30": "1.34", "2015-03-31": "1.31", "2014-12-31": "1.30", "2014-09-30": "1.46", "2014-06-30": "1.48", "2014-03-31": "1.59", "2013-12-31": "1.88", "2013-09-30": "1.76", "2013-06-30": "1.84", "2013-03-31": "1.80", "2012-12-31": "1.86", "2012-09-30": "1.59", "2012-06-30": "1.75", "2012-03-31": "1.79", "2011-12-31": "1.89", "2011-09-30": "1.68", "2011-06-30": "1.70", "2011-03-31": "1.66", "2010-12-31": "1.96", "2010-09-30": "1.58", "2010-06-30": "1.43", "2010-03-31": "1.37", "2009-12-31": "1.49", "2009-09-30": "1.41", "2009-06-30": "1.42", "2009-03-31": "1.29", "2008-12-31": "1.13", "2008-09-30": "1.12", "2008-06-30": "1.00", "2008-03-31": "1.07", "2007-12-31": "1.20", "2007-09-30": "1.22", "2007-06-30": "1.31", "2007-03-31": "1.36", "2006-12-31": "1.40", "2006-09-30": "1.30", "2006-06-30": "1.59", "2006-03-31": "1.55", "2005-12-31": "1.65", "2005-09-30": "1.45", "2005-06-30": "2.00", "2005-03-31": "1.96"}, "quick ratio": {"2020-12-31": "0.00", "2020-09-30": "0.00", "2020-06-30": "0.00", "2020-03-31": "0.00", "2019-12-31": "0.00", "2019-09-30": "0.00", "2019-06-30": "0.00", "2019-03-31": "0.00", "2018-12-31": "0.00", "2018-09-30": "0.00", "2018-06-30": "0.00", "2018-03-31": "0.00", "2017-12-31": "0.00", "2017-09-30": "0.00", "2017-06-30": "0.00", "2017-03-31": "0.00", "2016-12-31": "0.00", "2016-09-30": "0.00", "2016-06-30": "0.00", "2016-03-31": "0.00", "2015-12-31": "0.00", "2015-09-30": "0.00", "2015-06-30": "0.00", "2015-03-31": "0.00", "2014-12-31": "0.00", "2014-09-30": "0.00", "2014-06-30": "0.00", "2014-03-31": "0.00", "2013-12-31": "0.00", "2013-09-30": "0.00", "2013-06-30": "0.00", "2013-03-31": "0.00", "2012-12-31": "0.00", "2012-09-30": "0.00", "2012-06-30": "0.00", "2012-03-31": "0.00", "2011-12-31": "0.00", "2011-09-30": "0.00", "2011-06-30": "0.00", "2011-03-31": "0.00", "2010-12-31": "0.00", "2010-09-30": "0.00", "2010-06-30": "0.00", "2010-03-31": "0.00", "2009-12-31": "0.00", "2009-09-30": "0.00", "2009-06-30": "0.00", "2009-03-31": "0.00", "2008-12-31": "0.00", "2008-09-30": "0.00", "2008-06-30": "0.00", "2008-03-31": "0.00", "2007-12-31": "0.00", "2007-09-30": "0.00", "2007-06-30": "0.00", "2007-03-31": "0.00", "2006-12-31": "0.00", "2006-09-30": "0.00", "2006-06-30": "0.00", "2006-03-31": "0.00", "2005-12-31": "0.00", "2005-09-30": "0.00", "2005-06-30": "0.00", "2005-03-31": "0.00"}, "debt equity ratio": {"current": "29.26", "2020-12-31": "81.99", "2020-09-30": "10.13", "2020-06-30": "13.18", "2020-03-31": "17.38", "2019-12-31": "16.62", "2019-09-30": "8.56", "2019-06-30": "10.94", "2019-03-31": "13.94", "2018-12-31": "15.47", "2018-09-30": "13.94", "2018-06-30": "18.20", "2018-03-31": "31.34", "2017-12-31": "43.51", "2017-09-30": "25.87", "2017-06-30": "30.18", "2017-03-31": "67.54", "2016-12-31": "93.12", "2016-09-30": "12.86", "2016-06-30": "13.47", "2016-03-31": "14.79", "2015-12-31": "14.38", "2015-09-30": "19.02", "2015-06-30": "17.93", "2015-03-31": "19.21", "2014-12-31": "15.42", "2014-09-30": "5.36", "2014-06-30": "5.24", "2014-03-31": "4.92", "2013-12-31": "4.58", "2013-09-30": "9.25", "2013-06-30": "9.11", "2013-03-31": "8.40", "2012-12-31": "7.21", "2012-09-30": "4.13", "2012-06-30": "3.81", "2012-03-31": "3.80", "2011-12-31": "3.88", "2011-09-30": "3.48", "2011-06-30": "3.22", "2011-03-31": "3.20", "2010-12-31": "3.18", "2010-09-30": "2.86", "2010-06-30": "3.20", "2010-03-31": "3.27", "2009-12-31": "3.14", "2009-09-30": "3.57", "2009-06-30": "3.79", "2009-03-31": "3.98", "2008-12-31": "3.70", "2008-09-30": "2.44", "2008-06-30": "2.45", "2008-03-31": "2.23", "2007-12-31": "2.21", "2007-09-30": "1.22", "2007-06-30": "1.20", "2007-03-31": "1.18", "2006-12-31": "1.15", "2006-09-30": "1.11", "2006-06-30": "1.05", "2006-03-31": "1.08", "2005-12-31": "1.07", "2005-09-30": "1.11", "2005-06-30": "1.02", "2005-03-31": "1.03"}, "return on equity": {"2020-12-31": "40.63%", "2020-09-30": "110.60%", "2020-06-30": "105.81%", "2020-03-31": "103.51%", "2019-12-31": "105.93%", "2019-09-30": "121.05%", "2019-06-30": "135.23%", "2019-03-31": "151.85%", "2018-12-31": "193.69%", "2018-09-30": "275.80%", "2018-06-30": "329.52%", "2018-03-31": "390.18%", "2017-12-31": "446.21%", "2017-09-30": "374.64%", "2017-06-30": "284.06%", "2017-03-31": "215.86%", "2016-12-31": "164.40%", "2016-09-30": "192.57%", "2016-06-30": "208.51%", "2016-03-31": "222.75%", "2015-12-31": "234.75%", "2015-09-30": "200.28%", "2015-06-30": "135.08%", "2015-03-31": "82.63%", "2014-12-31": "61.72%", "2014-09-30": "62.49%", "2014-06-30": "66.01%", "2014-03-31": "84.77%", "2013-12-31": "98.16%", "2013-09-30": "36.29%", "2013-06-30": "16.56%", "2013-03-31": "14.50%", "2012-12-31": "11.71%", "2012-09-30": "43.81%", "2012-06-30": "51.43%", "2012-03-31": "50.11%", "2011-12-31": "48.24%", "2011-09-30": "49.85%", "2011-06-30": "47.89%", "2011-03-31": "45.45%", "2010-12-31": "41.57%", "2010-09-30": "37.05%", "2010-06-30": "33.02%", "2010-03-31": "28.82%", "2009-12-31": "27.80%", "2009-09-30": "24.07%", "2009-06-30": "26.32%", "2009-03-31": "28.00%", "2008-12-31": "29.66%", "2008-09-30": "0.94%", "2008-06-30": "1.70%", "2008-03-31": "3.26%", "2007-12-31": "2.62%", "2007-09-30": "26.95%", "2007-06-30": "26.03%", "2007-03-31": "25.05%", "2006-12-31": "25.32%", "2006-09-30": "24.33%", "2006-06-30": "24.02%", "2006-03-31": "23.78%", "2005-12-31": "23.35%"}, "return on assets": {"2020-12-31": "2.30%", "2020-09-30": "7.54%", "2020-06-30": "7.48%", "2020-03-31": "7.64%", "2019-12-31": "8.22%", "2019-09-30": "9.61%", "2019-06-30": "9.44%", "2019-03-31": "9.40%", "2018-12-31": "10.28%", "2018-09-30": "11.95%", "2018-06-30": "11.74%", "2018-03-31": "11.88%", "2017-12-31": "11.89%", "2017-09-30": "8.91%", "2017-06-30": "9.11%", "2017-03-31": "8.90%", "2016-12-31": "8.76%", "2016-09-30": "12.98%", "2016-06-30": "12.89%", "2016-03-31": "12.88%", "2015-12-31": "12.76%", "2015-09-30": "10.65%", "2015-06-30": "10.75%", "2015-03-31": "8.77%", "2014-12-31": "8.46%", "2014-09-30": "10.40%", "2014-06-30": "9.97%", "2014-03-31": "11.52%", "2013-12-31": "11.78%", "2013-09-30": "3.86%", "2013-06-30": "2.17%", "2013-03-31": "2.28%", "2012-12-31": "2.14%", "2012-09-30": "8.93%", "2012-06-30": "10.86%", "2012-03-31": "10.94%", "2011-12-31": "10.89%", "2011-09-30": "11.68%", "2011-06-30": "11.65%", "2011-03-31": "11.07%", "2010-12-31": "10.09%", "2010-09-30": "9.01%", "2010-06-30": "7.70%", "2010-03-31": "6.50%", "2009-12-31": "6.04%", "2009-09-30": "5.06%", "2009-06-30": "6.07%", "2009-03-31": "7.04%", "2008-12-31": "8.25%", "2008-09-30": "0.28%", "2008-06-30": "0.57%", "2008-03-31": "1.23%", "2007-12-31": "1.09%", "2007-09-30": "12.34%", "2007-06-30": "12.07%", "2007-03-31": "11.83%", "2006-12-31": "12.09%", "2006-09-30": "11.71%", "2006-06-30": "11.56%", "2006-03-31": "11.49%", "2005-12-31": "11.36%"}, "return on investments": {"2020-12-31": "29.26%", "2020-09-30": "28.52%", "2020-06-30": "28.07%", "2020-03-31": "28.54%", "2019-12-31": "30.84%", "2019-09-30": "30.99%", "2019-06-30": "30.63%", "2019-03-31": "29.82%", "2018-12-31": "31.06%", "2018-09-30": "31.91%", "2018-06-30": "35.20%", "2018-03-31": "39.90%", "2017-12-31": "45.48%", "2017-09-30": "50.28%", "2017-06-30": "53.32%", "2017-03-31": "54.62%", "2016-12-31": "55.56%", "2016-09-30": "56.43%", "2016-06-30": "58.44%", "2016-03-31": "60.47%", "2015-12-31": "62.02%", "2015-09-30": "53.47%", "2015-06-30": "49.57%", "2015-03-31": "37.41%", "2014-12-31": "33.59%", "2014-09-30": "37.99%", "2014-06-30": "37.61%", "2014-03-31": "44.62%", "2013-12-31": "45.81%", "2013-09-30": "15.64%", "2013-06-30": "8.14%", "2013-03-31": "7.90%", "2012-12-31": "7.46%", "2012-09-30": "28.62%", "2012-06-30": "33.37%", "2012-03-31": "33.01%", "2011-12-31": "32.42%", "2011-09-30": "34.31%", "2011-06-30": "34.87%", "2011-03-31": "34.21%", "2010-12-31": "32.98%", "2010-09-30": "30.35%", "2010-06-30": "26.69%", "2010-03-31": "23.90%", "2009-12-31": "22.10%", "2009-09-30": "21.68%", "2009-06-30": "24.94%", "2009-03-31": "27.30%", "2008-12-31": "30.37%", "2008-09-30": "1.72%", "2008-06-30": "2.12%", "2008-03-31": "3.76%", "2007-12-31": "3.07%", "2007-09-30": "35.76%", "2007-06-30": "34.39%", "2007-03-31": "33.25%", "2006-12-31": "33.70%", "2006-09-30": "32.61%", "2006-06-30": "32.42%", "2006-03-31": "31.84%", "2005-12-31": "31.06%"}, "return on tangible equity": {"2020-09-30": "-246.02%", "2020-06-30": "-240.03%", "2020-03-31": "-239.05%", "2019-12-31": "-254.92%", "2019-09-30": "-280.88%", "2019-06-30": "-199.29%", "2019-03-31": "-157.85%", "2018-12-31": "-140.19%", "2018-09-30": "-139.04%", "2018-06-30": "-121.57%", "2018-03-31": "-113.29%", "2017-12-31": "-106.60%", "2017-09-30": "-76.26%", "2017-06-30": "-85.61%", "2017-03-31": "-94.61%", "2016-12-31": "-112.68%", "2016-09-30": "-209.71%", "2016-06-30": "-192.77%", "2016-03-31": "-216.42%", "2015-12-31": "-249.85%", "2015-09-30": "-257.91%", "2015-06-30": "-3324.58%", "2015-03-31": "392.76%", "2014-12-31": "159.58%", "2014-09-30": "124.91%", "2014-06-30": "144.61%", "2014-03-31": "204.92%", "2013-12-31": "279.00%", "2013-09-30": "123.95%", "2013-06-30": "37.56%", "2013-03-31": "26.93%", "2012-12-31": "19.64%", "2012-09-30": "69.43%", "2012-06-30": "80.69%", "2012-03-31": "77.47%", "2011-12-31": "73.27%", "2011-09-30": "74.58%", "2011-06-30": "70.96%", "2011-03-31": "67.70%", "2010-12-31": "62.49%", "2010-09-30": "56.01%", "2010-06-30": "51.01%", "2010-03-31": "45.02%", "2009-12-31": "43.61%", "2009-09-30": "38.08%", "2009-06-30": "39.72%", "2009-03-31": "41.05%", "2008-12-31": "42.28%", "2008-09-30": "1.31%", "2008-06-30": "2.28%", "2008-03-31": "4.27%", "2007-12-31": "3.37%", "2007-09-30": "34.11%", "2007-06-30": "32.69%", "2007-03-31": "31.28%", "2006-12-31": "31.45%", "2006-09-30": "30.08%", "2006-06-30": "29.73%", "2006-03-31": "28.78%", "2005-12-31": "27.63%"}, "dividend yield history": {"last payout": "$4.04", "last yield": "2.46%"}}