{"ticker": "UNVR", "price": {"title": "Univar Solutions Historical Annual Stock Price Data", "value": 20.3, "historical": {"2020": {"Average Stock Price": "17.1580", "Year Open": "24.3500", "Year High": "24.3500", "Year Low": "7.0800", "Year Close": "19.0100", "Annual % Change": "-21.58%"}, "2019": {"Average Stock Price": "21.6849", "Year Open": "17.8000", "Year High": "24.4500", "Year Low": "17.5300", "Year Close": "24.2400", "Annual % Change": "36.64%"}, "2018": {"Average Stock Price": "26.9832", "Year Open": "30.8700", "Year High": "31.6500", "Year Low": "16.3300", "Year Close": "17.7400", "Annual % Change": "-42.70%"}, "2017": {"Average Stock Price": "29.7012", "Year Open": "28.7200", "Year High": "32.8100", "Year Low": "26.9900", "Year Close": "30.9600", "Annual % Change": "9.13%"}, "2016": {"Average Stock Price": "19.1766", "Year Open": "16.3900", "Year High": "28.6000", "Year Low": "11.1200", "Year Close": "28.3700", "Annual % Change": "66.78%"}, "2015": {"Average Stock Price": "20.9112", "Year Open": "25.4000", "Year High": "27.2500", "Year Low": "16.2800", "Year Close": "17.0100", "Annual % Change": "0.00%"}}}, "market cap": {"value": "$3.43B"}, "income statement": {"Revenue": {"2019-12-31": "9286.90000", "2018-12-31": "8632.50000", "2017-12-31": "8253.70000", "2016-12-31": "8073.70000", "2015-12-31": "8981.80000", "2014-12-31": "10373.90000", "2013-12-31": "10324.60000", "2012-12-31": "9747.10000"}, "Cost Of Goods Sold": {"2019-12-31": "7146.10000", "2018-12-31": "6732.40000", "2017-12-31": "6448.20000", "2016-12-31": "6346.60000", "2015-12-31": "7182.70000", "2014-12-31": "8443.20000", "2013-12-31": "8448.70000", "2012-12-31": "7924.60000"}, "Gross Profit": {"2019-12-31": "2140.80000", "2018-12-31": "1900.10000", "2017-12-31": "1805.50000", "2016-12-31": "1727.10000", "2015-12-31": "1799.10000", "2014-12-31": "1930.70000", "2013-12-31": "1875.89900", "2012-12-31": "1822.50000"}, "Research And Development Expenses": {"2019-12-31": "", "2018-12-31": "", "2017-12-31": "", "2016-12-31": "", "2015-12-31": "", "2014-12-31": "", "2013-12-31": "", "2012-12-31": ""}, "SG&A Expenses": {"2019-12-31": "1433.60000", "2018-12-31": "1259.70000", "2017-12-31": "1211.70000", "2016-12-31": "1179.70000", "2015-12-31": "1199.00000", "2014-12-31": "1289.00000", "2013-12-31": "1277.70000", "2012-12-31": "1215.30000"}, "Other Operating Income Or Expenses": {"2019-12-31": "-305.20000", "2018-12-31": "-73.50000", "2017-12-31": "-55.40000", "2016-12-31": "-171.10000", "2015-12-31": "-106.10000", "2014-12-31": "-197.40000", "2013-12-31": "-147.60000", "2012-12-31": "-253.50000"}, "Operating Expenses": {"2019-12-31": "9099.60100", "2018-12-31": "8245.10000", "2017-12-31": "7915.70000", "2016-12-31": "7935.30000", "2015-12-31": "8712.80000", "2014-12-31": "10159.10000", "2013-12-31": "10102.10000", "2012-12-31": "9598.40000"}, "Operating Income": {"2019-12-31": "187.29980", "2018-12-31": "387.40040", "2017-12-31": "338.00050", "2016-12-31": "138.39990", "2015-12-31": "269.00000", "2014-12-31": "214.79980", "2013-12-31": "222.50000", "2012-12-31": "148.69920"}, "Total Non-Operating Income/Expense": {"2019-12-31": "-188.40000", "2018-12-31": "-165.20000", "2017-12-31": "-169.20000", "2016-12-31": "-218.00000", "2015-12-31": "-242.30000", "2014-12-31": "-250.70000", "2013-12-31": "-314.60000", "2012-12-31": "-270.50000"}, "Pre-Tax Income": {"2019-12-31": "-1.10000", "2018-12-31": "222.20000", "2017-12-31": "168.80000", "2016-12-31": "-79.60000", "2015-12-31": "26.70000", "2014-12-31": "-35.90000", "2013-12-31": "-92.10000", "2012-12-31": "-121.80000"}, "Income Taxes": {"2019-12-31": "104.50000", "2018-12-31": "49.90000", "2017-12-31": "49.00000", "2016-12-31": "-11.20000", "2015-12-31": "10.20000", "2014-12-31": "-15.80000", "2013-12-31": "-9.80000", "2012-12-31": "75.60000"}, "Income After Taxes": {"2019-12-31": "-105.60000", "2018-12-31": "172.30000", "2017-12-31": "119.80000", "2016-12-31": "-68.40000", "2015-12-31": "16.50000", "2014-12-31": "-20.10000", "2013-12-31": "-82.30000", "2012-12-31": "-197.40000"}, "Other Income": {"2019-12-31": "", "2018-12-31": "", "2017-12-31": "", "2016-12-31": "", "2015-12-31": "", "2014-12-31": "", "2013-12-31": "", "2012-12-31": ""}, "Income From Continuous Operations": {"2019-12-31": "-105.60000", "2018-12-31": "172.30000", "2017-12-31": "119.80000", "2016-12-31": "-68.40000", "2015-12-31": "16.50000", "2014-12-31": "-20.10000", "2013-12-31": "-82.30000", "2012-12-31": "-197.40000"}, "Income From Discontinued Operations": {"2019-12-31": "5.40000", "2018-12-31": "", "2017-12-31": "", "2016-12-31": "", "2015-12-31": "", "2014-12-31": "", "2013-12-31": "", "2012-12-31": ""}, "Net Income": {"2019-12-31": "-100.20000", "2018-12-31": "172.30000", "2017-12-31": "119.80000", "2016-12-31": "-68.40000", "2015-12-31": "16.50000", "2014-12-31": "-20.10000", "2013-12-31": "-82.30000", "2012-12-31": "-197.40000"}, "EBITDA": {"2019-12-31": "410.99980", "2018-12-31": "577.20040", "2017-12-31": "546.10050", "2016-12-31": "379.69990", "2015-12-31": "494.30000", "2014-12-31": "448.89980", "2013-12-31": "461.70000", "2012-12-31": "357.79920"}, "EBIT": {"2019-12-31": "187.29980", "2018-12-31": "387.40040", "2017-12-31": "338.00050", "2016-12-31": "138.39990", "2015-12-31": "269.00000", "2014-12-31": "214.79980", "2013-12-31": "222.50000", "2012-12-31": "148.69920"}, "Basic Shares Outstanding": {"2019-12-31": "164.10000", "2018-12-31": "141.20000", "2017-12-31": "140.20000", "2016-12-31": "137.80000", "2015-12-31": "119.60000", "2014-12-31": "99.70000", "2013-12-31": "99.30000", "2012-12-31": "98.35600"}, "Shares Outstanding": {"2019-12-31": "164.10000", "2018-12-31": "142.20000", "2017-12-31": "141.40000", "2016-12-31": "137.80000", "2015-12-31": "120.10000", "2014-12-31": "99.70000", "2013-12-31": "99.30000", "2012-12-31": "98.35600"}, "Basic EPS": {"2019-12-31": "-0.61000", "2018-12-31": "1.22000", "2017-12-31": "0.85000", "2016-12-31": "-0.50000", "2015-12-31": "0.14000", "2014-12-31": "-0.20000", "2013-12-31": "-0.83000", "2012-12-31": "-2.01000"}, "EPS - Earnings Per Share": {"2019-12-31": "-0.61000", "2018-12-31": "1.21000", "2017-12-31": "0.85000", "2016-12-31": "-0.50000", "2015-12-31": "0.14000", "2014-12-31": "-0.20000", "2013-12-31": "-0.83000", "2012-12-31": "-2.01000"}}, "income statement, quarterly": {"Revenue": {"2020-09-30": "2009.20000", "2020-06-30": "2009.20000", "2020-03-31": "2211.20000", "2019-12-31": "2155.00000", "2019-09-30": "2387.30000", "2019-06-30": "2584.60000", "2019-03-31": "2160.00000", "2018-12-31": "1971.20000", "2018-09-30": "2130.70000", "2018-06-30": "2372.60000", "2018-03-31": "2158.00000", "2017-12-31": "1959.20000", "2017-09-30": "2048.70000", "2017-06-30": "2247.00000", "2017-03-31": "1998.80000", "2016-12-31": "1812.50000", "2016-09-30": "1999.70000", "2016-06-30": "2262.50000", "2016-03-31": "1999.00000", "2015-12-31": "1966.30000", "2015-09-30": "2206.30000", "2015-06-30": "2510.10000", "2015-03-31": "2299.10000", "2014-12-31": "2387.20000", "2014-09-30": "2608.90000", "2014-06-30": "2861.40000", "2014-03-31": "2516.40000", "2013-12-31": "", "2012-12-31": ""}, "Cost Of Goods Sold": {"2020-09-30": "1513.20000", "2020-06-30": "1520.10000", "2020-03-31": "1678.60000", "2019-12-31": "1632.80000", "2019-09-30": "1842.40000", "2019-06-30": "2007.30000", "2019-03-31": "1663.60000", "2018-12-31": "1526.90000", "2018-09-30": "1662.00000", "2018-06-30": "1872.10000", "2018-03-31": "1671.40000", "2017-12-31": "1514.30000", "2017-09-30": "1593.90000", "2017-06-30": "1780.60000", "2017-03-31": "1559.40000", "2016-12-31": "1399.20000", "2016-09-30": "1561.60000", "2016-06-30": "1817.10000", "2016-03-31": "1568.70000", "2015-12-31": "1546.50000", "2015-09-30": "1755.80000", "2015-06-30": "2042.90000", "2015-03-31": "1837.50000", "2014-12-31": "1922.50000", "2014-09-30": "2115.80000", "2014-06-30": "2360.90000", "2014-03-31": "2044.00000", "2013-12-31": "", "2012-12-31": ""}, "Gross Profit": {"2020-09-30": "496.00000", "2020-06-30": "489.10000", "2020-03-31": "532.60000", "2019-12-31": "522.20030", "2019-09-30": "544.90000", "2019-06-30": "577.30000", "2019-03-31": "496.40000", "2018-12-31": "444.29990", "2018-09-30": "468.70000", "2018-06-30": "500.50010", "2018-03-31": "486.60000", "2017-12-31": "444.89980", "2017-09-30": "454.79990", "2017-06-30": "466.40000", "2017-03-31": "439.40000", "2016-12-31": "413.30000", "2016-09-30": "438.10000", "2016-06-30": "445.40000", "2016-03-31": "430.30000", "2015-12-31": "419.79930", "2015-09-30": "450.50000", "2015-06-30": "467.20010", "2015-03-31": "461.60010", "2014-12-31": "464.70000", "2014-09-30": "493.09990", "2014-06-30": "500.50000", "2014-03-31": "472.39990", "2013-12-31": "", "2012-12-31": ""}, "Research And Development Expenses": {"2020-09-30": "", "2020-06-30": "", "2020-03-31": "", "2019-12-31": "", "2019-09-30": "", "2019-06-30": "", "2019-03-31": "", "2018-12-31": "", "2018-09-30": "", "2018-06-30": "", "2018-03-31": "", "2017-12-31": "", "2017-09-30": "", "2017-06-30": "", "2017-03-31": "", "2016-12-31": "", "2016-09-30": "", "2016-06-30": "", "2016-03-31": "", "2015-12-31": "", "2015-09-30": "", "2015-06-30": "", "2015-03-31": "", "2014-12-31": "0.00000", "2014-09-30": "", "2014-06-30": "", "2014-03-31": "", "2013-12-31": "", "2012-12-31": ""}, "SG&A Expenses": {"2020-09-30": "331.40000", "2020-06-30": "326.20000", "2020-03-31": "371.00000", "2019-12-31": "355.10020", "2019-09-30": "366.00000", "2019-06-30": "376.20000", "2019-03-31": "336.30000", "2018-12-31": "300.30010", "2018-09-30": "311.70000", "2018-06-30": "327.40000", "2018-03-31": "320.30000", "2017-12-31": "298.79990", "2017-09-30": "305.50000", "2017-06-30": "307.90000", "2017-03-31": "299.50000", "2016-12-31": "294.09990", "2016-09-30": "292.20000", "2016-06-30": "297.20000", "2016-03-31": "296.20000", "2015-12-31": "290.20000", "2015-09-30": "294.30000", "2015-06-30": "298.60000", "2015-03-31": "315.90000", "2014-12-31": "458.40000", "2014-09-30": "322.50000", "2014-06-30": "324.10000", "2014-03-31": "326.80000", "2013-12-31": "", "2012-12-31": ""}, "Other Operating Income Or Expenses": {"2020-09-30": "-42.10000", "2020-06-30": "-60.50000", "2020-03-31": "-4.10000", "2019-12-31": "-39.40000", "2019-09-30": "-37.20000", "2019-06-30": "-63.80000", "2019-03-31": "-164.80000", "2018-12-31": "-36.50000", "2018-09-30": "-12.40000", "2018-06-30": "-11.00000", "2018-03-31": "-13.60000", "2017-12-31": "0.40000", "2017-09-30": "-11.80000", "2017-06-30": "-24.20000", "2017-03-31": "-19.80000", "2016-12-31": "-8.10000", "2016-09-30": "-146.00000", "2016-06-30": "-11.50000", "2016-03-31": "-5.50000", "2015-12-31": "-48.80000", "2015-09-30": "-10.20000", "2015-06-30": "-39.00000", "2015-03-31": "-8.10000", "2014-12-31": "-142.80000", "2014-09-30": "-7.30000", "2014-06-30": "-25.60000", "2014-03-31": "-21.70000", "2013-12-31": "", "2012-12-31": ""}, "Operating Expenses": {"2020-09-30": "1943.00000", "2020-06-30": "1962.00000", "2020-03-31": "2111.20000", "2019-12-31": "2082.40100", "2019-09-30": "2299.30000", "2019-06-30": "2505.60000", "2019-03-31": "2212.30000", "2018-12-31": "1908.69900", "2018-09-30": "2031.10000", "2018-06-30": "2255.20000", "2018-03-31": "2050.10000", "2017-12-31": "1860.60000", "2017-09-30": "1960.50000", "2017-06-30": "2163.30000", "2017-03-31": "1931.30000", "2016-12-31": "1757.60100", "2016-09-30": "2064.70000", "2016-06-30": "2187.10000", "2016-03-31": "1925.90000", "2015-12-31": "1940.19900", "2015-09-30": "2116.60000", "2015-06-30": "2440.60000", "2015-03-31": "2215.40000", "2014-12-31": "2443.60000", "2014-09-30": "2503.40000", "2014-06-30": "2765.30000", "2014-03-31": "2446.80000", "2013-12-31": "", "2012-12-31": ""}, "Operating Income": {"2020-09-30": "66.20000", "2020-06-30": "47.20000", "2020-03-31": "99.99980", "2019-12-31": "72.59990", "2019-09-30": "88.00000", "2019-06-30": "79.00000", "2019-03-31": "-52.30010", "2018-12-31": "62.50020", "2018-09-30": "99.60000", "2018-06-30": "117.40010", "2018-03-31": "107.89990", "2017-12-31": "98.60010", "2017-09-30": "88.19980", "2017-06-30": "83.70020", "2017-03-31": "67.50000", "2016-12-31": "54.89940", "2016-09-30": "-65.00000", "2016-06-30": "75.39990", "2016-03-31": "73.10010", "2015-12-31": "26.10030", "2015-09-30": "89.70000", "2015-06-30": "69.50000", "2015-03-31": "83.70000", "2014-12-31": "-56.39990", "2014-09-30": "105.49980", "2014-06-30": "96.09990", "2014-03-31": "69.59990", "2013-12-31": "", "2012-12-31": ""}, "Total Non-Operating Income/Expense": {"2020-09-30": "-34.60000", "2020-06-30": "-33.80000", "2020-03-31": "-44.40000", "2019-12-31": "-61.60000", "2019-09-30": "-42.30000", "2019-06-30": "-43.50000", "2019-03-31": "-41.00000", "2018-12-31": "-69.10000", "2018-09-30": "-29.70000", "2018-06-30": "-34.10000", "2018-03-31": "-32.30000", "2017-12-31": "-38.00000", "2017-09-30": "-42.80000", "2017-06-30": "-45.10000", "2017-03-31": "-43.30000", "2016-12-31": "-86.70000", "2016-09-30": "-42.60000", "2016-06-30": "-34.70000", "2016-03-31": "-54.00000", "2015-12-31": "-33.40000", "2015-09-30": "-70.00000", "2015-06-30": "-82.50000", "2015-03-31": "-56.40000", "2014-12-31": "-59.42000", "2014-09-30": "-57.50000", "2014-06-30": "-66.80000", "2014-03-31": "-67.00000", "2013-12-31": "", "2012-12-31": ""}, "Pre-Tax Income": {"2020-09-30": "31.60000", "2020-06-30": "13.40000", "2020-03-31": "55.60000", "2019-12-31": "11.00000", "2019-09-30": "45.70000", "2019-06-30": "35.50000", "2019-03-31": "-93.30000", "2018-12-31": "-6.60000", "2018-09-30": "69.90000", "2018-06-30": "83.30000", "2018-03-31": "75.60000", "2017-12-31": "60.60000", "2017-09-30": "45.40000", "2017-06-30": "38.60000", "2017-03-31": "24.20000", "2016-12-31": "-31.80000", "2016-09-30": "-107.60000", "2016-06-30": "40.70000", "2016-03-31": "19.10000", "2015-12-31": "-7.30000", "2015-09-30": "19.70000", "2015-06-30": "-13.00000", "2015-03-31": "27.30000", "2014-12-31": "-115.80000", "2014-09-30": "48.00000", "2014-06-30": "29.30000", "2014-03-31": "2.60000", "2013-12-31": "", "2012-12-31": ""}, "Income Taxes": {"2020-09-30": "2.70000", "2020-06-30": "11.60000", "2020-03-31": "-0.30000", "2019-12-31": "66.10000", "2019-09-30": "43.20000", "2019-06-30": "18.50000", "2019-03-31": "-23.30000", "2018-12-31": "-7.80000", "2018-09-30": "20.30000", "2018-06-30": "27.20000", "2018-03-31": "10.20000", "2017-12-31": "33.60000", "2017-09-30": "6.50000", "2017-06-30": "7.30000", "2017-03-31": "1.60000", "2016-12-31": "27.40000", "2016-09-30": "-44.60000", "2016-06-30": "0.90000", "2016-03-31": "5.10000", "2015-12-31": "-4.40000", "2015-09-30": "7.60000", "2015-06-30": "-0.60000", "2015-03-31": "7.60000", "2014-12-31": "-33.20000", "2014-09-30": "2.20000", "2014-06-30": "9.80000", "2014-03-31": "5.40000", "2013-12-31": "", "2012-12-31": ""}, "Income After Taxes": {"2020-09-30": "28.90000", "2020-06-30": "1.80000", "2020-03-31": "55.90000", "2019-12-31": "-55.10000", "2019-09-30": "2.50000", "2019-06-30": "17.00000", "2019-03-31": "-70.00000", "2018-12-31": "1.20000", "2018-09-30": "49.60000", "2018-06-30": "56.10000", "2018-03-31": "65.40000", "2017-12-31": "27.00000", "2017-09-30": "38.90000", "2017-06-30": "31.30000", "2017-03-31": "22.60000", "2016-12-31": "-59.20000", "2016-09-30": "-63.00000", "2016-06-30": "39.80000", "2016-03-31": "14.00000", "2015-12-31": "-2.90000", "2015-09-30": "12.10000", "2015-06-30": "-12.40000", "2015-03-31": "19.70000", "2014-12-31": "-82.60000", "2014-09-30": "45.80000", "2014-06-30": "19.50000", "2014-03-31": "-2.80000", "2013-12-31": "", "2012-12-31": ""}, "Other Income": {"2020-09-30": "", "2020-06-30": "", "2020-03-31": "", "2019-12-31": "", "2019-09-30": "", "2019-06-30": "", "2019-03-31": "", "2018-12-31": "", "2018-09-30": "", "2018-06-30": "", "2018-03-31": "", "2017-12-31": "", "2017-09-30": "", "2017-06-30": "", "2017-03-31": "", "2016-12-31": "", "2016-09-30": "", "2016-06-30": "", "2016-03-31": "", "2015-12-31": "", "2015-09-30": "", "2015-06-30": "", "2015-03-31": "", "2014-12-31": "0.00000", "2014-09-30": "", "2014-06-30": "", "2014-03-31": "", "2013-12-31": "", "2012-12-31": ""}, "Income From Continuous Operations": {"2020-09-30": "28.90000", "2020-06-30": "1.80000", "2020-03-31": "55.90000", "2019-12-31": "-55.10000", "2019-09-30": "2.50000", "2019-06-30": "17.00000", "2019-03-31": "-70.00000", "2018-12-31": "1.20000", "2018-09-30": "49.60000", "2018-06-30": "56.10000", "2018-03-31": "65.40000", "2017-12-31": "27.00000", "2017-09-30": "38.90000", "2017-06-30": "31.30000", "2017-03-31": "22.60000", "2016-12-31": "-59.20000", "2016-09-30": "-63.00000", "2016-06-30": "39.80000", "2016-03-31": "14.00000", "2015-12-31": "-2.90000", "2015-09-30": "12.10000", "2015-06-30": "-12.40000", "2015-03-31": "19.70000", "2014-12-31": "-82.60000", "2014-09-30": "45.80000", "2014-06-30": "19.50000", "2014-03-31": "-2.80000", "2013-12-31": "", "2012-12-31": ""}, "Income From Discontinued Operations": {"2020-09-30": "", "2020-06-30": "", "2020-03-31": "0.00000", "2019-12-31": "", "2019-09-30": "", "2019-06-30": "-0.70000", "2019-03-31": "6.10000", "2018-12-31": "", "2018-09-30": "", "2018-06-30": "", "2018-03-31": "", "2017-12-31": "", "2017-09-30": "", "2017-06-30": "", "2017-03-31": "", "2016-12-31": "", "2016-09-30": "", "2016-06-30": "", "2016-03-31": "", "2015-12-31": "", "2015-09-30": "", "2015-06-30": "", "2015-03-31": "", "2014-12-31": "0.00000", "2014-09-30": "", "2014-06-30": "", "2014-03-31": "", "2013-12-31": "", "2012-12-31": ""}, "Net Income": {"2020-09-30": "28.90000", "2020-06-30": "1.80000", "2020-03-31": "55.90000", "2019-12-31": "-55.10000", "2019-09-30": "2.50000", "2019-06-30": "16.30000", "2019-03-31": "-63.90000", "2018-12-31": "1.20000", "2018-09-30": "49.60000", "2018-06-30": "56.10000", "2018-03-31": "65.40000", "2017-12-31": "27.00000", "2017-09-30": "38.90000", "2017-06-30": "31.30000", "2017-03-31": "22.60000", "2016-12-31": "-59.20000", "2016-09-30": "-63.00000", "2016-06-30": "39.80000", "2016-03-31": "14.00000", "2015-12-31": "-2.90000", "2015-09-30": "12.10000", "2015-06-30": "-12.40000", "2015-03-31": "19.70000", "2014-12-31": "-82.60000", "2014-09-30": "45.80000", "2014-06-30": "19.50000", "2014-03-31": "-2.80000", "2013-12-31": "", "2012-12-31": ""}, "EBITDA": {"2020-09-30": "123.90000", "2020-06-30": "104.20000", "2020-03-31": "159.09980", "2019-12-31": "129.59980", "2019-09-30": "143.90000", "2019-06-30": "140.40000", "2019-03-31": "-2.90010", "2018-12-31": "111.90030", "2018-09-30": "146.50000", "2018-06-30": "164.10010", "2018-03-31": "154.69990", "2017-12-31": "148.50010", "2017-09-30": "139.39980", "2017-06-30": "136.10020", "2017-03-31": "122.10000", "2016-12-31": "112.99940", "2016-09-30": "1.90000", "2016-06-30": "137.19990", "2016-03-31": "127.60010", "2015-12-31": "79.90030", "2015-09-30": "145.20000", "2015-06-30": "130.40000", "2015-03-31": "138.80000", "2014-12-31": "7.50010", "2014-09-30": "164.49980", "2014-06-30": "151.99980", "2014-03-31": "124.89990", "2013-12-31": "", "2012-12-31": ""}, "EBIT": {"2020-09-30": "66.20000", "2020-06-30": "47.20000", "2020-03-31": "99.99980", "2019-12-31": "72.59990", "2019-09-30": "88.00000", "2019-06-30": "79.00000", "2019-03-31": "-52.30010", "2018-12-31": "62.50040", "2018-09-30": "99.60000", "2018-06-30": "117.40010", "2018-03-31": "107.89990", "2017-12-31": "98.60050", "2017-09-30": "88.19980", "2017-06-30": "83.70020", "2017-03-31": "67.50000", "2016-12-31": "54.89990", "2016-09-30": "-65.00000", "2016-06-30": "75.39990", "2016-03-31": "73.10010", "2015-12-31": "26.10010", "2015-09-30": "89.70000", "2015-06-30": "69.50000", "2015-03-31": "83.70000", "2014-12-31": "-56.39990", "2014-09-30": "105.49980", "2014-06-30": "96.09990", "2014-03-31": "69.59990", "2013-12-31": "", "2012-12-31": ""}, "Basic Shares Outstanding": {"2020-09-30": "169.00000", "2020-06-30": "168.90000", "2020-03-31": "168.80000", "2019-12-31": "164.10000", "2019-09-30": "168.60000", "2019-06-30": "169.80000", "2019-03-31": "149.20000", "2018-12-31": "141.20000", "2018-09-30": "141.20000", "2018-06-30": "141.10000", "2018-03-31": "140.90000", "2017-12-31": "140.20000", "2017-09-30": "140.40000", "2017-06-30": "140.10000", "2017-03-31": "139.40000", "2016-12-31": "137.80000", "2016-09-30": "137.70000", "2016-06-30": "137.60000", "2016-03-31": "137.60000", "2015-12-31": "119.60000", "2015-09-30": "137.60000", "2015-06-30": "102.80000", "2015-03-31": "99.90000", "2014-12-31": "99.80000", "2014-09-30": "99.74000", "2014-06-30": "99.71300", "2014-03-31": "99.64600", "2013-12-31": "", "2012-12-31": ""}, "Shares Outstanding": {"2020-09-30": "169.80000", "2020-06-30": "169.60000", "2020-03-31": "169.70000", "2019-12-31": "164.10000", "2019-09-30": "169.50000", "2019-06-30": "170.70000", "2019-03-31": "149.20000", "2018-12-31": "142.20000", "2018-09-30": "142.30000", "2018-06-30": "142.00000", "2018-03-31": "142.00000", "2017-12-31": "141.40000", "2017-09-30": "141.40000", "2017-06-30": "141.30000", "2017-03-31": "140.80000", "2016-12-31": "137.80000", "2016-09-30": "137.70000", "2016-06-30": "138.10000", "2016-03-31": "137.80000", "2015-12-31": "120.10000", "2015-09-30": "138.40000", "2015-06-30": "102.80000", "2015-03-31": "100.40000", "2014-12-31": "99.80000", "2014-09-30": "100.54800", "2014-06-30": "100.36300", "2014-03-31": "99.64600", "2013-12-31": "", "2012-12-31": ""}, "Basic EPS": {"2020-09-30": "0.17000", "2020-06-30": "0.01000", "2020-03-31": "0.33000", "2019-12-31": "-0.29000", "2019-09-30": "0.01000", "2019-06-30": "0.10000", "2019-03-31": "-0.43000", "2018-12-31": "0.01000", "2018-09-30": "0.35000", "2018-06-30": "0.40000", "2018-03-31": "0.46000", "2017-12-31": "0.19000", "2017-09-30": "0.28000", "2017-06-30": "0.22000", "2017-03-31": "0.16000", "2016-12-31": "-0.43000", "2016-09-30": "-0.46000", "2016-06-30": "0.29000", "2016-03-31": "0.10000", "2015-12-31": "-0.03000", "2015-09-30": "0.09000", "2015-06-30": "-0.12000", "2015-03-31": "0.20000", "2014-12-31": "-0.83000", "2014-09-30": "0.46000", "2014-06-30": "0.20000", "2014-03-31": "-0.03000", "2013-12-31": "", "2012-12-31": ""}, "EPS - Earnings Per Share": {"2020-09-30": "0.17000", "2020-06-30": "0.01000", "2020-03-31": "0.33000", "2019-12-31": "-0.29000", "2019-09-30": "0.01000", "2019-06-30": "0.10000", "2019-03-31": "-0.43000", "2018-12-31": "0.00000", "2018-09-30": "0.35000", "2018-06-30": "0.40000", "2018-03-31": "0.46000", "2017-12-31": "0.19000", "2017-09-30": "0.28000", "2017-06-30": "0.22000", "2017-03-31": "0.16000", "2016-12-31": "-0.43000", "2016-09-30": "-0.46000", "2016-06-30": "0.29000", "2016-03-31": "0.10000", "2015-12-31": "-0.03000", "2015-09-30": "0.09000", "2015-06-30": "-0.12000", "2015-03-31": "0.20000", "2014-12-31": "-0.83000", "2014-09-30": "0.46000", "2014-06-30": "0.20000", "2014-03-31": "-0.03000", "2013-12-31": "0.00000", "2012-12-31": "0.00000"}}, "balance sheet": {"Cash On Hand": {"2019-12-31": "330.30000", "2018-12-31": "121.60000", "2017-12-31": "467.00000", "2016-12-31": "336.40000", "2015-12-31": "188.10000", "2014-12-31": "206.00000", "2013-12-31": "180.40000", "2012-12-31": ""}, "Receivables": {"2019-12-31": "1160.10000", "2018-12-31": "1094.70000", "2017-12-31": "1062.40000", "2016-12-31": "950.30000", "2015-12-31": "1026.20000", "2014-12-31": "1277.50000", "2013-12-31": "1277.00000", "2012-12-31": ""}, "Inventory": {"2019-12-31": "796.00000", "2018-12-31": "803.30000", "2017-12-31": "839.50000", "2016-12-31": "756.60000", "2015-12-31": "803.40000", "2014-12-31": "942.70000", "2013-12-31": "893.50000", "2012-12-31": ""}, "Pre-Paid Expenses": {"2019-12-31": "167.20000", "2018-12-31": "169.10000", "2017-12-31": "149.60000", "2016-12-31": "134.80000", "2015-12-31": "178.60000", "2014-12-31": "158.50000", "2013-12-31": "159.50000", "2012-12-31": ""}, "Other Current Assets": {"2019-12-31": "", "2018-12-31": "", "2017-12-31": "", "2016-12-31": "", "2015-12-31": "", "2014-12-31": "", "2013-12-31": "", "2012-12-31": ""}, "Total Current Assets": {"2019-12-31": "2453.60000", "2018-12-31": "2188.70000", "2017-12-31": "2518.50000", "2016-12-31": "2178.10000", "2015-12-31": "2196.30000", "2014-12-31": "2621.80000", "2013-12-31": "2549.90000", "2012-12-31": ""}, "Property, Plant, And Equipment": {"2019-12-31": "1152.40000", "2018-12-31": "955.80000", "2017-12-31": "1003.00000", "2016-12-31": "1019.50000", "2015-12-31": "1082.50000", "2014-12-31": "1032.30000", "2013-12-31": "1097.10000", "2012-12-31": ""}, "Long-Term Investments": {"2019-12-31": "", "2018-12-31": "", "2017-12-31": "", "2016-12-31": "", "2015-12-31": "", "2014-12-31": "", "2013-12-31": "", "2012-12-31": ""}, "Goodwill And Intangible Assets": {"2019-12-31": "2601.00000", "2018-12-31": "2018.80000", "2017-12-31": "2106.10000", "2016-12-31": "2123.60000", "2015-12-31": "2264.00000", "2014-12-31": "2342.50000", "2013-12-31": "2470.50000", "2012-12-31": "0.00000"}, "Other Long-Term Assets": {"2019-12-31": "266.50000", "2018-12-31": "84.30000", "2017-12-31": "82.30000", "2016-12-31": "50.50000", "2015-12-31": "66.10000", "2014-12-31": "55.60000", "2013-12-31": "80.20000", "2012-12-31": ""}, "Total Long-Term Assets": {"2019-12-31": "4041.20000", "2018-12-31": "3083.70000", "2017-12-31": "3214.20000", "2016-12-31": "3211.80000", "2015-12-31": "3416.10000", "2014-12-31": "3445.90000", "2013-12-31": "3667.10000", "2012-12-31": ""}, "Total Assets": {"2019-12-31": "6494.80000", "2018-12-31": "5272.40000", "2017-12-31": "5732.70000", "2016-12-31": "5389.90000", "2015-12-31": "5612.40000", "2014-12-31": "6067.70000", "2013-12-31": "6217.00000", "2012-12-31": "0.00000"}, "Total Current Liabilities": {"2019-12-31": "1449.40000", "2018-12-31": "1334.60000", "2017-12-31": "1419.40000", "2016-12-31": "1339.50000", "2015-12-31": "1293.50000", "2014-12-31": "1518.90000", "2013-12-31": "1590.90000", "2012-12-31": ""}, "Long Term Debt": {"2019-12-31": "2688.80000", "2018-12-31": "2350.40000", "2017-12-31": "2820.00000", "2016-12-31": "2845.00000", "2015-12-31": "3057.40000", "2014-12-31": "3730.60000", "2013-12-31": "3657.10000", "2012-12-31": ""}, "Other Non-Current Liabilities": {"2019-12-31": "271.90000", "2018-12-31": "98.40000", "2017-12-31": "110.70000", "2016-12-31": "109.70000", "2015-12-31": "135.00000", "2014-12-31": "145.90000", "2013-12-31": "184.30000", "2012-12-31": ""}, "Total Long Term Liabilities": {"2019-12-31": "3312.60000", "2018-12-31": "2746.10000", "2017-12-31": "3223.20000", "2016-12-31": "3240.50000", "2015-12-31": "3502.20000", "2014-12-31": "4300.70000", "2013-12-31": "4244.80000", "2012-12-31": ""}, "Total Liabilities": {"2019-12-31": "4762.00000", "2018-12-31": "4080.70000", "2017-12-31": "4642.60000", "2016-12-31": "4580.00000", "2015-12-31": "4795.70000", "2014-12-31": "5819.60000", "2013-12-31": "5835.70000", "2012-12-31": "0.00000"}, "Common Stock Net": {"2019-12-31": "1.70000", "2018-12-31": "1.40000", "2017-12-31": "1.40000", "2016-12-31": "1.40000", "2015-12-31": "1.40000", "2014-12-31": "", "2013-12-31": "", "2012-12-31": "0.00000"}, "Retained Earnings (Accumulated Deficit)": {"2019-12-31": "-858.50000", "2018-12-31": "-761.50000", "2017-12-31": "-934.10000", "2016-12-31": "-1053.40000", "2015-12-31": "-985.00000", "2014-12-31": "-1001.30000", "2013-12-31": "-981.00000", "2012-12-31": ""}, "Comprehensive Income": {"2019-12-31": "-379.30000", "2018-12-31": "-373.20000", "2017-12-31": "-278.50000", "2016-12-31": "-389.90000", "2015-12-31": "-424.40000", "2014-12-31": "-208.20000", "2013-12-31": "-81.70000", "2012-12-31": ""}, "Other Share Holders Equity": {"2019-12-31": "", "2018-12-31": "", "2017-12-31": "", "2016-12-31": "", "2015-12-31": "", "2014-12-31": "", "2013-12-31": "", "2012-12-31": "0.00000"}, "Share Holder Equity": {"2019-12-31": "1732.80000", "2018-12-31": "1191.70000", "2017-12-31": "1090.10000", "2016-12-31": "809.90000", "2015-12-31": "816.70000", "2014-12-31": "248.10000", "2013-12-31": "381.30000", "2012-12-31": "0.00000"}, "Total Liabilities And Share Holders Equity": {"2019-12-31": "6494.80000", "2018-12-31": "5272.40000", "2017-12-31": "5732.70000", "2016-12-31": "5389.90000", "2015-12-31": "5612.40000", "2014-12-31": "6067.70000", "2013-12-31": "6217.00000", "2012-12-31": "0.00000"}}, "balance sheet, quarterly": {"Cash On Hand": {"2020-09-30": "273.70000", "2020-06-30": "547.40000", "2020-03-31": "379.70000", "2019-12-31": "330.30000", "2019-09-30": "134.60000", "2019-06-30": "109.50000", "2019-03-31": "788.00000", "2018-12-31": "121.60000", "2018-09-30": "85.90000", "2018-06-30": "128.60000", "2018-03-31": "115.90000", "2017-12-31": "467.00000", "2017-09-30": "293.90000", "2017-06-30": "321.80000", "2017-03-31": "300.60000", "2016-12-31": "336.40000", "2016-09-30": "267.10000", "2016-06-30": "223.80000", "2016-03-31": "222.10000", "2015-12-31": "188.10000", "2015-09-30": "187.40000", "2015-06-30": "197.00000", "2015-03-31": "181.40000", "2014-12-31": "206.00000", "2014-09-30": "", "2014-06-30": "", "2014-03-31": "", "2013-12-31": "180.40000", "2012-12-31": ""}, "Receivables": {"2020-09-30": "1276.80000", "2020-06-30": "1250.60000", "2020-03-31": "1383.80000", "2019-12-31": "1160.10000", "2019-09-30": "1375.70000", "2019-06-30": "1544.40000", "2019-03-31": "1466.50000", "2018-12-31": "1094.70000", "2018-09-30": "1261.00000", "2018-06-30": "1369.20000", "2018-03-31": "1288.50000", "2017-12-31": "1062.40000", "2017-09-30": "1205.30000", "2017-06-30": "1313.50000", "2017-03-31": "1102.10000", "2016-12-31": "950.30000", "2016-09-30": "1127.60000", "2016-06-30": "1325.00000", "2016-03-31": "1140.20000", "2015-12-31": "1026.20000", "2015-09-30": "1243.40000", "2015-06-30": "1407.60000", "2015-03-31": "1242.50000", "2014-12-31": "1277.50000", "2014-09-30": "", "2014-06-30": "", "2014-03-31": "", "2013-12-31": "1277.00000", "2012-12-31": ""}, "Inventory": {"2020-09-30": "696.30000", "2020-06-30": "755.10000", "2020-03-31": "817.20000", "2019-12-31": "796.00000", "2019-09-30": "872.90000", "2019-06-30": "938.00000", "2019-03-31": "996.60000", "2018-12-31": "803.30000", "2018-09-30": "843.60000", "2018-06-30": "880.30000", "2018-03-31": "921.90000", "2017-12-31": "839.50000", "2017-09-30": "792.30000", "2017-06-30": "817.30000", "2017-03-31": "829.90000", "2016-12-31": "756.60000", "2016-09-30": "753.60000", "2016-06-30": "801.70000", "2016-03-31": "922.30000", "2015-12-31": "803.40000", "2015-09-30": "859.80000", "2015-06-30": "902.80000", "2015-03-31": "945.40000", "2014-12-31": "942.70000", "2014-09-30": "", "2014-06-30": "", "2014-03-31": "", "2013-12-31": "893.50000", "2012-12-31": ""}, "Pre-Paid Expenses": {"2020-09-30": "171.80000", "2020-06-30": "175.00000", "2020-03-31": "206.60000", "2019-12-31": "167.20000", "2019-09-30": "193.10000", "2019-06-30": "214.30000", "2019-03-31": "195.90000", "2018-12-31": "169.10000", "2018-09-30": "164.80000", "2018-06-30": "179.90000", "2018-03-31": "174.60000", "2017-12-31": "149.60000", "2017-09-30": "155.90000", "2017-06-30": "151.60000", "2017-03-31": "155.80000", "2016-12-31": "134.80000", "2016-09-30": "152.30000", "2016-06-30": "153.20000", "2016-03-31": "162.20000", "2015-12-31": "178.60000", "2015-09-30": "147.60000", "2015-06-30": "154.10000", "2015-03-31": "167.10000", "2014-12-31": "158.50000", "2014-09-30": "", "2014-06-30": "", "2014-03-31": "", "2013-12-31": "", "2012-12-31": ""}, "Other Current Assets": {"2020-09-30": "", "2020-06-30": "", "2020-03-31": "", "2019-12-31": "", "2019-09-30": "", "2019-06-30": "", "2019-03-31": "", "2018-12-31": "", "2018-09-30": "", "2018-06-30": "", "2018-03-31": "", "2017-12-31": "", "2017-09-30": "", "2017-06-30": "", "2017-03-31": "", "2016-12-31": "", "2016-09-30": "", "2016-06-30": "", "2016-03-31": "", "2015-12-31": "", "2015-09-30": "", "2015-06-30": "", "2015-03-31": "", "2014-12-31": "", "2014-09-30": "", "2014-06-30": "", "2014-03-31": "", "2013-12-31": "199.00000", "2012-12-31": ""}, "Total Current Assets": {"2020-09-30": "2418.60000", "2020-06-30": "2728.10000", "2020-03-31": "2787.30000", "2019-12-31": "2453.60000", "2019-09-30": "2576.30000", "2019-06-30": "2806.20000", "2019-03-31": "3447.00000", "2018-12-31": "2188.70000", "2018-09-30": "2355.30000", "2018-06-30": "2558.00000", "2018-03-31": "2500.90000", "2017-12-31": "2518.50000", "2017-09-30": "2447.40000", "2017-06-30": "2604.20000", "2017-03-31": "2388.40000", "2016-12-31": "2178.10000", "2016-09-30": "2300.60000", "2016-06-30": "2503.70000", "2016-03-31": "2446.80000", "2015-12-31": "2196.30000", "2015-09-30": "2471.30000", "2015-06-30": "2713.90000", "2015-03-31": "2578.50000", "2014-12-31": "2621.80000", "2014-09-30": "", "2014-06-30": "", "2014-03-31": "", "2013-12-31": "2549.90000", "2012-12-31": ""}, "Property, Plant, And Equipment": {"2020-09-30": "1085.20000", "2020-06-30": "1101.50000", "2020-03-31": "1120.70000", "2019-12-31": "1152.40000", "2019-09-30": "1161.10000", "2019-06-30": "1153.50000", "2019-03-31": "1168.20000", "2018-12-31": "955.80000", "2018-09-30": "960.70000", "2018-06-30": "964.20000", "2018-03-31": "983.80000", "2017-12-31": "1003.00000", "2017-09-30": "1019.10000", "2017-06-30": "1008.80000", "2017-03-31": "1011.20000", "2016-12-31": "1019.50000", "2016-09-30": "1030.60000", "2016-06-30": "1069.70000", "2016-03-31": "1093.00000", "2015-12-31": "1082.50000", "2015-09-30": "1035.80000", "2015-06-30": "1032.40000", "2015-03-31": "1012.70000", "2014-12-31": "1032.30000", "2014-09-30": "", "2014-06-30": "", "2014-03-31": "", "2013-12-31": "", "2012-12-31": ""}, "Long-Term Investments": {"2020-09-30": "", "2020-06-30": "", "2020-03-31": "", "2019-12-31": "", "2019-09-30": "", "2019-06-30": "", "2019-03-31": "", "2018-12-31": "", "2018-09-30": "", "2018-06-30": "", "2018-03-31": "", "2017-12-31": "", "2017-09-30": "", "2017-06-30": "", "2017-03-31": "", "2016-12-31": "", "2016-09-30": "", "2016-06-30": "", "2016-03-31": "", "2015-12-31": "", "2015-09-30": "", "2015-06-30": "", "2015-03-31": "", "2014-12-31": "", "2014-09-30": "", "2014-06-30": "", "2014-03-31": "", "2013-12-31": "", "2012-12-31": ""}, "Goodwill And Intangible Assets": {"2020-09-30": "2530.60000", "2020-06-30": "2539.20000", "2020-03-31": "2550.70000", "2019-12-31": "2601.00000", "2019-09-30": "2757.70000", "2019-06-30": "2869.00000", "2019-03-31": "2870.60000", "2018-12-31": "2018.80000", "2018-09-30": "2061.30000", "2018-06-30": "2067.30000", "2018-03-31": "2088.20000", "2017-12-31": "2106.10000", "2017-09-30": "2134.10000", "2017-06-30": "2113.20000", "2017-03-31": "2114.40000", "2016-12-31": "2123.60000", "2016-09-30": "2157.70000", "2016-06-30": "2303.30000", "2016-03-31": "2320.50000", "2015-12-31": "2264.00000", "2015-09-30": "2229.20000", "2015-06-30": "2263.70000", "2015-03-31": "2260.10000", "2014-12-31": "2342.50000", "2014-09-30": "0.00000", "2014-06-30": "0.00000", "2014-03-31": "0.00000", "2013-12-31": "2470.50000", "2012-12-31": "0.00000"}, "Other Long-Term Assets": {"2020-09-30": "252.00000", "2020-06-30": "258.80000", "2020-03-31": "261.10000", "2019-12-31": "266.50000", "2019-09-30": "267.60000", "2019-06-30": "277.10000", "2019-03-31": "277.60000", "2018-12-31": "84.30000", "2018-09-30": "99.10000", "2018-06-30": "95.90000", "2018-03-31": "91.10000", "2017-12-31": "82.30000", "2017-09-30": "66.70000", "2017-06-30": "56.70000", "2017-03-31": "52.90000", "2016-12-31": "50.50000", "2016-09-30": "79.90000", "2016-06-30": "74.40000", "2016-03-31": "70.40000", "2015-12-31": "66.10000", "2015-09-30": "76.40000", "2015-06-30": "61.70000", "2015-03-31": "53.80000", "2014-12-31": "55.60000", "2014-09-30": "", "2014-06-30": "", "2014-03-31": "", "2013-12-31": "80.20000", "2012-12-31": ""}, "Total Long-Term Assets": {"2020-09-30": "3888.70000", "2020-06-30": "3921.10000", "2020-03-31": "3951.70000", "2019-12-31": "4041.20000", "2019-09-30": "4208.40000", "2019-06-30": "4324.90000", "2019-03-31": "4340.80000", "2018-12-31": "3083.70000", "2018-09-30": "3141.80000", "2018-06-30": "3151.10000", "2018-03-31": "3193.40000", "2017-12-31": "3214.20000", "2017-09-30": "3242.70000", "2017-06-30": "3202.70000", "2017-03-31": "3207.60000", "2016-12-31": "3211.80000", "2016-09-30": "3296.30000", "2016-06-30": "3450.70000", "2016-03-31": "3488.60000", "2015-12-31": "3416.10000", "2015-09-30": "3348.80000", "2015-06-30": "3367.80000", "2015-03-31": "3337.80000", "2014-12-31": "3445.90000", "2014-09-30": "", "2014-06-30": "", "2014-03-31": "", "2013-12-31": "2570.00000", "2012-12-31": ""}, "Total Assets": {"2020-09-30": "6307.30000", "2020-06-30": "6649.20000", "2020-03-31": "6739.00000", "2019-12-31": "6494.80000", "2019-09-30": "6784.70000", "2019-06-30": "7131.10000", "2019-03-31": "7787.80000", "2018-12-31": "5272.40000", "2018-09-30": "5497.10000", "2018-06-30": "5709.10000", "2018-03-31": "5694.30000", "2017-12-31": "5732.70000", "2017-09-30": "5690.10000", "2017-06-30": "5806.90000", "2017-03-31": "5596.00000", "2016-12-31": "5389.90000", "2016-09-30": "5596.90000", "2016-06-30": "5954.40000", "2016-03-31": "5935.40000", "2015-12-31": "5612.40000", "2015-09-30": "5820.10000", "2015-06-30": "6081.70000", "2015-03-31": "5916.30000", "2014-12-31": "6067.70000", "2014-09-30": "0.00000", "2014-06-30": "0.00000", "2014-03-31": "0.00000", "2013-12-31": "6217.00000", "2012-12-31": "0.00000"}, "Total Current Liabilities": {"2020-09-30": "1269.70000", "2020-06-30": "1440.40000", "2020-03-31": "1590.90000", "2019-12-31": "1449.40000", "2019-09-30": "1445.70000", "2019-06-30": "1599.90000", "2019-03-31": "1687.90000", "2018-12-31": "1334.60000", "2018-09-30": "1329.80000", "2018-06-30": "1553.50000", "2018-03-31": "1446.00000", "2017-12-31": "1419.40000", "2017-09-30": "1366.00000", "2017-06-30": "1561.00000", "2017-03-31": "1420.90000", "2016-12-31": "1339.50000", "2016-09-30": "1336.00000", "2016-06-30": "1540.00000", "2016-03-31": "1497.00000", "2015-12-31": "1293.50000", "2015-09-30": "1390.50000", "2015-06-30": "1612.10000", "2015-03-31": "1543.70000", "2014-12-31": "1518.90000", "2014-09-30": "", "2014-06-30": "", "2014-03-31": "", "2013-12-31": "1590.90000", "2012-12-31": ""}, "Long Term Debt": {"2020-09-30": "2660.40000", "2020-06-30": "2902.10000", "2020-03-31": "2860.80000", "2019-12-31": "2688.80000", "2019-09-30": "2977.10000", "2019-06-30": "3117.10000", "2019-03-31": "3694.00000", "2018-12-31": "2350.40000", "2018-09-30": "2543.70000", "2018-06-30": "2590.10000", "2018-03-31": "2683.50000", "2017-12-31": "2820.00000", "2017-09-30": "2872.60000", "2017-06-30": "2895.50000", "2017-03-31": "2905.70000", "2016-12-31": "2845.00000", "2016-09-30": "2993.60000", "2016-06-30": "3039.40000", "2016-03-31": "3101.80000", "2015-12-31": "3057.40000", "2015-09-30": "3080.90000", "2015-06-30": "3006.20000", "2015-03-31": "3681.90000", "2014-12-31": "3730.60000", "2014-09-30": "", "2014-06-30": "", "2014-03-31": "", "2013-12-31": "3657.10000", "2012-12-31": ""}, "Other Non-Current Liabilities": {"2020-09-30": "285.00000", "2020-06-30": "265.50000", "2020-03-31": "263.70000", "2019-12-31": "271.90000", "2019-09-30": "261.20000", "2019-06-30": "270.10000", "2019-03-31": "258.00000", "2018-12-31": "98.40000", "2018-09-30": "103.40000", "2018-06-30": "98.80000", "2018-03-31": "100.80000", "2017-12-31": "110.70000", "2017-09-30": "107.40000", "2017-06-30": "106.90000", "2017-03-31": "102.60000", "2016-12-31": "109.70000", "2016-09-30": "133.20000", "2016-06-30": "133.00000", "2016-03-31": "131.90000", "2015-12-31": "135.00000", "2015-09-30": "135.50000", "2015-06-30": "136.90000", "2015-03-31": "135.60000", "2014-12-31": "145.90000", "2014-09-30": "", "2014-06-30": "", "2014-03-31": "", "2013-12-31": "425.60000", "2012-12-31": ""}, "Total Long Term Liabilities": {"2020-09-30": "3286.60000", "2020-06-30": "3505.60000", "2020-03-31": "3464.50000", "2019-12-31": "3312.60000", "2019-09-30": "3594.00000", "2019-06-30": "3756.70000", "2019-03-31": "4318.90000", "2018-12-31": "2746.10000", "2018-09-30": "2936.60000", "2018-06-30": "2984.60000", "2018-03-31": "3082.60000", "2017-12-31": "3223.20000", "2017-09-30": "3259.80000", "2017-06-30": "3286.20000", "2017-03-31": "3300.00000", "2016-12-31": "3240.50000", "2016-09-30": "3398.10000", "2016-06-30": "3475.70000", "2016-03-31": "3538.10000", "2015-12-31": "3502.20000", "2015-09-30": "3576.50000", "2015-06-30": "3545.90000", "2015-03-31": "4222.40000", "2014-12-31": "4300.70000", "2014-09-30": "", "2014-06-30": "", "2014-03-31": "", "2013-12-31": "4244.80000", "2012-12-31": ""}, "Total Liabilities": {"2020-09-30": "4556.30000", "2020-06-30": "4946.00000", "2020-03-31": "5055.40000", "2019-12-31": "4762.00000", "2019-09-30": "5039.70000", "2019-06-30": "5356.60000", "2019-03-31": "6006.80000", "2018-12-31": "4080.70000", "2018-09-30": "4266.40000", "2018-06-30": "4538.10000", "2018-03-31": "4528.60000", "2017-12-31": "4642.60000", "2017-09-30": "4625.80000", "2017-06-30": "4847.20000", "2017-03-31": "4720.90000", "2016-12-31": "4580.00000", "2016-09-30": "4734.10000", "2016-06-30": "5015.70000", "2016-03-31": "5035.10000", "2015-12-31": "4795.70000", "2015-09-30": "4967.00000", "2015-06-30": "5158.00000", "2015-03-31": "5766.10000", "2014-12-31": "5819.60000", "2014-09-30": "0.00000", "2014-06-30": "0.00000", "2014-03-31": "0.00000", "2013-12-31": "5835.70000", "2012-12-31": "0.00000"}, "Common Stock Net": {"2020-09-30": "1.70000", "2020-06-30": "1.70000", "2020-03-31": "1.70000", "2019-12-31": "1.70000", "2019-09-30": "1.70000", "2019-06-30": "1.70000", "2019-03-31": "1.70000", "2018-12-31": "1.40000", "2018-09-30": "1.40000", "2018-06-30": "1.40000", "2018-03-31": "1.40000", "2017-12-31": "1.40000", "2017-09-30": "1.40000", "2017-06-30": "1.40000", "2017-03-31": "1.40000", "2016-12-31": "1.40000", "2016-09-30": "1.40000", "2016-06-30": "1.40000", "2016-03-31": "1.40000", "2015-12-31": "1.40000", "2015-09-30": "1.40000", "2015-06-30": "1.40000", "2015-03-31": "", "2014-12-31": "", "2014-09-30": "0.00000", "2014-06-30": "0.00000", "2014-03-31": "0.00000", "2013-12-31": "0.00000", "2012-12-31": "0.00000"}, "Retained Earnings (Accumulated Deficit)": {"2020-09-30": "-771.90000", "2020-06-30": "-800.80000", "2020-03-31": "-802.60000", "2019-12-31": "-858.50000", "2019-09-30": "-803.40000", "2019-06-30": "-805.90000", "2019-03-31": "-822.20000", "2018-12-31": "-761.50000", "2018-09-30": "-762.70000", "2018-06-30": "-812.30000", "2018-03-31": "-868.40000", "2017-12-31": "-934.10000", "2017-09-30": "-961.10000", "2017-06-30": "-1000.00000", "2017-03-31": "-1031.30000", "2016-12-31": "-1053.40000", "2016-09-30": "-994.20000", "2016-06-30": "-931.20000", "2016-03-31": "-971.00000", "2015-12-31": "-985.00000", "2015-09-30": "-982.10000", "2015-06-30": "-994.20000", "2015-03-31": "-981.60000", "2014-12-31": "-1001.30000", "2014-09-30": "", "2014-06-30": "", "2014-03-31": "", "2013-12-31": "-981.00000", "2012-12-31": ""}, "Comprehensive Income": {"2020-09-30": "-458.10000", "2020-06-30": "-475.00000", "2020-03-31": "-489.50000", "2019-12-31": "-379.30000", "2019-09-30": "-417.00000", "2019-06-30": "-380.70000", "2019-03-31": "-376.50000", "2018-12-31": "-373.20000", "2018-09-30": "-329.60000", "2018-06-30": "-331.50000", "2018-03-31": "-276.10000", "2017-12-31": "-278.50000", "2017-09-30": "-269.10000", "2017-06-30": "-326.80000", "2017-03-31": "-371.70000", "2016-12-31": "-389.90000", "2016-09-30": "-381.00000", "2016-06-30": "-360.70000", "2016-03-31": "-357.10000", "2015-12-31": "-424.40000", "2015-09-30": "-388.80000", "2015-06-30": "-304.50000", "2015-03-31": "-329.30000", "2014-12-31": "-208.20000", "2014-09-30": "", "2014-06-30": "", "2014-03-31": "", "2013-12-31": "", "2012-12-31": ""}, "Other Share Holders Equity": {"2020-09-30": "", "2020-06-30": "", "2020-03-31": "", "2019-12-31": "", "2019-09-30": "", "2019-06-30": "", "2019-03-31": "", "2018-12-31": "", "2018-09-30": "", "2018-06-30": "", "2018-03-31": "", "2017-12-31": "", "2017-09-30": "", "2017-06-30": "", "2017-03-31": "", "2016-12-31": "", "2016-09-30": "", "2016-06-30": "", "2016-03-31": "", "2015-12-31": "", "2015-09-30": "", "2015-06-30": "", "2015-03-31": "", "2014-12-31": "", "2014-09-30": "0.00000", "2014-06-30": "0.00000", "2014-03-31": "0.00000", "2013-12-31": "-81.70000", "2012-12-31": "0.00000"}, "Share Holder Equity": {"2020-09-30": "1751.00000", "2020-06-30": "1703.20000", "2020-03-31": "1683.60000", "2019-12-31": "1732.80000", "2019-09-30": "1745.00000", "2019-06-30": "1774.50000", "2019-03-31": "1781.00000", "2018-12-31": "1191.70000", "2018-09-30": "1230.70000", "2018-06-30": "1171.00000", "2018-03-31": "1165.70000", "2017-12-31": "1090.10000", "2017-09-30": "1064.30000", "2017-06-30": "959.70000", "2017-03-31": "875.10000", "2016-12-31": "809.90000", "2016-09-30": "862.80000", "2016-06-30": "938.70000", "2016-03-31": "900.30000", "2015-12-31": "816.70000", "2015-09-30": "853.10000", "2015-06-30": "923.70000", "2015-03-31": "150.20000", "2014-12-31": "248.10000", "2014-09-30": "0.00000", "2014-06-30": "0.00000", "2014-03-31": "0.00000", "2013-12-31": "381.30000", "2012-12-31": "0.00000"}, "Total Liabilities And Share Holders Equity": {"2020-09-30": "6307.30000", "2020-06-30": "6649.20000", "2020-03-31": "6739.00000", "2019-12-31": "6494.80000", "2019-09-30": "6784.70000", "2019-06-30": "7131.10000", "2019-03-31": "7787.80000", "2018-12-31": "5272.40000", "2018-09-30": "5497.10000", "2018-06-30": "5709.10000", "2018-03-31": "5694.30000", "2017-12-31": "5732.70000", "2017-09-30": "5690.10000", "2017-06-30": "5806.90000", "2017-03-31": "5596.00000", "2016-12-31": "5389.90000", "2016-09-30": "5596.90000", "2016-06-30": "5954.40000", "2016-03-31": "5935.40000", "2015-12-31": "5612.40000", "2015-09-30": "5820.10000", "2015-06-30": "6081.70000", "2015-03-31": "5916.30000", "2014-12-31": "6067.70000", "2014-09-30": "0.00000", "2014-06-30": "0.00000", "2014-03-31": "0.00000", "2013-12-31": "6217.00000", "2012-12-31": "0.00000"}}, "cash flow statement": {"Net Income/Loss": {"2019-12-31": "-100.20000", "2018-12-31": "172.30000", "2017-12-31": "119.80000", "2016-12-31": "-68.40000", "2015-12-31": "16.50000", "2014-12-31": "-20.10000", "2013-12-31": "-82.30000", "2012-12-31": "-197.40000"}, "Total Depreciation And Amortization - Cash Flow": {"2019-12-31": "223.70000", "2018-12-31": "189.80000", "2017-12-31": "208.10000", "2016-12-31": "241.30000", "2015-12-31": "225.30000", "2014-12-31": "234.10000", "2013-12-31": "239.20000", "2012-12-31": "209.10000"}, "Other Non-Cash Items": {"2019-12-31": "26.50000", "2018-12-31": "26.30000", "2017-12-31": "23.20000", "2016-12-31": "111.80000", "2015-12-31": "10.20000", "2014-12-31": "-22.10000", "2013-12-31": "94.60000", "2012-12-31": "237.20000"}, "Total Non-Cash Items": {"2019-12-31": "250.20000", "2018-12-31": "216.10000", "2017-12-31": "231.30000", "2016-12-31": "353.10000", "2015-12-31": "235.50000", "2014-12-31": "212.00000", "2013-12-31": "333.80000", "2012-12-31": "446.30000"}, "Change In Accounts Receivable": {"2019-12-31": "197.00000", "2018-12-31": "-62.10000", "2017-12-31": "-58.50000", "2016-12-31": "70.20000", "2015-12-31": "198.70000", "2014-12-31": "-63.20000", "2013-12-31": "9.30000", "2012-12-31": "-13.90000"}, "Change In Inventories": {"2019-12-31": "69.00000", "2018-12-31": "14.40000", "2017-12-31": "-47.70000", "2016-12-31": "42.00000", "2015-12-31": "82.30000", "2014-12-31": "-90.90000", "2013-12-31": "41.60000", "2012-12-31": "-97.50000"}, "Change In Accounts Payable": {"2019-12-31": "-70.90000", "2018-12-31": "9.30000", "2017-12-31": "53.60000", "2016-12-31": "12.00000", "2015-12-31": "-104.10000", "2014-12-31": "12.70000", "2013-12-31": "111.70000", "2012-12-31": "-47.40000"}, "Change In Assets/Liabilities": {"2019-12-31": "18.80000", "2018-12-31": "-60.10000", "2017-12-31": "-15.90000", "2016-12-31": "41.10000", "2015-12-31": "-72.90000", "2014-12-31": "75.80000", "2013-12-31": "-124.80000", "2012-12-31": "-74.60000"}, "Total Change In Assets/Liabilities": {"2019-12-31": "213.90000", "2018-12-31": "-98.50000", "2017-12-31": "-68.50000", "2016-12-31": "165.30000", "2015-12-31": "104.00000", "2014-12-31": "-65.60000", "2013-12-31": "37.80000", "2012-12-31": "-233.40000"}, "Cash Flow From Operating Activities": {"2019-12-31": "363.90000", "2018-12-31": "289.90000", "2017-12-31": "282.60000", "2016-12-31": "450.00000", "2015-12-31": "356.00000", "2014-12-31": "126.30000", "2013-12-31": "289.30000", "2012-12-31": "15.50000"}, "Net Change In Property, Plant, And Equipment": {"2019-12-31": "-67.70000", "2018-12-31": "-80.10000", "2017-12-31": "-53.50000", "2016-12-31": "-80.70000", "2015-12-31": "-135.50000", "2014-12-31": "-105.00000", "2013-12-31": "-129.70000", "2012-12-31": "-165.90000"}, "Net Change In Intangible Assets": {"2019-12-31": "", "2018-12-31": "", "2017-12-31": "", "2016-12-31": "", "2015-12-31": "", "2014-12-31": "", "2013-12-31": "", "2012-12-31": ""}, "Net Acquisitions/Divestitures": {"2019-12-31": "-362.70000", "2018-12-31": "-18.60000", "2017-12-31": "-24.40000", "2016-12-31": "-53.60000", "2015-12-31": "-153.40000", "2014-12-31": "-42.20000", "2013-12-31": "-86.00000", "2012-12-31": "-491.20000"}, "Net Change In Short-term Investments": {"2019-12-31": "", "2018-12-31": "", "2017-12-31": "", "2016-12-31": "", "2015-12-31": "", "2014-12-31": "", "2013-12-31": "", "2012-12-31": ""}, "Net Change In Long-Term Investments": {"2019-12-31": "", "2018-12-31": "", "2017-12-31": "", "2016-12-31": "", "2015-12-31": "", "2014-12-31": "", "2013-12-31": "", "2012-12-31": ""}, "Net Change In Investments - Total": {"2019-12-31": "", "2018-12-31": "", "2017-12-31": "", "2016-12-31": "", "2015-12-31": "", "2014-12-31": "", "2013-12-31": "", "2012-12-31": ""}, "Investing Activities - Other": {"2019-12-31": "-2.70000", "2018-12-31": "-0.30000", "2017-12-31": "-1.20000", "2016-12-31": "-1.70000", "2015-12-31": "-5.50000", "2014-12-31": "-1.00000", "2013-12-31": "", "2012-12-31": ""}, "Cash Flow From Investing Activities": {"2019-12-31": "-433.10000", "2018-12-31": "-99.00000", "2017-12-31": "-79.10000", "2016-12-31": "-136.00000", "2015-12-31": "-294.40000", "2014-12-31": "-148.20000", "2013-12-31": "-215.70000", "2012-12-31": "-657.10000"}, "Net Long-Term Debt": {"2019-12-31": "299.90000", "2018-12-31": "-561.90000", "2017-12-31": "-110.90040", "2016-12-31": "-178.20000", "2015-12-31": "-741.20000", "2014-12-31": "98.30000", "2013-12-31": "-60.40000", "2012-12-31": "724.10000"}, "Net Current Debt": {"2019-12-31": "-2.00000", "2018-12-31": "42.20000", "2017-12-31": "-19.20000", "2016-12-31": "-4.60000", "2015-12-31": "-11.50000", "2014-12-31": "-8.20000", "2013-12-31": "-40.00000", "2012-12-31": "15.80000"}, "Debt Issuance/Retirement Net - Total": {"2019-12-31": "297.90000", "2018-12-31": "-519.70000", "2017-12-31": "-130.10040", "2016-12-31": "-182.80000", "2015-12-31": "-752.70000", "2014-12-31": "90.10000", "2013-12-31": "-100.40000", "2012-12-31": "739.90000"}, "Net Common Equity Issued/Repurchased": {"2019-12-31": "6.60000", "2018-12-31": "5.90000", "2017-12-31": "36.50000", "2016-12-31": "16.90000", "2015-12-31": "768.30000", "2014-12-31": "1.20000", "2013-12-31": "2.40000", "2012-12-31": "-4.20000"}, "Net Total Equity Issued/Repurchased": {"2019-12-31": "6.60000", "2018-12-31": "5.90000", "2017-12-31": "36.50000", "2016-12-31": "16.90000", "2015-12-31": "768.30000", "2014-12-31": "1.20000", "2013-12-31": "2.40000", "2012-12-31": "-4.20000"}, "Total Common And Preferred Stock Dividends Paid": {"2019-12-31": "", "2018-12-31": "", "2017-12-31": "", "2016-12-31": "", "2015-12-31": "", "2014-12-31": "", "2013-12-31": "", "2012-12-31": ""}, "Financial Activities - Other": {"2019-12-31": "-9.30000", "2018-12-31": "-4.50000", "2017-12-31": "-18.80000", "2016-12-31": "-0.60000", "2015-12-31": "-35.40000", "2014-12-31": "-7.20000", "2013-12-31": "-12.50000", "2012-12-31": "18.10000"}, "Cash Flow From Financial Activities": {"2019-12-31": "295.20000", "2018-12-31": "-518.30000", "2017-12-31": "-112.40000", "2016-12-31": "-166.50000", "2015-12-31": "-19.80000", "2014-12-31": "84.10000", "2013-12-31": "-110.50000", "2012-12-31": "753.80000"}, "Net Cash Flow": {"2019-12-31": "208.70000", "2018-12-31": "-345.40000", "2017-12-31": "130.60000", "2016-12-31": "148.30000", "2015-12-31": "-17.90000", "2014-12-31": "25.60000", "2013-12-31": "-40.50000", "2012-12-31": "124.60000"}, "Stock-Based Compensation": {"2019-12-31": "25.10000", "2018-12-31": "20.70000", "2017-12-31": "19.70000", "2016-12-31": "10.40000", "2015-12-31": "7.50000", "2014-12-31": "12.10000", "2013-12-31": "15.10000", "2012-12-31": "17.50000"}, "Common Stock Dividends Paid": {"2019-12-31": "", "2018-12-31": "", "2017-12-31": "", "2016-12-31": "", "2015-12-31": "", "2014-12-31": "", "2013-12-31": "", "2012-12-31": ""}}, "cash flow statement, quarterly": {"Net Income/Loss": {"2020-09-30": 28.9, "2020-06-30": 1.8, "2020-03-31": "55.90000", "2019-12-31": -55.1, "2019-09-30": 2.5, "2019-06-30": 16.3, "2019-03-31": "-63.90000", "2018-12-31": 1.2, "2018-09-30": 49.6, "2018-06-30": 56.1, "2018-03-31": "65.40000", "2017-12-31": 27, "2017-09-30": 38.9, "2017-06-30": 31.3, "2017-03-31": "22.60000", "2016-12-31": -59.2, "2016-09-30": -63, "2016-06-30": 39.8, "2016-03-31": "14.00000", "2015-12-31": -2.9, "2015-09-30": 12.1, "2015-06-30": -12.4, "2015-03-31": "19.70000", "2014-12-31": -82.6, "2014-09-30": 45.8, "2014-06-30": 19.5, "2014-03-31": "-2.80000", "2013-12-31": 115.1, "2012-12-31": -197.4}, "Total Depreciation And Amortization - Cash Flow": {"2020-09-30": 57.7, "2020-06-30": 57, "2020-03-31": "59.10000", "2019-12-31": 57, "2019-09-30": 55.9, "2019-06-30": 61.4, "2019-03-31": "49.40000", "2018-12-31": 49.4, "2018-09-30": 46.9, "2018-06-30": 46.7, "2018-03-31": "46.80000", "2017-12-31": 49.9, "2017-09-30": 51.2, "2017-06-30": 52.4, "2017-03-31": "54.60000", "2016-12-31": 58.1, "2016-09-30": 66.9, "2016-06-30": 61.8, "2016-03-31": "54.50000", "2015-12-31": 53.8, "2015-09-30": 55.5, "2015-06-30": 60.9, "2015-03-31": "55.10000", "2014-12-31": 63.9, "2014-09-30": 59, "2014-06-30": 55.9, "2014-03-31": "55.30000", "2013-12-31": 30.1, "2012-12-31": 209.1}, "Other Non-Cash Items": {"2020-09-30": 42.3, "2020-06-30": 18.1, "2020-03-31": "7.30000", "2019-12-31": -16.4, "2019-09-30": 46.8, "2019-06-30": 17.1, "2019-03-31": "-21.00000", "2018-12-31": 0.5, "2018-09-30": 6, "2018-06-30": 13, "2018-03-31": "6.80000", "2017-12-31": 10.6, "2017-09-30": 4.9, "2017-06-30": 3.3, "2017-03-31": "4.40000", "2016-12-31": 29, "2016-09-30": 83.3, "2016-06-30": 4.5, "2016-03-31": "-5.00000", "2015-12-31": 0.7, "2015-09-30": 1.2, "2015-06-30": 3.8, "2015-03-31": "4.50000", "2014-12-31": -38.6, "2014-09-30": 1.1, "2014-06-30": 10, "2014-03-31": "5.40000", "2013-12-31": 0, "2012-12-31": 0}, "Total Non-Cash Items": {"2020-09-30": 100, "2020-06-30": 75.1, "2020-03-31": "66.40000", "2019-12-31": 40.6, "2019-09-30": 102.7, "2019-06-30": 78.5, "2019-03-31": "28.40000", "2018-12-31": 49.9, "2018-09-30": 52.9, "2018-06-30": 59.7, "2018-03-31": "53.60000", "2017-12-31": 60.5, "2017-09-30": 56.1, "2017-06-30": 55.7, "2017-03-31": "59.00000", "2016-12-31": 87.1, "2016-09-30": 150.2, "2016-06-30": 66.3, "2016-03-31": "49.50000", "2015-12-31": 54.5, "2015-09-30": 56.7, "2015-06-30": 64.7, "2015-03-31": "59.60000", "2014-12-31": 47.4, "2014-09-30": 60.1, "2014-06-30": 65.9, "2014-03-31": "60.70000", "2013-12-31": 30.1, "2012-12-31": 209.1}, "Change In Accounts Receivable": {"2020-09-30": -15.1, "2020-06-30": 148.3, "2020-03-31": "-259.40000", "2019-12-31": 193.3, "2019-09-30": 157.5, "2019-06-30": -67.2, "2019-03-31": "-86.60000", "2018-12-31": 154.2, "2018-09-30": 113.9, "2018-06-30": -110.8, "2018-03-31": "-219.40000", "2017-12-31": 139.8, "2017-09-30": 123.3, "2017-06-30": -179.2, "2017-03-31": "-142.40000", "2016-12-31": 153.4, "2016-09-30": 190.9, "2016-06-30": -189.3, "2016-03-31": "-84.80000", "2015-12-31": 220.7, "2015-09-30": 150.2, "2015-06-30": -149.3, "2015-03-31": "-22.90000", "2014-12-31": 167.5, "2014-09-30": 144.1, "2014-06-30": -216.9, "2014-03-31": "-157.90000", "2013-12-31": 0, "2012-12-31": 0}, "Change In Inventories": {"2020-09-30": 67.6, "2020-06-30": 72.5, "2020-03-31": "-50.50000", "2019-12-31": -3.1, "2019-09-30": 49.7, "2019-06-30": 65.3, "2019-03-31": "-42.90000", "2018-12-31": 26.3, "2018-09-30": 39.7, "2018-06-30": 28.5, "2018-03-31": "-80.10000", "2017-12-31": -49.2, "2017-09-30": 39.4, "2017-06-30": 28.5, "2017-03-31": "-66.40000", "2016-12-31": -18.2, "2016-09-30": 41.9, "2016-06-30": 113.4, "2016-03-31": "-95.10000", "2015-12-31": 46.4, "2015-09-30": 27.6, "2015-06-30": 53, "2015-03-31": "-44.70000", "2014-12-31": 20.4, "2014-09-30": -16.8, "2014-06-30": 37.9, "2014-03-31": "-132.40000", "2013-12-31": 0, "2012-12-31": 0}, "Change In Accounts Payable": {"2020-09-30": -153.7, "2020-06-30": -135, "2020-03-31": "165.30000", "2019-12-31": 14.3, "2019-09-30": -95.6, "2019-06-30": -26.9, "2019-03-31": "37.30000", "2018-12-31": 16.6, "2018-09-30": -213.8, "2018-06-30": 139.2, "2018-03-31": "67.30000", "2017-12-31": -4.5, "2017-09-30": -194.3, "2017-06-30": 172.5, "2017-03-31": "79.90000", "2016-12-31": -28.8, "2016-09-30": -202, "2016-06-30": 61.8, "2016-03-31": "181.00000", "2015-12-31": -139.9, "2015-09-30": -192, "2015-06-30": 128, "2015-03-31": "99.80000", "2014-12-31": -136.5, "2014-09-30": -162, "2014-06-30": 133.3, "2014-03-31": "177.90000", "2013-12-31": 0, "2012-12-31": 0}, "Change In Assets/Liabilities": {"2020-09-30": -19.6, "2020-06-30": -11, "2020-03-31": "-55.90000", "2019-12-31": 139.7, "2019-09-30": -2.1, "2019-06-30": -123, "2019-03-31": "4.20000", "2018-12-31": 44.3, "2018-09-30": 4.1, "2018-06-30": -82.7, "2018-03-31": "-25.80000", "2017-12-31": 73.2, "2017-09-30": -15.1, "2017-06-30": -44.2, "2017-03-31": "-29.80000", "2016-12-31": 91.5, "2016-09-30": -8.9, "2016-06-30": -41.6, "2016-03-31": "0.10000", "2015-12-31": -14, "2015-09-30": 28, "2015-06-30": -63.5, "2015-03-31": "-23.40000", "2014-12-31": 154.1, "2014-09-30": -17.2, "2014-06-30": -67.3, "2014-03-31": "6.20000", "2013-12-31": 0, "2012-12-31": 0}, "Total Change In Assets/Liabilities": {"2020-09-30": -120.8, "2020-06-30": 74.8, "2020-03-31": "-200.50000", "2019-12-31": 344.2, "2019-09-30": 109.5, "2019-06-30": -151.8, "2019-03-31": "-88.00000", "2018-12-31": 241.4, "2018-09-30": -56.1, "2018-06-30": -25.8, "2018-03-31": "-258.00000", "2017-12-31": 159.3, "2017-09-30": -46.7, "2017-06-30": -22.4, "2017-03-31": "-158.70000", "2016-12-31": 197.9, "2016-09-30": 21.9, "2016-06-30": -55.7, "2016-03-31": "1.20000", "2015-12-31": 113.2, "2015-09-30": 13.8, "2015-06-30": -31.8, "2015-03-31": "8.80000", "2014-12-31": 87.7, "2014-09-30": -51.9, "2014-06-30": -113, "2014-03-31": "-106.20000", "2013-12-31": 344.7, "2012-12-31": -233.4}, "Cash Flow From Operating Activities": {"2020-09-30": 8.1, "2020-06-30": 151.7, "2020-03-31": "-78.20000", "2019-12-31": 329.7, "2019-09-30": 214.7, "2019-06-30": -57, "2019-03-31": "-123.50000", "2018-12-31": 292.5, "2018-09-30": 46.4, "2018-06-30": 90, "2018-03-31": "-139.00000", "2017-12-31": 246.8, "2017-09-30": 48.3, "2017-06-30": 64.6, "2017-03-31": "-77.10000", "2016-12-31": 225.8, "2016-09-30": 109.1, "2016-06-30": 50.4, "2016-03-31": "64.70000", "2015-12-31": 164.8, "2015-09-30": 82.6, "2015-06-30": 20.5, "2015-03-31": "88.10000", "2014-12-31": 148.2, "2014-09-30": 54, "2014-06-30": -27.6, "2014-03-31": "-48.30000", "2013-12-31": 273.8, "2012-12-31": 15.5}, "Net Change In Property, Plant, And Equipment": {"2020-09-30": -32.4, "2020-06-30": -15.5, "2020-03-31": "-16.50000", "2019-12-31": 0.8, "2019-09-30": -23.9, "2019-06-30": -28.8, "2019-03-31": "-15.80000", "2018-12-31": -28.9, "2018-09-30": -8.6, "2018-06-30": -28.6, "2018-03-31": "-14.00000", "2017-12-31": 1.3, "2017-09-30": -16.2, "2017-06-30": -17.7, "2017-03-31": "-20.90000", "2016-12-31": -18.9, "2016-09-30": -19.5, "2016-06-30": -18.8, "2016-03-31": "-23.50000", "2015-12-31": -38.5, "2015-09-30": -39.6, "2015-06-30": -27.2, "2015-03-31": "-30.20000", "2014-12-31": -34.3, "2014-09-30": -24, "2014-06-30": -23, "2014-03-31": "-23.70000", "2013-12-31": 36.2, "2012-12-31": -165.9}, "Net Change In Intangible Assets": {"2020-09-30": 0, "2020-06-30": 0, "2020-03-31": "", "2019-12-31": 0, "2019-09-30": 0, "2019-06-30": 0, "2019-03-31": "", "2018-12-31": 0, "2018-09-30": 0, "2018-06-30": 0, "2018-03-31": "", "2017-12-31": 0, "2017-09-30": 0, "2017-06-30": 0, "2017-03-31": "", "2016-12-31": 0, "2016-09-30": 0, "2016-06-30": 0, "2016-03-31": "", "2015-12-31": 0, "2015-09-30": 0, "2015-06-30": 0, "2015-03-31": "", "2014-12-31": 0, "2014-09-30": 0, "2014-06-30": 0, "2014-03-31": "", "2013-12-31": 0, "2012-12-31": 0}, "Net Acquisitions/Divestitures": {"2020-09-30": 6.2, "2020-06-30": 0, "2020-03-31": "-8.20000", "2019-12-31": 174, "2019-09-30": -21.2, "2019-06-30": 0, "2019-03-31": "-515.50000", "2018-12-31": 1.4, "2018-09-30": 0.4, "2018-06-30": -11.5, "2018-03-31": "-8.90000", "2017-12-31": 0, "2017-09-30": -23.9, "2017-06-30": 0, "2017-03-31": "-0.50000", "2016-12-31": 1.2, "2016-09-30": 0, "2016-06-30": -1.5, "2016-03-31": "-53.30000", "2015-12-31": -102.8, "2015-09-30": -32, "2015-06-30": -18.6, "2015-03-31": "", "2014-12-31": -42.2, "2014-09-30": 0, "2014-06-30": 0, "2014-03-31": "", "2013-12-31": 405.2, "2012-12-31": -491.2}, "Net Change In Short-term Investments": {"2020-09-30": 0, "2020-06-30": 0, "2020-03-31": "", "2019-12-31": 0, "2019-09-30": 0, "2019-06-30": 0, "2019-03-31": "", "2018-12-31": 0, "2018-09-30": 0, "2018-06-30": 0, "2018-03-31": "", "2017-12-31": 0, "2017-09-30": 0, "2017-06-30": 0, "2017-03-31": "", "2016-12-31": 0, "2016-09-30": 0, "2016-06-30": 0, "2016-03-31": "", "2015-12-31": 0, "2015-09-30": 0, "2015-06-30": 0, "2015-03-31": "", "2014-12-31": 0, "2014-09-30": 0, "2014-06-30": 0, "2014-03-31": "", "2013-12-31": 0, "2012-12-31": 0}, "Net Change In Long-Term Investments": {"2020-09-30": 0, "2020-06-30": 0, "2020-03-31": "", "2019-12-31": 0, "2019-09-30": 0, "2019-06-30": 0, "2019-03-31": "", "2018-12-31": 0, "2018-09-30": 0, "2018-06-30": 0, "2018-03-31": "", "2017-12-31": 0, "2017-09-30": 0, "2017-06-30": 0, "2017-03-31": "", "2016-12-31": 0, "2016-09-30": 0, "2016-06-30": 0, "2016-03-31": "", "2015-12-31": 0, "2015-09-30": 0, "2015-06-30": 0, "2015-03-31": "", "2014-12-31": 0, "2014-09-30": 0, "2014-06-30": 0, "2014-03-31": "", "2013-12-31": 0, "2012-12-31": 0}, "Net Change In Investments - Total": {"2020-09-30": 0, "2020-06-30": 0, "2020-03-31": "", "2019-12-31": 0, "2019-09-30": 0, "2019-06-30": 0, "2019-03-31": "", "2018-12-31": 0, "2018-09-30": 0, "2018-06-30": 0, "2018-03-31": "", "2017-12-31": 0, "2017-09-30": 0, "2017-06-30": 0, "2017-03-31": "", "2016-12-31": 0, "2016-09-30": 0, "2016-06-30": 0, "2016-03-31": "", "2015-12-31": 0, "2015-09-30": 0, "2015-06-30": 0, "2015-03-31": "", "2014-12-31": 0, "2014-09-30": 0, "2014-06-30": 0, "2014-03-31": "", "2013-12-31": 0, "2012-12-31": 0}, "Investing Activities - Other": {"2020-09-30": -0.8, "2020-06-30": -0.8, "2020-03-31": "-6.20000", "2019-12-31": -1.4, "2019-09-30": 0, "2019-06-30": 0, "2019-03-31": "-1.30000", "2018-12-31": -0.2, "2018-09-30": -0.1, "2018-06-30": 0, "2018-03-31": "", "2017-12-31": 0, "2017-09-30": -2.2, "2017-06-30": 1.3, "2017-03-31": "-0.30000", "2016-12-31": -0.1, "2016-09-30": 0.1, "2016-06-30": -1.3, "2016-03-31": "-0.40000", "2015-12-31": 0, "2015-09-30": 0, "2015-06-30": -5.5, "2015-03-31": "", "2014-12-31": 0, "2014-09-30": 0, "2014-06-30": -1, "2014-03-31": "", "2013-12-31": 0, "2012-12-31": 0}, "Cash Flow From Investing Activities": {"2020-09-30": -27, "2020-06-30": -16.3, "2020-03-31": "-30.90000", "2019-12-31": 173.4, "2019-09-30": -45.1, "2019-06-30": -28.8, "2019-03-31": "-532.60000", "2018-12-31": -27.7, "2018-09-30": -8.3, "2018-06-30": -40.1, "2018-03-31": "-22.90000", "2017-12-31": 1.3, "2017-09-30": -42.3, "2017-06-30": -16.4, "2017-03-31": "-21.70000", "2016-12-31": -17.8, "2016-09-30": -19.4, "2016-06-30": -21.6, "2016-03-31": "-77.20000", "2015-12-31": -141.3, "2015-09-30": -71.6, "2015-06-30": -51.3, "2015-03-31": "-30.20000", "2014-12-31": -76.5, "2014-09-30": -24, "2014-06-30": -24, "2014-03-31": "-23.70000", "2013-12-31": 441.4, "2012-12-31": -657.1}, "Net Long-Term Debt": {"2020-09-30": -7.5, "2020-06-30": -8.7, "2020-03-31": "-180.60000", "2019-12-31": -181.7, "2019-09-30": -5.9, "2019-06-30": -454.9, "2019-03-31": "942.40000", "2018-12-31": -271.5, "2018-09-30": -82.8, "2018-06-30": -29.3, "2018-03-31": "-178.30000", "2017-12-31": -77.3003, "2017-09-30": -49.6001, "2017-06-30": -36.5, "2017-03-31": "52.50000", "2016-12-31": -137.6, "2016-09-30": -43.8, "2016-06-30": -24.9, "2016-03-31": "28.10000", "2015-12-31": -9.9002, "2015-09-30": 31.8002, "2015-06-30": -709.4, "2015-03-31": "-53.70000", "2014-12-31": 0.1, "2014-09-30": -25.3, "2014-06-30": 40.6, "2014-03-31": "82.90000", "2013-12-31": 0, "2012-12-31": 0}, "Net Current Debt": {"2020-09-30": -249.4, "2020-06-30": 35.7, "2020-03-31": "352.20000", "2019-12-31": -128.2, "2019-09-30": -115.7, "2019-06-30": -148.2, "2019-03-31": "390.10000", "2018-12-31": 44.5, "2018-09-30": 1.1, "2018-06-30": 3.2, "2018-03-31": "-6.60000", "2017-12-31": -0.3, "2017-09-30": -7, "2017-06-30": -6.7, "2017-03-31": "-5.20000", "2016-12-31": 6.4, "2016-09-30": -5.6, "2016-06-30": 5, "2016-03-31": "-10.40000", "2015-12-31": 4.4, "2015-09-30": -4.7, "2015-06-30": -14.6, "2015-03-31": "3.40000", "2014-12-31": 3.7, "2014-09-30": 0, "2014-06-30": 2.3, "2014-03-31": "-14.20000", "2013-12-31": -55.8, "2012-12-31": 15.8}, "Debt Issuance/Retirement Net - Total": {"2020-09-30": -256.9, "2020-06-30": 27, "2020-03-31": "171.60000", "2019-12-31": -309.9, "2019-09-30": -121.6, "2019-06-30": -603.1, "2019-03-31": "1332.50000", "2018-12-31": -227, "2018-09-30": -81.7, "2018-06-30": -26.1, "2018-03-31": "-184.90000", "2017-12-31": -77.6003, "2017-09-30": -56.6001, "2017-06-30": -43.2, "2017-03-31": "47.30000", "2016-12-31": -131.2, "2016-09-30": -49.4, "2016-06-30": -19.9, "2016-03-31": "17.70000", "2015-12-31": -5.5002, "2015-09-30": 27.1002, "2015-06-30": -724, "2015-03-31": "-50.30000", "2014-12-31": 12, "2014-09-30": -25.3, "2014-06-30": 42.9, "2014-03-31": "68.70000", "2013-12-31": -784.5, "2012-12-31": 724.1}, "Net Common Equity Issued/Repurchased": {"2020-09-30": 0, "2020-06-30": 0, "2020-03-31": "0.70000", "2019-12-31": 0.9, "2019-09-30": 0, "2019-06-30": 5.7, "2019-03-31": "", "2018-12-31": 0.2, "2018-09-30": 4.6, "2018-06-30": 0.3, "2018-03-31": "0.80000", "2017-12-31": 4.4, "2017-09-30": 4, "2017-06-30": 4.3, "2017-03-31": "23.80000", "2016-12-31": 12.2, "2016-09-30": 4, "2016-06-30": 0.6, "2016-03-31": "0.10000", "2015-12-31": 3, "2015-09-30": -0.5, "2015-06-30": 765.8, "2015-03-31": "", "2014-12-31": -1.8, "2014-09-30": 0, "2014-06-30": 3, "2014-03-31": "", "2013-12-31": 0, "2012-12-31": 0}, "Net Total Equity Issued/Repurchased": {"2020-09-30": 0, "2020-06-30": 0, "2020-03-31": "0.70000", "2019-12-31": 0.9, "2019-09-30": 0, "2019-06-30": 5.7, "2019-03-31": "", "2018-12-31": 0.2, "2018-09-30": 4.6, "2018-06-30": 0.3, "2018-03-31": "0.80000", "2017-12-31": 4.4, "2017-09-30": 4, "2017-06-30": 4.3, "2017-03-31": "23.80000", "2016-12-31": 12.2, "2016-09-30": 4, "2016-06-30": 0.6, "2016-03-31": "0.10000", "2015-12-31": 3, "2015-09-30": -0.5, "2015-06-30": 765.8, "2015-03-31": "", "2014-12-31": -4.8, "2014-09-30": 0, "2014-06-30": 3, "2014-03-31": "", "2013-12-31": 3.29, "2012-12-31": -4.19}, "Total Common And Preferred Stock Dividends Paid": {"2020-09-30": 0, "2020-06-30": 0, "2020-03-31": "", "2019-12-31": 0, "2019-09-30": 0, "2019-06-30": 0, "2019-03-31": "", "2018-12-31": 0, "2018-09-30": 0, "2018-06-30": 0, "2018-03-31": "", "2017-12-31": 0, "2017-09-30": 0, "2017-06-30": 0, "2017-03-31": "", "2016-12-31": 0, "2016-09-30": 0, "2016-06-30": 0, "2016-03-31": "", "2015-12-31": 0, "2015-09-30": 0, "2015-06-30": 0, "2015-03-31": "", "2014-12-31": 0, "2014-09-30": 0, "2014-06-30": 0, "2014-03-31": "", "2013-12-31": 0, "2012-12-31": 0}, "Financial Activities - Other": {"2020-09-30": -0.6, "2020-06-30": 0.6, "2020-03-31": "-1.30000", "2019-12-31": -7.1, "2019-09-30": 0, "2019-06-30": -0.2, "2019-03-31": "-2.00000", "2018-12-31": -1.4, "2018-09-30": -0.5, "2018-06-30": 0.1, "2018-03-31": "-2.70000", "2017-12-31": -3.7, "2017-09-30": -0.5, "2017-06-30": -1, "2017-03-31": "-13.60000", "2016-12-31": -0.9, "2016-09-30": 0, "2016-06-30": 0.3, "2016-03-31": "", "2015-12-31": -3.1, "2015-09-30": -30.4, "2015-06-30": -3.8, "2015-03-31": "1.90000", "2014-12-31": 4.6, "2014-09-30": -0.2, "2014-06-30": -3.3, "2014-03-31": "-5.30000", "2013-12-31": -27.3, "2012-12-31": 18.1}, "Cash Flow From Financial Activities": {"2020-09-30": -257.5, "2020-06-30": 27.6, "2020-03-31": "171.00000", "2019-12-31": -316.1, "2019-09-30": -121.6, "2019-06-30": -597.6, "2019-03-31": "1330.50000", "2018-12-31": -228.2, "2018-09-30": -77.6, "2018-06-30": -25.7, "2018-03-31": "-186.80000", "2017-12-31": -76.9, "2017-09-30": -53.1, "2017-06-30": -39.9, "2017-03-31": "57.50000", "2016-12-31": -119.9, "2016-09-30": -45.4, "2016-06-30": -19, "2016-03-31": "17.80000", "2015-12-31": -5.6, "2015-09-30": -3.8, "2015-06-30": 38, "2015-03-31": "-48.40000", "2014-12-31": 3.6, "2014-09-30": -25.5, "2014-06-30": 42.6, "2014-03-31": "63.40000", "2013-12-31": -864.3, "2012-12-31": 753.8}, "Net Cash Flow": {"2020-09-30": -273.7, "2020-06-30": 167.7, "2020-03-31": "49.40000", "2019-12-31": 195.7, "2019-09-30": 25.1, "2019-06-30": -678.5, "2019-03-31": "666.40000", "2018-12-31": 35.7, "2018-09-30": -42.7, "2018-06-30": 12.7, "2018-03-31": "-351.10000", "2017-12-31": 173.1, "2017-09-30": -27.9, "2017-06-30": 21.2, "2017-03-31": "-35.80000", "2016-12-31": 69.3, "2016-09-30": 43.3, "2016-06-30": 1.7, "2016-03-31": "34.00000", "2015-12-31": 0.7, "2015-09-30": -9.6, "2015-06-30": 15.6, "2015-03-31": "-24.60000", "2014-12-31": 56.6, "2014-09-30": -13.8, "2014-06-30": -0.9, "2014-03-31": "-16.30000", "2013-12-31": -165.1, "2012-12-31": 124.6}, "Stock-Based Compensation": {"2020-09-30": 2.6, "2020-06-30": 2.6, "2020-03-31": "5.70000", "2019-12-31": 3.4, "2019-09-30": 4.4, "2019-06-30": 11.3, "2019-03-31": "6.00000", "2018-12-31": 3, "2018-09-30": 4, "2018-06-30": 4.3, "2018-03-31": "9.40000", "2017-12-31": 3.7, "2017-09-30": 4.5, "2017-06-30": 5.1, "2017-03-31": "6.40000", "2016-12-31": 3.3, "2016-09-30": 3.6, "2016-06-30": 1.3, "2016-03-31": "2.20000", "2015-12-31": 2, "2015-09-30": 2.1, "2015-06-30": 1.9, "2015-03-31": "1.50000", "2014-12-31": 0.6, "2014-09-30": 3.9, "2014-06-30": 4, "2014-03-31": "3.60000", "2013-12-31": 0, "2012-12-31": 0}, "Common Stock Dividends Paid": {"2020-09-30": 0, "2020-06-30": 0, "2020-03-31": "", "2019-12-31": 0, "2019-09-30": 0, "2019-06-30": 0, "2019-03-31": "", "2018-12-31": 0, "2018-09-30": 0, "2018-06-30": 0, "2018-03-31": "", "2017-12-31": 0, "2017-09-30": 0, "2017-06-30": 0, "2017-03-31": "", "2016-12-31": 0, "2016-09-30": 0, "2016-06-30": 0, "2016-03-31": "", "2015-12-31": 0, "2015-09-30": 0, "2015-06-30": 0, "2015-03-31": "", "2014-12-31": 0, "2014-09-30": 0, "2014-06-30": 0, "2014-03-31": "", "2013-12-31": 0, "2012-12-31": 0}}, "financial ratios": {"Current Ratio": {"2019-12-31": "1.69280", "2018-12-31": "1.64000", "2017-12-31": "1.77430", "2016-12-31": "1.62610", "2015-12-31": "1.69800", "2014-12-31": "1.72610", "2013-12-31": "1.60280", "2012-12-31": ""}, "Long-term Debt / Capital": {"2019-12-31": "0.60810", "2018-12-31": "0.66360", "2017-12-31": "0.72120", "2016-12-31": "0.77840", "2015-12-31": "0.78920", "2014-12-31": "0.93760", "2013-12-31": "0.90560", "2012-12-31": ""}, "Debt/Equity Ratio": {"2019-12-31": "1.56650", "2018-12-31": "1.99730", "2017-12-31": "2.65610", "2016-12-31": "3.67860", "2015-12-31": "3.85800", "2014-12-31": "15.60820", "2013-12-31": "10.05590", "2012-12-31": ""}, "Gross Margin": {"2019-12-31": "23.05180", "2018-12-31": "22.01100", "2017-12-31": "21.87500", "2016-12-31": "21.39170", "2015-12-31": "20.03050", "2014-12-31": "18.61110", "2013-12-31": "18.16920", "2012-12-31": "18.69790"}, "Operating Margin": {"2019-12-31": "2.01680", "2018-12-31": "4.48770", "2017-12-31": "4.09510", "2016-12-31": "1.71420", "2015-12-31": "2.99490", "2014-12-31": "2.07060", "2013-12-31": "2.15500", "2012-12-31": "1.52560"}, "EBIT Margin": {"2019-12-31": "2.01680", "2018-12-31": "4.48770", "2017-12-31": "4.09510", "2016-12-31": "1.71420", "2015-12-31": "2.99490", "2014-12-31": "2.07060", "2013-12-31": "2.15500", "2012-12-31": "1.52560"}, "EBITDA Margin": {"2019-12-31": "4.42560", "2018-12-31": "6.68640", "2017-12-31": "6.61640", "2016-12-31": "4.70290", "2015-12-31": "5.50340", "2014-12-31": "4.32720", "2013-12-31": "4.47180", "2012-12-31": "3.67080"}, "Pre-Tax Profit Margin": {"2019-12-31": "-0.01180", "2018-12-31": "2.57400", "2017-12-31": "2.04510", "2016-12-31": "-0.98590", "2015-12-31": "0.29730", "2014-12-31": "-0.34610", "2013-12-31": "-0.89200", "2012-12-31": "-1.24960"}, "Net Profit Margin": {"2019-12-31": "-1.07890", "2018-12-31": "1.99590", "2017-12-31": "1.45150", "2016-12-31": "-0.84720", "2015-12-31": "0.18370", "2014-12-31": "-0.19380", "2013-12-31": "-0.79710", "2012-12-31": "-2.02520"}, "Asset Turnover": {"2019-12-31": "1.42990", "2018-12-31": "1.63730", "2017-12-31": "1.43980", "2016-12-31": "1.49790", "2015-12-31": "1.60030", "2014-12-31": "1.70970", "2013-12-31": "1.66070", "2012-12-31": ""}, "Inventory Turnover Ratio": {"2019-12-31": "8.97750", "2018-12-31": "8.38090", "2017-12-31": "7.68100", "2016-12-31": "8.38830", "2015-12-31": "8.94040", "2014-12-31": "8.95640", "2013-12-31": "9.45570", "2012-12-31": ""}, "Receiveable Turnover": {"2019-12-31": "8.00530", "2018-12-31": "7.88570", "2017-12-31": "7.76890", "2016-12-31": "8.49590", "2015-12-31": "8.75250", "2014-12-31": "8.12050", "2013-12-31": "8.08500", "2012-12-31": ""}, "Days Sales In Receivables": {"2019-12-31": "45.59500", "2018-12-31": "46.28620", "2017-12-31": "46.98210", "2016-12-31": "42.96170", "2015-12-31": "41.70240", "2014-12-31": "44.94810", "2013-12-31": "45.14510", "2012-12-31": ""}, "ROE - Return On Equity": {"2019-12-31": "-6.09420", "2018-12-31": "14.45830", "2017-12-31": "10.98980", "2016-12-31": "-8.44550", "2015-12-31": "2.02030", "2014-12-31": "-8.10160", "2013-12-31": "-21.58410", "2012-12-31": ""}, "Return On Tangible Equity": {"2019-12-31": "12.16310", "2018-12-31": "-20.83180", "2017-12-31": "-11.79130", "2016-12-31": "5.20670", "2015-12-31": "-1.14010", "2014-12-31": "0.95970", "2013-12-31": "3.93930", "2012-12-31": ""}, "ROA - Return On Assets": {"2019-12-31": "-1.62590", "2018-12-31": "3.26800", "2017-12-31": "2.08980", "2016-12-31": "-1.26900", "2015-12-31": "0.29400", "2014-12-31": "-0.33130", "2013-12-31": "-1.32380", "2012-12-31": ""}, "ROI - Return On Investment": {"2019-12-31": "-2.38830", "2018-12-31": "4.86430", "2017-12-31": "3.06390", "2016-12-31": "-1.87150", "2015-12-31": "0.42590", "2014-12-31": "-0.50520", "2013-12-31": "-2.03790", "2012-12-31": ""}, "Book Value Per Share": {"2019-12-31": "10.27150", "2018-12-31": "8.41000", "2017-12-31": "7.72570", "2016-12-31": "5.83500", "2015-12-31": "5.91810", "2014-12-31": "2.47600", "2013-12-31": "3.81460", "2012-12-31": ""}, "Operating Cash Flow Per Share": {"2019-12-31": 0.1789, "2018-12-31": 0.0401, "2017-12-31": -1.267, "2016-12-31": 0.3014, "2015-12-31": 1.6974, "2014-12-31": -1.6466, "2013-12-31": 2.7558, "2012-12-31": 0.1576}, "Free Cash Flow Per Share": {"2019-12-31": 0.3296, "2018-12-31": -0.1448, "2017-12-31": -1.0598, "2016-12-31": 0.844, "2015-12-31": 1.6224, "2014-12-31": -1.3937, "2013-12-31": 3.1364, "2012-12-31": -1.5291}}, "financial ratios, quarterly": {"Current Ratio": {"2020-09-30": "1.90490", "2020-06-30": "1.89400", "2020-03-31": "1.75200", "2019-12-31": "1.69280", "2019-09-30": "1.78200", "2019-06-30": "1.75400", "2019-03-31": "2.04220", "2018-12-31": "1.64000", "2018-09-30": "1.77120", "2018-06-30": "1.64660", "2018-03-31": "1.72950", "2017-12-31": "1.77430", "2017-09-30": "1.79170", "2017-06-30": "1.66830", "2017-03-31": "1.68090", "2016-12-31": "1.62610", "2016-09-30": "1.72200", "2016-06-30": "1.62580", "2016-03-31": "1.63450", "2015-12-31": "1.69800", "2015-09-30": "1.77730", "2015-06-30": "1.68350", "2015-03-31": "1.67030", "2014-12-31": "1.72610", "2014-09-30": "", "2014-06-30": "", "2014-03-31": "", "2013-12-31": "", "2012-12-31": ""}, "Long-term Debt / Capital": {"2020-09-30": "0.60310", "2020-06-30": "0.63020", "2020-03-31": "0.62950", "2019-12-31": "0.60810", "2019-09-30": "0.63050", "2019-06-30": "0.63720", "2019-03-31": "0.67470", "2018-12-31": "0.66360", "2018-09-30": "0.67390", "2018-06-30": "0.68870", "2018-03-31": "0.69720", "2017-12-31": "0.72120", "2017-09-30": "0.72970", "2017-06-30": "0.75110", "2017-03-31": "0.76850", "2016-12-31": "0.77840", "2016-09-30": "0.77630", "2016-06-30": "0.76400", "2016-03-31": "0.77500", "2015-12-31": "0.78920", "2015-09-30": "0.78310", "2015-06-30": "0.76500", "2015-03-31": "0.96080", "2014-12-31": "0.93760", "2014-09-30": "", "2014-06-30": "", "2014-03-31": "", "2013-12-31": "", "2012-12-31": ""}, "Debt/Equity Ratio": {"2020-09-30": "1.53540", "2020-06-30": "1.72030", "2020-03-31": "1.71580", "2019-12-31": "1.56650", "2019-09-30": "1.71860", "2019-06-30": "1.76910", "2019-03-31": "2.09180", "2018-12-31": "1.99730", "2018-09-30": "2.12050", "2018-06-30": "2.28680", "2018-03-31": "2.32690", "2017-12-31": "2.65610", "2017-09-30": "2.79130", "2017-06-30": "3.14080", "2017-03-31": "3.47740", "2016-12-31": "3.67860", "2016-09-30": "3.62510", "2016-06-30": "3.36800", "2016-03-31": "3.54430", "2015-12-31": "3.85800", "2015-09-30": "3.69760", "2015-06-30": "3.37140", "2015-03-31": "25.35020", "2014-12-31": "15.60820", "2014-09-30": "", "2014-06-30": "", "2014-03-31": "", "2013-12-31": "", "2012-12-31": ""}, "Gross Margin": {"2020-09-30": "24.68640", "2020-06-30": "24.34300", "2020-03-31": "24.08650", "2019-12-31": "24.23200", "2019-09-30": "22.82500", "2019-06-30": "22.33620", "2019-03-31": "22.98150", "2018-12-31": "22.53960", "2018-09-30": "21.99750", "2018-06-30": "21.09500", "2018-03-31": "22.54870", "2017-12-31": "22.70830", "2017-09-30": "22.19940", "2017-06-30": "20.75660", "2017-03-31": "21.98320", "2016-12-31": "22.80280", "2016-09-30": "21.90830", "2016-06-30": "19.68620", "2016-03-31": "21.52580", "2015-12-31": "21.34970", "2015-09-30": "20.41880", "2015-06-30": "18.61280", "2015-03-31": "20.07740", "2014-12-31": "19.46720", "2014-09-30": "18.90070", "2014-06-30": "17.49140", "2014-03-31": "18.77290", "2013-12-31": "", "2012-12-31": ""}, "Operating Margin": {"2020-09-30": "3.29480", "2020-06-30": "2.34920", "2020-03-31": "4.52240", "2019-12-31": "3.36890", "2019-09-30": "3.68620", "2019-06-30": "3.05660", "2019-03-31": "-2.42130", "2018-12-31": "3.17070", "2018-09-30": "4.67450", "2018-06-30": "4.94820", "2018-03-31": "5.00000", "2017-12-31": "5.03270", "2017-09-30": "4.30520", "2017-06-30": "3.72500", "2017-03-31": "3.37700", "2016-12-31": "3.02890", "2016-09-30": "-3.25050", "2016-06-30": "3.33260", "2016-03-31": "3.65680", "2015-12-31": "1.32740", "2015-09-30": "4.06560", "2015-06-30": "2.76880", "2015-03-31": "3.64060", "2014-12-31": "-2.36260", "2014-09-30": "4.04380", "2014-06-30": "3.35850", "2014-03-31": "2.76590", "2013-12-31": "", "2012-12-31": ""}, "EBIT Margin": {"2020-09-30": "3.29480", "2020-06-30": "2.34920", "2020-03-31": "4.52240", "2019-12-31": "3.36890", "2019-09-30": "3.68620", "2019-06-30": "3.05660", "2019-03-31": "-2.42130", "2018-12-31": "3.17070", "2018-09-30": "4.67450", "2018-06-30": "4.94820", "2018-03-31": "5.00000", "2017-12-31": "5.03270", "2017-09-30": "4.30520", "2017-06-30": "3.72500", "2017-03-31": "3.37700", "2016-12-31": "3.02900", "2016-09-30": "-3.25050", "2016-06-30": "3.33260", "2016-03-31": "3.65680", "2015-12-31": "1.32740", "2015-09-30": "4.06560", "2015-06-30": "2.76880", "2015-03-31": "3.64060", "2014-12-31": "-2.36260", "2014-09-30": "4.04380", "2014-06-30": "3.35850", "2014-03-31": "2.76590", "2013-12-31": "", "2012-12-31": ""}, "EBITDA Margin": {"2020-09-30": "", "2020-06-30": "", "2020-03-31": "", "2019-12-31": "", "2019-09-30": "", "2019-06-30": "", "2019-03-31": "", "2018-12-31": "", "2018-09-30": "", "2018-06-30": "", "2018-03-31": "", "2017-12-31": "", "2017-09-30": "", "2017-06-30": "", "2017-03-31": "", "2016-12-31": "", "2016-09-30": "", "2016-06-30": "", "2016-03-31": "", "2015-12-31": "", "2015-09-30": "", "2015-06-30": "", "2015-03-31": "", "2014-12-31": "", "2014-09-30": "", "2014-06-30": "", "2014-03-31": "", "2013-12-31": "", "2012-12-31": ""}, "Pre-Tax Profit Margin": {"2020-09-30": "1.57280", "2020-06-30": "0.66690", "2020-03-31": "2.51450", "2019-12-31": "0.51040", "2019-09-30": "1.91430", "2019-06-30": "1.37350", "2019-03-31": "-4.31940", "2018-12-31": "-0.33480", "2018-09-30": "3.28060", "2018-06-30": "3.51090", "2018-03-31": "3.50320", "2017-12-31": "3.09310", "2017-09-30": "2.21600", "2017-06-30": "1.71780", "2017-03-31": "1.21070", "2016-12-31": "-1.75450", "2016-09-30": "-5.38080", "2016-06-30": "1.79890", "2016-03-31": "0.95550", "2015-12-31": "-0.37130", "2015-09-30": "0.89290", "2015-06-30": "-0.51790", "2015-03-31": "1.18740", "2014-12-31": "-4.85090", "2014-09-30": "1.83990", "2014-06-30": "1.02400", "2014-03-31": "0.10330", "2013-12-31": "", "2012-12-31": ""}, "Net Profit Margin": {"2020-09-30": "1.43840", "2020-06-30": "0.08960", "2020-03-31": "2.52800", "2019-12-31": "-2.55680", "2019-09-30": "0.10470", "2019-06-30": "0.63070", "2019-03-31": "-2.95830", "2018-12-31": "0.06090", "2018-09-30": "2.32790", "2018-06-30": "2.36450", "2018-03-31": "3.03060", "2017-12-31": "1.37810", "2017-09-30": "1.89880", "2017-06-30": "1.39300", "2017-03-31": "1.13070", "2016-12-31": "-3.26620", "2016-09-30": "-3.15050", "2016-06-30": "1.75910", "2016-03-31": "0.70040", "2015-12-31": "-0.14750", "2015-09-30": "0.54840", "2015-06-30": "-0.49400", "2015-03-31": "0.85690", "2014-12-31": "-3.46010", "2014-09-30": "1.75550", "2014-06-30": "0.68150", "2014-03-31": "-0.11130", "2013-12-31": "", "2012-12-31": ""}, "Asset Turnover": {"2020-09-30": "0.31860", "2020-06-30": "0.30220", "2020-03-31": "0.32810", "2019-12-31": "0.33180", "2019-09-30": "0.35190", "2019-06-30": "0.36240", "2019-03-31": "0.27740", "2018-12-31": "0.37390", "2018-09-30": "0.38760", "2018-06-30": "0.41560", "2018-03-31": "0.37900", "2017-12-31": "0.34180", "2017-09-30": "0.36000", "2017-06-30": "0.38700", "2017-03-31": "0.35720", "2016-12-31": "0.33630", "2016-09-30": "0.35730", "2016-06-30": "0.38000", "2016-03-31": "0.33680", "2015-12-31": "0.35030", "2015-09-30": "0.37910", "2015-06-30": "0.41270", "2015-03-31": "0.38860", "2014-12-31": "0.39340", "2014-09-30": "", "2014-06-30": "", "2014-03-31": "", "2013-12-31": "", "2012-12-31": ""}, "Inventory Turnover Ratio": {"2020-09-30": "2.17320", "2020-06-30": "2.01310", "2020-03-31": "2.05410", "2019-12-31": "2.05130", "2019-09-30": "2.11070", "2019-06-30": "2.14000", "2019-03-31": "1.66930", "2018-12-31": "1.90080", "2018-09-30": "1.97010", "2018-06-30": "2.12670", "2018-03-31": "1.81300", "2017-12-31": "1.80380", "2017-09-30": "2.01170", "2017-06-30": "2.17860", "2017-03-31": "1.87900", "2016-12-31": "1.84930", "2016-09-30": "2.07220", "2016-06-30": "2.26660", "2016-03-31": "1.70090", "2015-12-31": "1.92490", "2015-09-30": "2.04210", "2015-06-30": "2.26280", "2015-03-31": "1.94360", "2014-12-31": "2.03940", "2014-09-30": "", "2014-06-30": "", "2014-03-31": "", "2013-12-31": "", "2012-12-31": ""}, "Receiveable Turnover": {"2020-09-30": "1.57360", "2020-06-30": "1.60660", "2020-03-31": "1.59790", "2019-12-31": "1.85760", "2019-09-30": "1.73530", "2019-06-30": "1.67350", "2019-03-31": "1.47290", "2018-12-31": "1.80070", "2018-09-30": "1.68970", "2018-06-30": "1.73280", "2018-03-31": "1.67480", "2017-12-31": "1.84410", "2017-09-30": "1.69970", "2017-06-30": "1.71070", "2017-03-31": "1.81360", "2016-12-31": "1.90730", "2016-09-30": "1.77340", "2016-06-30": "1.70750", "2016-03-31": "1.75320", "2015-12-31": "1.91610", "2015-09-30": "1.77440", "2015-06-30": "1.78320", "2015-03-31": "1.85040", "2014-12-31": "1.86870", "2014-09-30": "", "2014-06-30": "", "2014-03-31": "", "2013-12-31": "", "2012-12-31": ""}, "Days Sales In Receivables": {"2020-09-30": "57.19290", "2020-06-30": "56.01930", "2020-03-31": "56.32330", "2019-12-31": "48.44960", "2019-09-30": "51.86320", "2019-06-30": "53.77850", "2019-03-31": "61.10420", "2018-12-31": "49.98120", "2018-09-30": "53.26420", "2018-06-30": "51.93800", "2018-03-31": "53.73730", "2017-12-31": "48.80360", "2017-09-30": "52.94920", "2017-06-30": "52.61020", "2017-03-31": "49.62430", "2016-12-31": "47.18730", "2016-09-30": "50.74960", "2016-06-30": "52.70720", "2016-03-31": "51.33470", "2015-12-31": "46.97050", "2015-09-30": "50.72110", "2015-06-30": "50.46970", "2015-03-31": "48.63860", "2014-12-31": "48.16310", "2014-09-30": "", "2014-06-30": "", "2014-03-31": "", "2013-12-31": "", "2012-12-31": ""}, "ROE - Return On Equity": {"2020-09-30": "1.65050", "2020-06-30": "0.10570", "2020-03-31": "3.32030", "2019-12-31": "-3.17980", "2019-09-30": "0.14330", "2019-06-30": "0.95800", "2019-03-31": "-3.93040", "2018-12-31": "0.10070", "2018-09-30": "4.03020", "2018-06-30": "4.79080", "2018-03-31": "5.61040", "2017-12-31": "2.47680", "2017-09-30": "3.65500", "2017-06-30": "3.26140", "2017-03-31": "2.58260", "2016-12-31": "-7.30950", "2016-09-30": "-7.30180", "2016-06-30": "4.23990", "2016-03-31": "1.55500", "2015-12-31": "-0.35510", "2015-09-30": "1.41840", "2015-06-30": "-1.34240", "2015-03-31": "13.11580", "2014-12-31": "-33.29300", "2014-09-30": "", "2014-06-30": "", "2014-03-31": "", "2013-12-31": "", "2012-12-31": ""}, "Return On Tangible Equity": {"2020-09-30": "-3.70700", "2020-06-30": "-0.21530", "2020-03-31": "-6.44680", "2019-12-31": "6.34650", "2019-09-30": "-0.24690", "2019-06-30": "-1.55320", "2019-03-31": "6.42440", "2018-12-31": "-0.14510", "2018-09-30": "-5.97160", "2018-06-30": "-6.25910", "2018-03-31": "-7.08940", "2017-12-31": "-2.65750", "2017-09-30": "-3.63620", "2017-06-30": "-2.71350", "2017-03-31": "-1.82360", "2016-12-31": "4.50640", "2016-09-30": "4.86520", "2016-06-30": "-2.91660", "2016-03-31": "-0.98580", "2015-12-31": "0.20040", "2015-09-30": "-0.87930", "2015-06-30": "0.92540", "2015-03-31": "-0.93370", "2014-12-31": "3.94390", "2014-09-30": "", "2014-06-30": "", "2014-03-31": "", "2013-12-31": "", "2012-12-31": ""}, "ROA - Return On Assets": {"2020-09-30": "0.45820", "2020-06-30": "0.02710", "2020-03-31": "0.82950", "2019-12-31": "-0.84840", "2019-09-30": "0.03680", "2019-06-30": "0.23840", "2019-03-31": "-0.89880", "2018-12-31": "0.02280", "2018-09-30": "0.90230", "2018-06-30": "0.98260", "2018-03-31": "1.14850", "2017-12-31": "0.47100", "2017-09-30": "0.68360", "2017-06-30": "0.53900", "2017-03-31": "0.40390", "2016-12-31": "-1.09840", "2016-09-30": "-1.12560", "2016-06-30": "0.66840", "2016-03-31": "0.23590", "2015-12-31": "-0.05170", "2015-09-30": "0.20790", "2015-06-30": "-0.20390", "2015-03-31": "0.33300", "2014-12-31": "-1.36130", "2014-09-30": "", "2014-06-30": "", "2014-03-31": "", "2013-12-31": "", "2012-12-31": ""}, "ROI - Return On Investment": {"2020-09-30": "0.65510", "2020-06-30": "0.03910", "2020-03-31": "1.23010", "2019-12-31": "-1.24620", "2019-09-30": "0.05290", "2019-06-30": "0.34750", "2019-03-31": "-1.27850", "2018-12-31": "0.03390", "2018-09-30": "1.31410", "2018-06-30": "1.49160", "2018-03-31": "1.69910", "2017-12-31": "0.69050", "2017-09-30": "0.98810", "2017-06-30": "0.81190", "2017-03-31": "0.59780", "2016-12-31": "-1.61970", "2016-09-30": "-1.63360", "2016-06-30": "1.00050", "2016-03-31": "0.34980", "2015-12-31": "-0.07490", "2015-09-30": "0.30760", "2015-06-30": "-0.31550", "2015-03-31": "0.51410", "2014-12-31": "-2.07610", "2014-09-30": "", "2014-06-30": "", "2014-03-31": "", "2013-12-31": "", "2012-12-31": ""}, "Book Value Per Share": {"2020-09-30": "10.35480", "2020-06-30": "10.07810", "2020-03-31": "9.96800", "2019-12-31": "10.27150", "2019-09-30": "10.34990", "2019-06-30": "10.52490", "2019-03-31": "10.49500", "2018-12-31": "8.41000", "2018-09-30": "8.69140", "2018-06-30": "8.28150", "2018-03-31": "8.24980", "2017-12-31": "7.72570", "2017-09-30": "7.55890", "2017-06-30": "6.82570", "2017-03-31": "6.24180", "2016-12-31": "5.83500", "2016-09-30": "6.24760", "2016-06-30": "6.80710", "2016-03-31": "6.52390", "2015-12-31": "5.91810", "2015-09-30": "6.18390", "2015-06-30": "6.69610", "2015-03-31": "1.49750", "2014-12-31": "2.47600", "2014-09-30": "", "2014-06-30": "", "2014-03-31": "", "2013-12-31": "", "2012-12-31": ""}, "Operating Cash Flow Per Share": {"2020-09-30": 0.0472, "2020-06-30": 0.8942, "2020-03-31": "-0.46080", "2019-12-31": 2.0158, "2019-09-30": 1.2592, "2019-06-30": -0.2297, "2019-03-31": "-0.82770", "2018-12-31": 2.057, "2018-09-30": 0.3268, "2018-06-30": 0.6338, "2018-03-31": "-0.97890", "2017-12-31": 1.7454, "2017-09-30": 0.3417, "2017-06-30": 0.4591, "2017-03-31": "-0.54760", "2016-12-31": 1.6374, "2016-09-30": 0.7947, "2016-06-30": 0.364, "2016-03-31": "0.46950", "2015-12-31": 1.5827, "2015-09-30": 0.3251, "2015-06-30": 0.1789, "2015-03-31": "0.87750", "2014-12-31": 1.4833, "2014-09-30": 0.5385, "2014-06-30": -0.2716, "2014-03-31": "-0.48470", "2013-12-31": 0, "2012-12-31": 0}, "Free Cash Flow Per Share": {"2020-09-30": -0.1434, "2020-06-30": 0.8027, "2020-03-31": "-0.55800", "2019-12-31": 2.0074, "2019-09-30": 1.1163, "2019-06-30": -0.3851, "2019-03-31": "-0.93360", "2018-12-31": 1.8535, "2018-09-30": 0.267, "2018-06-30": 0.4324, "2018-03-31": "-1.07750", "2017-12-31": 1.7546, "2017-09-30": 0.2272, "2017-06-30": 0.3344, "2017-03-31": "-0.69600", "2016-12-31": 1.5006, "2016-09-30": 0.6522, "2016-06-30": 0.2282, "2016-03-31": "0.29900", "2015-12-31": 1.1554, "2015-09-30": 0.1825, "2015-06-30": -0.0786, "2015-03-31": "0.57670", "2014-12-31": 1.1344, "2014-09-30": 0.3006, "2014-06-30": -0.499, "2014-03-31": "-0.72260", "2013-12-31": 0, "2012-12-31": 0}}, "revenue": {"Univar Solutions Annual Revenue (Millions of US $)": {"2019": "$9,287", "2018": "$8,633", "2017": "$8,254", "2016": "$8,074", "2015": "$8,982", "2014": "$10,374", "2013": "$10,325", "2012": "$9,747"}, "Univar Solutions Quarterly Revenue (Millions of US $)": {"2020-09-30": "$2,009", "2020-06-30": "$2,009", "2020-03-31": "$2,211", "2019-12-31": "$2,155", "2019-09-30": "$2,387", "2019-06-30": "$2,585", "2019-03-31": "$2,160", "2018-12-31": "$1,971", "2018-09-30": "$2,131", "2018-06-30": "$2,373", "2018-03-31": "$2,158", "2017-12-31": "$1,959", "2017-09-30": "$2,049", "2017-06-30": "$2,247", "2017-03-31": "$1,999", "2016-12-31": "$1,813", "2016-09-30": "$2,000", "2016-06-30": "$2,263", "2016-03-31": "$1,999", "2015-12-31": "$1,966", "2015-09-30": "$2,206", "2015-06-30": "$2,510", "2015-03-31": "$2,299", "2014-12-31": "$2,387", "2014-09-30": "$2,609", "2014-06-30": "$2,861", "2014-03-31": "$2,516", "2013-12-31": "", "2012-12-31": ""}}, "gross-profit": {"Univar Solutions Annual Gross Profit (Millions of US $)": {"2019": "$2,141", "2018": "$1,900", "2017": "$1,806", "2016": "$1,727", "2015": "$1,799", "2014": "$1,931", "2013": "$1,876", "2012": "$1,823"}, "Univar Solutions Quarterly Gross Profit (Millions of US $)": {"2020-09-30": "$496", "2020-06-30": "$489", "2020-03-31": "$533", "2019-12-31": "$522", "2019-09-30": "$545", "2019-06-30": "$577", "2019-03-31": "$496", "2018-12-31": "$444", "2018-09-30": "$469", "2018-06-30": "$501", "2018-03-31": "$487", "2017-12-31": "$445", "2017-09-30": "$455", "2017-06-30": "$466", "2017-03-31": "$439", "2016-12-31": "$413", "2016-09-30": "$438", "2016-06-30": "$445", "2016-03-31": "$430", "2015-12-31": "$420", "2015-09-30": "$451", "2015-06-30": "$467", "2015-03-31": "$462", "2014-12-31": "$465", "2014-09-30": "$493", "2014-06-30": "$501", "2014-03-31": "$472", "2013-12-31": "", "2012-12-31": ""}}, "operating-income": {"Univar Solutions Annual Operating Income (Millions of US $)": {"2019": "$187", "2018": "$387", "2017": "$338", "2016": "$138", "2015": "$269", "2014": "$215", "2013": "$223", "2012": "$149"}, "Univar Solutions Quarterly Operating Income (Millions of US $)": {"2020-09-30": "$66", "2020-06-30": "$47", "2020-03-31": "$100", "2019-12-31": "$73", "2019-09-30": "$88", "2019-06-30": "$79", "2019-03-31": "$-52", "2018-12-31": "$63", "2018-09-30": "$100", "2018-06-30": "$117", "2018-03-31": "$108", "2017-12-31": "$99", "2017-09-30": "$88", "2017-06-30": "$84", "2017-03-31": "$68", "2016-12-31": "$55", "2016-09-30": "$-65", "2016-06-30": "$75", "2016-03-31": "$73", "2015-12-31": "$26", "2015-09-30": "$90", "2015-06-30": "$70", "2015-03-31": "$84", "2014-12-31": "$-56", "2014-09-30": "$106", "2014-06-30": "$96", "2014-03-31": "$70", "2013-12-31": "", "2012-12-31": ""}}, "ebitda": {"Univar Solutions Annual EBITDA (Millions of US $)": {"2019": "$411", "2018": "$577", "2017": "$546", "2016": "$380", "2015": "$494", "2014": "$449", "2013": "$462", "2012": "$358"}, "Univar Solutions Quarterly EBITDA (Millions of US $)": {"2020-09-30": "$124", "2020-06-30": "$104", "2020-03-31": "$159", "2019-12-31": "$130", "2019-09-30": "$144", "2019-06-30": "$140", "2019-03-31": "$-3", "2018-12-31": "$112", "2018-09-30": "$147", "2018-06-30": "$164", "2018-03-31": "$155", "2017-12-31": "$149", "2017-09-30": "$139", "2017-06-30": "$136", "2017-03-31": "$122", "2016-12-31": "$113", "2016-09-30": "$2", "2016-06-30": "$137", "2016-03-31": "$128", "2015-12-31": "$80", "2015-09-30": "$145", "2015-06-30": "$130", "2015-03-31": "$139", "2014-12-31": "$8", "2014-09-30": "$165", "2014-06-30": "$152", "2014-03-31": "$125", "2013-12-31": "", "2012-12-31": ""}}, "net-income": {"Univar Solutions Annual Net Income (Millions of US $)": {"2019": "$-100", "2018": "$172", "2017": "$120", "2016": "$-68", "2015": "$17", "2014": "$-20", "2013": "$-82", "2012": "$-197"}, "Univar Solutions Quarterly Net Income (Millions of US $)": {"2020-09-30": "$29", "2020-06-30": "$2", "2020-03-31": "$56", "2019-12-31": "$-55", "2019-09-30": "$3", "2019-06-30": "$16", "2019-03-31": "$-64", "2018-12-31": "$1", "2018-09-30": "$50", "2018-06-30": "$56", "2018-03-31": "$65", "2017-12-31": "$27", "2017-09-30": "$39", "2017-06-30": "$31", "2017-03-31": "$23", "2016-12-31": "$-59", "2016-09-30": "$-63", "2016-06-30": "$40", "2016-03-31": "$14", "2015-12-31": "$-3", "2015-09-30": "$12", "2015-06-30": "$-12", "2015-03-31": "$20", "2014-12-31": "$-83", "2014-09-30": "$46", "2014-06-30": "$20", "2014-03-31": "$-3", "2013-12-31": "", "2012-12-31": ""}}, "eps-earnings-per-share-diluted": {"Univar Solutions Annual EPS": {"2019": "$-0.61", "2018": "$1.21", "2017": "$0.85", "2016": "$-0.50", "2015": "$0.14", "2014": "$-0.20", "2013": "$-0.83", "2012": "$-2.01"}, "Univar Solutions Quarterly EPS": {"2020-09-30": "$0.17", "2020-06-30": "$0.01", "2020-03-31": "$0.33", "2019-12-31": "$-0.29", "2019-09-30": "$0.01", "2019-06-30": "$0.10", "2019-03-31": "$-0.43", "2018-12-31": "$0.00", "2018-09-30": "$0.35", "2018-06-30": "$0.40", "2018-03-31": "$0.46", "2017-12-31": "$0.19", "2017-09-30": "$0.28", "2017-06-30": "$0.22", "2017-03-31": "$0.16", "2016-12-31": "$-0.43", "2016-09-30": "$-0.46", "2016-06-30": "$0.29", "2016-03-31": "$0.10", "2015-12-31": "$-0.03", "2015-09-30": "$0.09", "2015-06-30": "$-0.12", "2015-03-31": "$0.20", "2014-12-31": "$-0.83", "2014-09-30": "$0.46", "2014-06-30": "$0.20", "2014-03-31": "$-0.03", "2013-12-31": "$0.00", "2012-12-31": "$0.00"}}, "shares-outstanding": {"Univar Solutions Annual Shares Outstanding (Millions of Shares)": {"2019": "164", "2018": "142", "2017": "141", "2016": "138", "2015": "120", "2014": "100", "2013": "99", "2012": "98"}, "Univar Solutions Quarterly Shares Outstanding (Millions of Shares)": {"2020-09-30": "170", "2020-06-30": "170", "2020-03-31": "170", "2019-12-31": "164", "2019-09-30": "170", "2019-06-30": "171", "2019-03-31": "149", "2018-12-31": "142", "2018-09-30": "142", "2018-06-30": "142", "2018-03-31": "142", "2017-12-31": "141", "2017-09-30": "141", "2017-06-30": "141", "2017-03-31": "141", "2016-12-31": "138", "2016-09-30": "138", "2016-06-30": "138", "2016-03-31": "138", "2015-12-31": "120", "2015-09-30": "138", "2015-06-30": "103", "2015-03-31": "100", "2014-12-31": "100", "2014-09-30": "101", "2014-06-30": "100", "2014-03-31": "100", "2013-12-31": "", "2012-12-31": ""}}, "total-assets": {"Univar Solutions Annual Total Assets (Millions of US $)": {"2019": "$6,495", "2018": "$5,272", "2017": "$5,733", "2016": "$5,390", "2015": "$5,612", "2014": "$6,068", "2013": "$6,217", "2012": "$0"}, "Univar Solutions Quarterly Total Assets (Millions of US $)": {"2020-09-30": "$6,307", "2020-06-30": "$6,649", "2020-03-31": "$6,739", "2019-12-31": "$6,495", "2019-09-30": "$6,785", "2019-06-30": "$7,131", "2019-03-31": "$7,788", "2018-12-31": "$5,272", "2018-09-30": "$5,497", "2018-06-30": "$5,709", "2018-03-31": "$5,694", "2017-12-31": "$5,733", "2017-09-30": "$5,690", "2017-06-30": "$5,807", "2017-03-31": "$5,596", "2016-12-31": "$5,390", "2016-09-30": "$5,597", "2016-06-30": "$5,954", "2016-03-31": "$5,935", "2015-12-31": "$5,612", "2015-09-30": "$5,820", "2015-06-30": "$6,082", "2015-03-31": "$5,916", "2014-12-31": "$6,068", "2014-09-30": "$0", "2014-06-30": "$0", "2014-03-31": "$0", "2013-12-31": "$6,217", "2012-12-31": "$0"}}, "cash-on-hand": {"Univar Solutions Annual Cash on Hand (Millions of US $)": {"2019": "$330", "2018": "$122", "2017": "$467", "2016": "$336", "2015": "$188", "2014": "$206", "2013": "$180", "2012": "$"}, "Univar Solutions Quarterly Cash on Hand (Millions of US $)": {"2020-09-30": "$274", "2020-06-30": "$547", "2020-03-31": "$380", "2019-12-31": "$330", "2019-09-30": "$135", "2019-06-30": "$110", "2019-03-31": "$788", "2018-12-31": "$122", "2018-09-30": "$86", "2018-06-30": "$129", "2018-03-31": "$116", "2017-12-31": "$467", "2017-09-30": "$294", "2017-06-30": "$322", "2017-03-31": "$301", "2016-12-31": "$336", "2016-09-30": "$267", "2016-06-30": "$224", "2016-03-31": "$222", "2015-12-31": "$188", "2015-09-30": "$187", "2015-06-30": "$197", "2015-03-31": "$181", "2014-12-31": "$206", "2014-09-30": "", "2014-06-30": "", "2014-03-31": "", "2013-12-31": "$180", "2012-12-31": ""}}, "long-term-debt": {"Univar Solutions Annual Long Term Debt (Millions of US $)": {"2019": "$2,689", "2018": "$2,350", "2017": "$2,820", "2016": "$2,845", "2015": "$3,057", "2014": "$3,731", "2013": "$3,657", "2012": "$"}, "Univar Solutions Quarterly Long Term Debt (Millions of US $)": {"2020-09-30": "$2,660", "2020-06-30": "$2,902", "2020-03-31": "$2,861", "2019-12-31": "$2,689", "2019-09-30": "$2,977", "2019-06-30": "$3,117", "2019-03-31": "$3,694", "2018-12-31": "$2,350", "2018-09-30": "$2,544", "2018-06-30": "$2,590", "2018-03-31": "$2,684", "2017-12-31": "$2,820", "2017-09-30": "$2,873", "2017-06-30": "$2,896", "2017-03-31": "$2,906", "2016-12-31": "$2,845", "2016-09-30": "$2,994", "2016-06-30": "$3,039", "2016-03-31": "$3,102", "2015-12-31": "$3,057", "2015-09-30": "$3,081", "2015-06-30": "$3,006", "2015-03-31": "$3,682", "2014-12-31": "$3,731", "2014-09-30": "", "2014-06-30": "", "2014-03-31": "", "2013-12-31": "$3,657", "2012-12-31": ""}}, "total-liabilities": {"Univar Solutions Annual Total Liabilities (Millions of US $)": {"2019": "$4,762", "2018": "$4,081", "2017": "$4,643", "2016": "$4,580", "2015": "$4,796", "2014": "$5,820", "2013": "$5,836", "2012": "$0"}, "Univar Solutions Quarterly Total Liabilities (Millions of US $)": {"2020-09-30": "$4,556", "2020-06-30": "$4,946", "2020-03-31": "$5,055", "2019-12-31": "$4,762", "2019-09-30": "$5,040", "2019-06-30": "$5,357", "2019-03-31": "$6,007", "2018-12-31": "$4,081", "2018-09-30": "$4,266", "2018-06-30": "$4,538", "2018-03-31": "$4,529", "2017-12-31": "$4,643", "2017-09-30": "$4,626", "2017-06-30": "$4,847", "2017-03-31": "$4,721", "2016-12-31": "$4,580", "2016-09-30": "$4,734", "2016-06-30": "$5,016", "2016-03-31": "$5,035", "2015-12-31": "$4,796", "2015-09-30": "$4,967", "2015-06-30": "$5,158", "2015-03-31": "$5,766", "2014-12-31": "$5,820", "2014-09-30": "$0", "2014-06-30": "$0", "2014-03-31": "$0", "2013-12-31": "$5,836", "2012-12-31": "$0"}}, "total-share-holder-equity": {"Univar Solutions Annual Share Holder Equity (Millions of US $)": {"2019": "$1,733", "2018": "$1,192", "2017": "$1,090", "2016": "$810", "2015": "$817", "2014": "$248", "2013": "$381", "2012": "$0"}, "Univar Solutions Quarterly Share Holder Equity (Millions of US $)": {"2020-09-30": "$1,751", "2020-06-30": "$1,703", "2020-03-31": "$1,684", "2019-12-31": "$1,733", "2019-09-30": "$1,745", "2019-06-30": "$1,775", "2019-03-31": "$1,781", "2018-12-31": "$1,192", "2018-09-30": "$1,231", "2018-06-30": "$1,171", "2018-03-31": "$1,166", "2017-12-31": "$1,090", "2017-09-30": "$1,064", "2017-06-30": "$960", "2017-03-31": "$875", "2016-12-31": "$810", "2016-09-30": "$863", "2016-06-30": "$939", "2016-03-31": "$900", "2015-12-31": "$817", "2015-09-30": "$853", "2015-06-30": "$924", "2015-03-31": "$150", "2014-12-31": "$248", "2014-09-30": "$0", "2014-06-30": "$0", "2014-03-31": "$0", "2013-12-31": "$381", "2012-12-31": "$0"}}, "profit-margins": {"current": "0.38%"}, "gross margin": {"2020-09-30": "24.33%", "2020-06-30": "23.84%", "2020-03-31": "23.31%", "2019-12-31": "23.04%", "2019-09-30": "22.65%", "2019-06-30": "22.45%", "2019-03-31": "22.12%", "2018-12-31": "22.02%", "2018-09-30": "22.06%", "2018-06-30": "22.11%", "2018-03-31": "22.03%", "2017-12-31": "21.87%", "2017-09-30": "21.87%", "2017-06-30": "21.79%", "2017-03-31": "21.49%", "2016-12-31": "21.37%", "2016-09-30": "21.06%", "2016-06-30": "20.70%", "2016-03-31": "20.37%", "2015-12-31": "20.04%", "2015-09-30": "19.62%", "2015-06-30": "19.25%", "2015-03-31": "18.91%", "2014-12-31": "18.62%"}, "operating margin": {"2020-09-30": "3.41%", "2020-06-30": "3.52%", "2020-03-31": "3.64%", "2019-12-31": "2.02%", "2019-09-30": "1.96%", "2019-06-30": "2.15%", "2019-03-31": "2.64%", "2018-12-31": "4.49%", "2018-09-30": "4.92%", "2018-06-30": "4.82%", "2018-03-31": "4.50%", "2017-12-31": "4.11%", "2017-09-30": "3.64%", "2017-06-30": "1.76%", "2017-03-31": "1.65%", "2016-12-31": "1.71%", "2016-09-30": "1.32%", "2016-06-30": "3.13%", "2016-03-31": "2.98%", "2015-12-31": "3.01%", "2015-09-30": "2.00%", "2015-06-30": "2.07%", "2015-03-31": "2.25%", "2014-12-31": "2.07%"}, "ebitda margin": {"2020-09-30": "6.17%", "2020-06-30": "6.13%", "2020-03-31": "6.14%", "2019-12-31": "4.43%", "2019-09-30": "4.32%", "2019-06-30": "4.48%", "2019-03-31": "4.86%", "2018-12-31": "6.70%", "2018-09-30": "7.13%", "2018-06-30": "7.11%", "2018-03-31": "6.88%", "2017-12-31": "6.61%", "2017-09-30": "6.29%", "2017-06-30": "4.63%", "2017-03-31": "4.63%", "2016-12-31": "4.71%", "2016-09-30": "4.22%", "2016-06-30": "5.81%", "2016-03-31": "5.56%", "2015-12-31": "5.50%", "2015-09-30": "4.49%", "2015-06-30": "4.50%", "2015-03-31": "4.56%", "2014-12-31": "4.33%"}, "pre tax profit margin": {"2020-09-30": "1.34%", "2020-06-30": "1.44%", "2020-03-31": "1.60%", "2019-12-31": "0.00%", "2019-09-30": "-0.20%", "2019-06-30": "0.07%", "2019-03-31": "0.61%", "2018-12-31": "2.57%", "2018-09-30": "3.36%", "2018-06-30": "3.10%", "2018-03-31": "2.63%", "2017-12-31": "2.05%", "2017-09-30": "0.94%", "2017-06-30": "-0.96%", "2017-03-31": "-0.93%", "2016-12-31": "-0.99%", "2016-09-30": "-0.67%", "2016-06-30": "0.87%", "2016-03-31": "0.22%", "2015-12-31": "0.30%", "2015-09-30": "-0.87%", "2015-06-30": "-0.55%", "2015-03-31": "-0.12%", "2014-12-31": "-0.35%"}, "net profit margin": {"2020-09-30": "0.38%", "2020-06-30": "0.07%", "2020-03-31": "0.21%", "2019-12-31": "-1.08%", "2019-09-30": "-0.48%", "2019-06-30": "0.03%", "2019-03-31": "0.50%", "2018-12-31": "1.99%", "2018-09-30": "2.30%", "2018-06-30": "2.19%", "2018-03-31": "1.93%", "2017-12-31": "1.45%", "2017-09-30": "0.42%", "2017-06-30": "-0.84%", "2017-03-31": "-0.73%", "2016-12-31": "-0.84%", "2016-09-30": "-0.15%", "2016-06-30": "0.75%", "2016-03-31": "0.13%", "2015-12-31": "0.19%", "2015-09-30": "-0.67%", "2015-06-30": "-0.30%", "2015-03-31": "0.03%", "2014-12-31": "-0.19%"}, "pe ratio": {"current": "15.98", "2021-02-05": "112.78", "2020-09-30": "93.78", "2020-06-30": "843.00", "2020-03-31": "97.45", "2019-12-31": "0.00", "2019-09-30": "0.00", "2019-06-30": "734.67", "2019-03-31": "67.15", "2018-12-31": "14.54", "2018-09-30": "21.90", "2018-06-30": "19.73", "2018-03-31": "24.13", "2017-12-31": "36.42", "2017-09-30": "125.78", "2017-06-30": "0.00", "2017-03-31": "0.00", "2016-12-31": "0.00", "2016-09-30": "0.00", "2016-06-30": "41.11", "2016-03-31": "343.60"}, "price sales": {"2021-02-05": "0.41", "2020-09-30": "0.34", "2020-06-30": "0.32", "2020-03-31": "0.19", "2019-12-31": "0.43", "2019-09-30": "0.36", "2019-06-30": "0.38", "2019-03-31": "0.37", "2018-12-31": "0.29", "2018-09-30": "0.50", "2018-06-30": "0.44", "2018-03-31": "0.47", "2017-12-31": "0.53", "2017-09-30": "0.50", "2017-06-30": "0.51", "2017-03-31": "0.53", "2016-12-31": "0.48", "2016-09-30": "0.35", "2016-06-30": "0.30", "2016-03-31": "0.24"}, "price book": {"current": "1.96", "2021-02-05": "1.96", "2020-09-30": "1.63", "2020-06-30": "1.67", "2020-03-31": "1.08", "2019-12-31": "2.36", "2019-09-30": "2.01", "2019-06-30": "2.09", "2019-03-31": "2.11", "2018-12-31": "2.11", "2018-09-30": "3.53", "2018-06-30": "3.17", "2018-03-31": "3.36", "2017-12-31": "4.01", "2017-09-30": "3.83", "2017-06-30": "4.28", "2017-03-31": "4.91", "2016-12-31": "4.86", "2016-09-30": "3.50", "2016-06-30": "2.78", "2016-03-31": "2.63", "2015-12-31": "2.87", "2015-09-30": "2.94", "2015-06-30": "3.89"}, "price fcf": {"2021-02-05": "", "2020-09-30": "$2.11", "2020-06-30": "$3.37", "2020-03-31": "$2.18", "2019-12-31": "$1.81", "2019-09-30": "$1.65", "2019-06-30": "$0.80", "2019-03-31": "$1.62", "2018-12-31": "$1.48", "2018-09-30": "$1.38", "2018-06-30": "$1.34", "2018-03-31": "$1.24", "2017-12-31": "$1.62", "2017-09-30": "$1.37", "2017-06-30": "$1.79", "2017-03-31": "$1.69", "2016-12-31": "$2.68", "2016-09-30": "$2.33", "2016-06-30": "$1.87", "2016-03-31": "$2.14"}, "net worth": {"value": "$3.43B"}, "current ratio": {"2020-09-30": "1.91", "2020-06-30": "1.89", "2020-03-31": "1.75", "2019-12-31": "1.69", "2019-09-30": "1.78", "2019-06-30": "1.75", "2019-03-31": "2.04", "2018-12-31": "1.64", "2018-09-30": "1.77", "2018-06-30": "1.65", "2018-03-31": "1.73", "2017-12-31": "1.77", "2017-09-30": "1.79", "2017-06-30": "1.67", "2017-03-31": "1.68", "2016-12-31": "1.63", "2016-09-30": "1.72", "2016-06-30": "1.63", "2016-03-31": "1.63", "2015-12-31": "1.70", "2015-09-30": "1.78", "2015-06-30": "1.68", "2015-03-31": "1.67", "2014-12-31": "1.73", "2014-09-30": "0.00", "2014-06-30": "0.00", "2014-03-31": "0.00", "2013-12-31": "1.60", "2012-12-31": "0.00"}, "quick ratio": {"2020-09-30": "1.36", "2020-06-30": "1.37", "2020-03-31": "1.24", "2019-12-31": "1.14", "2019-09-30": "1.18", "2019-06-30": "1.17", "2019-03-31": "1.45", "2018-12-31": "1.04", "2018-09-30": "1.14", "2018-06-30": "1.08", "2018-03-31": "1.09", "2017-12-31": "1.18", "2017-09-30": "1.21", "2017-06-30": "1.15", "2017-03-31": "1.10", "2016-12-31": "1.06", "2016-09-30": "1.16", "2016-06-30": "1.11", "2016-03-31": "1.02", "2015-12-31": "1.08", "2015-09-30": "1.16", "2015-06-30": "1.12", "2015-03-31": "1.06", "2014-12-31": "1.11", "2014-09-30": "0.00", "2014-06-30": "0.00", "2014-03-31": "0.00", "2013-12-31": "1.04", "2012-12-31": "0.00"}, "debt equity ratio": {"current": "1.52", "2020-09-30": "2.60", "2020-06-30": "2.90", "2020-03-31": "3.00", "2019-12-31": "2.75", "2019-09-30": "2.89", "2019-06-30": "3.02", "2019-03-31": "3.37", "2018-12-31": "3.42", "2018-09-30": "3.47", "2018-06-30": "3.88", "2018-03-31": "3.89", "2017-12-31": "4.26", "2017-09-30": "4.35", "2017-06-30": "5.05", "2017-03-31": "5.40", "2016-12-31": "5.66", "2016-09-30": "5.49", "2016-06-30": "5.34", "2016-03-31": "5.59", "2015-12-31": "5.87", "2015-09-30": "5.82", "2015-06-30": "5.58", "2015-03-31": "38.39", "2014-12-31": "23.46", "2014-09-30": "0.00", "2014-06-30": "0.00", "2014-03-31": "0.00", "2013-12-31": "15.31", "2012-12-31": "0.00"}, "return on equity": {"2020-09-30": "1.86%", "2020-06-30": "0.35%", "2020-03-31": "1.15%", "2019-12-31": "-5.69%", "2019-09-30": "-2.71%", "2019-06-30": "0.20%", "2019-03-31": "3.20%", "2018-12-31": "14.45%", "2018-09-30": "17.00%", "2018-06-30": "16.66%", "2018-03-31": "15.14%", "2017-12-31": "12.03%", "2017-09-30": "3.67%", "2017-06-30": "-7.75%", "2017-03-31": "-6.77%", "2016-12-31": "-7.74%", "2016-09-30": "-1.36%", "2016-06-30": "7.18%", "2016-03-31": "1.26%", "2015-12-31": "2.48%", "2015-09-30": "-11.59%", "2015-06-30": "-8.77%", "2015-03-31": "3.02%", "2014-12-31": "-32.26%"}, "return on assets": {"2020-09-30": "0.49%", "2020-06-30": "0.09%", "2020-03-31": "0.29%", "2019-12-31": "-1.42%", "2019-09-30": "-0.65%", "2019-06-30": "0.05%", "2019-03-31": "0.71%", "2018-12-31": "3.10%", "2018-09-30": "3.50%", "2018-06-30": "3.28%", "2018-03-31": "2.83%", "2017-12-31": "2.10%", "2017-09-30": "0.60%", "2017-06-30": "-1.21%", "2017-03-31": "-1.05%", "2016-12-31": "-1.19%", "2016-09-30": "-0.21%", "2016-06-30": "1.08%", "2016-03-31": "0.19%", "2015-12-31": "0.29%", "2015-09-30": "-1.06%", "2015-06-30": "-0.64%", "2015-03-31": "0.10%", "2014-12-31": "-1.32%"}, "return on investments": {"2020-09-30": "6.36%", "2020-06-30": "6.73%", "2020-03-31": "7.32%", "2019-12-31": "3.85%", "2019-09-30": "3.82%", "2019-06-30": "4.30%", "2019-03-31": "5.51%", "2018-12-31": "10.40%", "2018-09-30": "11.09%", "2018-06-30": "10.66%", "2018-03-31": "9.75%", "2017-12-31": "8.76%", "2017-09-30": "7.75%", "2017-06-30": "3.75%", "2017-03-31": "3.48%", "2016-12-31": "3.56%", "2016-09-30": "2.78%", "2016-06-30": "6.69%", "2016-03-31": "6.58%", "2015-12-31": "6.94%", "2015-09-30": "4.80%", "2015-06-30": "6.92%", "2015-03-31": "11.73%", "2014-12-31": "21.61%"}, "return on tangible equity": {"2020-09-30": "-3.82%", "2020-06-30": "-0.67%", "2020-03-31": "-2.08%", "2019-12-31": "9.84%", "2019-09-30": "4.37%", "2019-06-30": "-0.31%", "2019-03-31": "-4.72%", "2018-12-31": "-19.79%", "2018-09-30": "-21.60%", "2018-06-30": "-19.15%", "2018-03-31": "-15.57%", "2017-12-31": "-10.72%", "2017-09-30": "-2.85%", "2017-06-30": "5.44%", "2017-03-31": "4.53%", "2016-12-31": "5.04%", "2016-09-30": "0.87%", "2016-06-30": "-4.49%", "2016-03-31": "-0.79%", "2015-12-31": "-1.08%", "2015-09-30": "3.64%", "2015-06-30": "2.09%", "2015-03-31": "-0.29%", "2014-12-31": "3.82%"}, "dividend yield history": {"last payout": "$0.00", "last yield": "0.00%"}}