{"ticker": "OLED", "price": {"title": "Universal Display Historical Annual Stock Price Data", "value": 231.0, "historical": {"2021": {"Average Stock Price": "242.3004", "Year Open": "227.0200", "Year High": "260.2900", "Year Low": "227.0200", "Year Close": "231.0000", "Annual % Change": "0.52%"}, "2020": {"Average Stock Price": "175.9534", "Year Open": "212.8900", "Year High": "242.1700", "Year Low": "107.3700", "Year Close": "229.8000", "Annual % Change": "11.52%"}, "2019": {"Average Stock Price": "170.3225", "Year Open": "91.1600", "Year High": "224.7500", "Year Low": "79.3100", "Year Close": "206.0700", "Annual % Change": "120.23%"}, "2018": {"Average Stock Price": "113.7635", "Year Open": "173.7500", "Year High": "205.6000", "Year Low": "80.7500", "Year Close": "93.5700", "Annual % Change": "-45.80%"}, "2017": {"Average Stock Price": "114.5862", "Year Open": "57.3500", "Year High": "190.9500", "Year Low": "57.0000", "Year Close": "172.6500", "Annual % Change": "206.66%"}, "2016": {"Average Stock Price": "57.2825", "Year Open": "53.4300", "Year High": "73.8200", "Year Low": "41.6900", "Year Close": "56.3000", "Annual % Change": "3.42%"}, "2015": {"Average Stock Price": "42.9950", "Year Open": "27.9700", "Year High": "56.0200", "Year Low": "25.9800", "Year Close": "54.4400", "Annual % Change": "96.18%"}, "2014": {"Average Stock Price": "30.6251", "Year Open": "33.8100", "Year High": "37.4000", "Year Low": "22.9300", "Year Close": "27.7500", "Annual % Change": "-19.24%"}, "2013": {"Average Stock Price": "31.2963", "Year Open": "27.1800", "Year High": "38.2000", "Year Low": "25.2000", "Year Close": "34.3600", "Annual % Change": "34.11%"}, "2012": {"Average Stock Price": "35.2188", "Year Open": "32.6100", "Year High": "47.8300", "Year Low": "22.5200", "Year Close": "25.6200", "Annual % Change": "-30.17%"}, "2011": {"Average Stock Price": "42.3786", "Year Open": "31.8800", "Year High": "60.0700", "Year Low": "22.8000", "Year Close": "36.6900", "Annual % Change": "19.71%"}, "2010": {"Average Stock Price": "18.6138", "Year Open": "12.7000", "Year High": "31.9800", "Year Low": "10.5300", "Year Close": "30.6500", "Annual % Change": "147.98%"}, "2009": {"Average Stock Price": "10.1882", "Year Open": "9.7600", "Year High": "13.7200", "Year Low": "5.0400", "Year Close": "12.3600", "Annual % Change": "30.79%"}, "2008": {"Average Stock Price": "13.2764", "Year Open": "19.9500", "Year High": "20.7800", "Year Low": "5.5100", "Year Close": "9.4500", "Annual % Change": "-54.28%"}, "2007": {"Average Stock Price": "15.7909", "Year Open": "14.6000", "Year High": "21.8800", "Year Low": "12.0300", "Year Close": "20.6700", "Annual % Change": "37.71%"}, "2006": {"Average Stock Price": "12.7431", "Year Open": "10.9400", "Year High": "16.0800", "Year Low": "10.0200", "Year Close": "15.0100", "Annual % Change": "42.82%"}, "2005": {"Average Stock Price": "9.9868", "Year Open": "9.0100", "Year High": "13.6000", "Year Low": "5.8300", "Year Close": "10.5100", "Annual % Change": "16.78%"}, "2004": {"Average Stock Price": "11.2204", "Year Open": "13.6500", "Year High": "18.0000", "Year Low": "7.0380", "Year Close": "9.0000", "Annual % Change": "-34.40%"}, "2003": {"Average Stock Price": "9.7279", "Year Open": "8.0900", "Year High": "15.4500", "Year Low": "6.3300", "Year Close": "13.7200", "Annual % Change": "73.89%"}, "2002": {"Average Stock Price": "8.4296", "Year Open": "9.0000", "Year High": "11.8000", "Year Low": "4.9500", "Year Close": "7.8900", "Annual % Change": "-13.30%"}, "2001": {"Average Stock Price": "11.2658", "Year Open": "7.8130", "Year High": "20.0000", "Year Low": "6.5500", "Year Close": "9.1000", "Annual % Change": "26.60%"}, "2000": {"Average Stock Price": "19.1009", "Year Open": "18.6300", "Year High": "34.2500", "Year Low": "6.0000", "Year Close": "7.1880", "Annual % Change": "-57.09%"}, "1999": {"Average Stock Price": "4.4094", "Year Open": "4.2500", "Year High": "16.7500", "Year Low": "3.2500", "Year Close": "16.7500", "Annual % Change": "325.34%"}, "1998": {"Average Stock Price": "5.1452", "Year Open": "4.7500", "Year High": "6.6250", "Year Low": "3.5940", "Year Close": "3.9380", "Annual % Change": "-14.85%"}, "1997": {"Average Stock Price": "5.3005", "Year Open": "5.6250", "Year High": "7.7500", "Year Low": "3.8750", "Year Close": "4.6250", "Annual % Change": "-19.14%"}}}, "market cap": {"value": "$10.88B"}, "income statement": {"Revenue": {"2019-12-31": "405.17700", "2018-12-31": "247.41400", "2017-12-31": "335.62900", "2016-12-31": "198.88600", "2015-12-31": "191.04600", "2014-12-31": "191.03100", "2013-12-31": "146.63900", "2012-12-31": "83.24400", "2011-12-31": "61.28900", "2010-12-31": "30.54500", "2009-12-31": "15.78660", "2008-12-31": "11.07520", "2007-12-31": "11.30590", "2006-12-31": "11.92130", "2005-12-31": "10.14800"}, "Cost Of Goods Sold": {"2019-12-31": "75.37400", "2018-12-31": "53.54100", "2017-12-31": "54.69800", "2016-12-31": "26.28800", "2015-12-31": "62.99700", "2014-12-31": "41.31500", "2013-12-31": "28.88900", "2012-12-31": "4.52800", "2011-12-31": "3.73100", "2010-12-31": "0.88800", "2009-12-31": "0.37430", "2008-12-31": "0.60020", "2007-12-31": "0.89330", "2006-12-31": "0.65950", "2005-12-31": "0.49510"}, "Gross Profit": {"2019-12-31": "329.80300", "2018-12-31": "193.87300", "2017-12-31": "280.93100", "2016-12-31": "172.59800", "2015-12-31": "128.04900", "2014-12-31": "149.71600", "2013-12-31": "117.75000", "2012-12-31": "78.71600", "2011-12-31": "57.55800", "2010-12-31": "29.65700", "2009-12-31": "15.41230", "2008-12-31": "10.47500", "2007-12-31": "10.41260", "2006-12-31": "11.26180", "2005-12-31": "9.65280"}, "Research And Development Expenses": {"2019-12-31": "71.27600", "2018-12-31": "53.71700", "2017-12-31": "49.14400", "2016-12-31": "42.74400", "2015-12-31": "44.64100", "2014-12-31": "41.15400", "2013-12-31": "34.21500", "2012-12-31": "30.03200", "2011-12-31": "24.12900", "2010-12-31": "21.69500", "2009-12-31": "21.12220", "2008-12-31": "19.22070", "2007-12-31": "18.36050", "2006-12-31": "19.56200", "2005-12-31": "18.79800"}, "SG&A Expenses": {"2019-12-31": "59.61300", "2018-12-31": "46.99900", "2017-12-31": "46.80800", "2016-12-31": "32.87600", "2015-12-31": "29.04600", "2014-12-31": "28.13500", "2013-12-31": "24.74500", "2012-12-31": "19.55000", "2011-12-31": "18.94000", "2010-12-31": "13.04100", "2009-12-31": "10.92190", "2008-12-31": "10.17060", "2007-12-31": "9.56940", "2006-12-31": "8.90250", "2005-12-31": "7.70490"}, "Other Operating Income Or Expenses": {"2019-12-31": "-18.60900", "2018-12-31": "-14.46000", "2017-12-31": "-16.74900", "2016-12-31": "-12.07200", "2015-12-31": "-11.08700", "2014-12-31": "-10.81000", "2013-12-31": "-20.54600", "2012-12-31": "-15.45800", "2011-12-31": "-8.80200", "2010-12-31": "-5.14700", "2009-12-31": "-3.63510", "2008-12-31": "-3.74670", "2007-12-31": "-2.85460", "2006-12-31": "-0.68740", "2005-12-31": "-0.61010"}, "Operating Expenses": {"2019-12-31": "246.83400", "2018-12-31": "190.67900", "2017-12-31": "189.38200", "2016-12-31": "130.47300", "2015-12-31": "158.77000", "2014-12-31": "132.41100", "2013-12-31": "108.39500", "2012-12-31": "69.56800", "2011-12-31": "55.60200", "2010-12-31": "40.77100", "2009-12-31": "36.05340", "2008-12-31": "33.73810", "2007-12-31": "31.67780", "2006-12-31": "29.81140", "2005-12-31": "27.60820"}, "Operating Income": {"2019-12-31": "158.34300", "2018-12-31": "56.73500", "2017-12-31": "146.24700", "2016-12-31": "68.41300", "2015-12-31": "32.27600", "2014-12-31": "58.62000", "2013-12-31": "38.24400", "2012-12-31": "13.67600", "2011-12-31": "5.68700", "2010-12-31": "-10.22600", "2009-12-31": "-20.26680", "2008-12-31": "-22.66290", "2007-12-31": "-20.37190", "2006-12-31": "-17.89010", "2005-12-31": "-17.46020"}, "Total Non-Operating Income/Expense": {"2019-12-31": "11.56200", "2018-12-31": "7.57600", "2017-12-31": "3.29000", "2016-12-31": "0.18500", "2015-12-31": "0.78300", "2014-12-31": "0.70700", "2013-12-31": "0.76400", "2012-12-31": "1.19200", "2011-12-31": "-3.24600", "2010-12-31": "-9.82500", "2009-12-31": "-0.36840", "2008-12-31": "2.56070", "2007-12-31": "3.59100", "2006-12-31": "2.15870", "2005-12-31": "1.23440"}, "Pre-Tax Income": {"2019-12-31": "169.90500", "2018-12-31": "64.31100", "2017-12-31": "149.53700", "2016-12-31": "68.59800", "2015-12-31": "33.05900", "2014-12-31": "59.32700", "2013-12-31": "39.00800", "2012-12-31": "14.86800", "2011-12-31": "2.44100", "2010-12-31": "-20.05100", "2009-12-31": "-20.63520", "2008-12-31": "-20.10220", "2007-12-31": "-16.78080", "2006-12-31": "-15.73140", "2005-12-31": "-16.22580"}, "Income Taxes": {"2019-12-31": "31.60100", "2018-12-31": "5.47100", "2017-12-31": "45.65200", "2016-12-31": "20.52800", "2015-12-31": "18.38100", "2014-12-31": "17.47300", "2013-12-31": "-35.04400", "2012-12-31": "5.20800", "2011-12-31": "-0.71400", "2010-12-31": "-0.13400", "2009-12-31": "-0.12990", "2008-12-31": "-0.96250", "2007-12-31": "-0.80500", "2006-12-31": "-0.54460", "2005-12-31": "-0.42420"}, "Income After Taxes": {"2019-12-31": "138.30400", "2018-12-31": "58.84000", "2017-12-31": "103.88500", "2016-12-31": "48.07000", "2015-12-31": "14.67800", "2014-12-31": "41.85400", "2013-12-31": "74.05200", "2012-12-31": "9.66000", "2011-12-31": "3.15500", "2010-12-31": "-19.91700", "2009-12-31": "-20.50530", "2008-12-31": "-19.13970", "2007-12-31": "-15.97580", "2006-12-31": "-15.18680", "2005-12-31": "-15.80160"}, "Other Income": {"2019-12-31": "", "2018-12-31": "", "2017-12-31": "", "2016-12-31": "", "2015-12-31": "", "2014-12-31": "", "2013-12-31": "", "2012-12-31": "", "2011-12-31": "", "2010-12-31": "", "2009-12-31": "", "2008-12-31": "", "2007-12-31": "", "2006-12-31": "", "2005-12-31": ""}, "Income From Continuous Operations": {"2019-12-31": "138.30400", "2018-12-31": "58.84000", "2017-12-31": "103.88500", "2016-12-31": "48.07000", "2015-12-31": "14.67800", "2014-12-31": "41.85400", "2013-12-31": "74.05200", "2012-12-31": "9.66000", "2011-12-31": "3.15500", "2010-12-31": "-19.91700", "2009-12-31": "-20.50530", "2008-12-31": "-19.13970", "2007-12-31": "-15.97580", "2006-12-31": "-15.18680", "2005-12-31": "-15.80160"}, "Income From Discontinued Operations": {"2019-12-31": "", "2018-12-31": "", "2017-12-31": "", "2016-12-31": "", "2015-12-31": "", "2014-12-31": "", "2013-12-31": "", "2012-12-31": "", "2011-12-31": "", "2010-12-31": "", "2009-12-31": "", "2008-12-31": "", "2007-12-31": "", "2006-12-31": "", "2005-12-31": ""}, "Net Income": {"2019-12-31": "137.19800", "2018-12-31": "58.15000", "2017-12-31": "102.24700", "2016-12-31": "47.33600", "2015-12-31": "14.54000", "2014-12-31": "41.85400", "2013-12-31": "74.05200", "2012-12-31": "9.66000", "2011-12-31": "3.15500", "2010-12-31": "-19.91700", "2009-12-31": "-20.50530", "2008-12-31": "-19.13970", "2007-12-31": "-15.97580", "2006-12-31": "-15.18680", "2005-12-31": "-15.80160"}, "EBITDA": {"2019-12-31": "50.75000", "2018-12-31": "12.27300", "2017-12-31": "159.15600", "2016-12-31": "79.93900", "2015-12-31": "36.67000", "2014-12-31": "66.88900", "2013-12-31": "44.92300", "2012-12-31": "14.46100", "2011-12-31": "3.13700", "2010-12-31": "-12.34900", "2009-12-31": "-20.91470", "2008-12-31": "-21.59670", "2007-12-31": "-18.91440", "2006-12-31": "-14.52470", "2005-12-31": "-14.22310"}, "EBIT": {"2019-12-31": "158.34300", "2018-12-31": "56.73500", "2017-12-31": "146.24700", "2016-12-31": "68.41300", "2015-12-31": "32.27600", "2014-12-31": "58.62000", "2013-12-31": "38.24400", "2012-12-31": "13.67600", "2011-12-31": "5.68700", "2010-12-31": "-10.22600", "2009-12-31": "-20.26680", "2008-12-31": "-22.66290", "2007-12-31": "-20.37190", "2006-12-31": "-17.89010", "2005-12-31": "-17.46020"}, "Basic Shares Outstanding": {"2019-12-31": "46.96000", "2018-12-31": "46.85000", "2017-12-31": "46.72500", "2016-12-31": "46.40800", "2015-12-31": "46.81600", "2014-12-31": "46.25300", "2013-12-31": "45.89800", "2012-12-31": "45.95100", "2011-12-31": "43.73800", "2010-12-31": "37.56700", "2009-12-31": "36.47900", "2008-12-31": "35.93200", "2007-12-31": "33.76000", "2006-12-31": "30.85500", "2005-12-31": "28.46290"}, "Shares Outstanding": {"2019-12-31": "46.99500", "2018-12-31": "46.89700", "2017-12-31": "46.80500", "2016-12-31": "46.53600", "2015-12-31": "47.49400", "2014-12-31": "46.68500", "2013-12-31": "46.54400", "2012-12-31": "46.88400", "2011-12-31": "45.14000", "2010-12-31": "37.56700", "2009-12-31": "36.47900", "2008-12-31": "35.93200", "2007-12-31": "33.76000", "2006-12-31": "30.85500", "2005-12-31": "28.46290"}, "Basic EPS": {"2019-12-31": "2.92000", "2018-12-31": "1.24000", "2017-12-31": "2.19000", "2016-12-31": "1.02000", "2015-12-31": "0.31000", "2014-12-31": "0.90000", "2013-12-31": "1.61000", "2012-12-31": "0.21000", "2011-12-31": "0.07000", "2010-12-31": "-0.53000", "2009-12-31": "-0.56000", "2008-12-31": "-0.53000", "2007-12-31": "-0.47000", "2006-12-31": "-0.49000", "2005-12-31": "-0.56000"}, "EPS - Earnings Per Share": {"2019-12-31": "2.92000", "2018-12-31": "1.24000", "2017-12-31": "2.18000", "2016-12-31": "1.02000", "2015-12-31": "0.31000", "2014-12-31": "0.90000", "2013-12-31": "1.59000", "2012-12-31": "0.21000", "2011-12-31": "0.07000", "2010-12-31": "-0.53000", "2009-12-31": "-0.56000", "2008-12-31": "-0.53000", "2007-12-31": "-0.47000", "2006-12-31": "-0.49000", "2005-12-31": "-0.56000"}}, "income statement, quarterly": {"Revenue": {"2020-09-30": "117.07900", "2020-06-30": "57.96800", "2020-03-31": "112.27700", "2019-12-31": "101.72900", "2019-09-30": "97.51500", "2019-06-30": "118.16800", "2019-03-31": "87.76500", "2018-12-31": "70.14300", "2018-09-30": "77.55000", "2018-06-30": "56.14900", "2018-03-31": "43.57200", "2017-12-31": "115.86700", "2017-09-30": "61.68300", "2017-06-30": "102.51300", "2017-03-31": "55.56600", "2016-12-31": "74.57700", "2016-09-30": "30.21400", "2016-06-30": "64.39200", "2016-03-31": "29.70300", "2015-12-31": "62.31200", "2015-09-30": "39.41900", "2015-06-30": "58.09200", "2015-03-31": "31.22300", "2014-12-31": "56.17300", "2014-09-30": "32.89200", "2014-06-30": "64.12700", "2014-03-31": "37.83900", "2013-12-31": "49.47800", "2013-09-30": "32.82600", "2013-06-30": "49.35900", "2013-03-31": "14.97600", "2012-12-31": "28.13300", "2012-09-30": "12.50400", "2012-06-30": "29.98700", "2012-03-31": "12.62000", "2011-12-31": "18.65900", "2011-09-30": "21.77700", "2011-06-30": "11.25200", "2011-03-31": "9.60100", "2010-12-31": "10.79570", "2010-09-30": "7.05590", "2010-06-30": "8.44680", "2010-03-31": "4.24670", "2009-12-31": "4.85100", "2009-09-30": "5.14540", "2009-06-30": "2.95640", "2009-03-31": "2.83390", "2008-12-31": "3.58720", "2008-09-30": "2.62560", "2008-06-30": "2.14560", "2008-03-31": "2.71680", "2007-12-31": "2.89880", "2007-09-30": "3.07730", "2007-06-30": "2.31520", "2007-03-31": "3.01460", "2006-12-31": "2.54430", "2006-09-30": "3.09630", "2006-06-30": "3.00930", "2006-03-31": "3.27140", "2005-12-31": "2.29610", "2005-09-30": "3.37290", "2005-06-30": "3.01200", "2005-03-31": "1.46710"}, "Cost Of Goods Sold": {"2020-09-30": "23.37800", "2020-06-30": "12.64300", "2020-03-31": "22.45900", "2019-12-31": "18.20200", "2019-09-30": "17.28600", "2019-06-30": "24.07200", "2019-03-31": "15.81400", "2018-12-31": "18.32500", "2018-09-30": "16.12300", "2018-06-30": "11.63500", "2018-03-31": "7.45800", "2017-12-31": "16.93600", "2017-09-30": "13.46500", "2017-06-30": "11.31000", "2017-03-31": "12.98700", "2016-12-31": "9.09400", "2016-09-30": "6.45800", "2016-06-30": "5.68400", "2016-03-31": "5.05200", "2015-12-31": "8.08400", "2015-09-30": "7.24600", "2015-06-30": "39.08600", "2015-03-31": "8.58100", "2014-12-31": "12.07900", "2014-09-30": "7.38800", "2014-06-30": "11.95100", "2014-03-31": "9.89700", "2013-12-31": "7.73200", "2013-09-30": "9.78300", "2013-06-30": "8.28200", "2013-03-31": "3.09200", "2012-12-31": "0.73500", "2012-09-30": "1.09400", "2012-06-30": "1.61100", "2012-03-31": "1.08800", "2011-12-31": "1.08000", "2011-09-30": "2.40600", "2011-06-30": "0.14200", "2011-03-31": "0.10300", "2010-12-31": "0.24130", "2010-09-30": "0.32960", "2010-06-30": "0.21840", "2010-03-31": "0.09860", "2009-12-31": "-0.39210", "2009-09-30": "0.27720", "2009-06-30": "0.31820", "2009-03-31": "0.17100", "2008-12-31": "-0.06880", "2008-09-30": "0.22660", "2008-06-30": "0.24700", "2008-03-31": "0.19550", "2007-12-31": "0.16560", "2007-09-30": "0.28110", "2007-06-30": "0.16500", "2007-03-31": "0.28150", "2006-12-31": "0.21430", "2006-09-30": "0.13640", "2006-06-30": "0.07250", "2006-03-31": "0.23630", "2005-12-31": "0.41120", "2005-09-30": "0.04480", "2005-06-30": "0.01230", "2005-03-31": "0.02690"}, "Gross Profit": {"2020-09-30": "93.70100", "2020-06-30": "45.32500", "2020-03-31": "89.81800", "2019-12-31": "83.52700", "2019-09-30": "80.22900", "2019-06-30": "94.09600", "2019-03-31": "71.95100", "2018-12-31": "51.81800", "2018-09-30": "61.42700", "2018-06-30": "44.51400", "2018-03-31": "36.11400", "2017-12-31": "98.93100", "2017-09-30": "48.21800", "2017-06-30": "91.20300", "2017-03-31": "42.57900", "2016-12-31": "65.48300", "2016-09-30": "23.75600", "2016-06-30": "58.70800", "2016-03-31": "24.65100", "2015-12-31": "54.22800", "2015-09-30": "32.17300", "2015-06-30": "19.00600", "2015-03-31": "22.64200", "2014-12-31": "44.09400", "2014-09-30": "25.50400", "2014-06-30": "52.17600", "2014-03-31": "27.94200", "2013-12-31": "41.74600", "2013-09-30": "23.04300", "2013-06-30": "41.07700", "2013-03-31": "11.88400", "2012-12-31": "27.39800", "2012-09-30": "11.41000", "2012-06-30": "28.37600", "2012-03-31": "11.53200", "2011-12-31": "17.57900", "2011-09-30": "19.37100", "2011-06-30": "11.11000", "2011-03-31": "9.49800", "2010-12-31": "10.55430", "2010-09-30": "6.72620", "2010-06-30": "8.22840", "2010-03-31": "4.14800", "2009-12-31": "5.24310", "2009-09-30": "4.86820", "2009-06-30": "2.63820", "2009-03-31": "2.66290", "2008-12-31": "3.65600", "2008-09-30": "2.39910", "2008-06-30": "1.89860", "2008-03-31": "2.52130", "2007-12-31": "2.73320", "2007-09-30": "2.79620", "2007-06-30": "2.15010", "2007-03-31": "2.73310", "2006-12-31": "2.33000", "2006-09-30": "2.95990", "2006-06-30": "2.93680", "2006-03-31": "3.03510", "2005-12-31": "1.88490", "2005-09-30": "3.32810", "2005-06-30": "2.99970", "2005-03-31": "1.44020"}, "Research And Development Expenses": {"2020-09-30": "20.81400", "2020-06-30": "21.39700", "2020-03-31": "19.49700", "2019-12-31": "19.82700", "2019-09-30": "16.78700", "2019-06-30": "18.83300", "2019-03-31": "15.82900", "2018-12-31": "14.79500", "2018-09-30": "13.61600", "2018-06-30": "12.94900", "2018-03-31": "12.35700", "2017-12-31": "15.04500", "2017-09-30": "11.59600", "2017-06-30": "10.68500", "2017-03-31": "11.81800", "2016-12-31": "11.18100", "2016-09-30": "10.11800", "2016-06-30": "10.96900", "2016-03-31": "10.47600", "2015-12-31": "12.64100", "2015-09-30": "11.43400", "2015-06-30": "10.64700", "2015-03-31": "9.91900", "2014-12-31": "12.53900", "2014-09-30": "7.91500", "2014-06-30": "10.54400", "2014-03-31": "10.15600", "2013-12-31": "10.09900", "2013-09-30": "7.86200", "2013-06-30": "7.31600", "2013-03-31": "8.93800", "2012-12-31": "7.95800", "2012-09-30": "8.17700", "2012-06-30": "7.23600", "2012-03-31": "6.66100", "2011-12-31": "5.94300", "2011-09-30": "6.08000", "2011-06-30": "5.55100", "2011-03-31": "6.55500", "2010-12-31": "5.60560", "2010-09-30": "5.76010", "2010-06-30": "5.50050", "2010-03-31": "4.82880", "2009-12-31": "5.63970", "2009-09-30": "4.93870", "2009-06-30": "5.32470", "2009-03-31": "5.21910", "2008-12-31": "5.55450", "2008-09-30": "4.84870", "2008-06-30": "4.37730", "2008-03-31": "4.44010", "2007-12-31": "2.79510", "2007-09-30": "4.56830", "2007-06-30": "5.54380", "2007-03-31": "5.45330", "2006-12-31": "4.99860", "2006-09-30": "4.33150", "2006-06-30": "5.38870", "2006-03-31": "4.84320", "2005-12-31": "4.90610", "2005-09-30": "4.73460", "2005-06-30": "4.55200", "2005-03-31": "4.60530"}, "SG&A Expenses": {"2020-09-30": "13.57900", "2020-06-30": "16.14700", "2020-03-31": "15.40300", "2019-12-31": "19.08200", "2019-09-30": "12.62300", "2019-06-30": "15.93900", "2019-03-31": "11.96900", "2018-12-31": "12.52600", "2018-09-30": "12.12000", "2018-06-30": "11.56200", "2018-03-31": "10.79100", "2017-12-31": "15.19700", "2017-09-30": "11.69500", "2017-06-30": "9.83900", "2017-03-31": "10.07700", "2016-12-31": "10.06300", "2016-09-30": "8.46500", "2016-06-30": "7.68800", "2016-03-31": "6.66000", "2015-12-31": "8.63900", "2015-09-30": "7.22400", "2015-06-30": "6.98300", "2015-03-31": "6.20000", "2014-12-31": "8.53500", "2014-09-30": "6.62500", "2014-06-30": "6.54500", "2014-03-31": "6.43000", "2013-12-31": "6.82700", "2013-09-30": "6.41100", "2013-06-30": "6.33600", "2013-03-31": "5.17100", "2012-12-31": "4.77500", "2012-09-30": "5.27500", "2012-06-30": "5.18900", "2012-03-31": "4.31100", "2011-12-31": "5.61500", "2011-09-30": "4.95700", "2011-06-30": "4.49600", "2011-03-31": "3.87200", "2010-12-31": "3.32140", "2010-09-30": "3.45280", "2010-06-30": "3.62460", "2010-03-31": "2.64220", "2009-12-31": "2.92780", "2009-09-30": "2.65600", "2009-06-30": "2.71510", "2009-03-31": "2.62290", "2008-12-31": "2.67200", "2008-09-30": "2.44510", "2008-06-30": "2.67990", "2008-03-31": "2.37350", "2007-12-31": "2.43810", "2007-09-30": "2.20950", "2007-06-30": "2.56820", "2007-03-31": "2.35350", "2006-12-31": "2.70430", "2006-09-30": "1.96590", "2006-06-30": "2.23450", "2006-03-31": "1.99770", "2005-12-31": "2.31050", "2005-09-30": "1.73920", "2005-06-30": "1.76040", "2005-03-31": "1.89490"}, "Other Operating Income Or Expenses": {"2020-09-30": "-5.38800", "2020-06-30": "-3.47600", "2020-03-31": "-4.92200", "2019-12-31": "-4.63600", "2019-09-30": "-4.49600", "2019-06-30": "-5.17000", "2019-03-31": "-4.30700", "2018-12-31": "-3.74100", "2018-09-30": "-4.16600", "2018-06-30": "-3.59700", "2018-03-31": "-2.95600", "2017-12-31": "-5.31100", "2017-09-30": "-3.63900", "2017-06-30": "-4.66500", "2017-03-31": "-3.13400", "2016-12-31": "-3.94200", "2016-09-30": "-2.71500", "2016-06-30": "-3.19600", "2016-03-31": "-2.21900", "2015-12-31": "4.93700", "2015-09-30": "-5.13700", "2015-06-30": "-6.13500", "2015-03-31": "-4.75200", "2014-12-31": "5.05100", "2014-09-30": "-4.88400", "2014-06-30": "-6.24900", "2014-03-31": "-4.72800", "2013-12-31": "-5.40000", "2013-09-30": "-4.52300", "2013-06-30": "-5.69400", "2013-03-31": "-4.92900", "2012-12-31": "-6.28000", "2012-09-30": "-4.01900", "2012-06-30": "-3.04100", "2012-03-31": "-2.11800", "2011-12-31": "-2.45400", "2011-09-30": "-2.40000", "2011-06-30": "-2.13300", "2011-03-31": "-1.81500", "2010-12-31": "-1.83740", "2010-09-30": "-1.39590", "2010-06-30": "-1.01250", "2010-03-31": "-0.90130", "2009-12-31": "-0.84520", "2009-09-30": "-1.06620", "2009-06-30": "-0.90920", "2009-03-31": "-0.81450", "2008-12-31": "-1.22270", "2008-09-30": "-0.93810", "2008-06-30": "-0.77130", "2008-03-31": "-0.81460", "2007-12-31": "-2.63190", "2007-09-30": "-0.09110", "2007-06-30": "-0.03660", "2007-03-31": "-0.09500", "2006-12-31": "-0.16510", "2006-09-30": "-0.16900", "2006-06-30": "-0.16680", "2006-03-31": "-0.18650", "2005-12-31": "-0.14780", "2005-09-30": "-0.16230", "2005-06-30": "-0.15000", "2005-03-31": "-0.15000"}, "Operating Expenses": {"2020-09-30": "68.65300", "2020-06-30": "59.15300", "2020-03-31": "67.77100", "2019-12-31": "67.24000", "2019-09-30": "56.68500", "2019-06-30": "69.50400", "2019-03-31": "53.40500", "2018-12-31": "54.87000", "2018-09-30": "51.51800", "2018-06-30": "45.23800", "2018-03-31": "39.05300", "2017-12-31": "57.98700", "2017-09-30": "45.89300", "2017-06-30": "41.99400", "2017-03-31": "43.50800", "2016-12-31": "39.73200", "2016-09-30": "33.21700", "2016-06-30": "30.36700", "2016-03-31": "27.15700", "2015-12-31": "35.42600", "2015-09-30": "31.04100", "2015-06-30": "62.85100", "2015-03-31": "29.45200", "2014-12-31": "39.09900", "2014-09-30": "26.81200", "2014-06-30": "35.28900", "2014-03-31": "31.21100", "2013-12-31": "30.05800", "2013-09-30": "28.57900", "2013-06-30": "27.62800", "2013-03-31": "22.13000", "2012-12-31": "19.74800", "2012-09-30": "18.56500", "2012-06-30": "17.07700", "2012-03-31": "14.17800", "2011-12-31": "15.09200", "2011-09-30": "15.84300", "2011-06-30": "12.32200", "2011-03-31": "12.34500", "2010-12-31": "11.00560", "2010-09-30": "10.93840", "2010-06-30": "10.35600", "2010-03-31": "8.47100", "2009-12-31": "9.02070", "2009-09-30": "8.93820", "2009-06-30": "9.26710", "2009-03-31": "8.82750", "2008-12-31": "9.38040", "2008-09-30": "8.45850", "2008-06-30": "8.07550", "2008-03-31": "7.82370", "2007-12-31": "8.03070", "2007-09-30": "7.15000", "2007-06-30": "8.31370", "2007-03-31": "8.18340", "2006-12-31": "8.08230", "2006-09-30": "6.60290", "2006-06-30": "7.86250", "2006-03-31": "7.26370", "2005-12-31": "7.77560", "2005-09-30": "6.68080", "2005-06-30": "6.47480", "2005-03-31": "6.67710"}, "Operating Income": {"2020-09-30": "48.42600", "2020-06-30": "-1.18500", "2020-03-31": "44.50600", "2019-12-31": "34.48900", "2019-09-30": "40.83000", "2019-06-30": "48.66400", "2019-03-31": "34.36000", "2018-12-31": "15.27300", "2018-09-30": "26.03200", "2018-06-30": "10.91100", "2018-03-31": "4.51900", "2017-12-31": "57.88000", "2017-09-30": "15.79000", "2017-06-30": "60.51900", "2017-03-31": "12.05800", "2016-12-31": "34.84500", "2016-09-30": "-3.00300", "2016-06-30": "34.02500", "2016-03-31": "2.54600", "2015-12-31": "26.88600", "2015-09-30": "8.37800", "2015-06-30": "-4.75900", "2015-03-31": "1.77100", "2014-12-31": "17.07400", "2014-09-30": "6.08000", "2014-06-30": "28.83800", "2014-03-31": "6.62800", "2013-12-31": "19.42000", "2013-09-30": "4.24700", "2013-06-30": "21.73100", "2013-03-31": "-7.15400", "2012-12-31": "8.38500", "2012-09-30": "-6.06100", "2012-06-30": "12.91000", "2012-03-31": "-1.55800", "2011-12-31": "3.56700", "2011-09-30": "5.93400", "2011-06-30": "-1.07000", "2011-03-31": "-2.74400", "2010-12-31": "-0.21000", "2010-09-30": "-3.88250", "2010-06-30": "-1.90910", "2010-03-31": "-4.22430", "2009-12-31": "-4.16970", "2009-09-30": "-3.79280", "2009-06-30": "-6.31080", "2009-03-31": "-5.99360", "2008-12-31": "-5.79320", "2008-09-30": "-5.83290", "2008-06-30": "-5.92990", "2008-03-31": "-5.10690", "2007-12-31": "-5.13180", "2007-09-30": "-4.07270", "2007-06-30": "-5.99850", "2007-03-31": "-5.16880", "2006-12-31": "-5.53800", "2006-09-30": "-3.50660", "2006-06-30": "-4.85320", "2006-03-31": "-3.99230", "2005-12-31": "-5.47960", "2005-09-30": "-3.30790", "2005-06-30": "-3.46280", "2005-03-31": "-5.21000"}, "Total Non-Operating Income/Expense": {"2020-09-30": "1.29100", "2020-06-30": "1.43800", "2020-03-31": "2.34900", "2019-12-31": "2.48600", "2019-09-30": "2.80100", "2019-06-30": "3.16200", "2019-03-31": "3.11300", "2018-12-31": "2.48700", "2018-09-30": "2.11100", "2018-06-30": "1.75400", "2018-03-31": "1.22400", "2017-12-31": "0.96900", "2017-09-30": "0.86700", "2017-06-30": "0.80200", "2017-03-31": "0.65200", "2016-12-31": "0.53700", "2016-09-30": "0.50000", "2016-06-30": "-1.17600", "2016-03-31": "0.32400", "2015-12-31": "-0.04100", "2015-09-30": "0.20900", "2015-06-30": "0.45400", "2015-03-31": "0.16100", "2014-12-31": "0.16400", "2014-09-30": "0.17000", "2014-06-30": "0.17200", "2014-03-31": "0.20100", "2013-12-31": "0.20100", "2013-09-30": "0.19300", "2013-06-30": "0.16800", "2013-03-31": "0.20200", "2012-12-31": "0.24900", "2012-09-30": "0.26700", "2012-06-30": "0.33900", "2012-03-31": "0.33700", "2011-12-31": "0.33100", "2011-09-30": "0.59100", "2011-06-30": "4.67200", "2011-03-31": "-8.84000", "2010-12-31": "-4.77590", "2010-09-30": "-3.30400", "2010-06-30": "-2.52700", "2010-03-31": "0.78180", "2009-12-31": "0.19200", "2009-09-30": "-0.88010", "2009-06-30": "-0.10440", "2009-03-31": "0.42400", "2008-12-31": "0.39310", "2008-09-30": "0.52990", "2008-06-30": "0.72420", "2008-03-31": "0.91350", "2007-12-31": "1.07080", "2007-09-30": "1.11220", "2007-06-30": "0.82310", "2007-03-31": "0.58500", "2006-12-31": "0.58470", "2006-09-30": "0.56330", "2006-06-30": "0.54050", "2006-03-31": "0.47030", "2005-12-31": "0.41380", "2005-09-30": "0.32880", "2005-06-30": "0.27280", "2005-03-31": "0.21910"}, "Pre-Tax Income": {"2020-09-30": "49.71700", "2020-06-30": "0.25300", "2020-03-31": "46.85500", "2019-12-31": "36.97500", "2019-09-30": "43.63100", "2019-06-30": "51.82600", "2019-03-31": "37.47300", "2018-12-31": "17.76000", "2018-09-30": "28.14300", "2018-06-30": "12.66500", "2018-03-31": "5.74300", "2017-12-31": "58.84900", "2017-09-30": "16.65700", "2017-06-30": "61.32100", "2017-03-31": "12.71000", "2016-12-31": "35.38200", "2016-09-30": "-2.50300", "2016-06-30": "32.84900", "2016-03-31": "2.87000", "2015-12-31": "26.84500", "2015-09-30": "8.58700", "2015-06-30": "-4.30500", "2015-03-31": "1.93200", "2014-12-31": "17.23800", "2014-09-30": "6.25000", "2014-06-30": "29.01000", "2014-03-31": "6.82900", "2013-12-31": "19.62100", "2013-09-30": "4.44000", "2013-06-30": "21.89900", "2013-03-31": "-6.95200", "2012-12-31": "8.63400", "2012-09-30": "-5.79400", "2012-06-30": "13.24900", "2012-03-31": "-1.22100", "2011-12-31": "3.89800", "2011-09-30": "6.52500", "2011-06-30": "3.60200", "2011-03-31": "-11.58400", "2010-12-31": "-4.98580", "2010-09-30": "-7.18660", "2010-06-30": "-4.43610", "2010-03-31": "-3.44250", "2009-12-31": "-3.97760", "2009-09-30": "-4.67280", "2009-06-30": "-6.41520", "2009-03-31": "-5.56960", "2008-12-31": "-5.40010", "2008-09-30": "-5.30300", "2008-06-30": "-5.20580", "2008-03-31": "-4.19340", "2007-12-31": "-4.06110", "2007-09-30": "-2.96060", "2007-06-30": "-5.17540", "2007-03-31": "-4.58380", "2006-12-31": "-4.95340", "2006-09-30": "-2.94330", "2006-06-30": "-4.31270", "2006-03-31": "-3.52200", "2005-12-31": "-5.06580", "2005-09-30": "-2.97910", "2005-06-30": "-3.19000", "2005-03-31": "-4.99090"}, "Income Taxes": {"2020-09-30": "9.21700", "2020-06-30": "-0.56200", "2020-03-31": "8.70000", "2019-12-31": "10.54700", "2019-09-30": "6.66900", "2019-06-30": "8.38600", "2019-03-31": "5.99900", "2018-12-31": "-1.48900", "2018-09-30": "5.32500", "2018-06-30": "1.85100", "2018-03-31": "-0.21600", "2017-12-31": "26.03600", "2017-09-30": "3.13700", "2017-06-30": "14.13400", "2017-03-31": "2.34500", "2016-12-31": "9.56300", "2016-09-30": "-1.00300", "2016-06-30": "11.04700", "2016-03-31": "0.92100", "2015-12-31": "8.75700", "2015-09-30": "1.54000", "2015-06-30": "7.46600", "2015-03-31": "0.61800", "2014-12-31": "4.11200", "2014-09-30": "1.96600", "2014-06-30": "8.58800", "2014-03-31": "2.80700", "2013-12-31": "-38.26500", "2013-09-30": "-1.10200", "2013-06-30": "6.51700", "2013-03-31": "-2.19400", "2012-12-31": "3.24900", "2012-09-30": "-0.32600", "2012-06-30": "2.28500", "2012-03-31": "", "2011-12-31": "-1.83600", "2011-09-30": "0.53600", "2011-06-30": "0.28900", "2011-03-31": "0.29700", "2010-12-31": "0.33020", "2010-09-30": "0.00000", "2010-06-30": "", "2010-03-31": "-0.46420", "2009-12-31": "", "2009-09-30": "", "2009-06-30": "", "2009-03-31": "", "2008-12-31": "", "2008-09-30": "", "2008-06-30": "", "2008-03-31": "", "2007-12-31": "", "2007-09-30": "", "2007-06-30": "", "2007-03-31": "", "2006-12-31": "", "2006-09-30": "", "2006-06-30": "", "2006-03-31": "", "2005-12-31": "", "2005-09-30": "", "2005-06-30": "", "2005-03-31": ""}, "Income After Taxes": {"2020-09-30": "40.50000", "2020-06-30": "0.81500", "2020-03-31": "38.15500", "2019-12-31": "26.42800", "2019-09-30": "36.96200", "2019-06-30": "43.44000", "2019-03-31": "31.47400", "2018-12-31": "19.24900", "2018-09-30": "22.81800", "2018-06-30": "10.81400", "2018-03-31": "5.95900", "2017-12-31": "32.81300", "2017-09-30": "13.52000", "2017-06-30": "47.18700", "2017-03-31": "10.36500", "2016-12-31": "25.81900", "2016-09-30": "-1.50000", "2016-06-30": "21.80200", "2016-03-31": "1.94900", "2015-12-31": "18.08800", "2015-09-30": "7.04700", "2015-06-30": "-11.77100", "2015-03-31": "1.31400", "2014-12-31": "13.12600", "2014-09-30": "4.28400", "2014-06-30": "20.42200", "2014-03-31": "4.02200", "2013-12-31": "57.88600", "2013-09-30": "5.54200", "2013-06-30": "15.38200", "2013-03-31": "-4.75800", "2012-12-31": "5.38500", "2012-09-30": "-5.46800", "2012-06-30": "10.96400", "2012-03-31": "-1.22100", "2011-12-31": "5.73400", "2011-09-30": "5.98900", "2011-06-30": "3.31300", "2011-03-31": "-11.88100", "2010-12-31": "-5.31600", "2010-09-30": "-7.18660", "2010-06-30": "-4.43610", "2010-03-31": "-2.97830", "2009-12-31": "-3.84770", "2009-09-30": "-4.67280", "2009-06-30": "-6.41520", "2009-03-31": "-5.56960", "2008-12-31": "-4.43760", "2008-09-30": "-5.30300", "2008-06-30": "-5.20580", "2008-03-31": "-4.19340", "2007-12-31": "-3.25610", "2007-09-30": "-2.96060", "2007-06-30": "-5.17540", "2007-03-31": "-4.58380", "2006-12-31": "-4.40880", "2006-09-30": "-2.94330", "2006-06-30": "-4.31270", "2006-03-31": "-3.52200", "2005-12-31": "-4.64160", "2005-09-30": "-2.97910", "2005-06-30": "-3.19000", "2005-03-31": "-4.99090"}, "Other Income": {"2020-09-30": "", "2020-06-30": "", "2020-03-31": "", "2019-12-31": "", "2019-09-30": "", "2019-06-30": "", "2019-03-31": "", "2018-12-31": "", "2018-09-30": "", "2018-06-30": "", "2018-03-31": "", "2017-12-31": "", "2017-09-30": "", "2017-06-30": "", "2017-03-31": "", "2016-12-31": "", "2016-09-30": "", "2016-06-30": "", "2016-03-31": "", "2015-12-31": "", "2015-09-30": "", "2015-06-30": "", "2015-03-31": "", "2014-12-31": "", "2014-09-30": "", "2014-06-30": "", "2014-03-31": "", "2013-12-31": "", "2013-09-30": "", "2013-06-30": "", "2013-03-31": "", "2012-12-31": "", "2012-09-30": "", "2012-06-30": "", "2012-03-31": "", "2011-12-31": "", "2011-09-30": "", "2011-06-30": "", "2011-03-31": "", "2010-12-31": "", "2010-09-30": "", "2010-06-30": "", "2010-03-31": "", "2009-12-31": "", "2009-09-30": "", "2009-06-30": "", "2009-03-31": "", "2008-12-31": "", "2008-09-30": "", "2008-06-30": "", "2008-03-31": "", "2007-12-31": "", "2007-09-30": "", "2007-06-30": "", "2007-03-31": "", "2006-12-31": "", "2006-09-30": "", "2006-06-30": "", "2006-03-31": "", "2005-12-31": "", "2005-09-30": "", "2005-06-30": "", "2005-03-31": ""}, "Income From Continuous Operations": {"2020-09-30": "40.50000", "2020-06-30": "0.81500", "2020-03-31": "38.15500", "2019-12-31": "26.42800", "2019-09-30": "36.96200", "2019-06-30": "43.44000", "2019-03-31": "31.47400", "2018-12-31": "19.24900", "2018-09-30": "22.81800", "2018-06-30": "10.81400", "2018-03-31": "5.95900", "2017-12-31": "32.81300", "2017-09-30": "13.52000", "2017-06-30": "47.18700", "2017-03-31": "10.36500", "2016-12-31": "25.81900", "2016-09-30": "-1.50000", "2016-06-30": "21.80200", "2016-03-31": "1.94900", "2015-12-31": "18.08800", "2015-09-30": "7.04700", "2015-06-30": "-11.77100", "2015-03-31": "1.31400", "2014-12-31": "13.12600", "2014-09-30": "4.28400", "2014-06-30": "20.42200", "2014-03-31": "4.02200", "2013-12-31": "57.88600", "2013-09-30": "5.54200", "2013-06-30": "15.38200", "2013-03-31": "-4.75800", "2012-12-31": "5.38500", "2012-09-30": "-5.46800", "2012-06-30": "10.96400", "2012-03-31": "-1.22100", "2011-12-31": "5.73400", "2011-09-30": "5.98900", "2011-06-30": "3.31300", "2011-03-31": "-11.88100", "2010-12-31": "-5.31600", "2010-09-30": "-7.18660", "2010-06-30": "-4.43610", "2010-03-31": "-2.97830", "2009-12-31": "-3.84770", "2009-09-30": "-4.67280", "2009-06-30": "-6.41520", "2009-03-31": "-5.56960", "2008-12-31": "-4.43760", "2008-09-30": "-5.30300", "2008-06-30": "-5.20580", "2008-03-31": "-4.19340", "2007-12-31": "-3.25610", "2007-09-30": "-2.96060", "2007-06-30": "-5.17540", "2007-03-31": "-4.58380", "2006-12-31": "-4.40880", "2006-09-30": "-2.94330", "2006-06-30": "-4.31270", "2006-03-31": "-3.52200", "2005-12-31": "-4.64160", "2005-09-30": "-2.97910", "2005-06-30": "-3.19000", "2005-03-31": "-4.99090"}, "Income From Discontinued Operations": {"2020-09-30": "", "2020-06-30": "", "2020-03-31": "", "2019-12-31": "", "2019-09-30": "", "2019-06-30": "", "2019-03-31": "", "2018-12-31": "", "2018-09-30": "", "2018-06-30": "", "2018-03-31": "", "2017-12-31": "", "2017-09-30": "", "2017-06-30": "", "2017-03-31": "", "2016-12-31": "", "2016-09-30": "", "2016-06-30": "", "2016-03-31": "", "2015-12-31": "", "2015-09-30": "", "2015-06-30": "", "2015-03-31": "", "2014-12-31": "", "2014-09-30": "", "2014-06-30": "", "2014-03-31": "", "2013-12-31": "", "2013-09-30": "", "2013-06-30": "", "2013-03-31": "", "2012-12-31": "", "2012-09-30": "", "2012-06-30": "", "2012-03-31": "", "2011-12-31": "", "2011-09-30": "", "2011-06-30": "", "2011-03-31": "", "2010-12-31": "", "2010-09-30": "", "2010-06-30": "", "2010-03-31": "", "2009-12-31": "", "2009-09-30": "", "2009-06-30": "", "2009-03-31": "", "2008-12-31": "", "2008-09-30": "", "2008-06-30": "", "2008-03-31": "", "2007-12-31": "", "2007-09-30": "", "2007-06-30": "", "2007-03-31": "", "2006-12-31": "", "2006-09-30": "", "2006-06-30": "", "2006-03-31": "", "2005-12-31": "", "2005-09-30": "", "2005-06-30": "", "2005-03-31": ""}, "Net Income": {"2020-09-30": "40.22300", "2020-06-30": "0.80900", "2020-03-31": "37.81600", "2019-12-31": "26.22800", "2019-09-30": "36.70200", "2019-06-30": "43.11900", "2019-03-31": "31.14900", "2018-12-31": "18.80100", "2018-09-30": "22.57600", "2018-06-30": "10.81400", "2018-03-31": "5.95900", "2017-12-31": "32.10100", "2017-09-30": "13.32100", "2017-06-30": "46.46000", "2017-03-31": "10.36500", "2016-12-31": "25.08500", "2016-09-30": "-1.50000", "2016-06-30": "21.80200", "2016-03-31": "1.94900", "2015-12-31": "17.95000", "2015-09-30": "7.04700", "2015-06-30": "-11.77100", "2015-03-31": "1.31400", "2014-12-31": "13.12600", "2014-09-30": "4.28400", "2014-06-30": "20.42200", "2014-03-31": "4.02200", "2013-12-31": "57.88600", "2013-09-30": "5.54200", "2013-06-30": "15.38200", "2013-03-31": "-4.75800", "2012-12-31": "5.38500", "2012-09-30": "-5.46800", "2012-06-30": "10.96400", "2012-03-31": "-1.22100", "2011-12-31": "5.73400", "2011-09-30": "5.98900", "2011-06-30": "3.31300", "2011-03-31": "-11.88100", "2010-12-31": "-5.31600", "2010-09-30": "-7.18660", "2010-06-30": "-4.43610", "2010-03-31": "-2.97830", "2009-12-31": "-3.84770", "2009-09-30": "-4.67280", "2009-06-30": "-6.41520", "2009-03-31": "-5.56960", "2008-12-31": "-4.43760", "2008-09-30": "-5.30300", "2008-06-30": "-5.20580", "2008-03-31": "-4.19340", "2007-12-31": "-3.25610", "2007-09-30": "-2.96060", "2007-06-30": "-5.17540", "2007-03-31": "-4.58380", "2006-12-31": "-4.40880", "2006-09-30": "-2.94330", "2006-06-30": "-4.31270", "2006-03-31": "-3.52200", "2005-12-31": "-4.64160", "2005-09-30": "-2.97910", "2005-06-30": "-3.19000", "2005-03-31": "-4.99090"}, "EBITDA": {"2020-09-30": "2.90700", "2020-06-30": "-11.43500", "2020-03-31": "11.09500", "2019-12-31": "7.07600", "2019-09-30": "10.96700", "2019-06-30": "18.82000", "2019-03-31": "13.88700", "2018-12-31": "4.75400", "2018-09-30": "8.27600", "2018-06-30": "0.61600", "2018-03-31": "-1.37300", "2017-12-31": "59.92700", "2017-09-30": "19.40000", "2017-06-30": "64.32100", "2017-03-31": "15.50800", "2016-12-31": "38.92700", "2016-09-30": "1.42500", "2016-06-30": "35.71800", "2016-03-31": "3.86900", "2015-12-31": "28.31800", "2015-09-30": "9.57900", "2015-06-30": "-5.13800", "2015-03-31": "3.91100", "2014-12-31": "19.82600", "2014-09-30": "7.10000", "2014-06-30": "31.34700", "2014-03-31": "8.61600", "2013-12-31": "20.00000", "2013-09-30": "5.93200", "2013-06-30": "23.68800", "2013-03-31": "-4.69700", "2012-12-31": "8.89200", "2012-09-30": "-4.46500", "2012-06-30": "12.31400", "2012-03-31": "-2.28000", "2011-12-31": "2.60800", "2011-09-30": "5.23500", "2011-06-30": "-1.57000", "2011-03-31": "-3.13600", "2010-12-31": "-1.12130", "2010-09-30": "-3.15310", "2010-06-30": "-4.03340", "2010-03-31": "-4.04130", "2009-12-31": "-3.94260", "2009-09-30": "-5.06460", "2009-06-30": "-6.04660", "2009-03-31": "-5.86090", "2008-12-31": "-5.72060", "2008-09-30": "-5.78580", "2008-06-30": "-5.41480", "2008-03-31": "-4.67550", "2007-12-31": "-6.10390", "2007-09-30": "-3.29460", "2007-06-30": "-5.19140", "2007-03-31": "-4.32450", "2006-12-31": "-4.69310", "2006-09-30": "-2.66520", "2006-06-30": "-4.02280", "2006-03-31": "-3.14360", "2005-12-31": "-4.61480", "2005-09-30": "-2.44370", "2005-06-30": "-2.66060", "2005-03-31": "-4.50400"}, "EBIT": {"2020-09-30": "48.42600", "2020-06-30": "-1.18500", "2020-03-31": "44.50600", "2019-12-31": "34.48900", "2019-09-30": "40.83000", "2019-06-30": "48.66400", "2019-03-31": "34.36000", "2018-12-31": "15.27300", "2018-09-30": "26.03200", "2018-06-30": "10.91100", "2018-03-31": "4.51900", "2017-12-31": "57.88000", "2017-09-30": "15.79000", "2017-06-30": "60.51900", "2017-03-31": "12.05800", "2016-12-31": "34.84500", "2016-09-30": "-3.00300", "2016-06-30": "34.02500", "2016-03-31": "2.54600", "2015-12-31": "26.88600", "2015-09-30": "8.37800", "2015-06-30": "-4.75900", "2015-03-31": "1.77100", "2014-12-31": "17.07400", "2014-09-30": "6.08000", "2014-06-30": "28.83800", "2014-03-31": "6.62800", "2013-12-31": "19.42000", "2013-09-30": "4.24700", "2013-06-30": "21.73100", "2013-03-31": "-7.15400", "2012-12-31": "8.38500", "2012-09-30": "-6.06100", "2012-06-30": "12.91000", "2012-03-31": "-1.55800", "2011-12-31": "3.56700", "2011-09-30": "5.93400", "2011-06-30": "-1.07000", "2011-03-31": "-2.74400", "2010-12-31": "-0.21000", "2010-09-30": "-3.88250", "2010-06-30": "-1.90910", "2010-03-31": "-4.22430", "2009-12-31": "-4.16970", "2009-09-30": "-3.79280", "2009-06-30": "-6.31080", "2009-03-31": "-5.99360", "2008-12-31": "-5.79320", "2008-09-30": "-5.83290", "2008-06-30": "-5.92990", "2008-03-31": "-5.10690", "2007-12-31": "-5.13180", "2007-09-30": "-4.07270", "2007-06-30": "-5.99850", "2007-03-31": "-5.16880", "2006-12-31": "-5.53800", "2006-09-30": "-3.50660", "2006-06-30": "-4.85320", "2006-03-31": "-3.99230", "2005-12-31": "-5.47960", "2005-09-30": "-3.30790", "2005-06-30": "-3.46280", "2005-03-31": "-5.21000"}, "Basic Shares Outstanding": {"2020-09-30": "47.22700", "2020-06-30": "47.22700", "2020-03-31": "47.09300", "2019-12-31": "46.96000", "2019-09-30": "46.98000", "2019-06-30": "46.96700", "2019-03-31": "46.89300", "2018-12-31": "46.85000", "2018-09-30": "46.87000", "2018-06-30": "46.86900", "2018-03-31": "46.78300", "2017-12-31": "46.72500", "2017-09-30": "46.80100", "2017-06-30": "46.74300", "2017-03-31": "46.66200", "2016-12-31": "46.40800", "2016-09-30": "46.94800", "2016-06-30": "46.92800", "2016-03-31": "46.77400", "2015-12-31": "46.81600", "2015-09-30": "46.54300", "2015-06-30": "46.38800", "2015-03-31": "45.78600", "2014-12-31": "46.25300", "2014-09-30": "46.19800", "2014-06-30": "46.26600", "2014-03-31": "46.17800", "2013-12-31": "45.89800", "2013-09-30": "45.91300", "2013-06-30": "45.85900", "2013-03-31": "45.82300", "2012-12-31": "45.95100", "2012-09-30": "46.00600", "2012-06-30": "45.95300", "2012-03-31": "45.74900", "2011-12-31": "43.73800", "2011-09-30": "45.31500", "2011-06-30": "45.02400", "2011-03-31": "38.89600", "2010-12-31": "37.56700", "2010-09-30": "37.74100", "2010-06-30": "37.36200", "2010-03-31": "37.02900", "2009-12-31": "36.47900", "2009-09-30": "36.48200", "2009-06-30": "36.38300", "2009-03-31": "36.30000", "2008-12-31": "35.93200", "2008-09-30": "35.98900", "2008-06-30": "35.90100", "2008-03-31": "35.77100", "2007-12-31": "33.76000", "2007-09-30": "34.98600", "2007-06-30": "33.14300", "2007-03-31": "31.52310", "2006-12-31": "30.85500", "2006-09-30": "31.15100", "2006-06-30": "30.98230", "2006-03-31": "30.03040", "2005-12-31": "28.46290", "2005-09-30": "28.61760", "2005-06-30": "28.24630", "2005-03-31": "28.02930"}, "Shares Outstanding": {"2020-09-30": "47.26000", "2020-06-30": "47.24400", "2020-03-31": "47.12300", "2019-12-31": "46.99500", "2019-09-30": "47.01400", "2019-06-30": "46.99700", "2019-03-31": "46.93200", "2018-12-31": "46.89700", "2018-09-30": "46.91500", "2018-06-30": "46.90100", "2018-03-31": "46.84900", "2017-12-31": "46.80500", "2017-09-30": "46.87200", "2017-06-30": "46.81000", "2017-03-31": "46.74300", "2016-12-31": "46.53600", "2016-09-30": "46.94800", "2016-06-30": "47.04200", "2016-03-31": "46.90800", "2015-12-31": "47.49400", "2015-09-30": "46.72300", "2015-06-30": "46.38800", "2015-03-31": "46.21400", "2014-12-31": "46.68500", "2014-09-30": "46.63400", "2014-06-30": "46.61500", "2014-03-31": "46.65100", "2013-12-31": "46.54400", "2013-09-30": "46.59500", "2013-06-30": "46.49600", "2013-03-31": "45.82300", "2012-12-31": "46.88400", "2012-09-30": "46.00600", "2012-06-30": "46.85700", "2012-03-31": "45.74900", "2011-12-31": "45.14000", "2011-09-30": "46.80000", "2011-06-30": "45.20100", "2011-03-31": "38.89600", "2010-12-31": "37.56700", "2010-09-30": "37.74100", "2010-06-30": "37.36200", "2010-03-31": "37.02900", "2009-12-31": "36.47900", "2009-09-30": "36.48200", "2009-06-30": "36.38300", "2009-03-31": "36.30000", "2008-12-31": "35.93200", "2008-09-30": "35.98900", "2008-06-30": "35.90100", "2008-03-31": "35.77100", "2007-12-31": "33.76000", "2007-09-30": "34.98600", "2007-06-30": "33.14300", "2007-03-31": "31.52310", "2006-12-31": "30.85500", "2006-09-30": "31.15100", "2006-06-30": "30.98230", "2006-03-31": "30.03040", "2005-12-31": "28.46290", "2005-09-30": "28.61760", "2005-06-30": "28.24630", "2005-03-31": "28.02930"}, "Basic EPS": {"2020-09-30": "0.85000", "2020-06-30": "0.02000", "2020-03-31": "0.80000", "2019-12-31": "0.56000", "2019-09-30": "0.78000", "2019-06-30": "0.92000", "2019-03-31": "0.66000", "2018-12-31": "0.40000", "2018-09-30": "0.48000", "2018-06-30": "0.23000", "2018-03-31": "0.13000", "2017-12-31": "0.70000", "2017-09-30": "0.28000", "2017-06-30": "0.99000", "2017-03-31": "0.22000", "2016-12-31": "0.55000", "2016-09-30": "-0.03000", "2016-06-30": "0.46000", "2016-03-31": "0.04000", "2015-12-31": "0.38000", "2015-09-30": "0.15000", "2015-06-30": "-0.25000", "2015-03-31": "0.03000", "2014-12-31": "0.28000", "2014-09-30": "0.09000", "2014-06-30": "0.44000", "2014-03-31": "0.09000", "2013-12-31": "1.25000", "2013-09-30": "0.12000", "2013-06-30": "0.34000", "2013-03-31": "-0.10000", "2012-12-31": "0.12000", "2012-09-30": "-0.12000", "2012-06-30": "0.24000", "2012-03-31": "-0.03000", "2011-12-31": "0.18000", "2011-09-30": "0.13000", "2011-06-30": "0.07000", "2011-03-31": "-0.31000", "2010-12-31": "-0.14000", "2010-09-30": "-0.19000", "2010-06-30": "-0.12000", "2010-03-31": "-0.08000", "2009-12-31": "-0.10000", "2009-09-30": "-0.13000", "2009-06-30": "-0.18000", "2009-03-31": "-0.15000", "2008-12-31": "-0.11000", "2008-09-30": "-0.15000", "2008-06-30": "-0.15000", "2008-03-31": "-0.12000", "2007-12-31": "-0.08000", "2007-09-30": "-0.08000", "2007-06-30": "-0.16000", "2007-03-31": "-0.15000", "2006-12-31": "-0.14000", "2006-09-30": "-0.09000", "2006-06-30": "-0.14000", "2006-03-31": "-0.12000", "2005-12-31": "-0.17000", "2005-09-30": "-0.10000", "2005-06-30": "-0.11000", "2005-03-31": "-0.18000"}, "EPS - Earnings Per Share": {"2020-09-30": "0.85000", "2020-06-30": "0.02000", "2020-03-31": "0.80000", "2019-12-31": "0.56000", "2019-09-30": "0.78000", "2019-06-30": "0.92000", "2019-03-31": "0.66000", "2018-12-31": "0.40000", "2018-09-30": "0.48000", "2018-06-30": "0.23000", "2018-03-31": "0.13000", "2017-12-31": "0.69000", "2017-09-30": "0.28000", "2017-06-30": "0.99000", "2017-03-31": "0.22000", "2016-12-31": "0.55000", "2016-09-30": "-0.03000", "2016-06-30": "0.46000", "2016-03-31": "0.04000", "2015-12-31": "0.38000", "2015-09-30": "0.15000", "2015-06-30": "-0.25000", "2015-03-31": "0.03000", "2014-12-31": "0.28000", "2014-09-30": "0.09000", "2014-06-30": "0.44000", "2014-03-31": "0.09000", "2013-12-31": "1.24000", "2013-09-30": "0.12000", "2013-06-30": "0.33000", "2013-03-31": "-0.10000", "2012-12-31": "0.13000", "2012-09-30": "-0.12000", "2012-06-30": "0.23000", "2012-03-31": "-0.03000", "2011-12-31": "0.29000", "2011-09-30": "0.12000", "2011-06-30": "-0.03000", "2011-03-31": "-0.31000", "2010-12-31": "-0.14000", "2010-09-30": "-0.19000", "2010-06-30": "-0.12000", "2010-03-31": "-0.08000", "2009-12-31": "-0.10000", "2009-09-30": "-0.13000", "2009-06-30": "-0.18000", "2009-03-31": "-0.15000", "2008-12-31": "-0.11000", "2008-09-30": "-0.15000", "2008-06-30": "-0.15000", "2008-03-31": "-0.12000", "2007-12-31": "-0.08000", "2007-09-30": "-0.08000", "2007-06-30": "-0.16000", "2007-03-31": "-0.15000", "2006-12-31": "-0.14000", "2006-09-30": "-0.09000", "2006-06-30": "-0.14000", "2006-03-31": "-0.12000", "2005-12-31": "-0.17000", "2005-09-30": "-0.10000", "2005-06-30": "-0.11000", "2005-03-31": "-0.18000"}}, "balance sheet": {"Cash On Hand": {"2019-12-31": "646.08800", "2018-12-31": "515.34500", "2017-12-31": "420.28600", "2016-12-31": "328.00900", "2015-12-31": "395.49400", "2014-12-31": "288.50600", "2013-12-31": "272.61000", "2012-12-31": "243.94100", "2011-12-31": "346.08900", "2010-12-31": "73.16340", "2009-12-31": "63.87410", "2008-12-31": "77.45420", "2007-12-31": "83.65970", "2006-12-31": "49.05530", "2005-12-31": "47.84450"}, "Receivables": {"2019-12-31": "60.45200", "2018-12-31": "43.12900", "2017-12-31": "52.35500", "2016-12-31": "24.99400", "2015-12-31": "24.72900", "2014-12-31": "22.07500", "2013-12-31": "15.65700", "2012-12-31": "8.65700", "2011-12-31": "10.72700", "2010-12-31": "7.24790", "2009-12-31": "3.34430", "2008-12-31": "2.45040", "2007-12-31": "2.39540", "2006-12-31": "2.11330", "2005-12-31": "1.94410"}, "Inventory": {"2019-12-31": "63.95300", "2018-12-31": "70.00000", "2017-12-31": "36.26500", "2016-12-31": "17.31400", "2015-12-31": "12.74800", "2014-12-31": "37.10900", "2013-12-31": "10.59500", "2012-12-31": "11.01800", "2011-12-31": "3.84300", "2010-12-31": "0.00220", "2009-12-31": "", "2008-12-31": "0.00220", "2007-12-31": "0.04120", "2006-12-31": "0.03060", "2005-12-31": "0.03640"}, "Pre-Paid Expenses": {"2019-12-31": "", "2018-12-31": "", "2017-12-31": "", "2016-12-31": "", "2015-12-31": "", "2014-12-31": "", "2013-12-31": "", "2012-12-31": "", "2011-12-31": "", "2010-12-31": "", "2009-12-31": "", "2008-12-31": "", "2007-12-31": "", "2006-12-31": "", "2005-12-31": ""}, "Other Current Assets": {"2019-12-31": "21.94600", "2018-12-31": "6.36600", "2017-12-31": "10.27600", "2016-12-31": "6.39200", "2015-12-31": "2.38700", "2014-12-31": "4.35600", "2013-12-31": "6.62300", "2012-12-31": "3.91800", "2011-12-31": "1.64500", "2010-12-31": "1.98600", "2009-12-31": "0.41120", "2008-12-31": "0.46290", "2007-12-31": "0.67390", "2006-12-31": "0.60630", "2005-12-31": "0.49770"}, "Total Current Assets": {"2019-12-31": "792.43900", "2018-12-31": "634.84000", "2017-12-31": "519.18200", "2016-12-31": "385.37000", "2015-12-31": "447.68400", "2014-12-31": "370.50500", "2013-12-31": "327.04800", "2012-12-31": "267.54500", "2011-12-31": "362.30400", "2010-12-31": "82.39950", "2009-12-31": "67.62960", "2008-12-31": "80.36980", "2007-12-31": "86.77020", "2006-12-31": "51.80540", "2005-12-31": "50.32280"}, "Property, Plant, And Equipment": {"2019-12-31": "87.87200", "2018-12-31": "69.73900", "2017-12-31": "56.45000", "2016-12-31": "27.20300", "2015-12-31": "22.40700", "2014-12-31": "19.92200", "2013-12-31": "14.89300", "2012-12-31": "11.80800", "2011-12-31": "10.88400", "2010-12-31": "9.71110", "2009-12-31": "11.04880", "2008-12-31": "12.85960", "2007-12-31": "13.52570", "2006-12-31": "14.07410", "2005-12-31": "13.55360"}, "Long-Term Investments": {"2019-12-31": "5.00000", "2018-12-31": "", "2017-12-31": "14.79400", "2016-12-31": "14.96000", "2015-12-31": "2.18700", "2014-12-31": "3.04700", "2013-12-31": "7.41700", "2012-12-31": "1.27000", "2011-12-31": "", "2010-12-31": "", "2009-12-31": "", "2008-12-31": "", "2007-12-31": "", "2006-12-31": "0.04280", "2005-12-31": "1.82870"}, "Goodwill And Intangible Assets": {"2019-12-31": "118.38100", "2018-12-31": "139.94200", "2017-12-31": "161.90400", "2016-12-31": "183.88700", "2015-12-31": "72.01500", "2014-12-31": "83.01400", "2013-12-31": "94.01100", "2012-12-31": "104.62400", "2011-12-31": "0.39100", "2010-12-31": "", "2009-12-31": "1.23430", "2008-12-31": "2.92930", "2007-12-31": "4.62440", "2006-12-31": "6.31950", "2005-12-31": "8.01460"}, "Other Long-Term Assets": {"2019-12-31": "86.09000", "2018-12-31": "64.52600", "2017-12-31": "0.60400", "2016-12-31": "0.30700", "2015-12-31": "0.17400", "2014-12-31": "0.42500", "2013-12-31": "0.24200", "2012-12-31": "0.27700", "2011-12-31": "0.29900", "2010-12-31": "0.21650", "2009-12-31": "0.22730", "2008-12-31": "0.06980", "2007-12-31": "0.07980", "2006-12-31": "0.08980", "2005-12-31": "0.09980"}, "Total Long-Term Assets": {"2019-12-31": "327.71800", "2018-12-31": "298.58400", "2017-12-31": "260.77400", "2016-12-31": "242.18900", "2015-12-31": "111.72800", "2014-12-31": "119.34200", "2013-12-31": "135.70600", "2012-12-31": "117.97900", "2011-12-31": "11.57400", "2010-12-31": "9.92760", "2009-12-31": "12.51030", "2008-12-31": "15.85870", "2007-12-31": "18.22990", "2006-12-31": "20.52610", "2005-12-31": "23.49670"}, "Total Assets": {"2019-12-31": "1120.15700", "2018-12-31": "933.42400", "2017-12-31": "779.95600", "2016-12-31": "627.55900", "2015-12-31": "559.41200", "2014-12-31": "489.84700", "2013-12-31": "462.75400", "2012-12-31": "385.52400", "2011-12-31": "373.87800", "2010-12-31": "92.32710", "2009-12-31": "80.13990", "2008-12-31": "96.22850", "2007-12-31": "105.00010", "2006-12-31": "72.33150", "2005-12-31": "73.81940"}, "Total Current Liabilities": {"2019-12-31": "161.50800", "2018-12-31": "133.18200", "2017-12-31": "63.82400", "2016-12-31": "40.20600", "2015-12-31": "34.51000", "2014-12-31": "26.82300", "2013-12-31": "23.22900", "2012-12-31": "22.29900", "2011-12-31": "19.51700", "2010-12-31": "25.04470", "2009-12-31": "13.96600", "2008-12-31": "15.76950", "2007-12-31": "12.79050", "2006-12-31": "14.38270", "2005-12-31": "11.97490"}, "Long Term Debt": {"2019-12-31": "", "2018-12-31": "", "2017-12-31": "", "2016-12-31": "", "2015-12-31": "", "2014-12-31": "", "2013-12-31": "", "2012-12-31": "", "2011-12-31": "", "2010-12-31": "", "2009-12-31": "", "2008-12-31": "", "2007-12-31": "", "2006-12-31": "", "2005-12-31": ""}, "Other Non-Current Liabilities": {"2019-12-31": "99.67100", "2018-12-31": "67.95100", "2017-12-31": "33.17600", "2016-12-31": "27.56300", "2015-12-31": "22.59400", "2014-12-31": "10.91600", "2013-12-31": "9.43600", "2012-12-31": "9.83700", "2011-12-31": "8.26000", "2010-12-31": "7.07790", "2009-12-31": "3.72020", "2008-12-31": "", "2007-12-31": "", "2006-12-31": "", "2005-12-31": ""}, "Total Long Term Liabilities": {"2019-12-31": "147.20000", "2018-12-31": "109.73600", "2017-12-31": "57.07800", "2016-12-31": "58.88500", "2015-12-31": "58.13700", "2014-12-31": "14.28200", "2013-12-31": "11.83900", "2012-12-31": "12.99000", "2011-12-31": "12.13400", "2010-12-31": "9.85290", "2009-12-31": "6.54640", "2008-12-31": "3.74450", "2007-12-31": "2.99360", "2006-12-31": "3.56650", "2005-12-31": "4.22810"}, "Total Liabilities": {"2019-12-31": "308.70800", "2018-12-31": "242.91800", "2017-12-31": "120.90200", "2016-12-31": "99.09100", "2015-12-31": "92.64700", "2014-12-31": "41.10500", "2013-12-31": "35.06800", "2012-12-31": "35.28900", "2011-12-31": "31.65100", "2010-12-31": "34.89760", "2009-12-31": "20.51240", "2008-12-31": "19.51400", "2007-12-31": "15.78410", "2006-12-31": "17.94920", "2005-12-31": "16.20300"}, "Common Stock Net": {"2019-12-31": "0.48900", "2018-12-31": "0.48700", "2017-12-31": "0.48500", "2016-12-31": "0.48300", "2015-12-31": "0.48200", "2014-12-31": "0.47100", "2013-12-31": "0.46800", "2012-12-31": "0.46500", "2011-12-31": "0.46100", "2010-12-31": "0.38940", "2009-12-31": "0.36820", "2008-12-31": "0.36130", "2007-12-31": "0.35560", "2006-12-31": "0.31390", "2005-12-31": "0.29550"}, "Retained Earnings (Accumulated Deficit)": {"2019-12-31": "249.00300", "2018-12-31": "129.55200", "2017-12-31": "99.12600", "2016-12-31": "-25.55700", "2015-12-31": "-73.62700", "2014-12-31": "-88.30500", "2013-12-31": "-130.15900", "2012-12-31": "-204.21100", "2011-12-31": "-213.87100", "2010-12-31": "-217.02610", "2009-12-31": "-197.10870", "2008-12-31": "-180.47220", "2007-12-31": "-161.33250", "2006-12-31": "-145.35660", "2005-12-31": "-130.16980"}, "Comprehensive Income": {"2019-12-31": "-16.99700", "2018-12-31": "-16.23400", "2017-12-31": "-11.46400", "2016-12-31": "-10.66600", "2015-12-31": "-9.81900", "2014-12-31": "-4.38200", "2013-12-31": "-4.36800", "2012-12-31": "-5.70200", "2011-12-31": "-5.85700", "2010-12-31": "-6.03800", "2009-12-31": "0.02550", "2008-12-31": "0.12650", "2007-12-31": "-0.05020", "2006-12-31": "-0.08280", "2005-12-31": "-0.12060"}, "Other Share Holders Equity": {"2019-12-31": "", "2018-12-31": "", "2017-12-31": "", "2016-12-31": "", "2015-12-31": "", "2014-12-31": "", "2013-12-31": "", "2012-12-31": "", "2011-12-31": "", "2010-12-31": "", "2009-12-31": "", "2008-12-31": "", "2007-12-31": "", "2006-12-31": "", "2005-12-31": ""}, "Share Holder Equity": {"2019-12-31": "811.44900", "2018-12-31": "690.50600", "2017-12-31": "659.05400", "2016-12-31": "528.46800", "2015-12-31": "466.76500", "2014-12-31": "448.74200", "2013-12-31": "427.68600", "2012-12-31": "350.23500", "2011-12-31": "342.22700", "2010-12-31": "57.42950", "2009-12-31": "59.62750", "2008-12-31": "76.71450", "2007-12-31": "89.21600", "2006-12-31": "54.38240", "2005-12-31": "57.61650"}, "Total Liabilities And Share Holders Equity": {"2019-12-31": "1120.15700", "2018-12-31": "933.42400", "2017-12-31": "779.95600", "2016-12-31": "627.55900", "2015-12-31": "559.41200", "2014-12-31": "489.84700", "2013-12-31": "462.75400", "2012-12-31": "385.52400", "2011-12-31": "373.87800", "2010-12-31": "92.32710", "2009-12-31": "80.13990", "2008-12-31": "96.22850", "2007-12-31": "105.00010", "2006-12-31": "72.33150", "2005-12-31": "73.81940"}}, "balance sheet, quarterly": {"Cash On Hand": {"2020-09-30": "672.66800", "2020-06-30": "644.02100", "2020-03-31": "639.77600", "2019-12-31": "646.08800", "2019-09-30": "597.05600", "2019-06-30": "552.71100", "2019-03-31": "526.59700", "2018-12-31": "515.34500", "2018-09-30": "493.61000", "2018-06-30": "457.42800", "2018-03-31": "457.25700", "2017-12-31": "420.28600", "2017-09-30": "365.43500", "2017-06-30": "365.55500", "2017-03-31": "324.97800", "2016-12-31": "328.00900", "2016-09-30": "285.86800", "2016-06-30": "316.21100", "2016-03-31": "379.58900", "2015-12-31": "395.49400", "2015-09-30": "361.54900", "2015-06-30": "356.23700", "2015-03-31": "328.52800", "2014-12-31": "288.50600", "2014-09-30": "268.35900", "2014-06-30": "290.88500", "2014-03-31": "266.92100", "2013-12-31": "272.61000", "2013-09-30": "248.27800", "2013-06-30": "244.68500", "2013-03-31": "220.84700", "2012-12-31": "243.94100", "2012-09-30": "238.77800", "2012-06-30": "350.01600", "2012-03-31": "338.57700", "2011-12-31": "346.08900", "2011-09-30": "337.95360", "2011-06-30": "326.39880", "2011-03-31": "324.92530", "2010-12-31": "73.16340", "2010-09-30": "65.00720", "2010-06-30": "66.09290", "2010-03-31": "63.02100", "2009-12-31": "63.87410", "2009-09-30": "66.02400", "2009-06-30": "68.13010", "2009-03-31": "72.18100", "2008-12-31": "77.45420", "2008-09-30": "79.05980", "2008-06-30": "79.88920", "2008-03-31": "82.16540", "2007-12-31": "83.65970", "2007-09-30": "83.66380", "2007-06-30": "84.24320", "2007-03-31": "46.78680", "2006-12-31": "49.05530", "2006-09-30": "47.08620", "2006-06-30": "46.27380", "2006-03-31": "47.70330", "2005-12-31": "47.84450", "2005-09-30": "43.61370", "2005-06-30": "41.69820", "2005-03-31": "41.83760"}, "Receivables": {"2020-09-30": "99.35000", "2020-06-30": "68.49800", "2020-03-31": "82.59200", "2019-12-31": "60.45200", "2019-09-30": "65.77400", "2019-06-30": "66.95200", "2019-03-31": "52.12400", "2018-12-31": "43.12900", "2018-09-30": "43.20700", "2018-06-30": "35.58300", "2018-03-31": "22.76800", "2017-12-31": "52.35500", "2017-09-30": "43.25600", "2017-06-30": "39.70200", "2017-03-31": "36.32100", "2016-12-31": "24.99400", "2016-09-30": "22.47600", "2016-06-30": "17.98400", "2016-03-31": "20.86600", "2015-12-31": "24.72900", "2015-09-30": "28.35000", "2015-06-30": "17.37800", "2015-03-31": "18.16400", "2014-12-31": "22.07500", "2014-09-30": "22.10700", "2014-06-30": "20.50000", "2014-03-31": "24.50800", "2013-12-31": "15.65700", "2013-09-30": "17.78500", "2013-06-30": "14.45100", "2013-03-31": "10.52700", "2012-12-31": "8.65700", "2012-09-30": "7.87100", "2012-06-30": "9.58000", "2012-03-31": "8.70800", "2011-12-31": "10.72700", "2011-09-30": "11.76130", "2011-06-30": "6.54120", "2011-03-31": "5.98540", "2010-12-31": "7.24790", "2010-09-30": "4.69630", "2010-06-30": "3.88540", "2010-03-31": "2.39930", "2009-12-31": "3.34430", "2009-09-30": "1.88630", "2009-06-30": "1.76080", "2009-03-31": "1.81340", "2008-12-31": "2.45040", "2008-09-30": "1.79280", "2008-06-30": "1.72970", "2008-03-31": "2.31480", "2007-12-31": "2.39540", "2007-09-30": "2.48980", "2007-06-30": "1.83770", "2007-03-31": "1.77090", "2006-12-31": "2.11330", "2006-09-30": "3.74110", "2006-06-30": "2.53360", "2006-03-31": "2.27610", "2005-12-31": "1.94410", "2005-09-30": "2.28260", "2005-06-30": "2.17530", "2005-03-31": "1.14550"}, "Inventory": {"2020-09-30": "84.09800", "2020-06-30": "84.52300", "2020-03-31": "74.06800", "2019-12-31": "63.95300", "2019-09-30": "57.77100", "2019-06-30": "60.13800", "2019-03-31": "68.04100", "2018-12-31": "70.00000", "2018-09-30": "69.03100", "2018-06-30": "56.04300", "2018-03-31": "53.63800", "2017-12-31": "36.26500", "2017-09-30": "32.73300", "2017-06-30": "24.43700", "2017-03-31": "16.66800", "2016-12-31": "17.31400", "2016-09-30": "16.10300", "2016-06-30": "16.46700", "2016-03-31": "14.70900", "2015-12-31": "12.74800", "2015-09-30": "13.68800", "2015-06-30": "16.96900", "2015-03-31": "38.96700", "2014-12-31": "37.10900", "2014-09-30": "29.83400", "2014-06-30": "20.66400", "2014-03-31": "14.59200", "2013-12-31": "10.59500", "2013-09-30": "7.85200", "2013-06-30": "8.67300", "2013-03-31": "9.08200", "2012-12-31": "11.01800", "2012-09-30": "9.45100", "2012-06-30": "8.57100", "2012-03-31": "5.57400", "2011-12-31": "3.84300", "2011-09-30": "2.23060", "2011-06-30": "", "2011-03-31": "", "2010-12-31": "0.00220", "2010-09-30": "", "2010-06-30": "", "2010-03-31": "", "2009-12-31": "", "2009-09-30": "0.04270", "2009-06-30": "0.00130", "2009-03-31": "0.00220", "2008-12-31": "0.00220", "2008-09-30": "0.00220", "2008-06-30": "0.00220", "2008-03-31": "0.04120", "2007-12-31": "0.04120", "2007-09-30": "0.00220", "2007-06-30": "0.00220", "2007-03-31": "0.02530", "2006-12-31": "0.03060", "2006-09-30": "0.03060", "2006-06-30": "0.09800", "2006-03-31": "0.03970", "2005-12-31": "0.03640", "2005-09-30": "0.03820", "2005-06-30": "0.03970", "2005-03-31": "0.03970"}, "Pre-Paid Expenses": {"2020-09-30": "", "2020-06-30": "", "2020-03-31": "", "2019-12-31": "", "2019-09-30": "", "2019-06-30": "", "2019-03-31": "", "2018-12-31": "", "2018-09-30": "", "2018-06-30": "", "2018-03-31": "", "2017-12-31": "", "2017-09-30": "", "2017-06-30": "", "2017-03-31": "", "2016-12-31": "", "2016-09-30": "", "2016-06-30": "", "2016-03-31": "", "2015-12-31": "", "2015-09-30": "", "2015-06-30": "", "2015-03-31": "", "2014-12-31": "", "2014-09-30": "", "2014-06-30": "", "2014-03-31": "", "2013-12-31": "", "2013-09-30": "", "2013-06-30": "", "2013-03-31": "", "2012-12-31": "", "2012-09-30": "", "2012-06-30": "", "2012-03-31": "", "2011-12-31": "", "2011-09-30": "", "2011-06-30": "", "2011-03-31": "", "2010-12-31": "", "2010-09-30": "", "2010-06-30": "", "2010-03-31": "", "2009-12-31": "", "2009-09-30": "", "2009-06-30": "", "2009-03-31": "", "2008-12-31": "", "2008-09-30": "", "2008-06-30": "", "2008-03-31": "", "2007-12-31": "", "2007-09-30": "", "2007-06-30": "", "2007-03-31": "", "2006-12-31": "", "2006-09-30": "", "2006-06-30": "", "2006-03-31": "", "2005-12-31": "", "2005-09-30": "", "2005-06-30": "", "2005-03-31": ""}, "Other Current Assets": {"2020-09-30": "30.03800", "2020-06-30": "33.11700", "2020-03-31": "15.63500", "2019-12-31": "21.94600", "2019-09-30": "10.41500", "2019-06-30": "8.89300", "2019-03-31": "5.41000", "2018-12-31": "6.36600", "2018-09-30": "11.94300", "2018-06-30": "20.31100", "2018-03-31": "14.30100", "2017-12-31": "10.27600", "2017-09-30": "9.22700", "2017-06-30": "7.19100", "2017-03-31": "5.77500", "2016-12-31": "6.39200", "2016-09-30": "7.49900", "2016-06-30": "5.56100", "2016-03-31": "4.68300", "2015-12-31": "2.38700", "2015-09-30": "4.52300", "2015-06-30": "4.77300", "2015-03-31": "3.65300", "2014-12-31": "4.35600", "2014-09-30": "13.33500", "2014-06-30": "13.07400", "2014-03-31": "11.15000", "2013-12-31": "6.62300", "2013-09-30": "6.38700", "2013-06-30": "6.24200", "2013-03-31": "7.63200", "2012-12-31": "3.91800", "2012-09-30": "4.39000", "2012-06-30": "3.90200", "2012-03-31": "2.47200", "2011-12-31": "1.64500", "2011-09-30": "1.71520", "2011-06-30": "2.84190", "2011-03-31": "1.68320", "2010-12-31": "1.98600", "2010-09-30": "0.62420", "2010-06-30": "0.45610", "2010-03-31": "0.37260", "2009-12-31": "0.41120", "2009-09-30": "0.50250", "2009-06-30": "0.56050", "2009-03-31": "0.48390", "2008-12-31": "0.46290", "2008-09-30": "0.64990", "2008-06-30": "0.74130", "2008-03-31": "0.58340", "2007-12-31": "0.67390", "2007-09-30": "0.74590", "2007-06-30": "0.73900", "2007-03-31": "0.63970", "2006-12-31": "0.60630", "2006-09-30": "0.67140", "2006-06-30": "0.70120", "2006-03-31": "0.49150", "2005-12-31": "0.49770", "2005-09-30": "0.42700", "2005-06-30": "0.41400", "2005-03-31": "0.31700"}, "Total Current Assets": {"2020-09-30": "886.15400", "2020-06-30": "830.15900", "2020-03-31": "812.07100", "2019-12-31": "792.43900", "2019-09-30": "731.01600", "2019-06-30": "688.69400", "2019-03-31": "652.17200", "2018-12-31": "634.84000", "2018-09-30": "617.79100", "2018-06-30": "569.36500", "2018-03-31": "547.96400", "2017-12-31": "519.18200", "2017-09-30": "450.65100", "2017-06-30": "436.88500", "2017-03-31": "383.74200", "2016-12-31": "385.37000", "2016-09-30": "342.03000", "2016-06-30": "366.32000", "2016-03-31": "432.39500", "2015-12-31": "447.68400", "2015-09-30": "423.89500", "2015-06-30": "410.22000", "2015-03-31": "407.34000", "2014-12-31": "370.50500", "2014-09-30": "350.99800", "2014-06-30": "363.41100", "2014-03-31": "337.72900", "2013-12-31": "327.04800", "2013-09-30": "280.30200", "2013-06-30": "274.05100", "2013-03-31": "248.08800", "2012-12-31": "267.54500", "2012-09-30": "260.49000", "2012-06-30": "372.06900", "2012-03-31": "355.33100", "2011-12-31": "362.30400", "2011-09-30": "353.66070", "2011-06-30": "335.78200", "2011-03-31": "332.59390", "2010-12-31": "82.39950", "2010-09-30": "70.32770", "2010-06-30": "70.43440", "2010-03-31": "65.79290", "2009-12-31": "67.62960", "2009-09-30": "68.45560", "2009-06-30": "70.45260", "2009-03-31": "74.48050", "2008-12-31": "80.36980", "2008-09-30": "81.50470", "2008-06-30": "82.36240", "2008-03-31": "85.10480", "2007-12-31": "86.77020", "2007-09-30": "86.90180", "2007-06-30": "86.82210", "2007-03-31": "49.22260", "2006-12-31": "51.80540", "2006-09-30": "51.52930", "2006-06-30": "49.60660", "2006-03-31": "50.51070", "2005-12-31": "50.32280", "2005-09-30": "46.36150", "2005-06-30": "44.32710", "2005-03-31": "43.33970"}, "Property, Plant, And Equipment": {"2020-09-30": "96.83000", "2020-06-30": "92.00300", "2020-03-31": "88.35000", "2019-12-31": "87.87200", "2019-09-30": "86.26600", "2019-06-30": "83.59500", "2019-03-31": "80.61500", "2018-12-31": "69.73900", "2018-09-30": "67.46700", "2018-06-30": "62.34800", "2018-03-31": "58.42800", "2017-12-31": "56.45000", "2017-09-30": "49.35800", "2017-06-30": "38.69100", "2017-03-31": "28.55200", "2016-12-31": "27.20300", "2016-09-30": "25.76800", "2016-06-30": "22.61000", "2016-03-31": "22.36200", "2015-12-31": "22.40700", "2015-09-30": "21.49000", "2015-06-30": "20.90500", "2015-03-31": "20.48500", "2014-12-31": "19.92200", "2014-09-30": "17.86000", "2014-06-30": "16.97300", "2014-03-31": "15.00400", "2013-12-31": "14.89300", "2013-09-30": "14.69800", "2013-06-30": "13.90400", "2013-03-31": "12.51200", "2012-12-31": "11.80800", "2012-09-30": "11.71300", "2012-06-30": "12.01100", "2012-03-31": "12.26800", "2011-12-31": "10.88400", "2011-09-30": "10.82720", "2011-06-30": "10.48780", "2011-03-31": "9.81460", "2010-12-31": "9.71110", "2010-09-30": "9.93810", "2010-06-30": "10.24830", "2010-03-31": "10.62450", "2009-12-31": "11.04880", "2009-09-30": "11.50950", "2009-06-30": "11.94980", "2009-03-31": "12.43800", "2008-12-31": "12.85960", "2008-09-30": "13.27580", "2008-06-30": "13.08100", "2008-03-31": "13.29940", "2007-12-31": "13.52570", "2007-09-30": "13.38810", "2007-06-30": "13.47400", "2007-03-31": "13.78380", "2006-12-31": "14.07410", "2006-09-30": "14.20500", "2006-06-30": "14.22030", "2006-03-31": "13.53140", "2005-12-31": "13.55360", "2005-09-30": "11.77230", "2005-06-30": "11.52390", "2005-03-31": "10.76400"}, "Long-Term Investments": {"2020-09-30": "5.00000", "2020-06-30": "5.00000", "2020-03-31": "5.00000", "2019-12-31": "5.00000", "2019-09-30": "5.00000", "2019-06-30": "5.00000", "2019-03-31": "", "2018-12-31": "", "2018-09-30": "", "2018-06-30": "", "2018-03-31": "", "2017-12-31": "14.79400", "2017-09-30": "14.79400", "2017-06-30": "14.77500", "2017-03-31": "14.78900", "2016-12-31": "14.96000", "2016-09-30": "15.21700", "2016-06-30": "15.76700", "2016-03-31": "16.09200", "2015-12-31": "2.18700", "2015-09-30": "3.02400", "2015-06-30": "3.88800", "2015-03-31": "4.03400", "2014-12-31": "3.04700", "2014-09-30": "2.60600", "2014-06-30": "2.52200", "2014-03-31": "3.05100", "2013-12-31": "7.41700", "2013-09-30": "7.97100", "2013-06-30": "5.78100", "2013-03-31": "4.86800", "2012-12-31": "1.27000", "2012-09-30": "1.16900", "2012-06-30": "1.17200", "2012-03-31": "0.97100", "2011-12-31": "", "2011-09-30": "", "2011-06-30": "", "2011-03-31": "", "2010-12-31": "", "2010-09-30": "", "2010-06-30": "", "2010-03-31": "", "2009-12-31": "", "2009-09-30": "", "2009-06-30": "", "2009-03-31": "", "2008-12-31": "", "2008-09-30": "", "2008-06-30": "", "2008-03-31": "", "2007-12-31": "", "2007-09-30": "", "2007-06-30": "0.09590", "2007-03-31": "0.09580", "2006-12-31": "0.04280", "2006-09-30": "0.56560", "2006-06-30": "1.55770", "2006-03-31": "1.57100", "2005-12-31": "1.82870", "2005-09-30": "1.95360", "2005-06-30": "2.02710", "2005-03-31": "2.98180"}, "Goodwill And Intangible Assets": {"2020-09-30": "101.93200", "2020-06-30": "107.42600", "2020-03-31": "112.89100", "2019-12-31": "118.38100", "2019-09-30": "123.87400", "2019-06-30": "129.36700", "2019-03-31": "134.85700", "2018-12-31": "139.94200", "2018-09-30": "145.42500", "2018-06-30": "150.91800", "2018-03-31": "156.41300", "2017-12-31": "161.90400", "2017-09-30": "167.40200", "2017-06-30": "172.90000", "2017-03-31": "178.39500", "2016-12-31": "183.88700", "2016-09-30": "188.96300", "2016-06-30": "162.46900", "2016-03-31": "69.26500", "2015-12-31": "72.01500", "2015-09-30": "74.76500", "2015-06-30": "77.51400", "2015-03-31": "80.26400", "2014-12-31": "83.01400", "2014-09-30": "85.76300", "2014-06-30": "88.51300", "2014-03-31": "91.26100", "2013-12-31": "94.01100", "2013-09-30": "96.76800", "2013-06-30": "99.49400", "2013-03-31": "102.19600", "2012-12-31": "104.62400", "2012-09-30": "107.36700", "2012-06-30": "0.38000", "2012-03-31": "0.37600", "2011-12-31": "0.39100", "2011-09-30": "0.40550", "2011-06-30": "0.42010", "2011-03-31": "0.43480", "2010-12-31": "", "2010-09-30": "", "2010-06-30": "0.38670", "2010-03-31": "0.81050", "2009-12-31": "1.23430", "2009-09-30": "1.65800", "2009-06-30": "2.08180", "2009-03-31": "2.50560", "2008-12-31": "2.92930", "2008-09-30": "3.35310", "2008-06-30": "3.77690", "2008-03-31": "4.20060", "2007-12-31": "4.62440", "2007-09-30": "5.04820", "2007-06-30": "5.47200", "2007-03-31": "5.89570", "2006-12-31": "6.31950", "2006-09-30": "6.74330", "2006-06-30": "7.16700", "2006-03-31": "7.59080", "2005-12-31": "8.01460", "2005-09-30": "8.43830", "2005-06-30": "8.86210", "2005-03-31": "9.28590"}, "Other Long-Term Assets": {"2020-09-30": "103.06700", "2020-06-30": "96.39400", "2020-03-31": "89.33500", "2019-12-31": "86.09000", "2019-09-30": "89.95700", "2019-06-30": "79.22000", "2019-03-31": "75.76500", "2018-12-31": "64.52600", "2018-09-30": "39.15100", "2018-06-30": "40.08400", "2018-03-31": "2.39100", "2017-12-31": "0.60400", "2017-09-30": "0.34700", "2017-06-30": "0.31700", "2017-03-31": "0.21500", "2016-12-31": "0.30700", "2016-09-30": "0.42300", "2016-06-30": "0.54300", "2016-03-31": "0.64500", "2015-12-31": "0.17400", "2015-09-30": "0.23200", "2015-06-30": "0.34500", "2015-03-31": "0.40500", "2014-12-31": "0.42500", "2014-09-30": "0.50800", "2014-06-30": "0.49400", "2014-03-31": "0.60200", "2013-12-31": "0.24200", "2013-09-30": "0.28200", "2013-06-30": "0.27500", "2013-03-31": "0.25900", "2012-12-31": "0.27700", "2012-09-30": "0.26200", "2012-06-30": "0.28900", "2012-03-31": "0.28400", "2011-12-31": "0.29900", "2011-09-30": "0.31240", "2011-06-30": "0.32320", "2011-03-31": "0.33250", "2010-12-31": "0.21650", "2010-09-30": "0.26610", "2010-06-30": "0.27090", "2010-03-31": "0.24560", "2009-12-31": "0.22730", "2009-09-30": "0.23780", "2009-06-30": "0.23690", "2009-03-31": "0.08350", "2008-12-31": "0.06980", "2008-09-30": "0.07230", "2008-06-30": "0.07480", "2008-03-31": "0.07730", "2007-12-31": "0.07980", "2007-09-30": "0.08230", "2007-06-30": "0.09480", "2007-03-31": "0.09730", "2006-12-31": "0.08980", "2006-09-30": "0.10230", "2006-06-30": "0.10480", "2006-03-31": "0.10730", "2005-12-31": "0.09980", "2005-09-30": "4.08480", "2005-06-30": "4.15980", "2005-03-31": "4.20540"}, "Total Long-Term Assets": {"2020-09-30": "338.80700", "2020-06-30": "330.89800", "2020-03-31": "324.30500", "2019-12-31": "327.71800", "2019-09-30": "331.53400", "2019-06-30": "322.38600", "2019-03-31": "316.01800", "2018-12-31": "298.58400", "2018-09-30": "265.95300", "2018-06-30": "263.88400", "2018-03-31": "247.17600", "2017-12-31": "260.77400", "2017-09-30": "276.51900", "2017-06-30": "270.75000", "2017-03-31": "271.70100", "2016-12-31": "242.18900", "2016-09-30": "242.72300", "2016-06-30": "213.68200", "2016-03-31": "123.65100", "2015-12-31": "111.72800", "2015-09-30": "110.42800", "2015-06-30": "114.95100", "2015-03-31": "118.12400", "2014-12-31": "119.34200", "2014-09-30": "121.17200", "2014-06-30": "123.95800", "2014-03-31": "128.22700", "2013-12-31": "135.70600", "2013-09-30": "119.71900", "2013-06-30": "119.45400", "2013-03-31": "119.83500", "2012-12-31": "117.97900", "2012-09-30": "120.51100", "2012-06-30": "13.85200", "2012-03-31": "13.89900", "2011-12-31": "11.57400", "2011-09-30": "11.54500", "2011-06-30": "11.23120", "2011-03-31": "10.58180", "2010-12-31": "9.92760", "2010-09-30": "10.20420", "2010-06-30": "10.90600", "2010-03-31": "11.68060", "2009-12-31": "12.51030", "2009-09-30": "13.40530", "2009-06-30": "14.26850", "2009-03-31": "15.02700", "2008-12-31": "15.85870", "2008-09-30": "16.70120", "2008-06-30": "16.93260", "2008-03-31": "17.57730", "2007-12-31": "18.22990", "2007-09-30": "18.51860", "2007-06-30": "19.13670", "2007-03-31": "19.87260", "2006-12-31": "20.52610", "2006-09-30": "21.61620", "2006-06-30": "23.04980", "2006-03-31": "22.80050", "2005-12-31": "23.49670", "2005-09-30": "26.24900", "2005-06-30": "26.57280", "2005-03-31": "27.23690"}, "Total Assets": {"2020-09-30": "1224.96100", "2020-06-30": "1161.05700", "2020-03-31": "1136.37600", "2019-12-31": "1120.15700", "2019-09-30": "1062.55000", "2019-06-30": "1011.08000", "2019-03-31": "968.19000", "2018-12-31": "933.42400", "2018-09-30": "883.74400", "2018-06-30": "833.24900", "2018-03-31": "795.14000", "2017-12-31": "779.95600", "2017-09-30": "727.17000", "2017-06-30": "707.63500", "2017-03-31": "655.44300", "2016-12-31": "627.55900", "2016-09-30": "584.75300", "2016-06-30": "580.00200", "2016-03-31": "556.04600", "2015-12-31": "559.41200", "2015-09-30": "534.32300", "2015-06-30": "525.17100", "2015-03-31": "525.46400", "2014-12-31": "489.84700", "2014-09-30": "472.17000", "2014-06-30": "487.36900", "2014-03-31": "465.95600", "2013-12-31": "462.75400", "2013-09-30": "400.02100", "2013-06-30": "393.50500", "2013-03-31": "367.92300", "2012-12-31": "385.52400", "2012-09-30": "381.00100", "2012-06-30": "385.92100", "2012-03-31": "369.23000", "2011-12-31": "373.87800", "2011-09-30": "365.20570", "2011-06-30": "347.01310", "2011-03-31": "343.17570", "2010-12-31": "92.32710", "2010-09-30": "80.53190", "2010-06-30": "81.34040", "2010-03-31": "77.47340", "2009-12-31": "80.13990", "2009-09-30": "81.86090", "2009-06-30": "84.72110", "2009-03-31": "89.50750", "2008-12-31": "96.22850", "2008-09-30": "98.20590", "2008-06-30": "99.29500", "2008-03-31": "102.68200", "2007-12-31": "105.00010", "2007-09-30": "105.42040", "2007-06-30": "105.95880", "2007-03-31": "69.09520", "2006-12-31": "72.33150", "2006-09-30": "73.14550", "2006-06-30": "72.65630", "2006-03-31": "73.31110", "2005-12-31": "73.81940", "2005-09-30": "72.61050", "2005-06-30": "70.90000", "2005-03-31": "70.57670"}, "Total Current Liabilities": {"2020-09-30": "182.76000", "2020-06-30": "162.69500", "2020-03-31": "136.55400", "2019-12-31": "161.50800", "2019-09-30": "148.39200", "2019-06-30": "139.73600", "2019-03-31": "131.57400", "2018-12-31": "133.18200", "2018-09-30": "114.27900", "2018-06-30": "101.54000", "2018-03-31": "99.22800", "2017-12-31": "63.82400", "2017-09-30": "46.27600", "2017-06-30": "41.42100", "2017-03-31": "33.23000", "2016-12-31": "40.20600", "2016-09-30": "30.61700", "2016-06-30": "27.72400", "2016-03-31": "25.15000", "2015-12-31": "34.51000", "2015-09-30": "44.24700", "2015-06-30": "45.15300", "2015-03-31": "39.39100", "2014-12-31": "26.82300", "2014-09-30": "19.88800", "2014-06-30": "25.74000", "2014-03-31": "19.74000", "2013-12-31": "23.22900", "2013-09-30": "21.40200", "2013-06-30": "23.09000", "2013-03-31": "15.18900", "2012-12-31": "22.29900", "2012-09-30": "20.10900", "2012-06-30": "20.91800", "2012-03-31": "17.28700", "2011-12-31": "19.51700", "2011-09-30": "18.23660", "2011-06-30": "18.23490", "2011-03-31": "25.43750", "2010-12-31": "25.04470", "2010-09-30": "20.66030", "2010-06-30": "11.01930", "2010-03-31": "12.31230", "2009-12-31": "13.96600", "2009-09-30": "13.02070", "2009-06-30": "13.58260", "2009-03-31": "13.30930", "2008-12-31": "15.76950", "2008-09-30": "14.34210", "2008-06-30": "12.24810", "2008-03-31": "11.44610", "2007-12-31": "12.79050", "2007-09-30": "12.66540", "2007-06-30": "12.66790", "2007-03-31": "12.49400", "2006-12-31": "14.38270", "2006-09-30": "12.87090", "2006-06-30": "9.68950", "2006-03-31": "10.11250", "2005-12-31": "11.97490", "2005-09-30": "9.89670", "2005-06-30": "6.55660", "2005-03-31": "7.37640"}, "Long Term Debt": {"2020-09-30": "", "2020-06-30": "", "2020-03-31": "", "2019-12-31": "", "2019-09-30": "", "2019-06-30": "", "2019-03-31": "", "2018-12-31": "", "2018-09-30": "", "2018-06-30": "", "2018-03-31": "", "2017-12-31": "", "2017-09-30": "", "2017-06-30": "", "2017-03-31": "", "2016-12-31": "", "2016-09-30": "", "2016-06-30": "", "2016-03-31": "", "2015-12-31": "", "2015-09-30": "", "2015-06-30": "", "2015-03-31": "", "2014-12-31": "", "2014-09-30": "", "2014-06-30": "", "2014-03-31": "", "2013-12-31": "", "2013-09-30": "", "2013-06-30": "", "2013-03-31": "", "2012-12-31": "", "2012-09-30": "", "2012-06-30": "", "2012-03-31": "", "2011-12-31": "", "2011-09-30": "", "2011-06-30": "", "2011-03-31": "", "2010-12-31": "", "2010-09-30": "", "2010-06-30": "", "2010-03-31": "", "2009-12-31": "", "2009-09-30": "", "2009-06-30": "", "2009-03-31": "", "2008-12-31": "", "2008-09-30": "", "2008-06-30": "", "2008-03-31": "", "2007-12-31": "", "2007-09-30": "", "2007-06-30": "", "2007-03-31": "", "2006-12-31": "", "2006-09-30": "", "2006-06-30": "", "2006-03-31": "", "2005-12-31": "", "2005-09-30": "3.97500", "2005-06-30": "4.05000", "2005-03-31": "4.10000"}, "Other Non-Current Liabilities": {"2020-09-30": "110.90800", "2020-06-30": "107.27500", "2020-03-31": "103.25900", "2019-12-31": "99.67100", "2019-09-30": "77.09600", "2019-06-30": "75.66000", "2019-03-31": "78.81900", "2018-12-31": "67.95100", "2018-09-30": "53.27400", "2018-06-30": "52.68400", "2018-03-31": "33.76300", "2017-12-31": "33.17600", "2017-09-30": "32.22600", "2017-06-30": "31.22800", "2017-03-31": "28.10600", "2016-12-31": "27.56300", "2016-09-30": "24.86500", "2016-06-30": "24.29200", "2016-03-31": "24.48500", "2015-12-31": "22.59400", "2015-09-30": "12.23500", "2015-06-30": "11.75000", "2015-03-31": "11.26500", "2014-12-31": "10.91600", "2014-09-30": "10.25700", "2014-06-30": "9.98400", "2014-03-31": "9.70900", "2013-12-31": "9.43600", "2013-09-30": "10.57900", "2013-06-30": "10.33200", "2013-03-31": "10.08400", "2012-12-31": "9.83700", "2012-09-30": "8.68500", "2012-06-30": "8.54300", "2012-03-31": "8.40100", "2011-12-31": "8.26000", "2011-09-30": "7.77310", "2011-06-30": "7.54130", "2011-03-31": "7.30960", "2010-12-31": "7.07790", "2010-09-30": "6.00300", "2010-06-30": "11.39640", "2010-03-31": "3.00690", "2009-12-31": "3.72020", "2009-09-30": "3.81020", "2009-06-30": "2.80860", "2009-03-31": "2.51590", "2008-12-31": "", "2008-09-30": "", "2008-06-30": "", "2008-03-31": "", "2007-12-31": "", "2007-09-30": "", "2007-06-30": "", "2007-03-31": "", "2006-12-31": "", "2006-09-30": "", "2006-06-30": "", "2006-03-31": "", "2005-12-31": "", "2005-09-30": "", "2005-06-30": "", "2005-03-31": ""}, "Total Long Term Liabilities": {"2020-09-30": "162.56500", "2020-06-30": "158.59200", "2020-03-31": "153.12500", "2019-12-31": "147.20000", "2019-09-30": "127.59100", "2019-06-30": "120.31100", "2019-03-31": "120.41500", "2018-12-31": "109.73600", "2018-09-30": "93.95800", "2018-06-30": "81.02800", "2018-03-31": "53.26300", "2017-12-31": "57.07800", "2017-09-30": "57.88400", "2017-06-30": "58.40200", "2017-03-31": "57.06200", "2016-12-31": "58.88500", "2016-09-30": "58.31900", "2016-06-30": "58.35800", "2016-03-31": "60.00000", "2015-12-31": "58.13700", "2015-09-30": "38.61700", "2015-06-30": "39.08100", "2015-03-31": "36.67600", "2014-12-31": "14.28200", "2014-09-30": "12.50200", "2014-06-30": "13.22500", "2014-03-31": "13.21200", "2013-12-31": "11.83900", "2013-09-30": "13.17000", "2013-06-30": "13.11000", "2013-03-31": "13.05000", "2012-12-31": "12.99000", "2012-09-30": "12.03400", "2012-06-30": "12.11100", "2012-03-31": "12.03700", "2011-12-31": "12.13400", "2011-09-30": "11.05490", "2011-06-30": "10.98820", "2011-03-31": "10.92150", "2010-12-31": "9.85290", "2010-09-30": "8.94350", "2010-06-30": "14.50230", "2010-03-31": "6.27830", "2009-12-31": "6.54640", "2009-09-30": "6.98140", "2009-06-30": "6.13730", "2009-03-31": "6.05250", "2008-12-31": "3.74450", "2008-09-30": "3.95240", "2008-06-30": "2.49910", "2008-03-31": "2.77700", "2007-12-31": "2.99360", "2007-09-30": "3.13540", "2007-06-30": "3.27930", "2007-03-31": "3.43860", "2006-12-31": "3.56650", "2006-09-30": "3.69440", "2006-06-30": "3.97230", "2006-03-31": "4.10020", "2005-12-31": "4.22810", "2005-09-30": "8.64240", "2005-06-30": "8.82910", "2005-03-31": "7.20000"}, "Total Liabilities": {"2020-09-30": "345.32500", "2020-06-30": "321.28700", "2020-03-31": "289.67900", "2019-12-31": "308.70800", "2019-09-30": "275.98300", "2019-06-30": "260.04700", "2019-03-31": "251.98900", "2018-12-31": "242.91800", "2018-09-30": "208.23700", "2018-06-30": "182.56800", "2018-03-31": "152.49100", "2017-12-31": "120.90200", "2017-09-30": "104.16000", "2017-06-30": "99.82300", "2017-03-31": "90.29200", "2016-12-31": "99.09100", "2016-09-30": "88.93600", "2016-06-30": "86.08200", "2016-03-31": "85.15000", "2015-12-31": "92.64700", "2015-09-30": "82.86400", "2015-06-30": "84.23400", "2015-03-31": "76.06700", "2014-12-31": "41.10500", "2014-09-30": "32.39000", "2014-06-30": "38.96500", "2014-03-31": "32.95200", "2013-12-31": "35.06800", "2013-09-30": "34.57200", "2013-06-30": "36.20000", "2013-03-31": "28.23900", "2012-12-31": "35.28900", "2012-09-30": "32.14300", "2012-06-30": "33.02900", "2012-03-31": "29.32400", "2011-12-31": "31.65100", "2011-09-30": "29.29150", "2011-06-30": "29.22300", "2011-03-31": "36.35890", "2010-12-31": "34.89760", "2010-09-30": "29.60370", "2010-06-30": "25.52160", "2010-03-31": "18.59060", "2009-12-31": "20.51240", "2009-09-30": "20.00210", "2009-06-30": "19.72000", "2009-03-31": "19.36180", "2008-12-31": "19.51400", "2008-09-30": "18.29450", "2008-06-30": "14.74720", "2008-03-31": "14.22310", "2007-12-31": "15.78410", "2007-09-30": "15.80070", "2007-06-30": "15.94720", "2007-03-31": "15.93260", "2006-12-31": "17.94920", "2006-09-30": "16.56530", "2006-06-30": "13.66180", "2006-03-31": "14.21270", "2005-12-31": "16.20300", "2005-09-30": "18.53910", "2005-06-30": "15.38570", "2005-03-31": "14.57640"}, "Common Stock Net": {"2020-09-30": "0.49000", "2020-06-30": "0.49000", "2020-03-31": "0.48900", "2019-12-31": "0.48900", "2019-09-30": "0.48800", "2019-06-30": "0.48800", "2019-03-31": "0.48800", "2018-12-31": "0.48700", "2018-09-30": "0.48700", "2018-06-30": "0.48700", "2018-03-31": "0.48600", "2017-12-31": "0.48500", "2017-09-30": "0.48500", "2017-06-30": "0.48400", "2017-03-31": "0.48400", "2016-12-31": "0.48300", "2016-09-30": "0.48300", "2016-06-30": "0.48300", "2016-03-31": "0.48300", "2015-12-31": "0.48200", "2015-09-30": "0.47500", "2015-06-30": "0.47500", "2015-03-31": "0.47400", "2014-12-31": "0.47100", "2014-09-30": "0.46900", "2014-06-30": "0.46900", "2014-03-31": "0.46900", "2013-12-31": "0.46800", "2013-09-30": "0.46700", "2013-06-30": "0.46600", "2013-03-31": "0.46600", "2012-12-31": "0.46500", "2012-09-30": "0.46500", "2012-06-30": "0.46500", "2012-03-31": "0.46300", "2011-12-31": "0.46100", "2011-09-30": "0.46060", "2011-06-30": "0.45550", "2011-03-31": "0.45350", "2010-12-31": "0.38940", "2010-09-30": "0.38320", "2010-06-30": "0.38200", "2010-03-31": "0.37590", "2009-12-31": "0.36820", "2009-09-30": "0.36680", "2009-06-30": "0.36440", "2009-03-31": "0.36330", "2008-12-31": "0.36130", "2008-09-30": "0.36030", "2008-06-30": "0.35970", "2008-03-31": "0.35850", "2007-12-31": "0.35560", "2007-09-30": "0.35120", "2007-06-30": "0.34880", "2007-03-31": "0.31680", "2006-12-31": "0.31390", "2006-09-30": "0.31160", "2006-06-30": "0.31130", "2006-03-31": "0.30680", "2005-12-31": "0.29550", "2005-09-30": "0.28750", "2005-06-30": "0.28440", "2005-03-31": "0.28110"}, "Retained Earnings (Accumulated Deficit)": {"2020-09-30": "307.14400", "2020-06-30": "273.75800", "2020-03-31": "280.06000", "2019-12-31": "249.00300", "2019-09-30": "227.28600", "2019-06-30": "195.03600", "2019-03-31": "156.30900", "2018-12-31": "129.55200", "2018-09-30": "112.33700", "2018-06-30": "92.34600", "2018-03-31": "84.36000", "2017-12-31": "99.12600", "2017-09-30": "67.72500", "2017-06-30": "55.61700", "2017-03-31": "9.84400", "2016-12-31": "-25.55700", "2016-09-30": "-51.37600", "2016-06-30": "-49.87600", "2016-03-31": "-71.67800", "2015-12-31": "-73.62700", "2015-09-30": "-91.71500", "2015-06-30": "-98.76200", "2015-03-31": "-86.99100", "2014-12-31": "-88.30500", "2014-09-30": "-101.43100", "2014-06-30": "-105.71600", "2014-03-31": "-126.13700", "2013-12-31": "-130.15900", "2013-09-30": "-188.04500", "2013-06-30": "-193.58700", "2013-03-31": "-208.96900", "2012-12-31": "-204.21100", "2012-09-30": "-209.59600", "2012-06-30": "-204.12800", "2012-03-31": "-215.09200", "2011-12-31": "-213.87100", "2011-09-30": "-219.60480", "2011-06-30": "-225.59430", "2011-03-31": "-228.90700", "2010-12-31": "-217.02610", "2010-09-30": "-211.70970", "2010-06-30": "-204.52310", "2010-03-31": "-200.08700", "2009-12-31": "-197.10870", "2009-09-30": "-193.26100", "2009-06-30": "-188.58820", "2009-03-31": "-182.17300", "2008-12-31": "-180.47220", "2008-09-30": "-176.03460", "2008-06-30": "-170.73160", "2008-03-31": "-165.52580", "2007-12-31": "-161.33250", "2007-09-30": "-158.07640", "2007-06-30": "-155.11580", "2007-03-31": "-149.94040", "2006-12-31": "-145.35660", "2006-09-30": "-140.94780", "2006-06-30": "-138.00450", "2006-03-31": "-133.69190", "2005-12-31": "-130.16980", "2005-09-30": "-125.52820", "2005-06-30": "-122.54910", "2005-03-31": "-119.35910"}, "Comprehensive Income": {"2020-09-30": "-14.76700", "2020-06-30": "-14.78100", "2020-03-31": "-14.53700", "2019-12-31": "-16.99700", "2019-09-30": "-14.11900", "2019-06-30": "-14.80500", "2019-03-31": "-15.52000", "2018-12-31": "-16.23400", "2018-09-30": "-9.99400", "2018-06-30": "-10.45100", "2018-03-31": "-10.96800", "2017-12-31": "-11.46400", "2017-09-30": "-11.45900", "2017-06-30": "-11.57100", "2017-03-31": "-10.35200", "2016-12-31": "-10.66600", "2016-09-30": "-9.58700", "2016-06-30": "-9.70100", "2016-03-31": "-10.52200", "2015-12-31": "-9.81900", "2015-09-30": "-3.67800", "2015-06-30": "-3.95800", "2015-03-31": "-4.21200", "2014-12-31": "-4.38200", "2014-09-30": "-4.07300", "2014-06-30": "-4.14700", "2014-03-31": "-4.24600", "2013-12-31": "-4.36800", "2013-09-30": "-5.21300", "2013-06-30": "-5.32700", "2013-03-31": "-5.53600", "2012-12-31": "-5.70200", "2012-09-30": "-5.39600", "2012-06-30": "-5.59900", "2012-03-31": "-5.81300", "2011-12-31": "-5.85700", "2011-09-30": "-5.57920", "2011-06-30": "-5.94430", "2011-03-31": "-5.87740", "2010-12-31": "-6.03800", "2010-09-30": "-5.30140", "2010-06-30": "-5.47960", "2010-03-31": "-0.00800", "2009-12-31": "0.02550", "2009-09-30": "0.07760", "2009-06-30": "0.10530", "2009-03-31": "0.14130", "2008-12-31": "0.12650", "2008-09-30": "-0.00740", "2008-06-30": "-0.03580", "2008-03-31": "0.03340", "2007-12-31": "-0.05020", "2007-09-30": "-0.01670", "2007-06-30": "-0.04460", "2007-03-31": "-0.02710", "2006-12-31": "-0.08280", "2006-09-30": "-0.06060", "2006-06-30": "-0.12160", "2006-03-31": "-0.10490", "2005-12-31": "-0.12060", "2005-09-30": "-0.08610", "2005-06-30": "-0.08000", "2005-03-31": "-0.09240"}, "Other Share Holders Equity": {"2020-09-30": "", "2020-06-30": "", "2020-03-31": "", "2019-12-31": "", "2019-09-30": "", "2019-06-30": "", "2019-03-31": "", "2018-12-31": "", "2018-09-30": "", "2018-06-30": "", "2018-03-31": "", "2017-12-31": "", "2017-09-30": "", "2017-06-30": "", "2017-03-31": "", "2016-12-31": "", "2016-09-30": "", "2016-06-30": "", "2016-03-31": "", "2015-12-31": "", "2015-09-30": "", "2015-06-30": "", "2015-03-31": "", "2014-12-31": "", "2014-09-30": "", "2014-06-30": "", "2014-03-31": "", "2013-12-31": "", "2013-09-30": "", "2013-06-30": "", "2013-03-31": "", "2012-12-31": "", "2012-09-30": "", "2012-06-30": "", "2012-03-31": "", "2011-12-31": "", "2011-09-30": "", "2011-06-30": "", "2011-03-31": "", "2010-12-31": "", "2010-09-30": "", "2010-06-30": "", "2010-03-31": "", "2009-12-31": "", "2009-09-30": "", "2009-06-30": "", "2009-03-31": "", "2008-12-31": "", "2008-09-30": "", "2008-06-30": "", "2008-03-31": "", "2007-12-31": "", "2007-09-30": "", "2007-06-30": "", "2007-03-31": "", "2006-12-31": "", "2006-09-30": "", "2006-06-30": "", "2006-03-31": "", "2005-12-31": "", "2005-09-30": "", "2005-06-30": "", "2005-03-31": ""}, "Share Holder Equity": {"2020-09-30": "879.63600", "2020-06-30": "839.77000", "2020-03-31": "846.69700", "2019-12-31": "811.44900", "2019-09-30": "786.56700", "2019-06-30": "751.03300", "2019-03-31": "716.20100", "2018-12-31": "690.50600", "2018-09-30": "675.50700", "2018-06-30": "650.68100", "2018-03-31": "642.64900", "2017-12-31": "659.05400", "2017-09-30": "623.01000", "2017-06-30": "607.81200", "2017-03-31": "565.15100", "2016-12-31": "528.46800", "2016-09-30": "495.81700", "2016-06-30": "493.92000", "2016-03-31": "470.89600", "2015-12-31": "466.76500", "2015-09-30": "451.45900", "2015-06-30": "440.93700", "2015-03-31": "449.39700", "2014-12-31": "448.74200", "2014-09-30": "439.78000", "2014-06-30": "448.40400", "2014-03-31": "433.00400", "2013-12-31": "427.68600", "2013-09-30": "365.44900", "2013-06-30": "357.30500", "2013-03-31": "339.68400", "2012-12-31": "350.23500", "2012-09-30": "348.85800", "2012-06-30": "352.89200", "2012-03-31": "339.90600", "2011-12-31": "342.22700", "2011-09-30": "335.91420", "2011-06-30": "317.79010", "2011-03-31": "306.81680", "2010-12-31": "57.42950", "2010-09-30": "50.92820", "2010-06-30": "55.81880", "2010-03-31": "58.88280", "2009-12-31": "59.62750", "2009-09-30": "61.85880", "2009-06-30": "65.00110", "2009-03-31": "70.14570", "2008-12-31": "76.71450", "2008-09-30": "79.91140", "2008-06-30": "84.54780", "2008-03-31": "88.45890", "2007-12-31": "89.21600", "2007-09-30": "89.61970", "2007-06-30": "90.01160", "2007-03-31": "53.16260", "2006-12-31": "54.38240", "2006-09-30": "56.58020", "2006-06-30": "58.99460", "2006-03-31": "59.09840", "2005-12-31": "57.61650", "2005-09-30": "54.07140", "2005-06-30": "55.51420", "2005-03-31": "56.00030"}, "Total Liabilities And Share Holders Equity": {"2020-09-30": "1224.96100", "2020-06-30": "1161.05700", "2020-03-31": "1136.37600", "2019-12-31": "1120.15700", "2019-09-30": "1062.55000", "2019-06-30": "1011.08000", "2019-03-31": "968.19000", "2018-12-31": "933.42400", "2018-09-30": "883.74400", "2018-06-30": "833.24900", "2018-03-31": "795.14000", "2017-12-31": "779.95600", "2017-09-30": "727.17000", "2017-06-30": "707.63500", "2017-03-31": "655.44300", "2016-12-31": "627.55900", "2016-09-30": "584.75300", "2016-06-30": "580.00200", "2016-03-31": "556.04600", "2015-12-31": "559.41200", "2015-09-30": "534.32300", "2015-06-30": "525.17100", "2015-03-31": "525.46400", "2014-12-31": "489.84700", "2014-09-30": "472.17000", "2014-06-30": "487.36900", "2014-03-31": "465.95600", "2013-12-31": "462.75400", "2013-09-30": "400.02100", "2013-06-30": "393.50500", "2013-03-31": "367.92300", "2012-12-31": "385.52400", "2012-09-30": "381.00100", "2012-06-30": "385.92100", "2012-03-31": "369.23000", "2011-12-31": "373.87800", "2011-09-30": "365.20570", "2011-06-30": "347.01310", "2011-03-31": "343.17570", "2010-12-31": "92.32710", "2010-09-30": "80.53190", "2010-06-30": "81.34040", "2010-03-31": "77.47340", "2009-12-31": "80.13990", "2009-09-30": "81.86090", "2009-06-30": "84.72110", "2009-03-31": "89.50750", "2008-12-31": "96.22850", "2008-09-30": "98.20590", "2008-06-30": "99.29500", "2008-03-31": "102.68200", "2007-12-31": "105.00010", "2007-09-30": "105.42040", "2007-06-30": "105.95880", "2007-03-31": "69.09520", "2006-12-31": "72.33150", "2006-09-30": "73.14550", "2006-06-30": "72.65630", "2006-03-31": "73.31110", "2005-12-31": "73.81940", "2005-09-30": "72.61050", "2005-06-30": "70.90000", "2005-03-31": "70.57670"}}, "cash flow statement": {"Net Income/Loss": {"2019-12-31": "138.30400", "2018-12-31": "58.84000", "2017-12-31": "103.88500", "2016-12-31": "48.07000", "2015-12-31": "14.67800", "2014-12-31": "41.85400", "2013-12-31": "74.05200", "2012-12-31": "9.66000", "2011-12-31": "3.15500", "2010-12-31": "-19.91700", "2009-12-31": "-20.50530", "2008-12-31": "-19.13970", "2007-12-31": "-15.97580", "2006-12-31": "-15.18680", "2005-12-31": "-15.80160"}, "Total Depreciation And Amortization - Cash Flow": {"2019-12-31": "-107.59300", "2018-12-31": "-44.46200", "2017-12-31": "12.90900", "2016-12-31": "11.52600", "2015-12-31": "4.39400", "2014-12-31": "8.26900", "2013-12-31": "6.67900", "2012-12-31": "0.78500", "2011-12-31": "-2.55000", "2010-12-31": "-2.12300", "2009-12-31": "-0.64790", "2008-12-31": "1.06620", "2007-12-31": "1.45750", "2006-12-31": "3.36540", "2005-12-31": "3.23720"}, "Other Non-Cash Items": {"2019-12-31": "17.85800", "2018-12-31": "28.29400", "2017-12-31": "39.80800", "2016-12-31": "11.95100", "2015-12-31": "50.60100", "2014-12-31": "21.28100", "2013-12-31": "-34.53200", "2012-12-31": "5.03300", "2011-12-31": "9.95500", "2010-12-31": "17.18400", "2009-12-31": "6.11980", "2008-12-31": "5.64640", "2007-12-31": "5.09600", "2006-12-31": "6.61150", "2005-12-31": "6.59180"}, "Total Non-Cash Items": {"2019-12-31": "-89.73500", "2018-12-31": "-16.16800", "2017-12-31": "52.71700", "2016-12-31": "23.47700", "2015-12-31": "54.99500", "2014-12-31": "29.55000", "2013-12-31": "-27.85300", "2012-12-31": "5.81800", "2011-12-31": "7.40500", "2010-12-31": "15.06100", "2009-12-31": "5.47200", "2008-12-31": "6.71260", "2007-12-31": "6.55350", "2006-12-31": "9.97690", "2005-12-31": "9.82900"}, "Change In Accounts Receivable": {"2019-12-31": "-17.32300", "2018-12-31": "9.22600", "2017-12-31": "-27.36100", "2016-12-31": "1.20500", "2015-12-31": "-2.65400", "2014-12-31": "-6.41800", "2013-12-31": "-7.00000", "2012-12-31": "2.07000", "2011-12-31": "-3.47900", "2010-12-31": "-3.90300", "2009-12-31": "-0.89380", "2008-12-31": "-0.05500", "2007-12-31": "-0.28220", "2006-12-31": "-0.16920", "2005-12-31": "0.64420"}, "Change In Inventories": {"2019-12-31": "0.10900", "2018-12-31": "-37.36500", "2017-12-31": "-18.95100", "2016-12-31": "-4.46000", "2015-12-31": "-8.63900", "2014-12-31": "-30.41400", "2013-12-31": "0.42400", "2012-12-31": "-7.17500", "2011-12-31": "-3.84100", "2010-12-31": "-0.00200", "2009-12-31": "0.00160", "2008-12-31": "", "2007-12-31": "-0.01060", "2006-12-31": "0.00580", "2005-12-31": "-0.01650"}, "Change In Accounts Payable": {"2019-12-31": "", "2018-12-31": "", "2017-12-31": "", "2016-12-31": "", "2015-12-31": "", "2014-12-31": "", "2013-12-31": "", "2012-12-31": "", "2011-12-31": "", "2010-12-31": "", "2009-12-31": "", "2008-12-31": "", "2007-12-31": "", "2006-12-31": "", "2005-12-31": ""}, "Change In Assets/Liabilities": {"2019-12-31": "147.04100", "2018-12-31": "105.70000", "2017-12-31": "6.65500", "2016-12-31": "7.68400", "2015-12-31": "54.44200", "2014-12-31": "9.64300", "2013-12-31": "1.75000", "2012-12-31": "2.66300", "2011-12-31": "6.39400", "2010-12-31": "2.17300", "2009-12-31": "1.52630", "2008-12-31": "4.07560", "2007-12-31": "1.09230", "2006-12-31": "1.01110", "2005-12-31": "3.74760"}, "Total Change In Assets/Liabilities": {"2019-12-31": "145.34300", "2018-12-31": "79.12400", "2017-12-31": "-23.23700", "2016-12-31": "8.79100", "2015-12-31": "43.93900", "2014-12-31": "-24.13400", "2013-12-31": "-1.21200", "2012-12-31": "2.27600", "2011-12-31": "5.84900", "2010-12-31": "0.65600", "2009-12-31": "0.42320", "2008-12-31": "4.64200", "2007-12-31": "-1.01690", "2006-12-31": "1.09270", "2005-12-31": "5.62760"}, "Cash Flow From Operating Activities": {"2019-12-31": "193.91200", "2018-12-31": "121.79600", "2017-12-31": "133.36500", "2016-12-31": "80.33800", "2015-12-31": "113.61200", "2014-12-31": "47.27000", "2013-12-31": "44.98700", "2012-12-31": "17.75400", "2011-12-31": "16.40900", "2010-12-31": "-4.20000", "2009-12-31": "-14.61020", "2008-12-31": "-7.78520", "2007-12-31": "-10.43930", "2006-12-31": "-4.11710", "2005-12-31": "-0.34510"}, "Net Change In Property, Plant, And Equipment": {"2019-12-31": "-30.05900", "2018-12-31": "-25.39100", "2017-12-31": "-29.80300", "2016-12-31": "-7.30000", "2015-12-31": "-5.10300", "2014-12-31": "-6.15300", "2013-12-31": "-4.71000", "2012-12-31": "-2.73700", "2011-12-31": "-2.62400", "2010-12-31": "-0.36900", "2009-12-31": "-0.25880", "2008-12-31": "-1.27710", "2007-12-31": "-1.22590", "2006-12-31": "-2.34900", "2005-12-31": "-5.65690"}, "Net Change In Intangible Assets": {"2019-12-31": "-0.40100", "2018-12-31": "0.00000", "2017-12-31": "0.00000", "2016-12-31": "-95.98900", "2015-12-31": "", "2014-12-31": "", "2013-12-31": "-0.35900", "2012-12-31": "-109.10200", "2011-12-31": "-0.44000", "2010-12-31": "0.00000", "2009-12-31": "", "2008-12-31": "", "2007-12-31": "", "2006-12-31": "", "2005-12-31": ""}, "Net Acquisitions/Divestitures": {"2019-12-31": "", "2018-12-31": "", "2017-12-31": "", "2016-12-31": "-33.38000", "2015-12-31": "", "2014-12-31": "", "2013-12-31": "", "2012-12-31": "", "2011-12-31": "", "2010-12-31": "", "2009-12-31": "", "2008-12-31": "", "2007-12-31": "", "2006-12-31": "", "2005-12-31": ""}, "Net Change In Short-term Investments": {"2019-12-31": "-208.25400", "2018-12-31": "4.39000", "2017-12-31": "-95.77500", "2016-12-31": "", "2015-12-31": "", "2014-12-31": "", "2013-12-31": "", "2012-12-31": "", "2011-12-31": "-180.72500", "2010-12-31": "-11.46100", "2009-12-31": "8.28480", "2008-12-31": "1.87750", "2007-12-31": "-31.44420", "2006-12-31": "", "2005-12-31": ""}, "Net Change In Long-Term Investments": {"2019-12-31": "", "2018-12-31": "", "2017-12-31": "", "2016-12-31": "98.19700", "2015-12-31": "-53.46500", "2014-12-31": "-36.15600", "2013-12-31": "-49.70600", "2012-12-31": "75.75300", "2011-12-31": "", "2010-12-31": "", "2009-12-31": "", "2008-12-31": "", "2007-12-31": "", "2006-12-31": "1.21430", "2005-12-31": "9.60200"}, "Net Change In Investments - Total": {"2019-12-31": "-208.25400", "2018-12-31": "4.39000", "2017-12-31": "-95.77500", "2016-12-31": "98.19700", "2015-12-31": "-53.46500", "2014-12-31": "-36.15600", "2013-12-31": "-49.70600", "2012-12-31": "75.75300", "2011-12-31": "-180.72500", "2010-12-31": "-11.46100", "2009-12-31": "8.28480", "2008-12-31": "1.87750", "2007-12-31": "-31.44420", "2006-12-31": "1.21430", "2005-12-31": "9.60200"}, "Investing Activities - Other": {"2019-12-31": "", "2018-12-31": "", "2017-12-31": "", "2016-12-31": "", "2015-12-31": "", "2014-12-31": "", "2013-12-31": "", "2012-12-31": "", "2011-12-31": "", "2010-12-31": "", "2009-12-31": "", "2008-12-31": "", "2007-12-31": "", "2006-12-31": "", "2005-12-31": ""}, "Cash Flow From Investing Activities": {"2019-12-31": "-238.71400", "2018-12-31": "-21.00100", "2017-12-31": "-125.57800", "2016-12-31": "-38.47200", "2015-12-31": "-58.56800", "2014-12-31": "-42.30900", "2013-12-31": "-54.77500", "2012-12-31": "-36.08600", "2011-12-31": "-183.78900", "2010-12-31": "-11.83000", "2009-12-31": "8.02600", "2008-12-31": "0.60040", "2007-12-31": "-32.67000", "2006-12-31": "-1.13470", "2005-12-31": "3.94510"}, "Net Long-Term Debt": {"2019-12-31": "", "2018-12-31": "", "2017-12-31": "", "2016-12-31": "", "2015-12-31": "", "2014-12-31": "", "2013-12-31": "", "2012-12-31": "", "2011-12-31": "", "2010-12-31": "", "2009-12-31": "", "2008-12-31": "", "2007-12-31": "", "2006-12-31": "", "2005-12-31": "-4.50000"}, "Net Current Debt": {"2019-12-31": "", "2018-12-31": "", "2017-12-31": "", "2016-12-31": "", "2015-12-31": "", "2014-12-31": "", "2013-12-31": "", "2012-12-31": "", "2011-12-31": "", "2010-12-31": "", "2009-12-31": "", "2008-12-31": "", "2007-12-31": "", "2006-12-31": "", "2005-12-31": ""}, "Debt Issuance/Retirement Net - Total": {"2019-12-31": "", "2018-12-31": "", "2017-12-31": "", "2016-12-31": "", "2015-12-31": "", "2014-12-31": "", "2013-12-31": "", "2012-12-31": "", "2011-12-31": "", "2010-12-31": "", "2009-12-31": "", "2008-12-31": "", "2007-12-31": "", "2006-12-31": "", "2005-12-31": "-4.50000"}, "Net Common Equity Issued/Repurchased": {"2019-12-31": "0.24000", "2018-12-31": "0.32100", "2017-12-31": "0.77200", "2016-12-31": "0.62400", "2015-12-31": "2.38800", "2014-12-31": "-27.28500", "2013-12-31": "-2.28100", "2012-12-31": "-3.39800", "2011-12-31": "263.27900", "2010-12-31": "14.86500", "2009-12-31": "1.83230", "2008-12-31": "2.40720", "2007-12-31": "46.54000", "2006-12-31": "6.28180", "2005-12-31": "8.42370"}, "Net Total Equity Issued/Repurchased": {"2019-12-31": "0.24000", "2018-12-31": "0.32100", "2017-12-31": "0.77200", "2016-12-31": "0.62400", "2015-12-31": "2.38800", "2014-12-31": "-27.28500", "2013-12-31": "-2.28100", "2012-12-31": "-3.39800", "2011-12-31": "263.27900", "2010-12-31": "14.86500", "2009-12-31": "1.83230", "2008-12-31": "2.40720", "2007-12-31": "46.54000", "2006-12-31": "6.28180", "2005-12-31": "8.42370"}, "Total Common And Preferred Stock Dividends Paid": {"2019-12-31": "-18.85300", "2018-12-31": "-11.31400", "2017-12-31": "-5.65200", "2016-12-31": "", "2015-12-31": "", "2014-12-31": "", "2013-12-31": "", "2012-12-31": "", "2011-12-31": "", "2010-12-31": "", "2009-12-31": "", "2008-12-31": "", "2007-12-31": "", "2006-12-31": "", "2005-12-31": ""}, "Financial Activities - Other": {"2019-12-31": "-15.98000", "2018-12-31": "-11.62000", "2017-12-31": "-9.43200", "2016-12-31": "-0.63800", "2015-12-31": "-5.33700", "2014-12-31": "-2.84400", "2013-12-31": "-3.26800", "2012-12-31": "-4.14200", "2011-12-31": "-4.47300", "2010-12-31": "-1.16700", "2009-12-31": "-0.86860", "2008-12-31": "-0.77160", "2007-12-31": "-0.65750", "2006-12-31": "-0.58670", "2005-12-31": "4.20000"}, "Cash Flow From Financial Activities": {"2019-12-31": "-34.59300", "2018-12-31": "-22.61300", "2017-12-31": "-14.31200", "2016-12-31": "-0.01400", "2015-12-31": "-2.94900", "2014-12-31": "-30.12900", "2013-12-31": "-5.54900", "2012-12-31": "-7.54000", "2011-12-31": "258.80600", "2010-12-31": "13.69800", "2009-12-31": "0.96380", "2008-12-31": "1.63560", "2007-12-31": "45.88250", "2006-12-31": "5.69510", "2005-12-31": "8.12370"}, "Net Cash Flow": {"2019-12-31": "-79.39500", "2018-12-31": "78.18200", "2017-12-31": "-6.52500", "2016-12-31": "41.85200", "2015-12-31": "52.09500", "2014-12-31": "-25.16800", "2013-12-31": "-15.33700", "2012-12-31": "-25.87200", "2011-12-31": "91.42600", "2010-12-31": "-2.33200", "2009-12-31": "-5.62050", "2008-12-31": "-5.54910", "2007-12-31": "2.77320", "2006-12-31": "0.44330", "2005-12-31": "11.72370"}, "Stock-Based Compensation": {"2019-12-31": "17.69600", "2018-12-31": "16.79600", "2017-12-31": "14.89300", "2016-12-31": "13.08900", "2015-12-31": "10.46400", "2014-12-31": "8.27300", "2013-12-31": "6.88600", "2012-12-31": "5.04400", "2011-12-31": "5.75600", "2010-12-31": "5.93400", "2009-12-31": "3.91870", "2008-12-31": "4.41370", "2007-12-31": "4.16940", "2006-12-31": "3.64340", "2005-12-31": "2.68320"}, "Common Stock Dividends Paid": {"2019-12-31": "-18.85300", "2018-12-31": "-11.31400", "2017-12-31": "-5.65200", "2016-12-31": "", "2015-12-31": "", "2014-12-31": "", "2013-12-31": "", "2012-12-31": "", "2011-12-31": "", "2010-12-31": "", "2009-12-31": "", "2008-12-31": "", "2007-12-31": "", "2006-12-31": "", "2005-12-31": ""}}, "cash flow statement, quarterly": {"Net Income/Loss": {"2020-09-30": 40.5, "2020-06-30": 0.815, "2020-03-31": "38.15500", "2019-12-31": 26.428, "2019-09-30": 36.962, "2019-06-30": 43.44, "2019-03-31": "31.47400", "2018-12-31": 19.249, "2018-09-30": 22.818, "2018-06-30": 10.814, "2018-03-31": "5.95900", "2017-12-31": 32.813, "2017-09-30": 13.52, "2017-06-30": 47.187, "2017-03-31": "10.36500", "2016-12-31": 25.819, "2016-09-30": -1.5, "2016-06-30": 21.802, "2016-03-31": "1.94900", "2015-12-31": 18.088, "2015-09-30": 7.047, "2015-06-30": -11.771, "2015-03-31": "1.31400", "2014-12-31": 13.126, "2014-09-30": 4.285, "2014-06-30": 20.421, "2014-03-31": "4.02200", "2013-12-31": 57.886, "2013-09-30": 5.542, "2013-06-30": 15.382, "2013-03-31": "-4.75800", "2012-12-31": 5.385, "2012-09-30": -5.468, "2012-06-30": 10.964, "2012-03-31": "-1.22100", "2011-12-31": 5.734, "2011-09-30": 5.989, "2011-06-30": 3.313, "2011-03-31": "-11.88100", "2010-12-31": -5.316, "2010-09-30": -7.1866, "2010-06-30": -4.4361, "2010-03-31": "-2.97830", "2009-12-31": -3.8477, "2009-09-30": -4.6728, "2009-06-30": -6.4152, "2009-03-31": "-5.56960", "2008-12-31": -4.4375, "2008-09-30": -5.303, "2008-06-30": -5.2058, "2008-03-31": "-4.19340", "2007-12-31": -3.2561, "2007-09-30": -2.9605, "2007-06-30": -5.1754, "2007-03-31": "-4.58380", "2006-12-31": -4.4088, "2006-09-30": -2.9433, "2006-06-30": -4.3127, "2006-03-31": "-3.52200", "2005-12-31": -4.6416, "2005-09-30": -2.9791, "2005-06-30": -3.19, "2005-03-31": "-4.99090"}, "Total Depreciation And Amortization - Cash Flow": {"2020-09-30": -45.519, "2020-06-30": -10.25, "2020-03-31": "-33.41100", "2019-12-31": -27.413, "2019-09-30": -29.863, "2019-06-30": -29.844, "2019-03-31": "-20.47300", "2018-12-31": -10.519, "2018-09-30": -17.756, "2018-06-30": -10.295, "2018-03-31": "-5.89200", "2017-12-31": 2.047, "2017-09-30": 3.61, "2017-06-30": 3.802, "2017-03-31": "3.45000", "2016-12-31": 4.082, "2016-09-30": 4.428, "2016-06-30": 1.693, "2016-03-31": "1.32300", "2015-12-31": 1.432, "2015-09-30": 1.201, "2015-06-30": -0.379, "2015-03-31": "2.14000", "2014-12-31": 2.752, "2014-09-30": 1.02, "2014-06-30": 2.509, "2014-03-31": "1.98800", "2013-12-31": 0.58, "2013-09-30": 1.685, "2013-06-30": 1.957, "2013-03-31": "2.45700", "2012-12-31": 0.507, "2012-09-30": 1.596, "2012-06-30": -0.596, "2012-03-31": "-0.72200", "2011-12-31": -0.959, "2011-09-30": -0.699, "2011-06-30": -0.5, "2011-03-31": "-0.39200", "2010-12-31": -0.9113, "2010-09-30": 0.7295, "2010-06-30": -2.1243, "2010-03-31": "0.18310", "2009-12-31": 0.2271, "2009-09-30": -1.2719, "2009-06-30": 0.2642, "2009-03-31": "0.13270", "2008-12-31": 0.0726, "2008-09-30": 0.0471, "2008-06-30": 0.5151, "2008-03-31": "0.43140", "2007-12-31": -0.972, "2007-09-30": 0.7781, "2007-06-30": 0.8071, "2007-03-31": "0.84430", "2006-12-31": 0.8449, "2006-09-30": 0.8414, "2006-06-30": 0.8304, "2006-03-31": "0.84870", "2005-12-31": 0.8648, "2005-09-30": 0.8642, "2005-06-30": 0.8022, "2005-03-31": "0.70600"}, "Other Non-Cash Items": {"2020-09-30": 5.605, "2020-06-30": 6.361, "2020-03-31": "7.54000", "2019-12-31": 4.513, "2019-09-30": 2.418, "2019-06-30": 7.169, "2019-03-31": "3.75800", "2018-12-31": -1.502, "2018-09-30": 2.318, "2018-06-30": 23.733, "2018-03-31": "3.74500", "2017-12-31": 22.138, "2017-09-30": 3.061, "2017-06-30": 9.416, "2017-03-31": "5.19300", "2016-12-31": -2.279, "2016-09-30": 3.112, "2016-06-30": 8.049, "2016-03-31": "3.06900", "2015-12-31": 5.733, "2015-09-30": 3.186, "2015-06-30": 39.267, "2015-03-31": "2.41500", "2014-12-31": 6.482, "2014-09-30": 3.977, "2014-06-30": 6.947, "2014-03-31": "3.87500", "2013-12-31": -39.643, "2013-09-30": 1.782, "2013-06-30": 1.931, "2013-03-31": "1.39800", "2012-12-31": 1.274, "2012-09-30": 1.371, "2012-06-30": 1.375, "2012-03-31": "1.01300", "2011-12-31": 1.231, "2011-09-30": 1.414, "2011-06-30": -3.193, "2011-03-31": "10.50300", "2010-12-31": 8.4492, "2010-09-30": 4.6887, "2010-06-30": 3.8622, "2010-03-31": "0.18390", "2009-12-31": 2.3987, "2009-09-30": 1.8467, "2009-06-30": 1.1133, "2009-03-31": "0.76110", "2008-12-31": 3.2963, "2008-09-30": 0.753, "2008-06-30": 0.6997, "2008-03-31": "0.89740", "2007-12-31": 3.2184, "2007-09-30": 0.5474, "2007-06-30": 0.905, "2007-03-31": "0.42520", "2006-12-31": 3.26, "2006-09-30": 0.8605, "2006-06-30": 1.1579, "2006-03-31": "1.33310", "2005-12-31": 2.0285, "2005-09-30": 0.5633, "2005-06-30": 2.2192, "2005-03-31": "1.78080"}, "Total Non-Cash Items": {"2020-09-30": -39.914, "2020-06-30": -3.889, "2020-03-31": "-25.87100", "2019-12-31": -22.9, "2019-09-30": -27.445, "2019-06-30": -22.675, "2019-03-31": "-16.71500", "2018-12-31": -12.021, "2018-09-30": -15.438, "2018-06-30": 13.438, "2018-03-31": "-2.14700", "2017-12-31": 24.185, "2017-09-30": 6.671, "2017-06-30": 13.218, "2017-03-31": "8.64300", "2016-12-31": 1.803, "2016-09-30": 7.54, "2016-06-30": 9.742, "2016-03-31": "4.39200", "2015-12-31": 7.165, "2015-09-30": 4.387, "2015-06-30": 38.888, "2015-03-31": "4.55500", "2014-12-31": 9.234, "2014-09-30": 4.997, "2014-06-30": 9.456, "2014-03-31": "5.86300", "2013-12-31": -39.063, "2013-09-30": 3.467, "2013-06-30": 3.888, "2013-03-31": "3.85500", "2012-12-31": 1.781, "2012-09-30": 2.967, "2012-06-30": 0.779, "2012-03-31": "0.29100", "2011-12-31": 0.272, "2011-09-30": 0.715, "2011-06-30": -3.693, "2011-03-31": "10.11100", "2010-12-31": 7.5379, "2010-09-30": 5.4182, "2010-06-30": 1.7379, "2010-03-31": "0.36700", "2009-12-31": 2.6258, "2009-09-30": 0.5749, "2009-06-30": 1.3774, "2009-03-31": "0.89390", "2008-12-31": 3.3689, "2008-09-30": 0.8001, "2008-06-30": 1.2148, "2008-03-31": "1.32880", "2007-12-31": 2.2463, "2007-09-30": 1.3256, "2007-06-30": 1.7121, "2007-03-31": "1.26950", "2006-12-31": 4.1048, "2006-09-30": 1.702, "2006-06-30": 1.9883, "2006-03-31": "2.18180", "2005-12-31": 2.8933, "2005-09-30": 1.4275, "2005-06-30": 3.0214, "2005-03-31": "2.48680"}, "Change In Accounts Receivable": {"2020-09-30": -30.852, "2020-06-30": 14.094, "2020-03-31": "-22.14000", "2019-12-31": 5.322, "2019-09-30": 1.178, "2019-06-30": -14.828, "2019-03-31": "-8.99500", "2018-12-31": 0.078, "2018-09-30": -7.624, "2018-06-30": -12.815, "2018-03-31": "29.58700", "2017-12-31": -9.099, "2017-09-30": -3.554, "2017-06-30": -3.381, "2017-03-31": "-11.32700", "2016-12-31": -2.518, "2016-09-30": -3.022, "2016-06-30": 2.882, "2016-03-31": "3.86300", "2015-12-31": 3.621, "2015-09-30": -10.972, "2015-06-30": 0.786, "2015-03-31": "3.91100", "2014-12-31": 0.032, "2014-09-30": -1.607, "2014-06-30": 4.008, "2014-03-31": "-8.85100", "2013-12-31": 2.128, "2013-09-30": -3.334, "2013-06-30": -3.924, "2013-03-31": "-1.87000", "2012-12-31": -0.786, "2012-09-30": 1.709, "2012-06-30": -0.872, "2012-03-31": "2.01900", "2011-12-31": 1.034, "2011-09-30": -5.22, "2011-06-30": -0.556, "2011-03-31": "1.26300", "2010-12-31": -2.5509, "2010-09-30": -0.811, "2010-06-30": -1.4861, "2010-03-31": "0.94500", "2009-12-31": -1.4579, "2009-09-30": -0.1256, "2009-06-30": 0.0526, "2009-03-31": "0.63710", "2008-12-31": -0.6577, "2008-09-30": -0.0631, "2008-06-30": 0.5852, "2008-03-31": "0.08060", "2007-12-31": 0.0944, "2007-09-30": -0.6522, "2007-06-30": -0.0668, "2007-03-31": "0.34240", "2006-12-31": 1.6278, "2006-09-30": -1.2075, "2006-06-30": -0.2575, "2006-03-31": "-0.33200", "2005-12-31": 0.3385, "2005-09-30": -0.1073, "2005-06-30": -1.0298, "2005-03-31": "1.44280"}, "Change In Inventories": {"2020-09-30": 0.228, "2020-06-30": -10.455, "2020-03-31": "-10.72600", "2019-12-31": -7.965, "2019-09-30": 2.367, "2019-06-30": 3.972, "2019-03-31": "1.73500", "2018-12-31": -3.554, "2018-09-30": -14.033, "2018-06-30": -2.405, "2018-03-31": "-17.37300", "2017-12-31": -3.532, "2017-09-30": -8.296, "2017-06-30": -7.769, "2017-03-31": "0.64600", "2016-12-31": -1.211, "2016-09-30": 0.47, "2016-06-30": -1.758, "2016-03-31": "-1.96100", "2015-12-31": 0.94, "2015-09-30": 3.281, "2015-06-30": -11.002, "2015-03-31": "-1.85800", "2014-12-31": -11.175, "2014-09-30": -9.17, "2014-06-30": -6.072, "2014-03-31": "-3.99700", "2013-12-31": -2.742, "2013-09-30": 0.821, "2013-06-30": 0.409, "2013-03-31": "1.93600", "2012-12-31": -1.567, "2012-09-30": -0.88, "2012-06-30": -2.997, "2012-03-31": "-1.73100", "2011-12-31": -1.613, "2011-09-30": -1.769, "2011-06-30": -0.37, "2011-03-31": "-0.08900", "2010-12-31": -0.0004, "2010-09-30": -0.0016, "2010-06-30": 0, "2010-03-31": "", "2009-12-31": 0.0016, "2009-09-30": 0, "2009-06-30": 0, "2009-03-31": "", "2008-12-31": -0.039, "2008-09-30": 0, "2008-06-30": 0.039, "2008-03-31": "", "2007-12-31": -0.039, "2007-09-30": 0, "2007-06-30": 0.0231, "2007-03-31": "0.00530", "2006-12-31": 0, "2006-09-30": 0.0674, "2006-06-30": -0.0583, "2006-03-31": "-0.00330", "2005-12-31": 0.0018, "2005-09-30": 0.0015, "2005-06-30": 0, "2005-03-31": "-0.01980"}, "Change In Accounts Payable": {"2020-09-30": 0, "2020-06-30": 0, "2020-03-31": "", "2019-12-31": 0, "2019-09-30": 0, "2019-06-30": 0, "2019-03-31": "", "2018-12-31": 0, "2018-09-30": 0, "2018-06-30": 0, "2018-03-31": "", "2017-12-31": 0, "2017-09-30": 0, "2017-06-30": 0, "2017-03-31": "", "2016-12-31": 0, "2016-09-30": 0, "2016-06-30": 0, "2016-03-31": "", "2015-12-31": 0, "2015-09-30": 0, "2015-06-30": 0, "2015-03-31": "", "2014-12-31": 0, "2014-09-30": 0, "2014-06-30": 0, "2014-03-31": "", "2013-12-31": 0, "2013-09-30": 0, "2013-06-30": 0, "2013-03-31": "", "2012-12-31": 0, "2012-09-30": 0, "2012-06-30": 0, "2012-03-31": "", "2011-12-31": 0, "2011-09-30": 0, "2011-06-30": 0, "2011-03-31": "", "2010-12-31": 0, "2010-09-30": 0, "2010-06-30": 0, "2010-03-31": "", "2009-12-31": 0, "2009-09-30": 0, "2009-06-30": 0, "2009-03-31": "", "2008-12-31": 0, "2008-09-30": 0, "2008-06-30": 0, "2008-03-31": "", "2007-12-31": 0, "2007-09-30": 0, "2007-06-30": 0, "2007-03-31": "", "2006-12-31": 0, "2006-09-30": 0, "2006-06-30": 0, "2006-03-31": "", "2005-12-31": 0, "2005-09-30": 0, "2005-06-30": 0, "2005-03-31": ""}, "Change In Assets/Liabilities": {"2020-09-30": 73.136, "2020-06-30": 16.711, "2020-03-31": "55.66800", "2019-12-31": 37.938, "2019-09-30": 40.533, "2019-06-30": 29.902, "2019-03-31": "38.66800", "2018-12-31": 21.964, "2018-09-30": 45.719, "2018-06-30": 10.787, "2018-03-31": "27.23000", "2017-12-31": 5.221, "2017-09-30": 0.471, "2017-06-30": -0.637, "2017-03-31": "1.60000", "2016-12-31": 6.615, "2016-09-30": 0.124, "2016-06-30": -0.156, "2016-03-31": "1.10100", "2015-12-31": 3.579, "2015-09-30": 1.334, "2015-06-30": 1.887, "2015-03-31": "47.64200", "2014-12-31": 11.102, "2014-09-30": 0.297, "2014-06-30": -1.997, "2014-03-31": "0.24100", "2013-12-31": 0.853, "2013-09-30": 0.094, "2013-06-30": 4.027, "2013-03-31": "-3.22400", "2012-12-31": 2.582, "2012-09-30": 0.011, "2012-06-30": -0.547, "2012-03-31": "0.61700", "2011-12-31": 1.719, "2011-09-30": 2.769, "2011-06-30": -0.054, "2011-03-31": "1.96000", "2010-12-31": 1.0504, "2010-09-30": -0.506, "2010-06-30": 0.6832, "2010-03-31": "0.94540", "2009-12-31": 1.5077, "2009-09-30": 0.2157, "2009-06-30": -0.2291, "2009-03-31": "0.03200", "2008-12-31": 1.7441, "2008-09-30": 2.911, "2008-06-30": -0.4324, "2008-03-31": "-0.14710", "2007-12-31": 1.2556, "2007-09-30": -0.2383, "2007-06-30": -0.5062, "2007-03-31": "0.58120", "2006-12-31": -0.0283, "2006-09-30": 2.0639, "2006-06-30": -0.7402, "2006-03-31": "-0.28430", "2005-12-31": 0.4663, "2005-09-30": 1.6356, "2005-06-30": 1.0248, "2005-03-31": "0.62090"}, "Total Change In Assets/Liabilities": {"2020-09-30": 43.211, "2020-06-30": 29.358, "2020-03-31": "-6.53800", "2019-12-31": 52.638, "2019-09-30": 44.35, "2019-06-30": 29.064, "2019-03-31": "19.29100", "2018-12-31": 19.612, "2018-09-30": 37.624, "2018-06-30": -13.115, "2018-03-31": "35.00300", "2017-12-31": 5.106, "2017-09-30": -5.559, "2017-06-30": -5.42, "2017-03-31": "-17.36400", "2016-12-31": 12.382, "2016-09-30": -1.937, "2016-06-30": 4.477, "2016-03-31": "-6.13100", "2015-12-31": 7.738, "2015-09-30": -5.991, "2015-06-30": 1.081, "2015-03-31": "41.11100", "2014-12-31": 6.133, "2014-09-30": -15.513, "2014-06-30": 2.451, "2014-03-31": "-17.20500", "2013-12-31": 3.588, "2013-09-30": -1.968, "2013-06-30": 7.163, "2013-03-31": "-9.99500", "2012-12-31": 3.409, "2012-09-30": 0.479, "2012-06-30": -0.53, "2012-03-31": "-1.08200", "2011-12-31": 2.608, "2011-09-30": -0.749, "2011-06-30": 0.603, "2011-03-31": "3.38700", "2010-12-31": -1.4481, "2010-09-30": -0.4474, "2010-06-30": 0.383, "2010-03-31": "2.16850", "2009-12-31": -1.5565, "2009-09-30": 1.0644, "2009-06-30": 0.7447, "2009-03-31": "0.17060", "2008-12-31": -0.6815, "2008-09-30": 3.9969, "2008-06-30": 1.1073, "2008-03-31": "0.21930", "2007-12-31": 0.021, "2007-09-30": -0.941, "2007-06-30": -0.1164, "2007-03-31": "0.01950", "2006-12-31": 1.8728, "2006-09-30": 1.171, "2006-06-30": 0.0247, "2006-03-31": "-1.97580", "2005-12-31": 2.3005, "2005-09-30": 2.639, "2005-06-30": -0.643, "2005-03-31": "1.33110"}, "Cash Flow From Operating Activities": {"2020-09-30": 43.797, "2020-06-30": 26.284, "2020-03-31": "5.74600", "2019-12-31": 56.166, "2019-09-30": 53.867, "2019-06-30": 49.829, "2019-03-31": "34.05000", "2018-12-31": 26.84, "2018-09-30": 45.004, "2018-06-30": 11.137, "2018-03-31": "38.81500", "2017-12-31": 62.104, "2017-09-30": 14.632, "2017-06-30": 54.985, "2017-03-31": "1.64400", "2016-12-31": 40.004, "2016-09-30": 4.103, "2016-06-30": 36.021, "2016-03-31": "0.21000", "2015-12-31": 32.991, "2015-09-30": 5.443, "2015-06-30": 28.198, "2015-03-31": "46.98000", "2014-12-31": 28.493, "2014-09-30": -6.231, "2014-06-30": 32.328, "2014-03-31": "-7.32000", "2013-12-31": 22.411, "2013-09-30": 7.041, "2013-06-30": 26.433, "2013-03-31": "-10.89800", "2012-12-31": 10.575, "2012-09-30": -2.022, "2012-06-30": 11.213, "2012-03-31": "-2.01200", "2011-12-31": 8.614, "2011-09-30": 5.955, "2011-06-30": 0.223, "2011-03-31": "1.61700", "2010-12-31": 0.7737, "2010-09-30": -2.2157, "2010-06-30": -2.3152, "2010-03-31": "-0.44280", "2009-12-31": -2.7784, "2009-09-30": -3.0336, "2009-06-30": -4.293, "2009-03-31": "-4.50520", "2008-12-31": -1.7502, "2008-09-30": -0.506, "2008-06-30": -2.8837, "2008-03-31": "-2.64530", "2007-12-31": -0.9889, "2007-09-30": -2.5759, "2007-06-30": -3.5797, "2007-03-31": "-3.29480", "2006-12-31": 1.5689, "2006-09-30": -0.0703, "2006-06-30": -2.2997, "2006-03-31": "-3.31600", "2005-12-31": 0.5522, "2005-09-30": 1.0873, "2005-06-30": -0.8116, "2005-03-31": "-1.17300"}, "Net Change In Property, Plant, And Equipment": {"2020-09-30": -7.409, "2020-06-30": -7.022, "2020-03-31": "-4.78200", "2019-12-31": -4.742, "2019-09-30": -4.995, "2019-06-30": -7.039, "2019-03-31": "-13.28300", "2018-12-31": -4.466, "2018-09-30": -7.505, "2018-06-30": -4.687, "2018-03-31": "-8.73300", "2017-12-31": -6.582, "2017-09-30": -13.504, "2017-06-30": -9.086, "2017-03-31": "-0.63100", "2016-12-31": -2.939, "2016-09-30": -2.199, "2016-06-30": -1.646, "2016-03-31": "-0.51600", "2015-12-31": -0.453, "2015-09-30": -1.504, "2015-06-30": -1.196, "2015-03-31": "-1.95000", "2014-12-31": -1.939, "2014-09-30": -1.263, "2014-06-30": -2.034, "2014-03-31": "-0.91700", "2013-12-31": -0.51, "2013-09-30": -1.765, "2013-06-30": -1.886, "2013-03-31": "-0.54900", "2012-12-31": -0.459, "2012-09-30": -0.224, "2012-06-30": -0.252, "2012-03-31": "-1.80200", "2011-12-31": -0.416, "2011-09-30": -0.698, "2011-06-30": -1.035, "2011-03-31": "-0.47500", "2010-12-31": -0.1504, "2010-09-30": -0.0742, "2010-06-30": -0.0551, "2010-03-31": "-0.08930", "2009-12-31": -0.0561, "2009-09-30": -0.0764, "2009-06-30": -0.0305, "2009-03-31": "-0.09580", "2008-12-31": -0.1058, "2008-09-30": -0.6897, "2008-06-30": -0.262, "2008-03-31": "-0.21960", "2007-12-31": -0.5643, "2007-09-30": -0.3415, "2007-06-30": -0.1442, "2007-03-31": "-0.17590", "2006-12-31": -0.3332, "2006-09-30": -0.4465, "2006-06-30": -1.1396, "2006-03-31": "-0.42970", "2005-12-31": -2.2438, "2005-09-30": -0.7026, "2005-06-30": -1.1666, "2005-03-31": "-1.54390"}, "Net Change In Intangible Assets": {"2020-09-30": 0, "2020-06-30": -0.025, "2020-03-31": "", "2019-12-31": 0, "2019-09-30": 0, "2019-06-30": 0, "2019-03-31": "-0.40100", "2018-12-31": 0, "2018-09-30": 0, "2018-06-30": 0, "2018-03-31": "", "2017-12-31": 0, "2017-09-30": 0, "2017-06-30": 0, "2017-03-31": "", "2016-12-31": 0, "2016-09-30": 0.044, "2016-06-30": -96.033, "2016-03-31": "", "2015-12-31": 0, "2015-09-30": 0, "2015-06-30": 0, "2015-03-31": "", "2014-12-31": 0, "2014-09-30": 0, "2014-06-30": 0, "2014-03-31": "", "2013-12-31": 0.008, "2013-09-30": -0.26, "2013-06-30": -0.038, "2013-03-31": "-0.06900", "2012-12-31": 0, "2012-09-30": -109.084, "2012-06-30": -0.018, "2012-03-31": "0.00000", "2011-12-31": 0, "2011-09-30": 0, "2011-06-30": 0, "2011-03-31": "-0.44000", "2010-12-31": 0, "2010-09-30": 0, "2010-06-30": 0, "2010-03-31": "", "2009-12-31": 0, "2009-09-30": 0, "2009-06-30": 0, "2009-03-31": "", "2008-12-31": 0, "2008-09-30": 0, "2008-06-30": 0, "2008-03-31": "", "2007-12-31": 0, "2007-09-30": 0, "2007-06-30": 0, "2007-03-31": "", "2006-12-31": 0, "2006-09-30": 0, "2006-06-30": 0, "2006-03-31": "", "2005-12-31": 0, "2005-09-30": 0, "2005-06-30": 0, "2005-03-31": ""}, "Net Acquisitions/Divestitures": {"2020-09-30": 0, "2020-06-30": 0, "2020-03-31": "", "2019-12-31": 0, "2019-09-30": 0, "2019-06-30": 0, "2019-03-31": "", "2018-12-31": 0, "2018-09-30": 0, "2018-06-30": 0, "2018-03-31": "", "2017-12-31": 0, "2017-09-30": 0, "2017-06-30": 0, "2017-03-31": "", "2016-12-31": -0.217, "2016-09-30": -33.163, "2016-06-30": 0, "2016-03-31": "", "2015-12-31": 0, "2015-09-30": 0, "2015-06-30": 0, "2015-03-31": "", "2014-12-31": 0, "2014-09-30": 0, "2014-06-30": 0, "2014-03-31": "", "2013-12-31": 0, "2013-09-30": 0, "2013-06-30": 0, "2013-03-31": "", "2012-12-31": 0, "2012-09-30": 0, "2012-06-30": 0, "2012-03-31": "", "2011-12-31": 0, "2011-09-30": 0, "2011-06-30": 0, "2011-03-31": "", "2010-12-31": 0, "2010-09-30": 0, "2010-06-30": 0, "2010-03-31": "", "2009-12-31": 0, "2009-09-30": 0, "2009-06-30": 0, "2009-03-31": "", "2008-12-31": 0, "2008-09-30": 0, "2008-06-30": 0, "2008-03-31": "", "2007-12-31": 0, "2007-09-30": 0, "2007-06-30": 0, "2007-03-31": "", "2006-12-31": 0, "2006-09-30": 0, "2006-06-30": 0, "2006-03-31": "", "2005-12-31": 0, "2005-09-30": 0, "2005-06-30": 0, "2005-03-31": ""}, "Net Change In Short-term Investments": {"2020-09-30": 200.55, "2020-06-30": 412.76, "2020-03-31": "", "2019-12-31": -798.804, "2019-09-30": 152.75, "2019-06-30": 437.8, "2019-03-31": "", "2018-12-31": 4.39, "2018-09-30": 0, "2018-06-30": 0, "2018-03-31": "", "2017-12-31": 9.465, "2017-09-30": -105.24, "2017-06-30": 0, "2017-03-31": "", "2016-12-31": -54.423, "2016-09-30": 15.632, "2016-06-30": 38.791, "2016-03-31": "", "2015-12-31": 28.012, "2015-09-30": -28.012, "2015-06-30": 0, "2015-03-31": "", "2014-12-31": 23.698, "2014-09-30": -15.613, "2014-06-30": -8.085, "2014-03-31": "", "2013-12-31": 29.559, "2013-09-30": -29.559, "2013-06-30": 0, "2013-03-31": "", "2012-12-31": 0, "2012-09-30": -220.552, "2012-06-30": 220.552, "2012-03-31": "", "2011-12-31": -180.725, "2011-09-30": 0, "2011-06-30": 0, "2011-03-31": "", "2010-12-31": 4.0567, "2010-09-30": -2.392, "2010-06-30": 1.1586, "2010-03-31": "-14.28430", "2009-12-31": 14.2598, "2009-09-30": 2.8952, "2009-06-30": 7.954, "2009-03-31": "-16.82420", "2008-12-31": -24.2523, "2008-09-30": 15.8483, "2008-06-30": 29.434, "2008-03-31": "-19.15250", "2007-12-31": -31.4442, "2007-09-30": 0, "2007-06-30": 0, "2007-03-31": "", "2006-12-31": 0, "2006-09-30": 0, "2006-06-30": 0, "2006-03-31": "", "2005-12-31": 0, "2005-09-30": 0, "2005-06-30": -3.9298, "2005-03-31": "3.92980"}, "Net Change In Long-Term Investments": {"2020-09-30": -199.921, "2020-06-30": -506.04, "2020-03-31": "101.80800", "2019-12-31": 648.006, "2019-09-30": -284.411, "2019-06-30": -368.174, "2019-03-31": "4.57900", "2018-12-31": 85.288, "2018-09-30": -36.424, "2018-06-30": -72.035, "2018-03-31": "23.17100", "2017-12-31": 0, "2017-09-30": 65.889, "2017-06-30": -26.4, "2017-03-31": "-39.48900", "2016-12-31": 98.197, "2016-09-30": 0, "2016-06-30": -14.642, "2016-03-31": "14.64200", "2015-12-31": -53.465, "2015-09-30": 4.462, "2015-06-30": -43.381, "2015-03-31": "38.91900", "2014-12-31": -36.156, "2014-09-30": 0, "2014-06-30": 24.421, "2014-03-31": "-24.42100", "2013-12-31": -49.706, "2013-09-30": 10.221, "2013-06-30": 10.557, "2013-03-31": "-20.77800", "2012-12-31": 6.585, "2012-09-30": 246.617, "2012-06-30": -216.575, "2012-03-31": "39.12600", "2011-12-31": 217.543, "2011-09-30": -9.139, "2011-06-30": -194.454, "2011-03-31": "-13.95000", "2010-12-31": 0, "2010-09-30": 0, "2010-06-30": 0, "2010-03-31": "", "2009-12-31": 0, "2009-09-30": 0, "2009-06-30": 0, "2009-03-31": "", "2008-12-31": 0, "2008-09-30": 0, "2008-06-30": 0, "2008-03-31": "", "2007-12-31": 4.802, "2007-09-30": -0.1136, "2007-06-30": -0.4319, "2007-03-31": "-4.25650", "2006-12-31": 0.2121, "2006-09-30": 4.5498, "2006-06-30": -1.3922, "2006-03-31": "-2.15540", "2005-12-31": -4.6046, "2005-09-30": -3.5011, "2005-06-30": 17.7077, "2005-03-31": ""}, "Net Change In Investments - Total": {"2020-09-30": 0.629, "2020-06-30": -93.28, "2020-03-31": "101.80800", "2019-12-31": -150.798, "2019-09-30": -131.661, "2019-06-30": 69.626, "2019-03-31": "4.57900", "2018-12-31": 89.678, "2018-09-30": -36.424, "2018-06-30": -72.035, "2018-03-31": "23.17100", "2017-12-31": 9.465, "2017-09-30": -39.351, "2017-06-30": -26.4, "2017-03-31": "-39.48900", "2016-12-31": 43.774, "2016-09-30": 15.632, "2016-06-30": 24.149, "2016-03-31": "14.64200", "2015-12-31": -25.453, "2015-09-30": -23.55, "2015-06-30": -43.381, "2015-03-31": "38.91900", "2014-12-31": -12.458, "2014-09-30": -15.613, "2014-06-30": 16.336, "2014-03-31": "-24.42100", "2013-12-31": -20.147, "2013-09-30": -19.338, "2013-06-30": 10.557, "2013-03-31": "-20.77800", "2012-12-31": 6.585, "2012-09-30": 26.065, "2012-06-30": 3.977, "2012-03-31": "39.12600", "2011-12-31": 36.818, "2011-09-30": -9.139, "2011-06-30": -194.454, "2011-03-31": "-13.95000", "2010-12-31": 4.0567, "2010-09-30": -2.392, "2010-06-30": 1.1586, "2010-03-31": "-14.28430", "2009-12-31": 14.2598, "2009-09-30": 2.8952, "2009-06-30": 7.954, "2009-03-31": "-16.82420", "2008-12-31": -24.2523, "2008-09-30": 15.8483, "2008-06-30": 29.434, "2008-03-31": "-19.15250", "2007-12-31": -26.6422, "2007-09-30": -0.1136, "2007-06-30": -0.4319, "2007-03-31": "-4.25650", "2006-12-31": 0.2121, "2006-09-30": 4.5498, "2006-06-30": -1.3922, "2006-03-31": "-2.15540", "2005-12-31": -4.6046, "2005-09-30": -3.5011, "2005-06-30": 13.7779, "2005-03-31": "3.92980"}, "Investing Activities - Other": {"2020-09-30": 0, "2020-06-30": 0, "2020-03-31": "", "2019-12-31": 0, "2019-09-30": 0, "2019-06-30": 0, "2019-03-31": "", "2018-12-31": 0, "2018-09-30": 0, "2018-06-30": 0, "2018-03-31": "", "2017-12-31": 0, "2017-09-30": 0, "2017-06-30": 0, "2017-03-31": "", "2016-12-31": 0, "2016-09-30": 0, "2016-06-30": 0, "2016-03-31": "", "2015-12-31": 0, "2015-09-30": 0, "2015-06-30": 0, "2015-03-31": "", "2014-12-31": 0, "2014-09-30": 0, "2014-06-30": 0, "2014-03-31": "", "2013-12-31": 0, "2013-09-30": 0, "2013-06-30": 0, "2013-03-31": "", "2012-12-31": 0, "2012-09-30": 0, "2012-06-30": 0, "2012-03-31": "", "2011-12-31": 0, "2011-09-30": 0, "2011-06-30": 0, "2011-03-31": "", "2010-12-31": 0, "2010-09-30": 0, "2010-06-30": 0, "2010-03-31": "", "2009-12-31": 0, "2009-09-30": 0, "2009-06-30": 0, "2009-03-31": "", "2008-12-31": 0, "2008-09-30": 0, "2008-06-30": 0, "2008-03-31": "", "2007-12-31": 0, "2007-09-30": 0, "2007-06-30": 0, "2007-03-31": "", "2006-12-31": 0, "2006-09-30": 0, "2006-06-30": 0, "2006-03-31": "", "2005-12-31": 0, "2005-09-30": 0, "2005-06-30": 0, "2005-03-31": ""}, "Cash Flow From Investing Activities": {"2020-09-30": -6.78, "2020-06-30": -100.327, "2020-03-31": "97.02600", "2019-12-31": -155.54, "2019-09-30": -136.656, "2019-06-30": 62.587, "2019-03-31": "-9.10500", "2018-12-31": 85.212, "2018-09-30": -43.929, "2018-06-30": -76.722, "2018-03-31": "14.43800", "2017-12-31": 2.883, "2017-09-30": -52.855, "2017-06-30": -35.486, "2017-03-31": "-40.12000", "2016-12-31": 40.618, "2016-09-30": -19.686, "2016-06-30": -73.53, "2016-03-31": "14.12600", "2015-12-31": -25.906, "2015-09-30": -25.054, "2015-06-30": -44.577, "2015-03-31": "36.96900", "2014-12-31": -14.397, "2014-09-30": -16.876, "2014-06-30": 14.302, "2014-03-31": "-25.33800", "2013-12-31": -20.649, "2013-09-30": -21.363, "2013-06-30": 8.633, "2013-03-31": "-21.39600", "2012-12-31": 6.126, "2012-09-30": -83.243, "2012-06-30": 3.707, "2012-03-31": "37.32400", "2011-12-31": 36.402, "2011-09-30": -9.837, "2011-06-30": -195.489, "2011-03-31": "-14.86500", "2010-12-31": 3.9063, "2010-09-30": -2.4663, "2010-06-30": 1.1036, "2010-03-31": "-14.37360", "2009-12-31": 14.2037, "2009-09-30": 2.8188, "2009-06-30": 7.9236, "2009-03-31": "-16.92010", "2008-12-31": -24.3581, "2008-09-30": 15.1585, "2008-06-30": 29.1721, "2008-03-31": "-19.37210", "2007-12-31": -27.2064, "2007-09-30": -0.4551, "2007-06-30": -0.5762, "2007-03-31": "-4.43230", "2006-12-31": -0.1211, "2006-09-30": 4.1033, "2006-06-30": -2.5318, "2006-03-31": "-2.58510", "2005-12-31": -6.8484, "2005-09-30": -4.2037, "2005-06-30": 12.6113, "2005-03-31": "2.38590"}, "Net Long-Term Debt": {"2020-09-30": 0, "2020-06-30": 0, "2020-03-31": "", "2019-12-31": 0, "2019-09-30": 0, "2019-06-30": 0, "2019-03-31": "", "2018-12-31": 0, "2018-09-30": 0, "2018-06-30": 0, "2018-03-31": "", "2017-12-31": 0, "2017-09-30": 0, "2017-06-30": 0, "2017-03-31": "", "2016-12-31": 0, "2016-09-30": 0, "2016-06-30": 0, "2016-03-31": "", "2015-12-31": 0, "2015-09-30": 0, "2015-06-30": 0, "2015-03-31": "", "2014-12-31": 0, "2014-09-30": 0, "2014-06-30": 0, "2014-03-31": "", "2013-12-31": 0, "2013-09-30": 0, "2013-06-30": 0, "2013-03-31": "", "2012-12-31": 0, "2012-09-30": 0, "2012-06-30": 0, "2012-03-31": "", "2011-12-31": 0, "2011-09-30": 0, "2011-06-30": 0, "2011-03-31": "", "2010-12-31": 0, "2010-09-30": 0, "2010-06-30": 0, "2010-03-31": "", "2009-12-31": 0, "2009-09-30": 0, "2009-06-30": 0, "2009-03-31": "", "2008-12-31": 0, "2008-09-30": 0, "2008-06-30": 0, "2008-03-31": "", "2007-12-31": 0, "2007-09-30": 0, "2007-06-30": 0, "2007-03-31": "", "2006-12-31": 0, "2006-09-30": 0, "2006-06-30": 0, "2006-03-31": "", "2005-12-31": -4.275, "2005-09-30": -0.075, "2005-06-30": -0.05, "2005-03-31": "-0.10000"}, "Net Current Debt": {"2020-09-30": 0, "2020-06-30": 0, "2020-03-31": "", "2019-12-31": 0, "2019-09-30": 0, "2019-06-30": 0, "2019-03-31": "", "2018-12-31": 0, "2018-09-30": 0, "2018-06-30": 0, "2018-03-31": "", "2017-12-31": 0, "2017-09-30": 0, "2017-06-30": 0, "2017-03-31": "", "2016-12-31": 0, "2016-09-30": 0, "2016-06-30": 0, "2016-03-31": "", "2015-12-31": 0, "2015-09-30": 0, "2015-06-30": 0, "2015-03-31": "", "2014-12-31": 0, "2014-09-30": 0, "2014-06-30": 0, "2014-03-31": "", "2013-12-31": 0, "2013-09-30": 0, "2013-06-30": 0, "2013-03-31": "", "2012-12-31": 0, "2012-09-30": 0, "2012-06-30": 0, "2012-03-31": "", "2011-12-31": 0, "2011-09-30": 0, "2011-06-30": 0, "2011-03-31": "", "2010-12-31": 0, "2010-09-30": 0, "2010-06-30": 0, "2010-03-31": "", "2009-12-31": 0, "2009-09-30": 0, "2009-06-30": 0, "2009-03-31": "", "2008-12-31": 0, "2008-09-30": 0, "2008-06-30": 0, "2008-03-31": "", "2007-12-31": 0, "2007-09-30": 0, "2007-06-30": 0, "2007-03-31": "", "2006-12-31": 0, "2006-09-30": 0, "2006-06-30": 0, "2006-03-31": "", "2005-12-31": 0, "2005-09-30": 0, "2005-06-30": 0, "2005-03-31": ""}, "Debt Issuance/Retirement Net - Total": {"2020-09-30": 0, "2020-06-30": 0, "2020-03-31": "", "2019-12-31": 0, "2019-09-30": 0, "2019-06-30": 0, "2019-03-31": "", "2018-12-31": 0, "2018-09-30": 0, "2018-06-30": 0, "2018-03-31": "", "2017-12-31": 0, "2017-09-30": 0, "2017-06-30": 0, "2017-03-31": "", "2016-12-31": 0, "2016-09-30": 0, "2016-06-30": 0, "2016-03-31": "", "2015-12-31": 0, "2015-09-30": 0, "2015-06-30": 0, "2015-03-31": "", "2014-12-31": 0, "2014-09-30": 0, "2014-06-30": 0, "2014-03-31": "", "2013-12-31": 0, "2013-09-30": 0, "2013-06-30": 0, "2013-03-31": "", "2012-12-31": 0, "2012-09-30": 0, "2012-06-30": 0, "2012-03-31": "", "2011-12-31": 0, "2011-09-30": 0, "2011-06-30": 0, "2011-03-31": "", "2010-12-31": 0, "2010-09-30": 0, "2010-06-30": 0, "2010-03-31": "", "2009-12-31": 0, "2009-09-30": 0, "2009-06-30": 0, "2009-03-31": "", "2008-12-31": 0, "2008-09-30": 0, "2008-06-30": 0, "2008-03-31": "", "2007-12-31": 0, "2007-09-30": 0, "2007-06-30": 0, "2007-03-31": "", "2006-12-31": 0, "2006-09-30": 0, "2006-06-30": 0, "2006-03-31": "", "2005-12-31": -4.275, "2005-09-30": -0.075, "2005-06-30": -0.05, "2005-03-31": "-0.10000"}, "Net Common Equity Issued/Repurchased": {"2020-09-30": 0.279, "2020-06-30": 0.331, "2020-03-31": "0.25900", "2019-12-31": 0.231, "2019-09-30": 0.213, "2019-06-30": 0.241, "2019-03-31": "-0.44500", "2018-12-31": 0.182, "2018-09-30": 0.18, "2018-06-30": 0.235, "2018-03-31": "-0.27600", "2017-12-31": 0.214, "2017-09-30": 0.179, "2017-06-30": 0.196, "2017-03-31": "0.18300", "2016-12-31": 0.125, "2016-09-30": 0.115, "2016-06-30": 0.134, "2016-03-31": "0.25000", "2015-12-31": 0.496, "2015-09-30": 0.349, "2015-06-30": 0.751, "2015-03-31": "0.79200", "2014-12-31": -6.065, "2014-09-30": -15.046, "2014-06-30": -6.876, "2014-03-31": "0.70200", "2013-12-31": 2.017, "2013-09-30": 0.71, "2013-06-30": 0.289, "2013-03-31": "-5.29700", "2012-12-31": -4.965, "2012-09-30": 0.487, "2012-06-30": 0.468, "2012-03-31": "0.61200", "2011-12-31": 0.129, "2011-09-30": 5.785, "2011-06-30": 2.442, "2011-03-31": "254.92300", "2010-12-31": 7.5058, "2010-09-30": 1.1456, "2010-06-30": 5.4283, "2010-03-31": "0.78530", "2009-12-31": 0.6771, "2009-09-30": 0.9562, "2009-06-30": 0.199, "2009-03-31": "", "2008-12-31": 0.0195, "2008-09-30": 0.2395, "2008-06-30": 0.5724, "2008-03-31": "1.57580", "2007-12-31": 2.1177, "2007-09-30": 2.1412, "2007-06-30": 41.1273, "2007-03-31": "1.15380", "2006-12-31": 0.7765, "2006-09-30": 0.232, "2006-06-30": 1.9692, "2006-03-31": "3.30410", "2005-12-31": 6.1106, "2005-09-30": 1.4495, "2005-06-30": 0.8436, "2005-03-31": "0.02000"}, "Net Total Equity Issued/Repurchased": {"2020-09-30": 0.279, "2020-06-30": 0.331, "2020-03-31": "0.25900", "2019-12-31": 0.231, "2019-09-30": 0.213, "2019-06-30": 0.241, "2019-03-31": "-0.44500", "2018-12-31": 0.182, "2018-09-30": 0.18, "2018-06-30": 0.235, "2018-03-31": "-0.27600", "2017-12-31": 0.214, "2017-09-30": 0.179, "2017-06-30": 0.196, "2017-03-31": "0.18300", "2016-12-31": 0.125, "2016-09-30": 0.115, "2016-06-30": 0.134, "2016-03-31": "0.25000", "2015-12-31": 0.496, "2015-09-30": 0.349, "2015-06-30": 0.751, "2015-03-31": "0.79200", "2014-12-31": -6.065, "2014-09-30": -15.046, "2014-06-30": -6.876, "2014-03-31": "0.70200", "2013-12-31": 2.017, "2013-09-30": 0.71, "2013-06-30": 0.289, "2013-03-31": "-5.29700", "2012-12-31": -4.965, "2012-09-30": 0.487, "2012-06-30": 0.468, "2012-03-31": "0.61200", "2011-12-31": 0.129, "2011-09-30": 5.785, "2011-06-30": 2.442, "2011-03-31": "254.92300", "2010-12-31": 7.5058, "2010-09-30": 1.1456, "2010-06-30": 5.4283, "2010-03-31": "0.78530", "2009-12-31": 0.6771, "2009-09-30": 0.9562, "2009-06-30": 0.199, "2009-03-31": "", "2008-12-31": 0.0195, "2008-09-30": 0.2395, "2008-06-30": 0.5724, "2008-03-31": "1.57580", "2007-12-31": 2.1177, "2007-09-30": 2.1412, "2007-06-30": 41.1273, "2007-03-31": "1.15380", "2006-12-31": 0.7765, "2006-09-30": 0.232, "2006-06-30": 1.9692, "2006-03-31": "3.30410", "2005-12-31": 6.1106, "2005-09-30": 1.4495, "2005-06-30": 0.8436, "2005-03-31": "0.02000"}, "Total Common And Preferred Stock Dividends Paid": {"2020-09-30": -7.114, "2020-06-30": -7.117, "2020-03-31": "-7.09800", "2019-12-31": -4.711, "2019-09-30": -4.712, "2019-06-30": -4.713, "2019-03-31": "-4.71700", "2018-12-31": -2.828, "2018-09-30": -2.827, "2018-06-30": -2.828, "2018-03-31": "-2.83100", "2017-12-31": -1.412, "2017-09-30": -1.412, "2017-06-30": -1.414, "2017-03-31": "-1.41400", "2016-12-31": 0, "2016-09-30": 0, "2016-06-30": 0, "2016-03-31": "", "2015-12-31": 0, "2015-09-30": 0, "2015-06-30": 0, "2015-03-31": "", "2014-12-31": 0, "2014-09-30": 0, "2014-06-30": 0, "2014-03-31": "", "2013-12-31": 0, "2013-09-30": 0, "2013-06-30": 0, "2013-03-31": "", "2012-12-31": 0, "2012-09-30": 0, "2012-06-30": 0, "2012-03-31": "", "2011-12-31": 0, "2011-09-30": 0, "2011-06-30": 0, "2011-03-31": "", "2010-12-31": 0, "2010-09-30": 0, "2010-06-30": 0, "2010-03-31": "", "2009-12-31": 0, "2009-09-30": 0, "2009-06-30": 0, "2009-03-31": "", "2008-12-31": 0, "2008-09-30": 0, "2008-06-30": 0, "2008-03-31": "", "2007-12-31": 0, "2007-09-30": 0, "2007-06-30": 0, "2007-03-31": "", "2006-12-31": 0, "2006-09-30": 0, "2006-06-30": 0, "2006-03-31": "", "2005-12-31": 0, "2005-09-30": 0, "2005-06-30": 0, "2005-03-31": ""}, "Financial Activities - Other": {"2020-09-30": -1.128, "2020-06-30": -8.349, "2020-03-31": "-4.81600", "2019-12-31": -0.06, "2019-09-30": -1.448, "2019-06-30": -8.715, "2019-03-31": "-5.75700", "2018-12-31": -0.022, "2018-09-30": -0.567, "2018-06-30": -5.199, "2018-03-31": "-5.83200", "2017-12-31": -0.102, "2017-09-30": -0.829, "2017-06-30": -4.96, "2017-03-31": "-3.54100", "2016-12-31": 4.202, "2016-09-30": -0.046, "2016-06-30": -2.786, "2016-03-31": "-2.00800", "2015-12-31": -0.024, "2015-09-30": -0.033, "2015-06-30": -0.31, "2015-03-31": "-4.97000", "2014-12-31": -0.004, "2014-09-30": -0.01, "2014-06-30": -0.131, "2014-03-31": "-2.69900", "2013-12-31": -0.278, "2013-09-30": -0.005, "2013-06-30": -0.189, "2013-03-31": "-2.79600", "2012-12-31": -0.006, "2012-09-30": -0.628, "2012-06-30": -0.035, "2012-03-31": "-3.47300", "2011-12-31": -0.474, "2011-09-30": -0.019, "2011-06-30": -0.042, "2011-03-31": "-3.93800", "2010-12-31": -0.0195, "2010-09-30": -0.0151, "2010-06-30": -0.016, "2010-03-31": "-1.11640", "2009-12-31": -0.0101, "2009-09-30": -0.014, "2009-06-30": -0.0126, "2009-03-31": "-0.83190", "2008-12-31": -0.0049, "2008-09-30": -0.0169, "2008-06-30": -0.0227, "2008-03-31": "-0.72710", "2007-12-31": -0.6575, "2007-09-30": 0, "2007-06-30": 0, "2007-03-31": "", "2006-12-31": -0.5867, "2006-09-30": 0, "2006-06-30": 0, "2006-03-31": "", "2005-12-31": 3.975, "2005-09-30": 0.075, "2005-06-30": 0.05, "2005-03-31": "0.10000"}, "Cash Flow From Financial Activities": {"2020-09-30": -7.963, "2020-06-30": -15.135, "2020-03-31": "-11.65500", "2019-12-31": -4.54, "2019-09-30": -5.947, "2019-06-30": -13.187, "2019-03-31": "-10.91900", "2018-12-31": -2.668, "2018-09-30": -3.214, "2018-06-30": -7.792, "2018-03-31": "-8.93900", "2017-12-31": -1.3, "2017-09-30": -2.062, "2017-06-30": -6.178, "2017-03-31": "-4.77200", "2016-12-31": 4.327, "2016-09-30": 0.069, "2016-06-30": -2.652, "2016-03-31": "-1.75800", "2015-12-31": 0.472, "2015-09-30": 0.316, "2015-06-30": 0.441, "2015-03-31": "-4.17800", "2014-12-31": -6.069, "2014-09-30": -15.056, "2014-06-30": -7.007, "2014-03-31": "-1.99700", "2013-12-31": 1.739, "2013-09-30": 0.705, "2013-06-30": 0.1, "2013-03-31": "-8.09300", "2012-12-31": -4.971, "2012-09-30": -0.141, "2012-06-30": 0.433, "2012-03-31": "-2.86100", "2011-12-31": -0.345, "2011-09-30": 5.766, "2011-06-30": 2.4, "2011-03-31": "250.98500", "2010-12-31": 7.4863, "2010-09-30": 1.1305, "2010-06-30": 5.4122, "2010-03-31": "-0.33100", "2009-12-31": 0.6671, "2009-09-30": 0.9422, "2009-06-30": 0.1864, "2009-03-31": "-0.83190", "2008-12-31": 0.0147, "2008-09-30": 0.2225, "2008-06-30": 0.5497, "2008-03-31": "0.84870", "2007-12-31": 1.4602, "2007-09-30": 2.1412, "2007-06-30": 41.1273, "2007-03-31": "1.15380", "2006-12-31": 0.1898, "2006-09-30": 0.232, "2006-06-30": 1.9692, "2006-03-31": "3.30410", "2005-12-31": 5.8106, "2005-09-30": 1.4495, "2005-06-30": 0.8436, "2005-03-31": "0.02000"}, "Net Cash Flow": {"2020-09-30": 29.054, "2020-06-30": -89.178, "2020-03-31": "91.11700", "2019-12-31": -103.914, "2019-09-30": -88.736, "2019-06-30": 99.229, "2019-03-31": "14.02600", "2018-12-31": 109.384, "2018-09-30": -2.139, "2018-06-30": -73.377, "2018-03-31": "44.31400", "2017-12-31": 63.687, "2017-09-30": -40.285, "2017-06-30": 13.321, "2017-03-31": "-43.24800", "2016-12-31": 84.949, "2016-09-30": -15.514, "2016-06-30": -40.161, "2016-03-31": "12.57800", "2015-12-31": 7.557, "2015-09-30": -19.295, "2015-06-30": -15.938, "2015-03-31": "79.77100", "2014-12-31": 8.027, "2014-09-30": -38.163, "2014-06-30": 39.623, "2014-03-31": "-34.65500", "2013-12-31": 3.501, "2013-09-30": -13.617, "2013-06-30": 35.166, "2013-03-31": "-40.38700", "2012-12-31": 11.73, "2012-09-30": -85.406, "2012-06-30": 15.353, "2012-03-31": "32.45100", "2011-12-31": 44.671, "2011-09-30": 1.884, "2011-06-30": -192.866, "2011-03-31": "237.73700", "2010-12-31": 12.1664, "2010-09-30": -3.5516, "2010-06-30": 4.2007, "2010-03-31": "-15.14750", "2009-12-31": 12.0923, "2009-09-30": 0.7274, "2009-06-30": 3.8169, "2009-03-31": "-22.25710", "2008-12-31": -26.0935, "2008-09-30": 14.875, "2008-06-30": 26.838, "2008-03-31": "-21.16860", "2007-12-31": -26.7351, "2007-09-30": -0.8898, "2007-06-30": 36.9715, "2007-03-31": "-6.57340", "2006-12-31": 1.6376, "2006-09-30": 4.265, "2006-06-30": -2.8623, "2006-03-31": "-2.59700", "2005-12-31": -0.4856, "2005-09-30": -1.6669, "2005-06-30": 12.6433, "2005-03-31": "1.23290"}, "Stock-Based Compensation": {"2020-09-30": 7.314, "2020-06-30": 7.637, "2020-03-31": "5.98900", "2019-12-31": 5.873, "2019-09-30": 3.833, "2019-06-30": 3.864, "2019-03-31": "4.12600", "2018-12-31": 3.865, "2018-09-30": 4.765, "2018-06-30": 4.493, "2018-03-31": "3.67300", "2017-12-31": 4.536, "2017-09-30": 3.625, "2017-06-30": 2.882, "2017-03-31": "3.85000", "2016-12-31": 3.585, "2016-09-30": 3.212, "2016-06-30": 3.054, "2016-03-31": "3.23800", "2015-12-31": 2.887, "2015-09-30": 2.879, "2015-06-30": 2.617, "2015-03-31": "2.08100", "2014-12-31": 2.211, "2014-09-30": 2.073, "2014-06-30": 1.887, "2014-03-31": "2.10200", "2013-12-31": 1.775, "2013-09-30": 1.782, "2013-06-30": 1.931, "2013-03-31": "1.39800", "2012-12-31": 1.285, "2012-09-30": 1.371, "2012-06-30": 1.375, "2012-03-31": "1.01300", "2011-12-31": 1.231, "2011-09-30": 1.654, "2011-06-30": 1.303, "2011-03-31": "1.56800", "2010-12-31": 3.327, "2010-09-30": 0.9873, "2010-06-30": 0.966, "2010-03-31": "0.65370", "2009-12-31": 2.1702, "2009-09-30": 0.5759, "2009-06-30": 0.5476, "2009-03-31": "0.62500", "2008-12-31": 2.9462, "2008-09-30": 0.4284, "2008-06-30": 0.3836, "2008-03-31": "0.65550", "2007-12-31": 3.0372, "2007-09-30": 0.3381, "2007-06-30": 0.406, "2007-03-31": "0.38810", "2006-12-31": 2.8423, "2006-09-30": 0.2652, "2006-06-30": 0.3741, "2006-03-31": "0.16180", "2005-12-31": 1.0422, "2005-09-30": 0.3707, "2005-06-30": -0.5105, "2005-03-31": "1.78080"}, "Common Stock Dividends Paid": {"2020-09-30": -7.114, "2020-06-30": -7.117, "2020-03-31": "-7.09800", "2019-12-31": -4.711, "2019-09-30": -4.712, "2019-06-30": -4.713, "2019-03-31": "-4.71700", "2018-12-31": -2.828, "2018-09-30": -2.827, "2018-06-30": -2.828, "2018-03-31": "-2.83100", "2017-12-31": -1.412, "2017-09-30": -1.412, "2017-06-30": -1.414, "2017-03-31": "-1.41400", "2016-12-31": 0, "2016-09-30": 0, "2016-06-30": 0, "2016-03-31": "", "2015-12-31": 0, "2015-09-30": 0, "2015-06-30": 0, "2015-03-31": "", "2014-12-31": 0, "2014-09-30": 0, "2014-06-30": 0, "2014-03-31": "", "2013-12-31": 0, "2013-09-30": 0, "2013-06-30": 0, "2013-03-31": "", "2012-12-31": 0, "2012-09-30": 0, "2012-06-30": 0, "2012-03-31": "", "2011-12-31": 0, "2011-09-30": 0, "2011-06-30": 0, "2011-03-31": "", "2010-12-31": 0, "2010-09-30": 0, "2010-06-30": 0, "2010-03-31": "", "2009-12-31": 0, "2009-09-30": 0, "2009-06-30": 0, "2009-03-31": "", "2008-12-31": 0, "2008-09-30": 0, "2008-06-30": 0, "2008-03-31": "", "2007-12-31": 0, "2007-09-30": 0, "2007-06-30": 0, "2007-03-31": "", "2006-12-31": 0, "2006-09-30": 0, "2006-06-30": 0, "2006-03-31": "", "2005-12-31": 0, "2005-09-30": 0, "2005-06-30": 0, "2005-03-31": ""}}, "financial ratios": {"Current Ratio": {"2019-12-31": "4.90650", "2018-12-31": "4.76670", "2017-12-31": "8.13460", "2016-12-31": "9.58490", "2015-12-31": "12.97260", "2014-12-31": "13.81300", "2013-12-31": "14.07930", "2012-12-31": "11.99810", "2011-12-31": "18.56350", "2010-12-31": "3.29010", "2009-12-31": "4.84250", "2008-12-31": "5.09650", "2007-12-31": "6.78390", "2006-12-31": "3.60190", "2005-12-31": "4.20240"}, "Long-term Debt / Capital": {"2019-12-31": "", "2018-12-31": "", "2017-12-31": "", "2016-12-31": "", "2015-12-31": "", "2014-12-31": "", "2013-12-31": "", "2012-12-31": "", "2011-12-31": "", "2010-12-31": "", "2009-12-31": "", "2008-12-31": "", "2007-12-31": "", "2006-12-31": "", "2005-12-31": ""}, "Debt/Equity Ratio": {"2019-12-31": "", "2018-12-31": "", "2017-12-31": "", "2016-12-31": "", "2015-12-31": "", "2014-12-31": "", "2013-12-31": "", "2012-12-31": "", "2011-12-31": "", "2010-12-31": "", "2009-12-31": "", "2008-12-31": "", "2007-12-31": "", "2006-12-31": "", "2005-12-31": ""}, "Gross Margin": {"2019-12-31": "81.39730", "2018-12-31": "78.35980", "2017-12-31": "83.70280", "2016-12-31": "86.78240", "2015-12-31": "67.02520", "2014-12-31": "78.37260", "2013-12-31": "80.29920", "2012-12-31": "94.56060", "2011-12-31": "93.91250", "2010-12-31": "97.09280", "2009-12-31": "97.62890", "2008-12-31": "94.58050", "2007-12-31": "92.09900", "2006-12-31": "94.46780", "2005-12-31": "95.12070"}, "Operating Margin": {"2019-12-31": "39.08000", "2018-12-31": "22.93120", "2017-12-31": "43.57400", "2016-12-31": "34.39810", "2015-12-31": "16.89440", "2014-12-31": "30.68610", "2013-12-31": "26.08040", "2012-12-31": "16.42880", "2011-12-31": "9.27900", "2010-12-31": "-33.47850", "2009-12-31": "-128.37960", "2008-12-31": "-204.62720", "2007-12-31": "-180.18770", "2006-12-31": "-150.06860", "2005-12-31": "-172.05570"}, "EBIT Margin": {"2019-12-31": "39.08000", "2018-12-31": "22.93120", "2017-12-31": "43.57400", "2016-12-31": "34.39810", "2015-12-31": "16.89440", "2014-12-31": "30.68610", "2013-12-31": "26.08040", "2012-12-31": "16.42880", "2011-12-31": "9.27900", "2010-12-31": "-33.47850", "2009-12-31": "-128.37960", "2008-12-31": "-204.62720", "2007-12-31": "-180.18770", "2006-12-31": "-150.06860", "2005-12-31": "-172.05570"}, "EBITDA Margin": {"2019-12-31": "12.52540", "2018-12-31": "4.96050", "2017-12-31": "47.42020", "2016-12-31": "40.19340", "2015-12-31": "19.19430", "2014-12-31": "35.01470", "2013-12-31": "30.63510", "2012-12-31": "17.37180", "2011-12-31": "5.11840", "2010-12-31": "-40.42890", "2009-12-31": "-132.48340", "2008-12-31": "-195.00000", "2007-12-31": "-167.29650", "2006-12-31": "-121.83810", "2005-12-31": "-140.15630"}, "Pre-Tax Profit Margin": {"2019-12-31": "41.93350", "2018-12-31": "25.99330", "2017-12-31": "44.55430", "2016-12-31": "34.49110", "2015-12-31": "17.30420", "2014-12-31": "31.05620", "2013-12-31": "26.60140", "2012-12-31": "17.86080", "2011-12-31": "3.98280", "2010-12-31": "-65.64410", "2009-12-31": "-130.71340", "2008-12-31": "-181.50620", "2007-12-31": "-148.42520", "2006-12-31": "-131.96030", "2005-12-31": "-159.89190"}, "Net Profit Margin": {"2019-12-31": "33.86130", "2018-12-31": "23.50310", "2017-12-31": "30.46430", "2016-12-31": "23.80060", "2015-12-31": "7.61070", "2014-12-31": "21.90950", "2013-12-31": "50.49950", "2012-12-31": "11.60440", "2011-12-31": "5.14770", "2010-12-31": "-65.20540", "2009-12-31": "-129.89050", "2008-12-31": "-172.81580", "2007-12-31": "-141.30530", "2006-12-31": "-127.39230", "2005-12-31": "-155.71170"}, "Asset Turnover": {"2019-12-31": "0.36170", "2018-12-31": "0.26510", "2017-12-31": "0.43030", "2016-12-31": "0.31690", "2015-12-31": "0.34150", "2014-12-31": "0.39000", "2013-12-31": "0.31690", "2012-12-31": "0.21590", "2011-12-31": "0.16390", "2010-12-31": "0.33080", "2009-12-31": "0.19700", "2008-12-31": "0.11510", "2007-12-31": "0.10770", "2006-12-31": "0.16480", "2005-12-31": "0.13750"}, "Inventory Turnover Ratio": {"2019-12-31": "1.17860", "2018-12-31": "0.76490", "2017-12-31": "1.50830", "2016-12-31": "1.51830", "2015-12-31": "4.94170", "2014-12-31": "1.11330", "2013-12-31": "2.72670", "2012-12-31": "0.41100", "2011-12-31": "0.97090", "2010-12-31": "401.99190", "2009-12-31": "", "2008-12-31": "271.71750", "2007-12-31": "21.69990", "2006-12-31": "21.55390", "2005-12-31": "13.59140"}, "Receiveable Turnover": {"2019-12-31": "6.70250", "2018-12-31": "5.73660", "2017-12-31": "6.41060", "2016-12-31": "7.95740", "2015-12-31": "7.72560", "2014-12-31": "8.65370", "2013-12-31": "9.36570", "2012-12-31": "9.61580", "2011-12-31": "5.71350", "2010-12-31": "4.21430", "2009-12-31": "4.72050", "2008-12-31": "4.51970", "2007-12-31": "4.71980", "2006-12-31": "5.64120", "2005-12-31": "5.21990"}, "Days Sales In Receivables": {"2019-12-31": "54.45760", "2018-12-31": "63.62650", "2017-12-31": "56.93660", "2016-12-31": "45.86950", "2015-12-31": "47.24560", "2014-12-31": "42.17840", "2013-12-31": "38.97190", "2012-12-31": "37.95840", "2011-12-31": "63.88350", "2010-12-31": "86.60910", "2009-12-31": "77.32200", "2008-12-31": "80.75790", "2007-12-31": "77.33360", "2006-12-31": "64.70280", "2005-12-31": "69.92480"}, "ROE - Return On Equity": {"2019-12-31": "17.04410", "2018-12-31": "8.52130", "2017-12-31": "15.76280", "2016-12-31": "9.09610", "2015-12-31": "3.14460", "2014-12-31": "9.32700", "2013-12-31": "17.31470", "2012-12-31": "2.75820", "2011-12-31": "0.92190", "2010-12-31": "-34.68200", "2009-12-31": "-34.39020", "2008-12-31": "-24.95000", "2007-12-31": "-17.90730", "2006-12-31": "-27.92700", "2005-12-31": "-27.42650"}, "Return On Tangible Equity": {"2019-12-31": "19.95530", "2018-12-31": "10.68720", "2017-12-31": "20.89610", "2016-12-31": "13.95030", "2015-12-31": "3.71830", "2014-12-31": "11.44400", "2013-12-31": "22.19290", "2012-12-31": "3.93300", "2011-12-31": "0.92300", "2010-12-31": "-34.68080", "2009-12-31": "-35.11590", "2008-12-31": "-25.93980", "2007-12-31": "-18.88590", "2006-12-31": "-31.59780", "2005-12-31": "-31.85690"}, "ROA - Return On Assets": {"2019-12-31": "12.34680", "2018-12-31": "6.30370", "2017-12-31": "13.31930", "2016-12-31": "7.65980", "2015-12-31": "2.62380", "2014-12-31": "8.54430", "2013-12-31": "16.00250", "2012-12-31": "2.50570", "2011-12-31": "0.84390", "2010-12-31": "-21.57220", "2009-12-31": "-25.58690", "2008-12-31": "-19.88990", "2007-12-31": "-15.21510", "2006-12-31": "-20.99610", "2005-12-31": "-21.40580"}, "ROI - Return On Investment": {"2019-12-31": "17.04410", "2018-12-31": "8.52130", "2017-12-31": "15.76270", "2016-12-31": "9.09610", "2015-12-31": "3.14460", "2014-12-31": "9.32700", "2013-12-31": "17.31460", "2012-12-31": "2.75810", "2011-12-31": "0.92190", "2010-12-31": "-34.68080", "2009-12-31": "-34.38900", "2008-12-31": "-24.94930", "2007-12-31": "-17.90690", "2006-12-31": "-27.92600", "2005-12-31": "-27.42550"}, "Book Value Per Share": {"2019-12-31": "17.08780", "2018-12-31": "14.59230", "2017-12-31": "13.98730", "2016-12-31": "11.26490", "2015-12-31": "9.97920", "2014-12-31": "9.81840", "2013-12-31": "9.21260", "2012-12-31": "7.55530", "2011-12-31": "7.42150", "2010-12-31": "1.47490", "2009-12-31": "1.61950", "2008-12-31": "2.12320", "2007-12-31": "2.50870", "2006-12-31": "1.73270", "2005-12-31": "1.95010"}, "Operating Cash Flow Per Share": {"2019-12-31": 1.5291, "2018-12-31": -0.2523, "2017-12-31": 1.123, "2016-12-31": -0.6657, "2015-12-31": 1.3796, "2014-12-31": 0.046, "2013-12-31": 0.5878, "2012-12-31": 0.0152, "2011-12-31": 0.4753, "2010-12-31": 0.2887, "2009-12-31": -0.1838, "2008-12-31": 0.0925, "2007-12-31": -0.1758, "2006-12-31": -0.1213, "2005-12-31": -0.0121}, "Free Cash Flow Per Share": {"2019-12-31": 1.4309, "2018-12-31": -0.1569, "2017-12-31": 0.6431, "2016-12-31": -0.7152, "2015-12-31": 1.404, "2014-12-31": 0.0153, "2013-12-31": 0.5451, "2012-12-31": 0.0149, "2011-12-31": 0.427, "2010-12-31": 0.286, "2009-12-31": -0.1554, "2008-12-31": 0.0933, "2007-12-31": -0.1359, "2006-12-31": 0.0013, "2005-12-31": -0.2109}}, "financial ratios, quarterly": {"Current Ratio": {"2020-09-30": "4.84870", "2020-06-30": "5.10250", "2020-03-31": "5.94690", "2019-12-31": "4.90650", "2019-09-30": "4.92630", "2019-06-30": "4.92850", "2019-03-31": "4.95670", "2018-12-31": "4.76670", "2018-09-30": "5.40600", "2018-06-30": "5.60730", "2018-03-31": "5.52230", "2017-12-31": "8.13460", "2017-09-30": "9.73830", "2017-06-30": "10.54740", "2017-03-31": "11.54810", "2016-12-31": "9.58490", "2016-09-30": "11.17120", "2016-06-30": "13.21310", "2016-03-31": "17.19260", "2015-12-31": "12.97260", "2015-09-30": "9.58020", "2015-06-30": "9.08510", "2015-03-31": "10.34090", "2014-12-31": "13.81300", "2014-09-30": "17.64870", "2014-06-30": "14.11850", "2014-03-31": "17.10890", "2013-12-31": "14.07930", "2013-09-30": "13.09700", "2013-06-30": "11.86880", "2013-03-31": "16.33340", "2012-12-31": "11.99810", "2012-09-30": "12.95390", "2012-06-30": "17.78700", "2012-03-31": "20.55480", "2011-12-31": "18.56350", "2011-09-30": "19.39290", "2011-06-30": "18.41430", "2011-03-31": "13.07500", "2010-12-31": "3.29010", "2010-09-30": "3.40400", "2010-06-30": "6.39190", "2010-03-31": "5.34370", "2009-12-31": "4.84250", "2009-09-30": "5.25750", "2009-06-30": "5.18700", "2009-03-31": "5.59610", "2008-12-31": "5.09650", "2008-09-30": "5.68290", "2008-06-30": "6.72450", "2008-03-31": "7.43530", "2007-12-31": "6.78390", "2007-09-30": "6.86140", "2007-06-30": "6.85370", "2007-03-31": "3.93970", "2006-12-31": "3.60190", "2006-09-30": "4.00360", "2006-06-30": "5.11960", "2006-03-31": "4.99490", "2005-12-31": "4.20240", "2005-09-30": "4.68450", "2005-06-30": "6.76070", "2005-03-31": "5.87550"}, "Long-term Debt / Capital": {"2020-09-30": "", "2020-06-30": "", "2020-03-31": "", "2019-12-31": "", "2019-09-30": "", "2019-06-30": "", "2019-03-31": "", "2018-12-31": "", "2018-09-30": "", "2018-06-30": "", "2018-03-31": "", "2017-12-31": "", "2017-09-30": "", "2017-06-30": "", "2017-03-31": "", "2016-12-31": "", "2016-09-30": "", "2016-06-30": "", "2016-03-31": "", "2015-12-31": "", "2015-09-30": "", "2015-06-30": "", "2015-03-31": "", "2014-12-31": "", "2014-09-30": "", "2014-06-30": "", "2014-03-31": "", "2013-12-31": "", "2013-09-30": "", "2013-06-30": "", "2013-03-31": "", "2012-12-31": "", "2012-09-30": "", "2012-06-30": "", "2012-03-31": "", "2011-12-31": "", "2011-09-30": "", "2011-06-30": "", "2011-03-31": "", "2010-12-31": "", "2010-09-30": "", "2010-06-30": "", "2010-03-31": "", "2009-12-31": "", "2009-09-30": "", "2009-06-30": "", "2009-03-31": "", "2008-12-31": "", "2008-09-30": "", "2008-06-30": "", "2008-03-31": "", "2007-12-31": "", "2007-09-30": "", "2007-06-30": "", "2007-03-31": "", "2006-12-31": "", "2006-09-30": "", "2006-06-30": "", "2006-03-31": "", "2005-12-31": "", "2005-09-30": "0.06850", "2005-06-30": "0.06800", "2005-03-31": "0.06820"}, "Debt/Equity Ratio": {"2020-09-30": "", "2020-06-30": "", "2020-03-31": "", "2019-12-31": "", "2019-09-30": "", "2019-06-30": "", "2019-03-31": "", "2018-12-31": "", "2018-09-30": "", "2018-06-30": "", "2018-03-31": "", "2017-12-31": "", "2017-09-30": "", "2017-06-30": "", "2017-03-31": "", "2016-12-31": "", "2016-09-30": "", "2016-06-30": "", "2016-03-31": "", "2015-12-31": "", "2015-09-30": "", "2015-06-30": "", "2015-03-31": "", "2014-12-31": "", "2014-09-30": "", "2014-06-30": "", "2014-03-31": "", "2013-12-31": "", "2013-09-30": "", "2013-06-30": "", "2013-03-31": "", "2012-12-31": "", "2012-09-30": "", "2012-06-30": "", "2012-03-31": "", "2011-12-31": "", "2011-09-30": "", "2011-06-30": "", "2011-03-31": "", "2010-12-31": "", "2010-09-30": "", "2010-06-30": "", "2010-03-31": "", "2009-12-31": "", "2009-09-30": "", "2009-06-30": "", "2009-03-31": "", "2008-12-31": "", "2008-09-30": "", "2008-06-30": "", "2008-03-31": "", "2007-12-31": "", "2007-09-30": "", "2007-06-30": "", "2007-03-31": "", "2006-12-31": "", "2006-09-30": "", "2006-06-30": "", "2006-03-31": "", "2005-12-31": "", "2005-09-30": "0.07910", "2005-06-30": "0.07840", "2005-03-31": "0.07860"}, "Gross Margin": {"2020-09-30": "80.03230", "2020-06-30": "78.18970", "2020-03-31": "79.99680", "2019-12-31": "82.10740", "2019-09-30": "82.27350", "2019-06-30": "79.62900", "2019-03-31": "81.98140", "2018-12-31": "73.87480", "2018-09-30": "79.20950", "2018-06-30": "79.27840", "2018-03-31": "82.88350", "2017-12-31": "85.38330", "2017-09-30": "78.17070", "2017-06-30": "88.96730", "2017-03-31": "76.62780", "2016-12-31": "87.80590", "2016-09-30": "78.62580", "2016-06-30": "91.17280", "2016-03-31": "82.99160", "2015-12-31": "87.02650", "2015-09-30": "81.61800", "2015-06-30": "32.71710", "2015-03-31": "72.51710", "2014-12-31": "78.49680", "2014-09-30": "77.53860", "2014-06-30": "81.36350", "2014-03-31": "73.84450", "2013-12-31": "84.37290", "2013-09-30": "70.19740", "2013-06-30": "83.22090", "2013-03-31": "79.35360", "2012-12-31": "97.38740", "2012-09-30": "91.25080", "2012-06-30": "94.62770", "2012-03-31": "91.37880", "2011-12-31": "94.21190", "2011-09-30": "88.95160", "2011-06-30": "98.73800", "2011-03-31": "98.92720", "2010-12-31": "97.76450", "2010-09-30": "95.32830", "2010-06-30": "97.41420", "2010-03-31": "97.67770", "2009-12-31": "108.08230", "2009-09-30": "94.61230", "2009-06-30": "89.23710", "2009-03-31": "93.96630", "2008-12-31": "101.91760", "2008-09-30": "91.37070", "2008-06-30": "88.48980", "2008-03-31": "92.80500", "2007-12-31": "94.28640", "2007-09-30": "90.86650", "2007-06-30": "92.87140", "2007-03-31": "90.66060", "2006-12-31": "91.57700", "2006-09-30": "95.59500", "2006-06-30": "97.59170", "2006-03-31": "92.77570", "2005-12-31": "82.09110", "2005-09-30": "98.67240", "2005-06-30": "99.59150", "2005-03-31": "98.16870"}, "Operating Margin": {"2020-09-30": "41.36180", "2020-06-30": "-2.04420", "2020-03-31": "39.63950", "2019-12-31": "33.90280", "2019-09-30": "41.87050", "2019-06-30": "41.18210", "2019-03-31": "39.15000", "2018-12-31": "21.77410", "2018-09-30": "33.56800", "2018-06-30": "19.43220", "2018-03-31": "10.37130", "2017-12-31": "49.95380", "2017-09-30": "25.59860", "2017-06-30": "59.03540", "2017-03-31": "21.70030", "2016-12-31": "46.72350", "2016-09-30": "-9.93910", "2016-06-30": "52.84040", "2016-03-31": "8.57150", "2015-12-31": "43.14740", "2015-09-30": "21.25370", "2015-06-30": "-8.19220", "2015-03-31": "5.67210", "2014-12-31": "30.39540", "2014-09-30": "18.48470", "2014-06-30": "44.97010", "2014-03-31": "17.51630", "2013-12-31": "39.24980", "2013-09-30": "12.93790", "2013-06-30": "44.02640", "2013-03-31": "-47.76980", "2012-12-31": "29.80490", "2012-09-30": "-48.47250", "2012-06-30": "43.05200", "2012-03-31": "-12.34550", "2011-12-31": "19.11680", "2011-09-30": "27.24890", "2011-06-30": "-9.50940", "2011-03-31": "-28.58040", "2010-12-31": "-1.94500", "2010-09-30": "-55.02580", "2010-06-30": "-22.60190", "2010-03-31": "-99.47440", "2009-12-31": "-85.95450", "2009-09-30": "-73.71210", "2009-06-30": "-213.46440", "2009-03-31": "-211.49960", "2008-12-31": "-161.49780", "2008-09-30": "-222.15030", "2008-06-30": "-276.37730", "2008-03-31": "-187.97390", "2007-12-31": "-177.03170", "2007-09-30": "-132.34900", "2007-06-30": "-259.09570", "2007-03-31": "-171.45590", "2006-12-31": "-217.66630", "2006-09-30": "-113.25090", "2006-06-30": "-161.27160", "2006-03-31": "-122.03700", "2005-12-31": "-238.65060", "2005-09-30": "-98.07360", "2005-06-30": "-114.96560", "2005-03-31": "-355.12930"}, "EBIT Margin": {"2020-09-30": "41.36180", "2020-06-30": "-2.04420", "2020-03-31": "39.63950", "2019-12-31": "33.90280", "2019-09-30": "41.87050", "2019-06-30": "41.18210", "2019-03-31": "39.15000", "2018-12-31": "21.77410", "2018-09-30": "33.56800", "2018-06-30": "19.43220", "2018-03-31": "10.37130", "2017-12-31": "49.95390", "2017-09-30": "25.59860", "2017-06-30": "59.03540", "2017-03-31": "21.70030", "2016-12-31": "46.72350", "2016-09-30": "-9.93910", "2016-06-30": "52.84040", "2016-03-31": "8.57150", "2015-12-31": "43.14740", "2015-09-30": "21.25370", "2015-06-30": "-8.19220", "2015-03-31": "5.67210", "2014-12-31": "30.39540", "2014-09-30": "18.48470", "2014-06-30": "44.97010", "2014-03-31": "17.51630", "2013-12-31": "39.24980", "2013-09-30": "12.93790", "2013-06-30": "44.02640", "2013-03-31": "-47.76980", "2012-12-31": "29.80490", "2012-09-30": "-48.47250", "2012-06-30": "43.05200", "2012-03-31": "-12.34550", "2011-12-31": "19.11680", "2011-09-30": "27.24890", "2011-06-30": "-9.50940", "2011-03-31": "-28.58040", "2010-12-31": "-1.94500", "2010-09-30": "-55.02580", "2010-06-30": "-22.60190", "2010-03-31": "-99.47440", "2009-12-31": "-85.95440", "2009-09-30": "-73.71210", "2009-06-30": "-213.46440", "2009-03-31": "-211.49960", "2008-12-31": "-161.49770", "2008-09-30": "-222.15030", "2008-06-30": "-276.37730", "2008-03-31": "-187.97390", "2007-12-31": "-177.03170", "2007-09-30": "-132.34900", "2007-06-30": "-259.09570", "2007-03-31": "-171.45590", "2006-12-31": "-217.66640", "2006-09-30": "-113.25090", "2006-06-30": "-161.27160", "2006-03-31": "-122.03700", "2005-12-31": "-238.65060", "2005-09-30": "-98.07360", "2005-06-30": "-114.96560", "2005-03-31": "-355.12930"}, "EBITDA Margin": {"2020-09-30": "", "2020-06-30": "", "2020-03-31": "", "2019-12-31": "", "2019-09-30": "", "2019-06-30": "", "2019-03-31": "", "2018-12-31": "", "2018-09-30": "", "2018-06-30": "", "2018-03-31": "", "2017-12-31": "", "2017-09-30": "", "2017-06-30": "", "2017-03-31": "", "2016-12-31": "", "2016-09-30": "", "2016-06-30": "", "2016-03-31": "", "2015-12-31": "", "2015-09-30": "", "2015-06-30": "", "2015-03-31": "", "2014-12-31": "", "2014-09-30": "", "2014-06-30": "", "2014-03-31": "", "2013-12-31": "", "2013-09-30": "", "2013-06-30": "", "2013-03-31": "", "2012-12-31": "", "2012-09-30": "", "2012-06-30": "", "2012-03-31": "", "2011-12-31": "", "2011-09-30": "", "2011-06-30": "", "2011-03-31": "", "2010-12-31": "", "2010-09-30": "", "2010-06-30": "", "2010-03-31": "", "2009-12-31": "", "2009-09-30": "", "2009-06-30": "", "2009-03-31": "", "2008-12-31": "", "2008-09-30": "", "2008-06-30": "", "2008-03-31": "", "2007-12-31": "", "2007-09-30": "", "2007-06-30": "", "2007-03-31": "", "2006-12-31": "", "2006-09-30": "", "2006-06-30": "", "2006-03-31": "", "2005-12-31": "", "2005-09-30": "", "2005-06-30": "", "2005-03-31": ""}, "Pre-Tax Profit Margin": {"2020-09-30": "42.46450", "2020-06-30": "0.43640", "2020-03-31": "41.73160", "2019-12-31": "36.34660", "2019-09-30": "44.74290", "2019-06-30": "43.85790", "2019-03-31": "42.69700", "2018-12-31": "25.31970", "2018-09-30": "36.29010", "2018-06-30": "22.55610", "2018-03-31": "13.18050", "2017-12-31": "50.79010", "2017-09-30": "27.00420", "2017-06-30": "59.81780", "2017-03-31": "22.87370", "2016-12-31": "47.44360", "2016-09-30": "-8.28420", "2016-06-30": "51.01410", "2016-03-31": "9.66230", "2015-12-31": "43.08160", "2015-09-30": "21.78390", "2015-06-30": "-7.41070", "2015-03-31": "6.18770", "2014-12-31": "30.68730", "2014-09-30": "19.00160", "2014-06-30": "45.23840", "2014-03-31": "18.04750", "2013-12-31": "39.65600", "2013-09-30": "13.52590", "2013-06-30": "44.36680", "2013-03-31": "-46.42090", "2012-12-31": "30.68990", "2012-09-30": "-46.33720", "2012-06-30": "44.18250", "2012-03-31": "-9.67510", "2011-12-31": "20.89070", "2011-09-30": "29.96280", "2011-06-30": "32.01210", "2011-03-31": "-120.65410", "2010-12-31": "-46.18380", "2010-09-30": "-101.85250", "2010-06-30": "-52.51790", "2010-03-31": "-81.06370", "2009-12-31": "-81.99540", "2009-09-30": "-90.81610", "2009-06-30": "-216.99630", "2009-03-31": "-196.53770", "2008-12-31": "-150.53820", "2008-09-30": "-201.96920", "2008-06-30": "-242.62660", "2008-03-31": "-154.34910", "2007-12-31": "-140.09410", "2007-09-30": "-96.20720", "2007-06-30": "-223.54180", "2007-03-31": "-152.05190", "2006-12-31": "-194.68720", "2006-09-30": "-95.05860", "2006-06-30": "-143.31000", "2006-03-31": "-107.66140", "2005-12-31": "-220.62990", "2005-09-30": "-88.32660", "2005-06-30": "-105.90920", "2005-03-31": "-340.19560"}, "Net Profit Margin": {"2020-09-30": "34.35540", "2020-06-30": "1.39560", "2020-03-31": "33.68100", "2019-12-31": "25.78220", "2019-09-30": "37.63730", "2019-06-30": "36.48960", "2019-03-31": "35.49140", "2018-12-31": "26.80380", "2018-09-30": "29.11150", "2018-06-30": "19.25950", "2018-03-31": "13.67620", "2017-12-31": "27.70510", "2017-09-30": "21.59590", "2017-06-30": "45.32110", "2017-03-31": "18.65350", "2016-12-31": "33.63640", "2016-09-30": "-4.96460", "2016-06-30": "33.85830", "2016-03-31": "6.56160", "2015-12-31": "28.80660", "2015-09-30": "17.87720", "2015-06-30": "-20.26270", "2015-03-31": "4.20840", "2014-12-31": "23.36710", "2014-09-30": "13.02440", "2014-06-30": "31.84620", "2014-03-31": "10.62920", "2013-12-31": "116.99340", "2013-09-30": "16.88300", "2013-06-30": "31.16350", "2013-03-31": "-31.77080", "2012-12-31": "19.14120", "2012-09-30": "-43.73000", "2012-06-30": "36.56250", "2012-03-31": "-9.67510", "2011-12-31": "30.73050", "2011-09-30": "27.50150", "2011-06-30": "29.44370", "2011-03-31": "-123.74750", "2010-12-31": "-49.24200", "2010-09-30": "-101.85250", "2010-06-30": "-52.51790", "2010-03-31": "-70.13370", "2009-12-31": "-79.31740", "2009-09-30": "-90.81610", "2009-06-30": "-216.99630", "2009-03-31": "-196.53770", "2008-12-31": "-123.70700", "2008-09-30": "-201.96920", "2008-06-30": "-242.62650", "2008-03-31": "-154.34910", "2007-12-31": "-112.32490", "2007-09-30": "-96.20720", "2007-06-30": "-223.54170", "2007-03-31": "-152.05180", "2006-12-31": "-173.28360", "2006-09-30": "-95.05860", "2006-06-30": "-143.31000", "2006-03-31": "-107.66140", "2005-12-31": "-202.15440", "2005-09-30": "-88.32660", "2005-06-30": "-105.90920", "2005-03-31": "-340.19560"}, "Asset Turnover": {"2020-09-30": "0.09560", "2020-06-30": "0.04990", "2020-03-31": "0.09880", "2019-12-31": "0.09080", "2019-09-30": "0.09180", "2019-06-30": "0.11690", "2019-03-31": "0.09060", "2018-12-31": "0.07510", "2018-09-30": "0.08780", "2018-06-30": "0.06740", "2018-03-31": "0.05480", "2017-12-31": "0.14860", "2017-09-30": "0.08480", "2017-06-30": "0.14490", "2017-03-31": "0.08480", "2016-12-31": "0.11880", "2016-09-30": "0.05170", "2016-06-30": "0.11100", "2016-03-31": "0.05340", "2015-12-31": "0.11140", "2015-09-30": "0.07380", "2015-06-30": "0.11060", "2015-03-31": "0.05940", "2014-12-31": "0.11470", "2014-09-30": "0.06970", "2014-06-30": "0.13160", "2014-03-31": "0.08120", "2013-12-31": "0.10690", "2013-09-30": "0.08210", "2013-06-30": "0.12540", "2013-03-31": "0.04070", "2012-12-31": "0.07300", "2012-09-30": "0.03280", "2012-06-30": "0.07770", "2012-03-31": "0.03420", "2011-12-31": "0.04990", "2011-09-30": "0.05960", "2011-06-30": "0.03240", "2011-03-31": "0.02800", "2010-12-31": "0.11690", "2010-09-30": "0.08760", "2010-06-30": "0.10380", "2010-03-31": "0.05480", "2009-12-31": "0.06050", "2009-09-30": "0.06290", "2009-06-30": "0.03490", "2009-03-31": "0.03170", "2008-12-31": "0.03730", "2008-09-30": "0.02670", "2008-06-30": "0.02160", "2008-03-31": "0.02650", "2007-12-31": "0.02760", "2007-09-30": "0.02920", "2007-06-30": "0.02180", "2007-03-31": "0.04360", "2006-12-31": "0.03520", "2006-09-30": "0.04230", "2006-06-30": "0.04140", "2006-03-31": "0.04460", "2005-12-31": "0.03110", "2005-09-30": "0.04650", "2005-06-30": "0.04250", "2005-03-31": "0.02080"}, "Inventory Turnover Ratio": {"2020-09-30": "0.27800", "2020-06-30": "0.14960", "2020-03-31": "0.30320", "2019-12-31": "0.28460", "2019-09-30": "0.29920", "2019-06-30": "0.40030", "2019-03-31": "0.23240", "2018-12-31": "0.26180", "2018-09-30": "0.23360", "2018-06-30": "0.20760", "2018-03-31": "0.13900", "2017-12-31": "0.46700", "2017-09-30": "0.41140", "2017-06-30": "0.46280", "2017-03-31": "0.77920", "2016-12-31": "0.52520", "2016-09-30": "0.40100", "2016-06-30": "0.34520", "2016-03-31": "0.34350", "2015-12-31": "0.63410", "2015-09-30": "0.52940", "2015-06-30": "2.30340", "2015-03-31": "0.22020", "2014-12-31": "0.32550", "2014-09-30": "0.24760", "2014-06-30": "0.57830", "2014-03-31": "0.67820", "2013-12-31": "0.72980", "2013-09-30": "1.24590", "2013-06-30": "0.95490", "2013-03-31": "0.34050", "2012-12-31": "0.06670", "2012-09-30": "0.11580", "2012-06-30": "0.18800", "2012-03-31": "0.19520", "2011-12-31": "0.28100", "2011-09-30": "1.07860", "2011-06-30": "", "2011-03-31": "", "2010-12-31": "109.25030", "2010-09-30": "", "2010-06-30": "", "2010-03-31": "", "2009-12-31": "", "2009-09-30": "6.49220", "2009-06-30": "", "2009-03-31": "77.40470", "2008-12-31": "-31.13990", "2008-09-30": "102.56860", "2008-06-30": "111.79810", "2008-03-31": "4.74860", "2007-12-31": "4.02350", "2007-09-30": "127.23490", "2007-06-30": "74.71210", "2007-03-31": "11.14380", "2006-12-31": "7.00390", "2006-09-30": "4.45760", "2006-06-30": "0.73960", "2006-03-31": "5.94920", "2005-12-31": "11.28710", "2005-09-30": "1.17150", "2005-06-30": "0.31000", "2005-03-31": "0.67690"}, "Receiveable Turnover": {"2020-09-30": "1.17850", "2020-06-30": "0.84630", "2020-03-31": "1.35940", "2019-12-31": "1.68280", "2019-09-30": "1.48260", "2019-06-30": "1.76500", "2019-03-31": "1.68380", "2018-12-31": "1.62640", "2018-09-30": "1.79480", "2018-06-30": "1.57800", "2018-03-31": "1.91370", "2017-12-31": "2.21310", "2017-09-30": "1.42600", "2017-06-30": "2.58210", "2017-03-31": "1.52990", "2016-12-31": "2.98380", "2016-09-30": "1.34430", "2016-06-30": "3.58050", "2016-03-31": "1.42350", "2015-12-31": "2.51980", "2015-09-30": "1.39040", "2015-06-30": "3.34280", "2015-03-31": "1.71900", "2014-12-31": "2.54460", "2014-09-30": "1.48790", "2014-06-30": "3.12810", "2014-03-31": "1.54390", "2013-12-31": "3.16010", "2013-09-30": "1.84570", "2013-06-30": "3.41560", "2013-03-31": "1.42260", "2012-12-31": "3.24970", "2012-09-30": "1.58860", "2012-06-30": "3.13020", "2012-03-31": "1.44920", "2011-12-31": "1.73940", "2011-09-30": "1.85160", "2011-06-30": "1.72020", "2011-03-31": "1.60410", "2010-12-31": "1.48950", "2010-09-30": "1.50240", "2010-06-30": "2.17400", "2010-03-31": "1.77000", "2009-12-31": "1.45060", "2009-09-30": "2.72770", "2009-06-30": "1.67900", "2009-03-31": "1.56280", "2008-12-31": "1.46390", "2008-09-30": "1.46460", "2008-06-30": "1.24050", "2008-03-31": "1.17370", "2007-12-31": "1.21020", "2007-09-30": "1.23590", "2007-06-30": "1.25980", "2007-03-31": "1.70240", "2006-12-31": "1.20400", "2006-09-30": "0.82760", "2006-06-30": "1.18780", "2006-03-31": "1.43730", "2005-12-31": "1.18100", "2005-09-30": "1.47760", "2005-06-30": "1.38460", "2005-03-31": "1.28070"}, "Days Sales In Receivables": {"2020-09-30": "76.37150", "2020-06-30": "106.34870", "2020-03-31": "66.20480", "2019-12-31": "53.48210", "2019-09-30": "60.70510", "2019-06-30": "50.99250", "2019-03-31": "53.45140", "2018-12-31": "55.33850", "2018-09-30": "50.14350", "2018-06-30": "57.03520", "2018-03-31": "47.02840", "2017-12-31": "40.66690", "2017-09-30": "63.11370", "2017-06-30": "34.85590", "2017-03-31": "58.82900", "2016-12-31": "30.16290", "2016-09-30": "66.95040", "2016-06-30": "25.13600", "2016-03-31": "63.22390", "2015-12-31": "35.71720", "2015-09-30": "64.72770", "2015-06-30": "26.92320", "2015-03-31": "52.35760", "2014-12-31": "35.36840", "2014-09-30": "60.48980", "2014-06-30": "28.77100", "2014-03-31": "58.29220", "2013-12-31": "28.47990", "2013-09-30": "48.76170", "2013-06-30": "26.34960", "2013-03-31": "63.26320", "2012-12-31": "27.69450", "2012-09-30": "56.65310", "2012-06-30": "28.75250", "2012-03-31": "62.10140", "2011-12-31": "51.74070", "2011-09-30": "48.60700", "2011-06-30": "52.32060", "2011-03-31": "56.10720", "2010-12-31": "60.42320", "2010-09-30": "59.90350", "2010-06-30": "41.39830", "2010-03-31": "50.84870", "2009-12-31": "62.04540", "2009-09-30": "32.99480", "2009-06-30": "53.60270", "2009-03-31": "57.59010", "2008-12-31": "61.48020", "2008-09-30": "61.45110", "2008-06-30": "72.55310", "2008-03-31": "76.68130", "2007-12-31": "74.37060", "2007-09-30": "72.81930", "2007-06-30": "71.43780", "2007-03-31": "52.86770", "2006-12-31": "74.75340", "2006-09-30": "108.74340", "2006-06-30": "75.77220", "2006-03-31": "62.61830", "2005-12-31": "76.20390", "2005-09-30": "60.90780", "2005-06-30": "64.99850", "2005-03-31": "70.27450"}, "ROE - Return On Equity": {"2020-09-30": "4.60420", "2020-06-30": "0.09710", "2020-03-31": "4.50630", "2019-12-31": "3.25690", "2019-09-30": "4.69920", "2019-06-30": "5.78400", "2019-03-31": "4.39460", "2018-12-31": "2.78770", "2018-09-30": "3.37790", "2018-06-30": "1.66200", "2018-03-31": "0.92730", "2017-12-31": "4.97880", "2017-09-30": "2.17010", "2017-06-30": "7.76340", "2017-03-31": "1.83400", "2016-12-31": "4.88570", "2016-09-30": "-0.30250", "2016-06-30": "4.41410", "2016-03-31": "0.41390", "2015-12-31": "3.87520", "2015-09-30": "1.56090", "2015-06-30": "-2.66960", "2015-03-31": "0.29240", "2014-12-31": "2.92510", "2014-09-30": "0.97410", "2014-06-30": "4.55440", "2014-03-31": "0.92890", "2013-12-31": "13.53480", "2013-09-30": "1.51650", "2013-06-30": "4.30500", "2013-03-31": "-1.40070", "2012-12-31": "1.53750", "2012-09-30": "-1.56740", "2012-06-30": "3.10690", "2012-03-31": "-0.35920", "2011-12-31": "1.67550", "2011-09-30": "1.78290", "2011-06-30": "1.04250", "2011-03-31": "-3.87240", "2010-12-31": "-9.25690", "2010-09-30": "-14.11170", "2010-06-30": "-7.94760", "2010-03-31": "-5.05820", "2009-12-31": "-6.45310", "2009-09-30": "-7.55430", "2009-06-30": "-9.86960", "2009-03-31": "-7.94030", "2008-12-31": "-5.78470", "2008-09-30": "-6.63620", "2008-06-30": "-6.15740", "2008-03-31": "-4.74060", "2007-12-31": "-3.64980", "2007-09-30": "-3.30360", "2007-06-30": "-5.74980", "2007-03-31": "-8.62260", "2006-12-31": "-8.10740", "2006-09-30": "-5.20220", "2006-06-30": "-7.31050", "2006-03-31": "-5.95980", "2005-12-31": "-8.05630", "2005-09-30": "-5.50980", "2005-06-30": "-5.74640", "2005-03-31": "-8.91260"}, "Return On Tangible Equity": {"2020-09-30": "5.20760", "2020-06-30": "0.11130", "2020-03-31": "5.19960", "2019-12-31": "3.81320", "2019-09-30": "5.57750", "2019-06-30": "6.98770", "2019-03-31": "5.41400", "2018-12-31": "3.49620", "2018-09-30": "4.30460", "2018-06-30": "2.16380", "2018-03-31": "1.22550", "2017-12-31": "6.60020", "2017-09-30": "2.96750", "2017-06-30": "10.84980", "2017-03-31": "2.68000", "2016-12-31": "7.49290", "2016-09-30": "-0.48880", "2016-06-30": "6.57770", "2016-03-31": "0.48530", "2015-12-31": "4.58210", "2015-09-30": "1.87070", "2015-06-30": "-3.23890", "2015-03-31": "0.35600", "2014-12-31": "3.58900", "2014-09-30": "1.21010", "2014-06-30": "5.67450", "2014-03-31": "1.17690", "2013-12-31": "17.34800", "2013-09-30": "2.06270", "2013-06-30": "5.96640", "2013-03-31": "-2.00350", "2012-12-31": "2.19250", "2012-09-30": "-2.26430", "2012-06-30": "3.11020", "2012-03-31": "-0.35960", "2011-12-31": "1.67740", "2011-09-30": "1.78510", "2011-06-30": "1.04390", "2011-03-31": "-3.87780", "2010-12-31": "-9.25660", "2010-09-30": "-14.11120", "2010-06-30": "-8.00280", "2010-03-31": "-5.12870", "2009-12-31": "-6.58930", "2009-09-30": "-7.76210", "2009-06-30": "-10.19590", "2009-03-31": "-8.23420", "2008-12-31": "-6.01420", "2008-09-30": "-6.92670", "2008-06-30": "-6.44510", "2008-03-31": "-4.97680", "2007-12-31": "-3.84920", "2007-09-30": "-3.50070", "2007-06-30": "-6.12180", "2007-03-31": "-9.69770", "2006-12-31": "-9.17300", "2006-09-30": "-5.90580", "2006-06-30": "-8.32120", "2006-03-31": "-6.83790", "2005-12-31": "-9.35770", "2005-09-30": "-6.52850", "2005-06-30": "-6.83780", "2005-03-31": "-10.68380"}, "ROA - Return On Assets": {"2020-09-30": "3.30620", "2020-06-30": "0.07020", "2020-03-31": "3.35760", "2019-12-31": "2.35930", "2019-09-30": "3.47860", "2019-06-30": "4.29640", "2019-03-31": "3.25080", "2018-12-31": "2.06220", "2018-09-30": "2.58200", "2018-06-30": "1.29780", "2018-03-31": "0.74940", "2017-12-31": "4.20700", "2017-09-30": "1.85930", "2017-06-30": "6.66830", "2017-03-31": "1.58140", "2016-12-31": "4.11420", "2016-09-30": "-0.25650", "2016-06-30": "3.75900", "2016-03-31": "0.35050", "2015-12-31": "3.23340", "2015-09-30": "1.31890", "2015-06-30": "-2.24140", "2015-03-31": "0.25010", "2014-12-31": "2.67960", "2014-09-30": "0.90730", "2014-06-30": "4.19030", "2014-03-31": "0.86320", "2013-12-31": "12.50900", "2013-09-30": "1.38540", "2013-06-30": "3.90900", "2013-03-31": "-1.29320", "2012-12-31": "1.39680", "2012-09-30": "-1.43520", "2012-06-30": "2.84100", "2012-03-31": "-0.33070", "2011-12-31": "1.53370", "2011-09-30": "1.63990", "2011-06-30": "0.95470", "2011-03-31": "-3.46210", "2010-12-31": "-5.75780", "2010-09-30": "-8.92390", "2010-06-30": "-5.45370", "2010-03-31": "-3.84430", "2009-12-31": "-4.80120", "2009-09-30": "-5.70830", "2009-06-30": "-7.57210", "2009-03-31": "-6.22250", "2008-12-31": "-4.61150", "2008-09-30": "-5.39990", "2008-06-30": "-5.24280", "2008-03-31": "-4.08390", "2007-12-31": "-3.10100", "2007-09-30": "-2.80830", "2007-06-30": "-4.88430", "2007-03-31": "-6.63400", "2006-12-31": "-6.09530", "2006-09-30": "-4.02390", "2006-06-30": "-5.93570", "2006-03-31": "-4.80420", "2005-12-31": "-6.28780", "2005-09-30": "-4.10290", "2005-06-30": "-4.49930", "2005-03-31": "-7.07160"}, "ROI - Return On Investment": {"2020-09-30": "4.60420", "2020-06-30": "0.09710", "2020-03-31": "4.50630", "2019-12-31": "3.25690", "2019-09-30": "4.69920", "2019-06-30": "5.78400", "2019-03-31": "4.39460", "2018-12-31": "2.78770", "2018-09-30": "3.37790", "2018-06-30": "1.66200", "2018-03-31": "0.92730", "2017-12-31": "4.97880", "2017-09-30": "2.17010", "2017-06-30": "7.76340", "2017-03-31": "1.83400", "2016-12-31": "4.88560", "2016-09-30": "-0.30250", "2016-06-30": "4.41410", "2016-03-31": "0.41390", "2015-12-31": "3.87520", "2015-09-30": "1.56090", "2015-06-30": "-2.66950", "2015-03-31": "0.29240", "2014-12-31": "2.92510", "2014-09-30": "0.97410", "2014-06-30": "4.55440", "2014-03-31": "0.92890", "2013-12-31": "13.53470", "2013-09-30": "1.51650", "2013-06-30": "4.30500", "2013-03-31": "-1.40070", "2012-12-31": "1.53750", "2012-09-30": "-1.56740", "2012-06-30": "3.10690", "2012-03-31": "-0.35920", "2011-12-31": "1.67550", "2011-09-30": "1.78290", "2011-06-30": "1.04250", "2011-03-31": "-3.87230", "2010-12-31": "-9.25660", "2010-09-30": "-14.11120", "2010-06-30": "-7.94730", "2010-03-31": "-5.05810", "2009-12-31": "-6.45290", "2009-09-30": "-7.55410", "2009-06-30": "-9.86930", "2009-03-31": "-7.94000", "2008-12-31": "-5.78450", "2008-09-30": "-6.63610", "2008-06-30": "-6.15720", "2008-03-31": "-4.74050", "2007-12-31": "-3.64970", "2007-09-30": "-3.30350", "2007-06-30": "-5.74970", "2007-03-31": "-8.62220", "2006-12-31": "-8.10710", "2006-09-30": "-5.20200", "2006-06-30": "-7.31030", "2006-03-31": "-5.95960", "2005-12-31": "-8.05600", "2005-09-30": "-5.13230", "2005-06-30": "-5.35550", "2005-03-31": "-8.30430"}, "Book Value Per Share": {"2020-09-30": "18.46310", "2020-06-30": "17.63220", "2020-03-31": "17.80830", "2019-12-31": "17.08780", "2019-09-30": "16.56560", "2019-06-30": "15.82260", "2019-03-31": "15.11130", "2018-12-31": "14.59230", "2018-09-30": "14.27800", "2018-06-30": "13.75970", "2018-03-31": "13.61200", "2017-12-31": "13.98730", "2017-09-30": "13.22510", "2017-06-30": "12.90830", "2017-03-31": "12.02270", "2016-12-31": "11.26490", "2016-09-30": "10.26220", "2016-06-30": "10.22550", "2016-03-31": "9.78020", "2015-12-31": "9.97920", "2015-09-30": "9.50540", "2015-06-30": "9.29110", "2015-03-31": "9.76480", "2014-12-31": "9.81840", "2014-09-30": "9.59630", "2014-06-30": "9.69230", "2014-03-31": "9.23470", "2013-12-31": "9.21260", "2013-09-30": "7.89840", "2013-06-30": "7.73270", "2013-03-31": "7.35470", "2012-12-31": "7.55530", "2012-09-30": "7.49620", "2012-06-30": "7.59680", "2012-03-31": "7.33550", "2011-12-31": "7.42150", "2011-09-30": "7.29270", "2011-06-30": "6.97640", "2011-03-31": "6.76510", "2010-12-31": "1.47490", "2010-09-30": "1.32920", "2010-06-30": "1.46130", "2010-03-31": "1.56630", "2009-12-31": "1.61950", "2009-09-30": "1.68660", "2009-06-30": "1.78370", "2009-03-31": "1.93080", "2008-12-31": "2.12320", "2008-09-30": "2.21790", "2008-06-30": "2.35060", "2008-03-31": "2.46770", "2007-12-31": "2.50870", "2007-09-30": "2.55200", "2007-06-30": "2.58090", "2007-03-31": "1.67810", "2006-12-31": "1.73270", "2006-09-30": "1.81580", "2006-06-30": "1.89530", "2006-03-31": "1.92620", "2005-12-31": "1.95010", "2005-09-30": "1.88060", "2005-06-30": "1.95220", "2005-03-31": "1.99240"}, "Operating Cash Flow Per Share": {"2020-09-30": 0.9265, "2020-06-30": 0.5561, "2020-03-31": "0.12190", "2019-12-31": 1.1963, "2019-09-30": 1.1451, "2019-06-30": 1.0593, "2019-03-31": "0.72550", "2018-12-31": 0.5731, "2018-09-30": 0.9589, "2018-06-30": 0.2366, "2018-03-31": "0.82850", "2017-12-31": 1.3291, "2017-09-30": 0.3105, "2017-06-30": 1.1746, "2017-03-31": "0.03520", "2016-12-31": 0.8673, "2016-09-30": 0.0889, "2016-06-30": 0.7657, "2016-03-31": "0.00450", "2015-12-31": 0.6666, "2015-09-30": 0.1049, "2015-06-30": 0.604, "2015-03-31": "1.01660", "2014-12-31": 0.6099, "2014-09-30": -0.1339, "2014-06-30": 0.6934, "2014-03-31": "-0.15690", "2013-12-31": 0.482, "2013-09-30": 0.1504, "2013-06-30": 0.5719, "2013-03-31": "-0.23780", "2012-12-31": 0.2227, "2012-09-30": -0.0404, "2012-06-30": 0.2404, "2012-03-31": "-0.04400", "2011-12-31": 0.1969, "2011-09-30": 0.1259, "2011-06-30": -0.0009, "2011-03-31": "0.04160", "2010-12-31": 0.02, "2010-09-30": -0.058, "2010-06-30": -0.0618, "2010-03-31": "-0.01200", "2009-12-31": -0.0762, "2009-09-30": -0.0825, "2009-06-30": -0.1177, "2009-03-31": "-0.12410", "2008-12-31": -0.049, "2008-09-30": -0.0137, "2008-06-30": -0.08, "2008-03-31": "-0.07400", "2007-12-31": -0.0391, "2007-09-30": -0.0627, "2007-06-30": -0.1029, "2007-03-31": "-0.10450", "2006-12-31": 0.0491, "2006-09-30": -0.0012, "2006-06-30": -0.0709, "2006-03-31": "-0.11040", "2005-12-31": 0.0193, "2005-09-30": 0.0389, "2005-06-30": -0.0285, "2005-03-31": "-0.04180"}, "Free Cash Flow Per Share": {"2020-09-30": 0.7698, "2020-06-30": 0.4076, "2020-03-31": "0.02050", "2019-12-31": 1.0952, "2019-09-30": 1.039, "2019-06-30": 0.9099, "2019-03-31": "0.44250", "2018-12-31": 0.4777, "2018-09-30": 0.7991, "2018-06-30": 0.1368, "2018-03-31": "0.64210", "2017-12-31": 1.1877, "2017-09-30": 0.0227, "2017-06-30": 0.9805, "2017-03-31": "0.02170", "2016-12-31": 0.8033, "2016-09-30": 0.042, "2016-06-30": 0.7307, "2016-03-31": "-0.00650", "2015-12-31": 0.6587, "2015-09-30": 0.0732, "2015-06-30": 0.5784, "2015-03-31": "0.97440", "2014-12-31": 0.5684, "2014-09-30": -0.1609, "2014-06-30": 0.6498, "2014-03-31": "-0.17660", "2013-12-31": 0.471, "2013-09-30": 0.1127, "2013-06-30": 0.5315, "2013-03-31": "-0.24980", "2012-12-31": 0.2138, "2012-09-30": -0.046, "2012-06-30": 0.2359, "2012-03-31": "-0.08340", "2011-12-31": 0.186, "2011-09-30": 0.1121, "2011-06-30": -0.0221, "2011-03-31": "0.02940", "2010-12-31": 0.016, "2010-09-30": -0.0599, "2010-06-30": -0.0633, "2010-03-31": "-0.01440", "2009-12-31": -0.0777, "2009-09-30": -0.0846, "2009-06-30": -0.1186, "2009-03-31": "-0.12670", "2008-12-31": -0.052, "2008-09-30": -0.0328, "2008-06-30": -0.0873, "2008-03-31": "-0.08010", "2007-12-31": -0.0565, "2007-09-30": -0.0719, "2007-06-30": -0.107, "2007-03-31": "-0.11010", "2006-12-31": 0.0376, "2006-09-30": -0.0153, "2006-06-30": -0.1072, "2006-03-31": "-0.12470", "2005-12-31": -0.0603, "2005-09-30": 0.0156, "2005-06-30": -0.0693, "2005-03-31": "-0.09690"}}, "revenue": {"Universal Display Annual Revenue (Millions of US $)": {"2019": "$405", "2018": "$247", "2017": "$336", "2016": "$199", "2015": "$191", "2014": "$191", "2013": "$147", "2012": "$83", "2011": "$61", "2010": "$31", "2009": "$16", "2008": "$11", "2007": "$11", "2006": "$12", "2005": "$10"}, "Universal Display Quarterly Revenue (Millions of US $)": {"2020-09-30": "$117", "2020-06-30": "$58", "2020-03-31": "$112", "2019-12-31": "$102", "2019-09-30": "$98", "2019-06-30": "$118", "2019-03-31": "$88", "2018-12-31": "$70", "2018-09-30": "$78", "2018-06-30": "$56", "2018-03-31": "$44", "2017-12-31": "$116", "2017-09-30": "$62", "2017-06-30": "$103", "2017-03-31": "$56", "2016-12-31": "$75", "2016-09-30": "$30", "2016-06-30": "$64", "2016-03-31": "$30", "2015-12-31": "$62", "2015-09-30": "$39", "2015-06-30": "$58", "2015-03-31": "$31", "2014-12-31": "$56", "2014-09-30": "$33", "2014-06-30": "$64", "2014-03-31": "$38", "2013-12-31": "$49", "2013-09-30": "$33", "2013-06-30": "$49", "2013-03-31": "$15", "2012-12-31": "$28", "2012-09-30": "$13", "2012-06-30": "$30", "2012-03-31": "$13", "2011-12-31": "$19", "2011-09-30": "$22", "2011-06-30": "$11", "2011-03-31": "$10", "2010-12-31": "$11", "2010-09-30": "$7", "2010-06-30": "$8", "2010-03-31": "$4", "2009-12-31": "$5", "2009-09-30": "$5", "2009-06-30": "$3", "2009-03-31": "$3", "2008-12-31": "$4", "2008-09-30": "$3", "2008-06-30": "$2", "2008-03-31": "$3", "2007-12-31": "$3", "2007-09-30": "$3", "2007-06-30": "$2", "2007-03-31": "$3", "2006-12-31": "$3", "2006-09-30": "$3", "2006-06-30": "$3", "2006-03-31": "$3", "2005-12-31": "$2", "2005-09-30": "$3", "2005-06-30": "$3", "2005-03-31": "$1"}}, "gross-profit": {"Universal Display Annual Gross Profit (Millions of US $)": {"2019": "$330", "2018": "$194", "2017": "$281", "2016": "$173", "2015": "$128", "2014": "$150", "2013": "$118", "2012": "$79", "2011": "$58", "2010": "$30", "2009": "$15", "2008": "$10", "2007": "$10", "2006": "$11", "2005": "$10"}, "Universal Display Quarterly Gross Profit (Millions of US $)": {"2020-09-30": "$94", "2020-06-30": "$45", "2020-03-31": "$90", "2019-12-31": "$84", "2019-09-30": "$80", "2019-06-30": "$94", "2019-03-31": "$72", "2018-12-31": "$52", "2018-09-30": "$61", "2018-06-30": "$45", "2018-03-31": "$36", "2017-12-31": "$99", "2017-09-30": "$48", "2017-06-30": "$91", "2017-03-31": "$43", "2016-12-31": "$65", "2016-09-30": "$24", "2016-06-30": "$59", "2016-03-31": "$25", "2015-12-31": "$54", "2015-09-30": "$32", "2015-06-30": "$19", "2015-03-31": "$23", "2014-12-31": "$44", "2014-09-30": "$26", "2014-06-30": "$52", "2014-03-31": "$28", "2013-12-31": "$42", "2013-09-30": "$23", "2013-06-30": "$41", "2013-03-31": "$12", "2012-12-31": "$27", "2012-09-30": "$11", "2012-06-30": "$28", "2012-03-31": "$12", "2011-12-31": "$18", "2011-09-30": "$19", "2011-06-30": "$11", "2011-03-31": "$9", "2010-12-31": "$11", "2010-09-30": "$7", "2010-06-30": "$8", "2010-03-31": "$4", "2009-12-31": "$5", "2009-09-30": "$5", "2009-06-30": "$3", "2009-03-31": "$3", "2008-12-31": "$4", "2008-09-30": "$2", "2008-06-30": "$2", "2008-03-31": "$3", "2007-12-31": "$3", "2007-09-30": "$3", "2007-06-30": "$2", "2007-03-31": "$3", "2006-12-31": "$2", "2006-09-30": "$3", "2006-06-30": "$3", "2006-03-31": "$3", "2005-12-31": "$2", "2005-09-30": "$3", "2005-06-30": "$3", "2005-03-31": "$1"}}, "operating-income": {"Universal Display Annual Operating Income (Millions of US $)": {"2019": "$158", "2018": "$57", "2017": "$146", "2016": "$68", "2015": "$32", "2014": "$59", "2013": "$38", "2012": "$14", "2011": "$6", "2010": "$-10", "2009": "$-20", "2008": "$-23", "2007": "$-20", "2006": "$-18", "2005": "$-17"}, "Universal Display Quarterly Operating Income (Millions of US $)": {"2020-09-30": "$48", "2020-06-30": "$-1", "2020-03-31": "$45", "2019-12-31": "$34", "2019-09-30": "$41", "2019-06-30": "$49", "2019-03-31": "$34", "2018-12-31": "$15", "2018-09-30": "$26", "2018-06-30": "$11", "2018-03-31": "$5", "2017-12-31": "$58", "2017-09-30": "$16", "2017-06-30": "$61", "2017-03-31": "$12", "2016-12-31": "$35", "2016-09-30": "$-3", "2016-06-30": "$34", "2016-03-31": "$3", "2015-12-31": "$27", "2015-09-30": "$8", "2015-06-30": "$-5", "2015-03-31": "$2", "2014-12-31": "$17", "2014-09-30": "$6", "2014-06-30": "$29", "2014-03-31": "$7", "2013-12-31": "$19", "2013-09-30": "$4", "2013-06-30": "$22", "2013-03-31": "$-7", "2012-12-31": "$8", "2012-09-30": "$-6", "2012-06-30": "$13", "2012-03-31": "$-2", "2011-12-31": "$4", "2011-09-30": "$6", "2011-06-30": "$-1", "2011-03-31": "$-3", "2010-12-31": "$-0", "2010-09-30": "$-4", "2010-06-30": "$-2", "2010-03-31": "$-4", "2009-12-31": "$-4", "2009-09-30": "$-4", "2009-06-30": "$-6", "2009-03-31": "$-6", "2008-12-31": "$-6", "2008-09-30": "$-6", "2008-06-30": "$-6", "2008-03-31": "$-5", "2007-12-31": "$-5", "2007-09-30": "$-4", "2007-06-30": "$-6", "2007-03-31": "$-5", "2006-12-31": "$-6", "2006-09-30": "$-4", "2006-06-30": "$-5", "2006-03-31": "$-4", "2005-12-31": "$-5", "2005-09-30": "$-3", "2005-06-30": "$-3", "2005-03-31": "$-5"}}, "ebitda": {"Universal Display Annual EBITDA (Millions of US $)": {"2019": "$51", "2018": "$12", "2017": "$159", "2016": "$80", "2015": "$37", "2014": "$67", "2013": "$45", "2012": "$14", "2011": "$3", "2010": "$-12", "2009": "$-21", "2008": "$-22", "2007": "$-19", "2006": "$-15", "2005": "$-14"}, "Universal Display Quarterly EBITDA (Millions of US $)": {"2020-09-30": "$3", "2020-06-30": "$-11", "2020-03-31": "$11", "2019-12-31": "$7", "2019-09-30": "$11", "2019-06-30": "$19", "2019-03-31": "$14", "2018-12-31": "$5", "2018-09-30": "$8", "2018-06-30": "$1", "2018-03-31": "$-1", "2017-12-31": "$60", "2017-09-30": "$19", "2017-06-30": "$64", "2017-03-31": "$16", "2016-12-31": "$39", "2016-09-30": "$1", "2016-06-30": "$36", "2016-03-31": "$4", "2015-12-31": "$28", "2015-09-30": "$10", "2015-06-30": "$-5", "2015-03-31": "$4", "2014-12-31": "$20", "2014-09-30": "$7", "2014-06-30": "$31", "2014-03-31": "$9", "2013-12-31": "$20", "2013-09-30": "$6", "2013-06-30": "$24", "2013-03-31": "$-5", "2012-12-31": "$9", "2012-09-30": "$-4", "2012-06-30": "$12", "2012-03-31": "$-2", "2011-12-31": "$3", "2011-09-30": "$5", "2011-06-30": "$-2", "2011-03-31": "$-3", "2010-12-31": "$-1", "2010-09-30": "$-3", "2010-06-30": "$-4", "2010-03-31": "$-4", "2009-12-31": "$-4", "2009-09-30": "$-5", "2009-06-30": "$-6", "2009-03-31": "$-6", "2008-12-31": "$-6", "2008-09-30": "$-6", "2008-06-30": "$-5", "2008-03-31": "$-5", "2007-12-31": "$-6", "2007-09-30": "$-3", "2007-06-30": "$-5", "2007-03-31": "$-4", "2006-12-31": "$-5", "2006-09-30": "$-3", "2006-06-30": "$-4", "2006-03-31": "$-3", "2005-12-31": "$-5", "2005-09-30": "$-2", "2005-06-30": "$-3", "2005-03-31": "$-5"}}, "net-income": {"Universal Display Annual Net Income (Millions of US $)": {"2019": "$137", "2018": "$58", "2017": "$102", "2016": "$47", "2015": "$15", "2014": "$42", "2013": "$74", "2012": "$10", "2011": "$3", "2010": "$-20", "2009": "$-21", "2008": "$-19", "2007": "$-16", "2006": "$-15", "2005": "$-16"}, "Universal Display Quarterly Net Income (Millions of US $)": {"2020-09-30": "$40", "2020-06-30": "$1", "2020-03-31": "$38", "2019-12-31": "$26", "2019-09-30": "$37", "2019-06-30": "$43", "2019-03-31": "$31", "2018-12-31": "$19", "2018-09-30": "$23", "2018-06-30": "$11", "2018-03-31": "$6", "2017-12-31": "$32", "2017-09-30": "$13", "2017-06-30": "$46", "2017-03-31": "$10", "2016-12-31": "$25", "2016-09-30": "$-2", "2016-06-30": "$22", "2016-03-31": "$2", "2015-12-31": "$18", "2015-09-30": "$7", "2015-06-30": "$-12", "2015-03-31": "$1", "2014-12-31": "$13", "2014-09-30": "$4", "2014-06-30": "$20", "2014-03-31": "$4", "2013-12-31": "$58", "2013-09-30": "$6", "2013-06-30": "$15", "2013-03-31": "$-5", "2012-12-31": "$5", "2012-09-30": "$-5", "2012-06-30": "$11", "2012-03-31": "$-1", "2011-12-31": "$6", "2011-09-30": "$6", "2011-06-30": "$3", "2011-03-31": "$-12", "2010-12-31": "$-5", "2010-09-30": "$-7", "2010-06-30": "$-4", "2010-03-31": "$-3", "2009-12-31": "$-4", "2009-09-30": "$-5", "2009-06-30": "$-6", "2009-03-31": "$-6", "2008-12-31": "$-4", "2008-09-30": "$-5", "2008-06-30": "$-5", "2008-03-31": "$-4", "2007-12-31": "$-3", "2007-09-30": "$-3", "2007-06-30": "$-5", "2007-03-31": "$-5", "2006-12-31": "$-4", "2006-09-30": "$-3", "2006-06-30": "$-4", "2006-03-31": "$-4", "2005-12-31": "$-5", "2005-09-30": "$-3", "2005-06-30": "$-3", "2005-03-31": "$-5"}}, "eps-earnings-per-share-diluted": {"Universal Display Annual EPS": {"2019": "$2.92", "2018": "$1.24", "2017": "$2.18", "2016": "$1.02", "2015": "$0.31", "2014": "$0.90", "2013": "$1.59", "2012": "$0.21", "2011": "$0.07", "2010": "$-0.53", "2009": "$-0.56", "2008": "$-0.53", "2007": "$-0.47", "2006": "$-0.49", "2005": "$-0.56"}, "Universal Display Quarterly EPS": {"2020-09-30": "$0.85", "2020-06-30": "$0.02", "2020-03-31": "$0.80", "2019-12-31": "$0.56", "2019-09-30": "$0.78", "2019-06-30": "$0.92", "2019-03-31": "$0.66", "2018-12-31": "$0.40", "2018-09-30": "$0.48", "2018-06-30": "$0.23", "2018-03-31": "$0.13", "2017-12-31": "$0.69", "2017-09-30": "$0.28", "2017-06-30": "$0.99", "2017-03-31": "$0.22", "2016-12-31": "$0.55", "2016-09-30": "$-0.03", "2016-06-30": "$0.46", "2016-03-31": "$0.04", "2015-12-31": "$0.38", "2015-09-30": "$0.15", "2015-06-30": "$-0.25", "2015-03-31": "$0.03", "2014-12-31": "$0.28", "2014-09-30": "$0.09", "2014-06-30": "$0.44", "2014-03-31": "$0.09", "2013-12-31": "$1.24", "2013-09-30": "$0.12", "2013-06-30": "$0.33", "2013-03-31": "$-0.10", "2012-12-31": "$0.13", "2012-09-30": "$-0.12", "2012-06-30": "$0.23", "2012-03-31": "$-0.03", "2011-12-31": "$0.29", "2011-09-30": "$0.12", "2011-06-30": "$-0.03", "2011-03-31": "$-0.31", "2010-12-31": "$-0.14", "2010-09-30": "$-0.19", "2010-06-30": "$-0.12", "2010-03-31": "$-0.08", "2009-12-31": "$-0.10", "2009-09-30": "$-0.13", "2009-06-30": "$-0.18", "2009-03-31": "$-0.15", "2008-12-31": "$-0.11", "2008-09-30": "$-0.15", "2008-06-30": "$-0.15", "2008-03-31": "$-0.12", "2007-12-31": "$-0.08", "2007-09-30": "$-0.08", "2007-06-30": "$-0.16", "2007-03-31": "$-0.15", "2006-12-31": "$-0.14", "2006-09-30": "$-0.09", "2006-06-30": "$-0.14", "2006-03-31": "$-0.12", "2005-12-31": "$-0.17", "2005-09-30": "$-0.10", "2005-06-30": "$-0.11", "2005-03-31": "$-0.18"}}, "shares-outstanding": {"Universal Display Annual Shares Outstanding (Millions of Shares)": {"2019": "47", "2018": "47", "2017": "47", "2016": "47", "2015": "47", "2014": "47", "2013": "47", "2012": "47", "2011": "45", "2010": "38", "2009": "36", "2008": "36", "2007": "34", "2006": "31", "2005": "28"}, "Universal Display Quarterly Shares Outstanding (Millions of Shares)": {"2020-09-30": "47", "2020-06-30": "47", "2020-03-31": "47", "2019-12-31": "47", "2019-09-30": "47", "2019-06-30": "47", "2019-03-31": "47", "2018-12-31": "47", "2018-09-30": "47", "2018-06-30": "47", "2018-03-31": "47", "2017-12-31": "47", "2017-09-30": "47", "2017-06-30": "47", "2017-03-31": "47", "2016-12-31": "47", "2016-09-30": "47", "2016-06-30": "47", "2016-03-31": "47", "2015-12-31": "47", "2015-09-30": "47", "2015-06-30": "46", "2015-03-31": "46", "2014-12-31": "47", "2014-09-30": "47", "2014-06-30": "47", "2014-03-31": "47", "2013-12-31": "47", "2013-09-30": "47", "2013-06-30": "46", "2013-03-31": "46", "2012-12-31": "47", "2012-09-30": "46", "2012-06-30": "47", "2012-03-31": "46", "2011-12-31": "45", "2011-09-30": "47", "2011-06-30": "45", "2011-03-31": "39", "2010-12-31": "38", "2010-09-30": "38", "2010-06-30": "37", "2010-03-31": "37", "2009-12-31": "36", "2009-09-30": "36", "2009-06-30": "36", "2009-03-31": "36", "2008-12-31": "36", "2008-09-30": "36", "2008-06-30": "36", "2008-03-31": "36", "2007-12-31": "34", "2007-09-30": "35", "2007-06-30": "33", "2007-03-31": "32", "2006-12-31": "31", "2006-09-30": "31", "2006-06-30": "31", "2006-03-31": "30", "2005-12-31": "28", "2005-09-30": "29", "2005-06-30": "28", "2005-03-31": "28"}}, "total-assets": {"Universal Display Annual Total Assets (Millions of US $)": {"2019": "$1,120", "2018": "$933", "2017": "$780", "2016": "$628", "2015": "$559", "2014": "$490", "2013": "$463", "2012": "$386", "2011": "$374", "2010": "$92", "2009": "$80", "2008": "$96", "2007": "$105", "2006": "$72", "2005": "$74"}, "Universal Display Quarterly Total Assets (Millions of US $)": {"2020-09-30": "$1,225", "2020-06-30": "$1,161", "2020-03-31": "$1,136", "2019-12-31": "$1,120", "2019-09-30": "$1,063", "2019-06-30": "$1,011", "2019-03-31": "$968", "2018-12-31": "$933", "2018-09-30": "$884", "2018-06-30": "$833", "2018-03-31": "$795", "2017-12-31": "$780", "2017-09-30": "$727", "2017-06-30": "$708", "2017-03-31": "$655", "2016-12-31": "$628", "2016-09-30": "$585", "2016-06-30": "$580", "2016-03-31": "$556", "2015-12-31": "$559", "2015-09-30": "$534", "2015-06-30": "$525", "2015-03-31": "$525", "2014-12-31": "$490", "2014-09-30": "$472", "2014-06-30": "$487", "2014-03-31": "$466", "2013-12-31": "$463", "2013-09-30": "$400", "2013-06-30": "$394", "2013-03-31": "$368", "2012-12-31": "$386", "2012-09-30": "$381", "2012-06-30": "$386", "2012-03-31": "$369", "2011-12-31": "$374", "2011-09-30": "$365", "2011-06-30": "$347", "2011-03-31": "$343", "2010-12-31": "$92", "2010-09-30": "$81", "2010-06-30": "$81", "2010-03-31": "$77", "2009-12-31": "$80", "2009-09-30": "$82", "2009-06-30": "$85", "2009-03-31": "$90", "2008-12-31": "$96", "2008-09-30": "$98", "2008-06-30": "$99", "2008-03-31": "$103", "2007-12-31": "$105", "2007-09-30": "$105", "2007-06-30": "$106", "2007-03-31": "$69", "2006-12-31": "$72", "2006-09-30": "$73", "2006-06-30": "$73", "2006-03-31": "$73", "2005-12-31": "$74", "2005-09-30": "$73", "2005-06-30": "$71", "2005-03-31": "$71"}}, "cash-on-hand": {"Universal Display Annual Cash on Hand (Millions of US $)": {"2019": "$646", "2018": "$515", "2017": "$420", "2016": "$328", "2015": "$395", "2014": "$289", "2013": "$273", "2012": "$244", "2011": "$346", "2010": "$73", "2009": "$64", "2008": "$77", "2007": "$84", "2006": "$49", "2005": "$48"}, "Universal Display Quarterly Cash on Hand (Millions of US $)": {"2020-09-30": "$673", "2020-06-30": "$644", "2020-03-31": "$640", "2019-12-31": "$646", "2019-09-30": "$597", "2019-06-30": "$553", "2019-03-31": "$527", "2018-12-31": "$515", "2018-09-30": "$494", "2018-06-30": "$457", "2018-03-31": "$457", "2017-12-31": "$420", "2017-09-30": "$365", "2017-06-30": "$366", "2017-03-31": "$325", "2016-12-31": "$328", "2016-09-30": "$286", "2016-06-30": "$316", "2016-03-31": "$380", "2015-12-31": "$395", "2015-09-30": "$362", "2015-06-30": "$356", "2015-03-31": "$329", "2014-12-31": "$289", "2014-09-30": "$268", "2014-06-30": "$291", "2014-03-31": "$267", "2013-12-31": "$273", "2013-09-30": "$248", "2013-06-30": "$245", "2013-03-31": "$221", "2012-12-31": "$244", "2012-09-30": "$239", "2012-06-30": "$350", "2012-03-31": "$339", "2011-12-31": "$346", "2011-09-30": "$338", "2011-06-30": "$326", "2011-03-31": "$325", "2010-12-31": "$73", "2010-09-30": "$65", "2010-06-30": "$66", "2010-03-31": "$63", "2009-12-31": "$64", "2009-09-30": "$66", "2009-06-30": "$68", "2009-03-31": "$72", "2008-12-31": "$77", "2008-09-30": "$79", "2008-06-30": "$80", "2008-03-31": "$82", "2007-12-31": "$84", "2007-09-30": "$84", "2007-06-30": "$84", "2007-03-31": "$47", "2006-12-31": "$49", "2006-09-30": "$47", "2006-06-30": "$46", "2006-03-31": "$48", "2005-12-31": "$48", "2005-09-30": "$44", "2005-06-30": "$42", "2005-03-31": "$42"}}, "long-term-debt": {"Universal Display Annual Long Term Debt (Millions of US $)": {"2019": "$", "2018": "$", "2017": "$", "2016": "$", "2015": "$", "2014": "$", "2013": "$", "2012": "$", "2011": "$", "2010": "$", "2009": "$", "2008": "$", "2007": "$", "2006": "$", "2005": "$"}, "Universal Display Quarterly Long Term Debt (Millions of US $)": {"2020-09-30": "", "2020-06-30": "", "2020-03-31": "", "2019-12-31": "", "2019-09-30": "", "2019-06-30": "", "2019-03-31": "", "2018-12-31": "", "2018-09-30": "", "2018-06-30": "", "2018-03-31": "", "2017-12-31": "", "2017-09-30": "", "2017-06-30": "", "2017-03-31": "", "2016-12-31": "", "2016-09-30": "", "2016-06-30": "", "2016-03-31": "", "2015-12-31": "", "2015-09-30": "", "2015-06-30": "", "2015-03-31": "", "2014-12-31": "", "2014-09-30": "", "2014-06-30": "", "2014-03-31": "", "2013-12-31": "", "2013-09-30": "", "2013-06-30": "", "2013-03-31": "", "2012-12-31": "", "2012-09-30": "", "2012-06-30": "", "2012-03-31": "", "2011-12-31": "", "2011-09-30": "", "2011-06-30": "", "2011-03-31": "", "2010-12-31": "", "2010-09-30": "", "2010-06-30": "", "2010-03-31": "", "2009-12-31": "", "2009-09-30": "", "2009-06-30": "", "2009-03-31": "", "2008-12-31": "", "2008-09-30": "", "2008-06-30": "", "2008-03-31": "", "2007-12-31": "", "2007-09-30": "", "2007-06-30": "", "2007-03-31": "", "2006-12-31": "", "2006-09-30": "", "2006-06-30": "", "2006-03-31": "", "2005-12-31": "", "2005-09-30": "$4", "2005-06-30": "$4", "2005-03-31": "$4"}}, "total-liabilities": {"Universal Display Annual Total Liabilities (Millions of US $)": {"2019": "$309", "2018": "$243", "2017": "$121", "2016": "$99", "2015": "$93", "2014": "$41", "2013": "$35", "2012": "$35", "2011": "$32", "2010": "$35", "2009": "$21", "2008": "$20", "2007": "$16", "2006": "$18", "2005": "$16"}, "Universal Display Quarterly Total Liabilities (Millions of US $)": {"2020-09-30": "$345", "2020-06-30": "$321", "2020-03-31": "$290", "2019-12-31": "$309", "2019-09-30": "$276", "2019-06-30": "$260", "2019-03-31": "$252", "2018-12-31": "$243", "2018-09-30": "$208", "2018-06-30": "$183", "2018-03-31": "$152", "2017-12-31": "$121", "2017-09-30": "$104", "2017-06-30": "$100", "2017-03-31": "$90", "2016-12-31": "$99", "2016-09-30": "$89", "2016-06-30": "$86", "2016-03-31": "$85", "2015-12-31": "$93", "2015-09-30": "$83", "2015-06-30": "$84", "2015-03-31": "$76", "2014-12-31": "$41", "2014-09-30": "$32", "2014-06-30": "$39", "2014-03-31": "$33", "2013-12-31": "$35", "2013-09-30": "$35", "2013-06-30": "$36", "2013-03-31": "$28", "2012-12-31": "$35", "2012-09-30": "$32", "2012-06-30": "$33", "2012-03-31": "$29", "2011-12-31": "$32", "2011-09-30": "$29", "2011-06-30": "$29", "2011-03-31": "$36", "2010-12-31": "$35", "2010-09-30": "$30", "2010-06-30": "$26", "2010-03-31": "$19", "2009-12-31": "$21", "2009-09-30": "$20", "2009-06-30": "$20", "2009-03-31": "$19", "2008-12-31": "$20", "2008-09-30": "$18", "2008-06-30": "$15", "2008-03-31": "$14", "2007-12-31": "$16", "2007-09-30": "$16", "2007-06-30": "$16", "2007-03-31": "$16", "2006-12-31": "$18", "2006-09-30": "$17", "2006-06-30": "$14", "2006-03-31": "$14", "2005-12-31": "$16", "2005-09-30": "$19", "2005-06-30": "$15", "2005-03-31": "$15"}}, "total-share-holder-equity": {"Universal Display Annual Share Holder Equity (Millions of US $)": {"2019": "$811", "2018": "$691", "2017": "$659", "2016": "$528", "2015": "$467", "2014": "$449", "2013": "$428", "2012": "$350", "2011": "$342", "2010": "$57", "2009": "$60", "2008": "$77", "2007": "$89", "2006": "$54", "2005": "$58"}, "Universal Display Quarterly Share Holder Equity (Millions of US $)": {"2020-09-30": "$880", "2020-06-30": "$840", "2020-03-31": "$847", "2019-12-31": "$811", "2019-09-30": "$787", "2019-06-30": "$751", "2019-03-31": "$716", "2018-12-31": "$691", "2018-09-30": "$676", "2018-06-30": "$651", "2018-03-31": "$643", "2017-12-31": "$659", "2017-09-30": "$623", "2017-06-30": "$608", "2017-03-31": "$565", "2016-12-31": "$528", "2016-09-30": "$496", "2016-06-30": "$494", "2016-03-31": "$471", "2015-12-31": "$467", "2015-09-30": "$451", "2015-06-30": "$441", "2015-03-31": "$449", "2014-12-31": "$449", "2014-09-30": "$440", "2014-06-30": "$448", "2014-03-31": "$433", "2013-12-31": "$428", "2013-09-30": "$365", "2013-06-30": "$357", "2013-03-31": "$340", "2012-12-31": "$350", "2012-09-30": "$349", "2012-06-30": "$353", "2012-03-31": "$340", "2011-12-31": "$342", "2011-09-30": "$336", "2011-06-30": "$318", "2011-03-31": "$307", "2010-12-31": "$57", "2010-09-30": "$51", "2010-06-30": "$56", "2010-03-31": "$59", "2009-12-31": "$60", "2009-09-30": "$62", "2009-06-30": "$65", "2009-03-31": "$70", "2008-12-31": "$77", "2008-09-30": "$80", "2008-06-30": "$85", "2008-03-31": "$88", "2007-12-31": "$89", "2007-09-30": "$90", "2007-06-30": "$90", "2007-03-31": "$53", "2006-12-31": "$54", "2006-09-30": "$57", "2006-06-30": "$59", "2006-03-31": "$59", "2005-12-31": "$58", "2005-09-30": "$54", "2005-06-30": "$56", "2005-03-31": "$56"}}, "profit-margins": {"current": "27.22%"}, "gross margin": {"2020-09-30": "80.46%", "2020-06-30": "80.81%", "2020-03-31": "80.93%", "2019-12-31": "81.28%", "2019-09-30": "79.68%", "2019-06-30": "78.81%", "2019-03-31": "78.77%", "2018-12-31": "78.23%", "2018-09-30": "81.97%", "2018-06-30": "82.01%", "2018-03-31": "84.31%", "2017-12-31": "83.38%", "2017-09-30": "83.45%", "2017-06-30": "84.47%", "2017-03-31": "84.89%", "2016-12-31": "86.93%", "2016-09-30": "87.10%", "2016-06-30": "87.18%", "2016-03-31": "68.78%", "2015-12-31": "67.37%", "2015-09-30": "64.13%", "2015-06-30": "62.92%", "2015-03-31": "78.80%", "2014-12-31": "78.53%", "2014-09-30": "80.43%", "2014-06-30": "78.80%", "2014-03-31": "79.29%", "2013-12-31": "80.82%", "2013-09-30": "82.40%", "2013-06-30": "86.67%", "2013-03-31": "90.70%", "2012-12-31": "92.86%", "2012-09-30": "92.00%", "2012-06-30": "91.67%", "2012-03-31": "92.31%", "2011-12-31": "91.94%", "2011-09-30": "92.59%", "2011-06-30": "97.44%", "2011-03-31": "97.22%", "2010-12-31": "100.00%", "2010-09-30": "100.00%", "2010-06-30": "100.00%", "2010-03-31": "100.00%", "2009-12-31": "100.00%", "2009-09-30": "100.00%", "2009-06-30": "92.31%", "2009-03-31": "91.67%", "2008-12-31": "91.67%", "2008-09-30": "90.91%", "2008-06-30": "100.00%", "2008-03-31": "100.00%", "2007-12-31": "100.00%", "2007-09-30": "90.91%", "2007-06-30": "90.91%", "2007-03-31": "91.67%", "2006-12-31": "91.67%", "2006-09-30": "100.00%", "2006-06-30": "100.00%", "2006-03-31": "100.00%", "2005-12-31": "100.00%"}, "operating margin": {"2020-09-30": "32.39%", "2020-06-30": "32.16%", "2020-03-31": "39.30%", "2019-12-31": "38.92%", "2019-09-30": "37.17%", "2019-06-30": "35.03%", "2019-03-31": "29.45%", "2018-12-31": "22.98%", "2018-09-30": "34.01%", "2018-06-30": "32.37%", "2018-03-31": "43.08%", "2017-12-31": "43.62%", "2017-09-30": "41.89%", "2017-06-30": "39.77%", "2017-03-31": "34.67%", "2016-12-31": "34.67%", "2016-09-30": "32.80%", "2016-06-30": "36.92%", "2016-03-31": "17.46%", "2015-12-31": "16.84%", "2015-09-30": "11.96%", "2015-06-30": "11.24%", "2015-03-31": "29.35%", "2014-12-31": "30.89%", "2014-09-30": "33.15%", "2014-06-30": "32.07%", "2014-03-31": "30.77%", "2013-12-31": "26.03%", "2013-09-30": "21.60%", "2013-06-30": "16.19%", "2013-03-31": "9.30%", "2012-12-31": "15.48%", "2012-09-30": "12.00%", "2012-06-30": "25.00%", "2012-03-31": "10.77%", "2011-12-31": "9.68%", "2011-09-30": "3.70%", "2011-06-30": "-20.51%", "2011-03-31": "-25.00%", "2010-12-31": "-33.33%", "2010-09-30": "-58.33%", "2010-06-30": "-63.64%", "2010-03-31": "-105.88%", "2009-12-31": "-125.00%", "2009-09-30": "-146.67%", "2009-06-30": "-184.62%", "2009-03-31": "-200.00%", "2008-12-31": "-191.67%", "2008-09-30": "-200.00%", "2008-06-30": "-181.82%", "2008-03-31": "-181.82%", "2007-12-31": "-181.82%", "2007-09-30": "-190.91%", "2007-06-30": "-190.91%", "2007-03-31": "-166.67%", "2006-12-31": "-158.33%", "2006-09-30": "-163.64%", "2006-06-30": "-154.55%", "2006-03-31": "-136.36%", "2005-12-31": "-177.78%"}, "ebitda margin": {"2020-09-30": "2.57%", "2020-06-30": "4.86%", "2020-03-31": "11.16%", "2019-12-31": "12.56%", "2019-09-30": "13.10%", "2019-06-30": "12.99%", "2019-03-31": "9.59%", "2018-12-31": "5.24%", "2018-09-30": "23.13%", "2018-06-30": "28.42%", "2018-03-31": "43.69%", "2017-12-31": "47.18%", "2017-09-30": "46.62%", "2017-06-30": "45.45%", "2017-03-31": "40.89%", "2016-12-31": "40.20%", "2016-09-30": "37.10%", "2016-06-30": "40.00%", "2016-03-31": "19.58%", "2015-12-31": "19.47%", "2015-09-30": "15.76%", "2015-06-30": "14.61%", "2015-03-31": "33.70%", "2014-12-31": "35.08%", "2014-09-30": "36.41%", "2014-06-30": "35.87%", "2014-03-31": "34.91%", "2013-12-31": "30.82%", "2013-09-30": "27.20%", "2013-06-30": "22.86%", "2013-03-31": "13.95%", "2012-12-31": "17.86%", "2012-09-30": "12.00%", "2012-06-30": "21.43%", "2012-03-31": "6.15%", "2011-12-31": "4.84%", "2011-09-30": "-1.85%", "2011-06-30": "-23.08%", "2011-03-31": "-30.56%", "2010-12-31": "-40.00%", "2010-09-30": "-62.50%", "2010-06-30": "-77.27%", "2010-03-31": "-111.76%", "2009-12-31": "-131.25%", "2009-09-30": "-153.33%", "2009-06-30": "-184.62%", "2009-03-31": "-191.67%", "2008-12-31": "-183.33%", "2008-09-30": "-200.00%", "2008-06-30": "-172.73%", "2008-03-31": "-172.73%", "2007-12-31": "-163.64%", "2007-09-30": "-154.55%", "2007-06-30": "-154.55%", "2007-03-31": "-133.33%", "2006-12-31": "-125.00%", "2006-09-30": "-136.36%", "2006-06-30": "-127.27%", "2006-03-31": "-118.18%", "2005-12-31": "-166.67%"}, "pre tax profit margin": {"2020-09-30": "34.45%", "2020-06-30": "34.59%", "2020-03-31": "41.86%", "2019-12-31": "41.87%", "2019-09-30": "40.37%", "2019-06-30": "38.14%", "2019-03-31": "32.88%", "2018-12-31": "26.21%", "2018-09-30": "36.05%", "2018-06-30": "34.17%", "2018-03-31": "44.00%", "2017-12-31": "44.51%", "2017-09-30": "42.57%", "2017-06-30": "40.15%", "2017-03-31": "34.67%", "2016-12-31": "34.17%", "2016-09-30": "32.26%", "2016-06-30": "36.92%", "2016-03-31": "18.52%", "2015-12-31": "17.89%", "2015-09-30": "13.04%", "2015-06-30": "11.80%", "2015-03-31": "29.35%", "2014-12-31": "30.89%", "2014-09-30": "33.70%", "2014-06-30": "32.61%", "2014-03-31": "31.36%", "2013-12-31": "26.71%", "2013-09-30": "22.40%", "2013-06-30": "17.14%", "2013-03-31": "10.47%", "2012-12-31": "17.86%", "2012-09-30": "13.33%", "2012-06-30": "27.38%", "2012-03-31": "21.54%", "2011-12-31": "4.84%", "2011-09-30": "-11.11%", "2011-06-30": "-51.28%", "2011-03-31": "-77.78%", "2010-12-31": "-63.33%", "2010-09-30": "-75.00%", "2010-06-30": "-72.73%", "2010-03-31": "-105.88%", "2009-12-31": "-131.25%", "2009-09-30": "-146.67%", "2009-06-30": "-169.23%", "2009-03-31": "-175.00%", "2008-12-31": "-158.33%", "2008-09-30": "-163.64%", "2008-06-30": "-145.45%", "2008-03-31": "-145.45%", "2007-12-31": "-154.55%", "2007-09-30": "-163.64%", "2007-06-30": "-163.64%", "2007-03-31": "-141.67%", "2006-12-31": "-133.33%", "2006-09-30": "-145.45%", "2006-06-30": "-145.45%", "2006-03-31": "-136.36%", "2005-12-31": "-177.78%"}, "net profit margin": {"2020-09-30": "26.99%", "2020-06-30": "27.57%", "2020-03-31": "33.49%", "2019-12-31": "33.74%", "2019-09-30": "34.76%", "2019-06-30": "32.77%", "2019-03-31": "28.77%", "2018-12-31": "23.79%", "2018-09-30": "24.49%", "2018-06-30": "22.30%", "2018-03-31": "29.85%", "2017-12-31": "29.97%", "2017-09-30": "31.76%", "2017-06-30": "29.92%", "2017-03-31": "24.44%", "2016-12-31": "23.62%", "2016-09-30": "21.51%", "2016-06-30": "25.13%", "2016-03-31": "7.94%", "2015-12-31": "7.37%", "2015-09-30": "4.89%", "2015-06-30": "3.37%", "2015-03-31": "20.65%", "2014-12-31": "21.47%", "2014-09-30": "46.74%", "2014-06-30": "47.83%", "2014-03-31": "49.11%", "2013-12-31": "50.68%", "2013-09-30": "16.80%", "2013-06-30": "9.52%", "2013-03-31": "6.98%", "2012-12-31": "11.90%", "2012-09-30": "14.67%", "2012-06-30": "26.19%", "2012-03-31": "21.54%", "2011-12-31": "4.84%", "2011-09-30": "-14.81%", "2011-06-30": "-53.85%", "2011-03-31": "-77.78%", "2010-12-31": "-63.33%", "2010-09-30": "-75.00%", "2010-06-30": "-72.73%", "2010-03-31": "-105.88%", "2009-12-31": "-131.25%", "2009-09-30": "-140.00%", "2009-06-30": "-161.54%", "2009-03-31": "-166.67%", "2008-12-31": "-150.00%", "2008-09-30": "-154.55%", "2008-06-30": "-136.36%", "2008-03-31": "-136.36%", "2007-12-31": "-145.45%", "2007-09-30": "-154.55%", "2007-06-30": "-154.55%", "2007-03-31": "-133.33%", "2006-12-31": "-125.00%", "2006-09-30": "-145.45%", "2006-06-30": "-145.45%", "2006-03-31": "-136.36%", "2005-12-31": "-177.78%"}, "pe ratio": {"current": "98.30", "2021-02-05": "103.59", "2020-09-30": "81.00", "2020-06-30": "69.16", "2020-03-31": "42.96", "2019-12-31": "70.31", "2019-09-30": "60.58", "2019-06-30": "76.08", "2019-03-31": "85.89", "2018-12-31": "75.01", "2018-09-30": "76.55", "2018-06-30": "64.20", "2018-03-31": "47.95", "2017-12-31": "78.55", "2017-09-30": "62.63", "2017-06-30": "62.61", "2017-03-31": "71.12", "2016-12-31": "54.69", "2016-09-30": "63.95", "2016-06-30": "64.59", "2016-03-31": "162.43", "2015-12-31": "168.56", "2015-09-30": "159.94", "2015-06-30": "341.69", "2015-03-31": "55.14", "2014-12-31": "30.55", "2014-09-30": "17.39", "2014-06-30": "16.83", "2014-03-31": "17.76", "2013-12-31": "21.41", "2013-09-30": "67.52", "2013-06-30": "121.09", "2013-03-31": "224.30", "2012-12-31": "126.92", "2012-09-30": "170.07", "2012-06-30": "79.13", "2012-03-31": "190.49", "2011-12-31": "0.00", "2011-09-30": "0.00", "2011-06-30": "0.00", "2011-03-31": "0.00", "2010-12-31": "0.00", "2010-09-30": "0.00", "2010-06-30": "0.00", "2010-03-31": "0.00", "2009-12-31": "0.00", "2009-09-30": "0.00", "2009-06-30": "0.00", "2009-03-31": "0.00", "2008-12-31": "0.00", "2008-09-30": "0.00", "2008-06-30": "0.00", "2008-03-31": "0.00", "2007-12-31": "0.00", "2007-09-30": "0.00", "2007-06-30": "0.00", "2007-03-31": "0.00", "2006-12-31": "0.00"}, "price sales": {"2021-02-05": "27.99", "2020-09-30": "21.89", "2020-06-30": "19.03", "2020-03-31": "14.39", "2019-12-31": "23.81", "2019-09-30": "21.02", "2019-06-30": "24.84", "2019-03-31": "24.46", "2018-12-31": "17.63", "2018-09-30": "18.72", "2018-06-30": "14.43", "2018-03-31": "14.50", "2017-12-31": "23.88", "2017-09-30": "20.29", "2017-06-30": "19.26", "2017-03-31": "17.77", "2016-12-31": "13.13", "2016-09-30": "13.90", "2016-06-30": "16.16", "2016-03-31": "13.26", "2015-12-31": "13.21", "2015-09-30": "8.45", "2015-06-30": "13.36", "2015-03-31": "11.70", "2014-12-31": "6.71", "2014-09-30": "8.18", "2014-06-30": "8.04", "2014-03-31": "8.69", "2013-12-31": "10.79", "2013-09-30": "11.78", "2013-06-30": "12.32", "2013-03-31": "15.86", "2012-12-31": "14.20", "2012-09-30": "21.25", "2012-06-30": "19.84", "2012-03-31": "25.79", "2011-12-31": "26.45", "2011-09-30": "38.05", "2011-06-30": "35.84", "2011-03-31": "57.57", "2010-12-31": "37.26", "2010-09-30": "35.24", "2010-06-30": "28.98", "2010-03-31": "24.81", "2009-12-31": "28.26", "2009-09-30": "29.56", "2009-06-30": "29.18", "2009-03-31": "29.25", "2008-12-31": "30.35", "2008-09-30": "36.87", "2008-06-30": "39.44", "2008-03-31": "44.39", "2007-12-31": "60.36", "2007-09-30": "52.27", "2007-06-30": "44.81", "2007-03-31": "39.91", "2006-12-31": "38.34"}, "price book": {"current": "12.37", "2021-02-05": "12.51", "2020-09-30": "9.78", "2020-06-30": "8.47", "2020-03-31": "7.38", "2019-12-31": "12.01", "2019-09-30": "10.09", "2019-06-30": "11.83", "2019-03-31": "10.06", "2018-12-31": "6.37", "2018-09-30": "8.20", "2018-06-30": "6.21", "2018-03-31": "7.36", "2017-12-31": "12.24", "2017-09-30": "9.66", "2017-06-30": "8.39", "2017-03-31": "7.10", "2016-12-31": "4.95", "2016-09-30": "5.36", "2016-06-30": "6.57", "2016-03-31": "5.48", "2015-12-31": "5.41", "2015-09-30": "3.53", "2015-06-30": "5.52", "2015-03-31": "4.74", "2014-12-31": "2.80", "2014-09-30": "3.37", "2014-06-30": "3.28", "2014-03-31": "3.42", "2013-12-31": "3.70", "2013-09-30": "4.02", "2013-06-30": "3.60", "2013-03-31": "3.96", "2012-12-31": "3.36", "2012-09-30": "4.54", "2012-06-30": "4.69", "2012-03-31": "4.93", "2011-12-31": "4.90", "2011-09-30": "6.51", "2011-06-30": "4.98", "2011-03-31": "8.06", "2010-12-31": "20.59", "2010-09-30": "17.52", "2010-06-30": "12.19", "2010-03-31": "7.45", "2009-12-31": "7.56", "2009-09-30": "7.01", "2009-06-30": "5.43", "2009-03-31": "4.71", "2008-12-31": "4.41", "2008-09-30": "4.90", "2008-06-30": "5.19", "2008-03-31": "5.75", "2007-12-31": "8.16", "2007-09-30": "6.88", "2007-06-30": "6.03", "2007-03-31": "8.91", "2006-12-31": "8.58", "2006-09-30": "6.02", "2006-06-30": "6.96", "2006-03-31": "7.40"}, "price fcf": {"2021-02-05": "", "2020-09-30": "$2.29", "2020-06-30": "$2.56", "2020-03-31": "$3.06", "2019-12-31": "$3.49", "2019-09-30": "$2.87", "2019-06-30": "$2.63", "2019-03-31": "$1.86", "2018-12-31": "$2.06", "2018-09-30": "$2.77", "2018-06-30": "$1.99", "2018-03-31": "$2.83", "2017-12-31": "$2.21", "2017-09-30": "$1.83", "2017-06-30": "$1.85", "2017-03-31": "$1.60", "2016-12-31": "$1.57", "2016-09-30": "$1.42", "2016-06-30": "$1.46", "2016-03-31": "$1.30", "2015-12-31": "$2.28", "2015-09-30": "$2.19", "2015-06-30": "$1.96", "2015-03-31": "$2.03", "2014-12-31": "$0.88", "2014-09-30": "$0.78", "2014-06-30": "$1.06", "2014-03-31": "$0.94", "2013-12-31": "$0.87", "2013-09-30": "$0.61", "2013-06-30": "$0.45", "2013-03-31": "$0.15", "2012-12-31": "$0.32", "2012-09-30": "$0.29", "2012-06-30": "$0.45", "2012-03-31": "$0.19", "2011-12-31": "$0.31", "2011-09-30": "$0.14", "2011-06-30": "$-0.04", "2011-03-31": "$-0.08", "2010-12-31": "$-0.12", "2010-09-30": "$-0.22", "2010-06-30": "$-0.24", "2010-03-31": "$-0.30", "2009-12-31": "$-0.41", "2009-09-30": "$-0.38", "2009-06-30": "$-0.33", "2009-03-31": "$-0.30", "2008-12-31": "$-0.25", "2008-09-30": "$-0.26", "2008-06-30": "$-0.30", "2008-03-31": "$-0.32", "2007-12-31": "$-0.35", "2007-09-30": "$-0.25", "2007-06-30": "$-0.19", "2007-03-31": "$-0.20", "2006-12-31": "$-0.21"}, "net worth": {"value": "$10.88B"}, "current ratio": {"current": "4.85", "2020-09-30": "4.85", "2020-06-30": "5.10", "2020-03-31": "5.95", "2019-12-31": "4.91", "2019-09-30": "4.93", "2019-06-30": "4.93", "2019-03-31": "4.96", "2018-12-31": "4.77", "2018-09-30": "5.41", "2018-06-30": "5.61", "2018-03-31": "5.52", "2017-12-31": "8.14", "2017-09-30": "9.74", "2017-06-30": "10.55", "2017-03-31": "11.55", "2016-12-31": "9.59", "2016-09-30": "11.17", "2016-06-30": "13.21", "2016-03-31": "17.19", "2015-12-31": "12.97", "2015-09-30": "9.58", "2015-06-30": "9.09", "2015-03-31": "10.34", "2014-12-31": "13.81", "2014-09-30": "17.65", "2014-06-30": "14.12", "2014-03-31": "17.11", "2013-12-31": "14.08", "2013-09-30": "13.10", "2013-06-30": "11.87", "2013-03-31": "16.33", "2012-12-31": "12.00", "2012-09-30": "12.95", "2012-06-30": "17.79", "2012-03-31": "20.56", "2011-12-31": "18.56", "2011-09-30": "19.39", "2011-06-30": "18.41", "2011-03-31": "13.08", "2010-12-31": "3.29", "2010-09-30": "3.40", "2010-06-30": "6.39", "2010-03-31": "5.34", "2009-12-31": "4.84", "2009-09-30": "5.26", "2009-06-30": "5.19", "2009-03-31": "5.60", "2008-12-31": "5.10", "2008-09-30": "5.68", "2008-06-30": "6.73", "2008-03-31": "7.44", "2007-12-31": "6.78", "2007-09-30": "6.86", "2007-06-30": "6.85", "2007-03-31": "3.94", "2006-12-31": "3.60", "2006-09-30": "4.00", "2006-06-30": "5.12", "2006-03-31": "5.00", "2005-12-31": "4.20", "2005-09-30": "4.69", "2005-06-30": "6.76", "2005-03-31": "5.88"}, "quick ratio": {"2020-09-30": "4.39", "2020-06-30": "4.58", "2020-03-31": "5.40", "2019-12-31": "4.51", "2019-09-30": "4.54", "2019-06-30": "4.50", "2019-03-31": "4.44", "2018-12-31": "4.24", "2018-09-30": "4.80", "2018-06-30": "5.06", "2018-03-31": "4.98", "2017-12-31": "7.57", "2017-09-30": "9.03", "2017-06-30": "9.96", "2017-03-31": "11.05", "2016-12-31": "9.15", "2016-09-30": "10.65", "2016-06-30": "12.62", "2016-03-31": "16.61", "2015-12-31": "12.60", "2015-09-30": "9.27", "2015-06-30": "8.71", "2015-03-31": "9.35", "2014-12-31": "12.43", "2014-09-30": "16.15", "2014-06-30": "13.32", "2014-03-31": "16.37", "2013-12-31": "13.62", "2013-09-30": "12.73", "2013-06-30": "11.49", "2013-03-31": "15.74", "2012-12-31": "11.50", "2012-09-30": "12.48", "2012-06-30": "17.38", "2012-03-31": "20.23", "2011-12-31": "18.37", "2011-09-30": "19.27", "2011-06-30": "0.00", "2011-03-31": "0.00", "2010-12-31": "3.29", "2010-09-30": "0.00", "2010-06-30": "0.00", "2010-03-31": "0.00", "2009-12-31": "0.00", "2009-09-30": "5.25", "2009-06-30": "5.19", "2009-03-31": "5.60", "2008-12-31": "5.10", "2008-09-30": "5.68", "2008-06-30": "6.72", "2008-03-31": "7.43", "2007-12-31": "6.78", "2007-09-30": "6.86", "2007-06-30": "6.85", "2007-03-31": "3.94", "2006-12-31": "3.60", "2006-09-30": "4.00", "2006-06-30": "5.11", "2006-03-31": "4.99", "2005-12-31": "4.20", "2005-09-30": "4.68", "2005-06-30": "6.76", "2005-03-31": "5.87"}, "debt equity ratio": {"current": "0.00", "2020-09-30": "0.39", "2020-06-30": "0.38", "2020-03-31": "0.34", "2019-12-31": "0.38", "2019-09-30": "0.35", "2019-06-30": "0.35", "2019-03-31": "0.35", "2018-12-31": "0.35", "2018-09-30": "0.31", "2018-06-30": "0.28", "2018-03-31": "0.24", "2017-12-31": "0.18", "2017-09-30": "0.17", "2017-06-30": "0.16", "2017-03-31": "0.16", "2016-12-31": "0.19", "2016-09-30": "0.18", "2016-06-30": "0.17", "2016-03-31": "0.18", "2015-12-31": "0.20", "2015-09-30": "0.18", "2015-06-30": "0.19", "2015-03-31": "0.17", "2014-12-31": "0.09", "2014-09-30": "0.07", "2014-06-30": "0.09", "2014-03-31": "0.08", "2013-12-31": "0.08", "2013-09-30": "0.10", "2013-06-30": "0.10", "2013-03-31": "0.08", "2012-12-31": "0.10", "2012-09-30": "0.09", "2012-06-30": "0.09", "2012-03-31": "0.09", "2011-12-31": "0.09", "2011-09-30": "0.09", "2011-06-30": "0.09", "2011-03-31": "0.12", "2010-12-31": "0.61", "2010-09-30": "0.58", "2010-06-30": "0.46", "2010-03-31": "0.32", "2009-12-31": "0.34", "2009-09-30": "0.32", "2009-06-30": "0.30", "2009-03-31": "0.28", "2008-12-31": "0.25", "2008-09-30": "0.23", "2008-06-30": "0.17", "2008-03-31": "0.16", "2007-12-31": "0.18", "2007-09-30": "0.18", "2007-06-30": "0.18", "2007-03-31": "0.30", "2006-12-31": "0.33", "2006-09-30": "0.29", "2006-06-30": "0.23", "2006-03-31": "0.24", "2005-12-31": "0.28", "2005-09-30": "0.34", "2005-06-30": "0.28", "2005-03-31": "0.26"}, "return on equity": {"2020-09-30": "12.43%", "2020-06-30": "12.42%", "2020-03-31": "18.02%", "2019-12-31": "17.88%", "2019-09-30": "17.66%", "2019-06-30": "16.37%", "2019-03-31": "12.29%", "2018-12-31": "8.87%", "2018-09-30": "10.95%", "2018-06-30": "9.63%", "2018-03-31": "15.32%", "2017-12-31": "16.46%", "2017-09-30": "16.18%", "2017-06-30": "14.38%", "2017-03-31": "10.56%", "2016-12-31": "9.45%", "2016-09-30": "8.30%", "2016-06-30": "10.41%", "2016-03-31": "3.28%", "2015-12-31": "3.10%", "2015-09-30": "2.01%", "2015-06-30": "1.35%", "2015-03-31": "8.51%", "2014-12-31": "9.27%", "2014-09-30": "19.67%", "2014-06-30": "21.03%", "2014-03-31": "20.97%", "2013-12-31": "19.87%", "2013-09-30": "5.95%", "2013-06-30": "2.87%", "2013-03-31": "1.72%", "2012-12-31": "2.87%", "2012-09-30": "3.18%", "2012-06-30": "6.42%", "2012-03-31": "4.19%", "2011-12-31": "0.92%", "2011-09-30": "-3.14%", "2011-06-30": "-11.46%", "2011-03-31": "-23.78%", "2010-12-31": "-34.08%", "2010-09-30": "-31.86%", "2010-06-30": "-27.00%", "2010-03-31": "-29.27%", "2009-12-31": "-32.68%", "2009-09-30": "-30.66%", "2009-06-30": "-28.77%", "2009-03-31": "-25.64%", "2008-12-31": "-21.82%", "2008-09-30": "-19.88%", "2008-06-30": "-17.05%", "2008-03-31": "-16.81%", "2007-12-31": "-19.88%", "2007-09-30": "-23.69%", "2007-06-30": "-26.77%", "2007-03-31": "-28.70%", "2006-12-31": "-26.20%", "2006-09-30": "-27.47%", "2006-06-30": "-27.83%", "2006-03-31": "-26.43%", "2005-12-31": "-28.57%"}, "return on assets": {"2020-09-30": "9.05%", "2020-06-30": "9.11%", "2020-03-31": "13.30%", "2019-12-31": "13.17%", "2019-09-30": "13.08%", "2019-06-30": "12.22%", "2019-03-31": "9.29%", "2018-12-31": "6.85%", "2018-09-30": "8.75%", "2018-06-30": "7.91%", "2018-03-31": "12.89%", "2017-12-31": "14.08%", "2017-09-30": "13.83%", "2017-06-30": "12.27%", "2017-03-31": "8.99%", "2016-12-31": "8.00%", "2016-09-30": "7.02%", "2016-06-30": "8.79%", "2016-03-31": "2.76%", "2015-12-31": "2.61%", "2015-09-30": "1.74%", "2015-06-30": "1.19%", "2015-03-31": "7.70%", "2014-12-31": "8.56%", "2014-09-30": "18.22%", "2014-06-30": "19.38%", "2014-03-31": "19.27%", "2013-12-31": "18.22%", "2013-09-30": "5.43%", "2013-06-30": "2.62%", "2013-03-31": "1.58%", "2012-12-31": "2.63%", "2012-09-30": "2.91%", "2012-06-30": "5.89%", "2012-03-31": "3.85%", "2011-12-31": "0.84%", "2011-09-30": "-2.79%", "2011-06-30": "-9.73%", "2011-03-31": "-18.76%", "2010-12-31": "-22.96%", "2010-09-30": "-22.57%", "2010-06-30": "-20.00%", "2010-03-31": "-22.22%", "2009-12-31": "-24.93%", "2009-09-30": "-23.80%", "2009-06-30": "-22.76%", "2009-03-31": "-20.89%", "2008-12-31": "-18.18%", "2008-09-30": "-16.79%", "2008-06-30": "-14.56%", "2008-03-31": "-14.32%", "2007-12-31": "-16.62%", "2007-09-30": "-19.32%", "2007-06-30": "-21.25%", "2007-03-31": "-22.30%", "2006-12-31": "-20.62%", "2006-09-30": "-21.84%", "2006-06-30": "-21.84%", "2006-03-31": "-20.62%", "2005-12-31": "-22.15%"}, "return on investments": {"2020-09-30": "inf%", "2020-06-30": "inf%", "2020-03-31": "inf%", "2019-12-31": "inf%", "2019-09-30": "inf%", "2019-06-30": "inf%", "2019-03-31": "inf%", "2018-12-31": "inf%", "2018-09-30": "inf%", "2018-06-30": "inf%", "2018-03-31": "inf%", "2017-12-31": "inf%", "2017-09-30": "inf%", "2017-06-30": "inf%", "2017-03-31": "inf%", "2016-12-31": "inf%", "2016-09-30": "inf%", "2016-06-30": "inf%", "2016-03-31": "inf%", "2015-12-31": "inf%", "2015-09-30": "inf%", "2015-06-30": "inf%", "2015-03-31": "inf%", "2014-12-31": "inf%", "2014-09-30": "inf%", "2014-06-30": "inf%", "2014-03-31": "inf%", "2013-12-31": "inf%", "2013-09-30": "inf%", "2013-06-30": "inf%", "2013-03-31": "inf%", "2012-12-31": "inf%", "2012-09-30": "inf%", "2012-06-30": "inf%", "2012-03-31": "inf%", "2011-12-31": "inf%", "2011-09-30": "inf%", "2011-06-30": "inf%", "2011-03-31": "inf%", "2010-12-31": "inf%", "2010-09-30": "inf%", "2010-06-30": "inf%", "2010-03-31": "inf%", "2009-12-31": "inf%", "2009-09-30": "inf%", "2009-06-30": "inf%", "2009-03-31": "inf%", "2008-12-31": "inf%", "2008-09-30": "inf%", "2008-06-30": "inf%", "2008-03-31": "inf%", "2007-12-31": "inf%", "2007-09-30": "inf%", "2007-06-30": "inf%", "2007-03-31": "inf%", "2006-12-31": "inf%", "2006-09-30": "inf%", "2006-06-30": "-117.24%", "2006-03-31": "-50.85%", "2005-12-31": "-35.96%"}, "return on tangible equity": {"2020-09-30": "14.30%", "2020-06-30": "14.46%", "2020-03-31": "21.24%", "2019-12-31": "21.41%", "2019-09-30": "21.51%", "2019-06-30": "20.32%", "2019-03-31": "15.54%", "2018-12-31": "11.42%", "2018-09-30": "14.31%", "2018-06-30": "12.79%", "2018-03-31": "20.70%", "2017-12-31": "22.76%", "2017-09-30": "23.17%", "2017-06-30": "21.44%", "2017-03-31": "16.06%", "2016-12-31": "13.57%", "2016-09-30": "11.15%", "2016-06-30": "13.02%", "2016-03-31": "3.90%", "2015-12-31": "3.72%", "2015-09-30": "2.44%", "2015-06-30": "1.65%", "2015-03-31": "10.49%", "2014-12-31": "11.53%", "2014-09-30": "24.75%", "2014-06-30": "26.97%", "2014-03-31": "27.60%", "2013-12-31": "26.96%", "2013-09-30": "8.32%", "2013-06-30": "4.07%", "2013-03-31": "2.23%", "2012-12-31": "3.39%", "2012-09-30": "3.45%", "2012-06-30": "6.42%", "2012-03-31": "4.19%", "2011-12-31": "0.92%", "2011-09-30": "-3.15%", "2011-06-30": "-11.49%", "2011-03-31": "-23.88%", "2010-12-31": "-34.39%", "2010-09-30": "-32.43%", "2010-06-30": "-27.71%", "2010-03-31": "-30.13%", "2009-12-31": "-33.73%", "2009-09-30": "-31.70%", "2009-06-30": "-29.79%", "2009-03-31": "-26.67%", "2008-12-31": "-22.78%", "2008-09-30": "-20.80%", "2008-06-30": "-17.91%", "2008-03-31": "-17.70%", "2007-12-31": "-21.19%", "2007-09-30": "-25.66%", "2007-06-30": "-29.57%", "2007-03-31": "-32.49%", "2006-12-31": "-29.70%", "2006-09-30": "-31.37%", "2006-06-30": "-32.00%", "2006-03-31": "-30.77%", "2005-12-31": "-33.68%"}, "dividend yield history": {"last payout": "$0.60", "last yield": "0.26%"}}