{"ticker": "UNP", "price": {"title": "Union Pacific Historical Annual Stock Price Data", "value": 207.23, "historical": {"2021": {"Average Stock Price": "207.8693", "Year Open": "203.0100", "Year High": "218.8200", "Year Low": "194.3300", "Year Close": "207.2300", "Annual % Change": "-0.48%"}, "2020": {"Average Stock Price": "177.9492", "Year Open": "182.2700", "Year High": "209.8500", "Year Low": "114.0400", "Year Close": "208.2200", "Annual % Change": "15.17%"}, "2019": {"Average Stock Price": "167.9822", "Year Open": "137.7800", "Year High": "181.4100", "Year Low": "132.6800", "Year Close": "180.7900", "Annual % Change": "30.79%"}, "2018": {"Average Stock Price": "143.2164", "Year Open": "135.7800", "Year High": "164.9900", "Year Low": "124.1400", "Year Close": "138.2300", "Annual % Change": "3.08%"}, "2017": {"Average Stock Price": "110.9051", "Year Open": "102.5200", "Year High": "136.3200", "Year Low": "101.4000", "Year Close": "134.1000", "Annual % Change": "29.34%"}, "2016": {"Average Stock Price": "88.5202", "Year Open": "78.9700", "Year High": "106.3300", "Year Low": "68.7900", "Year Close": "103.6800", "Annual % Change": "32.58%"}, "2015": {"Average Stock Price": "99.4369", "Year Open": "118.6100", "Year High": "123.8300", "Year Low": "75.4300", "Year Close": "78.2000", "Annual % Change": "-34.36%"}, "2014": {"Average Stock Price": "101.1767", "Year Open": "83.5550", "Year High": "123.3100", "Year Low": "82.5800", "Year Close": "119.1300", "Annual % Change": "41.82%"}, "2013": {"Average Stock Price": "75.4121", "Year Open": "64.2300", "Year High": "84.0000", "Year Low": "64.2300", "Year Close": "84.0000", "Annual % Change": "33.63%"}, "2012": {"Average Stock Price": "58.3589", "Year Open": "54.0000", "Year High": "64.2150", "Year Low": "52.4900", "Year Close": "62.8600", "Annual % Change": "18.67%"}, "2011": {"Average Stock Price": "48.4817", "Year Open": "46.8450", "Year High": "53.3800", "Year Low": "39.9150", "Year Close": "52.9700", "Annual % Change": "14.33%"}, "2010": {"Average Stock Price": "38.2789", "Year Open": "32.6950", "Year High": "47.2750", "Year Low": "30.2500", "Year Close": "46.3300", "Annual % Change": "45.01%"}, "2009": {"Average Stock Price": "26.6216", "Year Open": "25.0650", "Year High": "33.1150", "Year Low": "16.8100", "Year Close": "31.9500", "Annual % Change": "33.68%"}, "2008": {"Average Stock Price": "33.1717", "Year Open": "31.0600", "Year High": "41.9500", "Year Low": "21.4050", "Year Close": "23.9000", "Annual % Change": "-23.90%"}, "2007": {"Average Stock Price": "28.3941", "Year Open": "23.1200", "Year High": "33.8150", "Year Low": "22.5325", "Year Close": "31.4050", "Annual % Change": "36.51%"}, "2006": {"Average Stock Price": "22.1449", "Year Open": "20.0375", "Year High": "24.3025", "Year Low": "19.6450", "Year Close": "23.0050", "Annual % Change": "14.30%"}, "2005": {"Average Stock Price": "16.9113", "Year Open": "16.8600", "Year High": "20.2500", "Year Low": "14.6525", "Year Close": "20.1275", "Annual % Change": "19.72%"}, "2004": {"Average Stock Price": "15.1555", "Year Open": "17.2725", "Year High": "17.3225", "Year Low": "13.7725", "Year Close": "16.8125", "Annual % Change": "-3.21%"}, "2003": {"Average Stock Price": "14.9564", "Year Open": "15.2975", "Year High": "17.3725", "Year Low": "12.8350", "Year Close": "17.3700", "Annual % Change": "16.05%"}, "2002": {"Average Stock Price": "14.9604", "Year Open": "14.1500", "Year High": "16.2625", "Year Low": "13.6875", "Year Close": "14.9675", "Annual % Change": "5.04%"}, "2001": {"Average Stock Price": "13.4459", "Year Open": "12.6575", "Year High": "15.1500", "Year Low": "11.1925", "Year Close": "14.2500", "Annual % Change": "12.32%"}, "2000": {"Average Stock Price": "10.5485", "Year Open": "10.7650", "Year High": "13.1575", "Year Low": "8.7650", "Year Close": "12.6875", "Annual % Change": "16.16%"}, "1999": {"Average Stock Price": "13.1237", "Year Open": "11.2350", "Year High": "16.7500", "Year Low": "10.1575", "Year Close": "10.9225", "Annual % Change": "-3.04%"}, "1998": {"Average Stock Price": "12.2739", "Year Open": "15.5625", "Year High": "15.8450", "Year Low": "9.4075", "Year Close": "11.2650", "Annual % Change": "-28.05%"}, "1997": {"Average Stock Price": "15.9699", "Year Open": "14.8450", "Year High": "18.1575", "Year Low": "14.1875", "Year Close": "15.6575", "Annual % Change": "4.17%"}, "1996": {"Average Stock Price": "16.8204", "Year Open": "16.8125", "Year High": "18.5938", "Year Low": "12.8438", "Year Close": "15.0300", "Annual % Change": "-8.91%"}, "1995": {"Average Stock Price": "14.6891", "Year Open": "11.7200", "Year High": "17.4700", "Year Low": "11.6875", "Year Close": "16.5000", "Annual % Change": "45.44%"}, "1994": {"Average Stock Price": "14.0180", "Year Open": "15.6250", "Year High": "16.7500", "Year Low": "11.1575", "Year Close": "11.3450", "Annual % Change": "-27.54%"}, "1993": {"Average Stock Price": "15.4108", "Year Open": "14.8450", "Year High": "16.6250", "Year Low": "14.3125", "Year Close": "15.6575", "Annual % Change": "7.06%"}, "1992": {"Average Stock Price": "13.0045", "Year Open": "12.5625", "Year High": "15.0625", "Year Low": "11.2500", "Year Close": "14.6250", "Annual % Change": "13.04%"}, "1991": {"Average Stock Price": "10.6595", "Year Open": "8.7500", "Year High": "12.9375", "Year Low": "8.1875", "Year Close": "12.9375", "Annual % Change": "46.56%"}, "1990": {"Average Stock Price": "8.8733", "Year Open": "9.9688", "Year High": "9.9688", "Year Low": "7.8275", "Year Close": "8.8275", "Annual % Change": "-7.83%"}, "1989": {"Average Stock Price": "9.0314", "Year Open": "7.9688", "Year High": "10.0163", "Year Low": "7.9688", "Year Close": "9.5775", "Annual % Change": "19.25%"}, "1988": {"Average Stock Price": "7.6354", "Year Open": "7.1725", "Year High": "8.7025", "Year Low": "6.5150", "Year Close": "8.0313", "Annual % Change": "18.98%"}, "1987": {"Average Stock Price": "8.8690", "Year Open": "7.9063", "Year High": "10.7188", "Year Low": "5.8438", "Year Close": "6.7500", "Annual % Change": "-13.25%"}, "1986": {"Average Stock Price": "6.9462", "Year Open": "6.7813", "Year High": "8.3438", "Year Low": "5.8750", "Year Close": "7.7813", "Annual % Change": "15.56%"}, "1985": {"Average Stock Price": "6.0688", "Year Open": "5.0150", "Year High": "6.7500", "Year Low": "5.0150", "Year Close": "6.7338", "Annual % Change": "31.81%"}, "1984": {"Average Stock Price": "5.3131", "Year Open": "6.2350", "Year High": "6.5625", "Year Low": "4.3438", "Year Close": "5.1088", "Annual % Change": "-19.47%"}, "1983": {"Average Stock Price": "6.6745", "Year Open": "5.7663", "Year High": "7.6563", "Year Low": "5.6250", "Year Close": "6.3438", "Annual % Change": "7.98%"}, "1982": {"Average Stock Price": "4.9398", "Year Open": "6.4063", "Year High": "6.4063", "Year Low": "3.7188", "Year Close": "5.8750", "Annual % Change": "-9.62%"}, "1981": {"Average Stock Price": "7.4267", "Year Open": "9.7500", "Year High": "9.7813", "Year Low": "5.6563", "Year Close": "6.5000", "Annual % Change": "-33.97%"}}}, "market cap": {"value": "$137.08B"}, "income statement": {"Revenue": {"2020-12-31": "19533.00000", "2019-12-31": "21708.00000", "2018-12-31": "22832.00000", "2017-12-31": "21240.00000", "2016-12-31": "19941.00000", "2015-12-31": "21813.00000", "2014-12-31": "23988.00000", "2013-12-31": "21963.00000", "2012-12-31": "20926.00000", "2011-12-31": "19557.00000", "2010-12-31": "16965.00000", "2009-12-31": "14143.00000", "2008-12-31": "17970.00000", "2007-12-31": "16283.00000", "2006-12-31": "15578.00000", "2005-12-31": "13578.00000"}, "Cost Of Goods Sold": {"2020-12-31": "7269.00000", "2019-12-31": "8894.00000", "2018-12-31": "10030.00000", "2017-12-31": "9193.00000", "2016-12-31": "8526.00000", "2015-12-31": "9595.00000", "2014-12-31": "11173.00000", "2013-12-31": "10656.00000", "2012-12-31": "10436.00000", "2011-12-31": "10267.00000", "2010-12-31": "8636.00000", "2009-12-31": "7470.00000", "2008-12-31": "10368.00000", "2007-12-31": "9486.00000", "2006-12-31": "9259.00000", "2005-12-31": "8795.00000"}, "Gross Profit": {"2020-12-31": "12264.00000", "2019-12-31": "12814.00000", "2018-12-31": "12802.00000", "2017-12-31": "12047.00000", "2016-12-31": "11415.00000", "2015-12-31": "12218.00000", "2014-12-31": "12815.00000", "2013-12-31": "11307.00000", "2012-12-31": "10490.00000", "2011-12-31": "9290.00000", "2010-12-31": "8329.00000", "2009-12-31": "6673.00000", "2008-12-31": "7602.00000", "2007-12-31": "6797.00000", "2006-12-31": "6319.00000", "2005-12-31": "4783.00000"}, "Research And Development Expenses": {"2020-12-31": "", "2019-12-31": "", "2018-12-31": "", "2017-12-31": "", "2016-12-31": "", "2015-12-31": "", "2014-12-31": "", "2013-12-31": "", "2012-12-31": "", "2011-12-31": "", "2010-12-31": "", "2009-12-31": "", "2008-12-31": "", "2007-12-31": "", "2006-12-31": "", "2005-12-31": ""}, "SG&A Expenses": {"2020-12-31": "", "2019-12-31": "", "2018-12-31": "", "2017-12-31": "", "2016-12-31": "", "2015-12-31": "", "2014-12-31": "", "2013-12-31": "", "2012-12-31": "", "2011-12-31": "", "2010-12-31": "", "2009-12-31": "", "2008-12-31": "", "2007-12-31": "", "2006-12-31": "", "2005-12-31": ""}, "Other Operating Income Or Expenses": {"2020-12-31": "-1345.00000", "2019-12-31": "-1060.00000", "2018-12-31": "-1022.00000", "2017-12-31": "-948.00000", "2016-12-31": "-997.00000", "2015-12-31": "-924.00000", "2014-12-31": "-924.00000", "2013-12-31": "-849.00000", "2012-12-31": "-788.00000", "2011-12-31": "-782.00000", "2010-12-31": "-719.00000", "2009-12-31": "-687.00000", "2008-12-31": "-840.00000", "2007-12-31": "-733.00000", "2006-12-31": "-802.00000", "2005-12-31": "-411.00000"}, "Operating Expenses": {"2020-12-31": "11699.00000", "2019-12-31": "13154.00000", "2018-12-31": "14315.00000", "2017-12-31": "13134.00000", "2016-12-31": "12698.00000", "2015-12-31": "13761.00000", "2014-12-31": "15235.00000", "2013-12-31": "14517.00000", "2012-12-31": "14181.00000", "2011-12-31": "13833.00000", "2010-12-31": "11984.00000", "2009-12-31": "10764.00000", "2008-12-31": "13900.00000", "2007-12-31": "12908.00000", "2006-12-31": "12694.00000", "2005-12-31": "11783.00000"}, "Operating Income": {"2020-12-31": "7834.00000", "2019-12-31": "8554.00000", "2018-12-31": "8517.00000", "2017-12-31": "8106.00000", "2016-12-31": "7243.00000", "2015-12-31": "8052.00000", "2014-12-31": "8753.00000", "2013-12-31": "7446.00000", "2012-12-31": "6745.00000", "2011-12-31": "5724.00000", "2010-12-31": "4981.00000", "2009-12-31": "3379.00000", "2008-12-31": "4070.00000", "2007-12-31": "3375.00000", "2006-12-31": "2884.00000", "2005-12-31": "1795.00000"}, "Total Non-Operating Income/Expense": {"2020-12-31": "-854.00000", "2019-12-31": "-807.00000", "2018-12-31": "-776.00000", "2017-12-31": "-474.00000", "2016-12-31": "-477.00000", "2015-12-31": "-396.00000", "2014-12-31": "-410.00000", "2013-12-31": "-398.00000", "2012-12-31": "-427.00000", "2011-12-31": "-460.00000", "2010-12-31": "-548.00000", "2009-12-31": "-405.00000", "2008-12-31": "-419.00000", "2007-12-31": "-366.00000", "2006-12-31": "-359.00000", "2005-12-31": "-359.00000"}, "Pre-Tax Income": {"2020-12-31": "6980.00000", "2019-12-31": "7747.00000", "2018-12-31": "7741.00000", "2017-12-31": "7632.00000", "2016-12-31": "6766.00000", "2015-12-31": "7656.00000", "2014-12-31": "8343.00000", "2013-12-31": "7048.00000", "2012-12-31": "6318.00000", "2011-12-31": "5264.00000", "2010-12-31": "4433.00000", "2009-12-31": "2974.00000", "2008-12-31": "3651.00000", "2007-12-31": "3009.00000", "2006-12-31": "2525.00000", "2005-12-31": "1436.00000"}, "Income Taxes": {"2020-12-31": "1631.00000", "2019-12-31": "1828.00000", "2018-12-31": "1775.00000", "2017-12-31": "-3080.00000", "2016-12-31": "2533.00000", "2015-12-31": "2884.00000", "2014-12-31": "3163.00000", "2013-12-31": "2660.00000", "2012-12-31": "2375.00000", "2011-12-31": "1972.00000", "2010-12-31": "1653.00000", "2009-12-31": "1084.00000", "2008-12-31": "1316.00000", "2007-12-31": "1154.00000", "2006-12-31": "919.00000", "2005-12-31": "410.00000"}, "Income After Taxes": {"2020-12-31": "5349.00000", "2019-12-31": "5919.00000", "2018-12-31": "5966.00000", "2017-12-31": "10712.00000", "2016-12-31": "4233.00000", "2015-12-31": "4772.00000", "2014-12-31": "5180.00000", "2013-12-31": "4388.00000", "2012-12-31": "3943.00000", "2011-12-31": "3292.00000", "2010-12-31": "2780.00000", "2009-12-31": "1890.00000", "2008-12-31": "2335.00000", "2007-12-31": "1855.00000", "2006-12-31": "1606.00000", "2005-12-31": "1026.00000"}, "Other Income": {"2020-12-31": "", "2019-12-31": "", "2018-12-31": "", "2017-12-31": "", "2016-12-31": "", "2015-12-31": "", "2014-12-31": "", "2013-12-31": "", "2012-12-31": "", "2011-12-31": "", "2010-12-31": "", "2009-12-31": "", "2008-12-31": "", "2007-12-31": "", "2006-12-31": "", "2005-12-31": ""}, "Income From Continuous Operations": {"2020-12-31": "5349.00000", "2019-12-31": "5919.00000", "2018-12-31": "5966.00000", "2017-12-31": "10712.00000", "2016-12-31": "4233.00000", "2015-12-31": "4772.00000", "2014-12-31": "5180.00000", "2013-12-31": "4388.00000", "2012-12-31": "3943.00000", "2011-12-31": "3292.00000", "2010-12-31": "2780.00000", "2009-12-31": "1890.00000", "2008-12-31": "2335.00000", "2007-12-31": "1855.00000", "2006-12-31": "1606.00000", "2005-12-31": "1026.00000"}, "Income From Discontinued Operations": {"2020-12-31": "", "2019-12-31": "", "2018-12-31": "", "2017-12-31": "", "2016-12-31": "", "2015-12-31": "", "2014-12-31": "", "2013-12-31": "", "2012-12-31": "", "2011-12-31": "", "2010-12-31": "", "2009-12-31": "", "2008-12-31": "", "2007-12-31": "", "2006-12-31": "", "2005-12-31": ""}, "Net Income": {"2020-12-31": "5349.00000", "2019-12-31": "5919.00000", "2018-12-31": "5966.00000", "2017-12-31": "10712.00000", "2016-12-31": "4233.00000", "2015-12-31": "4772.00000", "2014-12-31": "5180.00000", "2013-12-31": "4388.00000", "2012-12-31": "3943.00000", "2011-12-31": "3292.00000", "2010-12-31": "2780.00000", "2009-12-31": "1890.00000", "2008-12-31": "2335.00000", "2007-12-31": "1855.00000", "2006-12-31": "1606.00000", "2005-12-31": "1026.00000"}, "EBITDA": {"2020-12-31": "10044.00000", "2019-12-31": "10770.00000", "2018-12-31": "10708.00000", "2017-12-31": "10211.00000", "2016-12-31": "9281.00000", "2015-12-31": "10064.00000", "2014-12-31": "10657.00000", "2013-12-31": "9223.00000", "2012-12-31": "8505.00000", "2011-12-31": "7341.00000", "2010-12-31": "6468.00000", "2009-12-31": "4806.00000", "2008-12-31": "5436.00000", "2007-12-31": "4696.00000", "2006-12-31": "4121.00000", "2005-12-31": "2970.00000"}, "EBIT": {"2020-12-31": "7834.00000", "2019-12-31": "8554.00000", "2018-12-31": "8517.00000", "2017-12-31": "8106.00000", "2016-12-31": "7243.00000", "2015-12-31": "8052.00000", "2014-12-31": "8753.00000", "2013-12-31": "7446.00000", "2012-12-31": "6745.00000", "2011-12-31": "5724.00000", "2010-12-31": "4981.00000", "2009-12-31": "3379.00000", "2008-12-31": "4070.00000", "2007-12-31": "3375.00000", "2006-12-31": "2884.00000", "2005-12-31": "1795.00000"}, "Basic Shares Outstanding": {"2020-12-31": "677.30000", "2019-12-31": "703.50000", "2018-12-31": "750.90000", "2017-12-31": "798.40000", "2016-12-31": "832.40000", "2015-12-31": "866.20000", "2014-12-31": "897.10000", "2013-12-31": "926.50000", "2012-12-31": "946.20000", "2011-12-31": "971.40000", "2010-12-31": "996.40000", "2009-12-31": "1006.00000", "2008-12-31": "1021.20000", "2007-12-31": "1063.80000", "2006-12-31": "1077.80000", "2005-12-31": "1053.60000"}, "Shares Outstanding": {"2020-12-31": "679.10000", "2019-12-31": "706.10000", "2018-12-31": "754.30000", "2017-12-31": "801.70000", "2016-12-31": "835.40000", "2015-12-31": "869.40000", "2014-12-31": "901.10000", "2013-12-31": "931.50000", "2012-12-31": "952.90000", "2011-12-31": "979.60000", "2010-12-31": "1005.80000", "2009-12-31": "1011.60000", "2008-12-31": "1030.00000", "2007-12-31": "1073.60000", "2006-12-31": "1087.80000", "2005-12-31": "1066.00000"}, "Basic EPS": {"2020-12-31": "7.90000", "2019-12-31": "8.41000", "2018-12-31": "7.95000", "2017-12-31": "13.42000", "2016-12-31": "5.09000", "2015-12-31": "5.51000", "2014-12-31": "5.77000", "2013-12-31": "4.74000", "2012-12-31": "4.17000", "2011-12-31": "3.39000", "2010-12-31": "2.79000", "2009-12-31": "1.88000", "2008-12-31": "2.28500", "2007-12-31": "1.74500", "2006-12-31": "1.49000", "2005-12-31": "0.97250"}, "EPS - Earnings Per Share": {"2020-12-31": "7.88000", "2019-12-31": "8.38000", "2018-12-31": "7.91000", "2017-12-31": "13.36000", "2016-12-31": "5.07000", "2015-12-31": "5.49000", "2014-12-31": "5.75000", "2013-12-31": "4.71000", "2012-12-31": "4.14000", "2011-12-31": "3.36000", "2010-12-31": "2.76500", "2009-12-31": "1.87000", "2008-12-31": "2.26500", "2007-12-31": "1.73000", "2006-12-31": "1.47500", "2005-12-31": "0.96250"}}, "income statement, quarterly": {"Revenue": {"2020-12-31": "5141.00000", "2020-09-30": "4919.00000", "2020-06-30": "4244.00000", "2020-03-31": "5229.00000", "2019-12-31": "5212.00000", "2019-09-30": "5516.00000", "2019-06-30": "5596.00000", "2019-03-31": "5384.00000", "2018-12-31": "5757.00000", "2018-09-30": "5928.00000", "2018-06-30": "5672.00000", "2018-03-31": "5475.00000", "2017-12-31": "5450.00000", "2017-09-30": "5408.00000", "2017-06-30": "5250.00000", "2017-03-31": "5132.00000", "2016-12-31": "5168.00000", "2016-09-30": "5174.00000", "2016-06-30": "4770.00000", "2016-03-31": "4829.00000", "2015-12-31": "5208.00000", "2015-09-30": "5562.00000", "2015-06-30": "5429.00000", "2015-03-31": "5614.00000", "2014-12-31": "6153.00000", "2014-09-30": "6182.00000", "2014-06-30": "6015.00000", "2014-03-31": "5638.00000", "2013-12-31": "5630.00000", "2013-09-30": "5573.00000", "2013-06-30": "5470.00000", "2013-03-31": "5290.00000", "2012-12-31": "5250.00000", "2012-09-30": "5343.00000", "2012-06-30": "5221.00000", "2012-03-31": "5112.00000", "2011-12-31": "5108.00000", "2011-09-30": "5101.00000", "2011-06-30": "4858.00000", "2011-03-31": "4490.00000", "2010-12-31": "4410.00000", "2010-09-30": "4408.00000", "2010-06-30": "4182.00000", "2010-03-31": "3965.00000", "2009-12-31": "3754.00000", "2009-09-30": "3671.00000", "2009-06-30": "3303.00000", "2009-03-31": "3415.00000", "2008-12-31": "4286.00000", "2008-09-30": "4846.00000", "2008-06-30": "4568.00000", "2008-03-31": "4270.00000", "2007-12-31": "4197.00000", "2007-09-30": "4191.00000", "2007-06-30": "4046.00000", "2007-03-31": "3849.00000", "2006-12-31": "3962.00000", "2006-09-30": "3983.00000", "2006-06-30": "3923.00000", "2006-03-31": "3710.00000", "2005-12-31": "3621.00000", "2005-09-30": "3461.00000", "2005-06-30": "3344.00000", "2005-03-31": "3152.00000"}, "Cost Of Goods Sold": {"2020-12-31": "1845.00000", "2020-09-30": "1817.00000", "2020-06-30": "1593.00000", "2020-03-31": "2014.00000", "2019-12-31": "2092.00000", "2019-09-30": "2212.00000", "2019-06-30": "2278.00000", "2019-03-31": "2312.00000", "2018-12-31": "2502.00000", "2018-09-30": "2553.00000", "2018-06-30": "2514.00000", "2018-03-31": "2461.00000", "2017-12-31": "2368.00000", "2017-09-30": "2302.00000", "2017-06-30": "2235.00000", "2017-03-31": "2288.00000", "2016-12-31": "2199.00000", "2016-09-30": "2149.00000", "2016-06-30": "2076.00000", "2016-03-31": "2102.00000", "2015-12-31": "2233.00000", "2015-09-30": "2340.00000", "2015-06-30": "2446.00000", "2015-03-31": "2576.00000", "2014-12-31": "2767.00000", "2014-09-30": "2819.00000", "2014-06-30": "2805.00000", "2014-03-31": "2782.00000", "2013-12-31": "2700.00000", "2013-09-30": "2650.00000", "2013-06-30": "2633.00000", "2013-03-31": "2673.00000", "2012-12-31": "2588.00000", "2012-09-30": "2610.00000", "2012-06-30": "2575.00000", "2012-03-31": "2663.00000", "2011-12-31": "2598.00000", "2011-09-30": "2615.00000", "2011-06-30": "2586.00000", "2011-03-31": "2468.00000", "2010-12-31": "2266.00000", "2010-09-30": "2165.00000", "2010-06-30": "2131.00000", "2010-03-31": "2074.00000", "2009-12-31": "1987.00000", "2009-09-30": "1878.00000", "2009-06-30": "1745.00000", "2009-03-31": "1860.00000", "2008-12-31": "2317.00000", "2008-09-30": "2739.00000", "2008-06-30": "2754.00000", "2008-03-31": "2558.00000", "2007-12-31": "2480.00000", "2007-09-30": "2360.00000", "2007-06-30": "2376.00000", "2007-03-31": "2270.00000", "2006-12-31": "2051.00000", "2006-09-30": "2466.00000", "2006-06-30": "2417.00000", "2006-03-31": "2325.00000", "2005-12-31": "2332.00000", "2005-09-30": "2221.00000", "2005-06-30": "2140.00000", "2005-03-31": "2102.00000"}, "Gross Profit": {"2020-12-31": "3296.00000", "2020-09-30": "3102.00000", "2020-06-30": "2651.00000", "2020-03-31": "3215.00000", "2019-12-31": "3120.00000", "2019-09-30": "3304.00000", "2019-06-30": "3318.00000", "2019-03-31": "3072.00000", "2018-12-31": "3255.00000", "2018-09-30": "3375.00000", "2018-06-30": "3158.00000", "2018-03-31": "3014.00000", "2017-12-31": "3082.00000", "2017-09-30": "3106.00000", "2017-06-30": "3015.00000", "2017-03-31": "2844.00000", "2016-12-31": "2969.00000", "2016-09-30": "3025.00000", "2016-06-30": "2694.00000", "2016-03-31": "2727.00000", "2015-12-31": "2975.00000", "2015-09-30": "3222.00000", "2015-06-30": "2983.00000", "2015-03-31": "3038.00000", "2014-12-31": "3386.00000", "2014-09-30": "3363.00000", "2014-06-30": "3210.00000", "2014-03-31": "2856.00000", "2013-12-31": "2930.00000", "2013-09-30": "2923.00000", "2013-06-30": "2837.00000", "2013-03-31": "2617.00000", "2012-12-31": "2662.00000", "2012-09-30": "2733.00000", "2012-06-30": "2646.00000", "2012-03-31": "2449.00000", "2011-12-31": "2510.00000", "2011-09-30": "2486.00000", "2011-06-30": "2272.00000", "2011-03-31": "2022.00000", "2010-12-31": "2144.00000", "2010-09-30": "2243.00000", "2010-06-30": "2051.00000", "2010-03-31": "1891.00000", "2009-12-31": "1767.00000", "2009-09-30": "1793.00000", "2009-06-30": "1558.00000", "2009-03-31": "1555.00000", "2008-12-31": "1969.00000", "2008-09-30": "2107.00000", "2008-06-30": "1814.00000", "2008-03-31": "1712.00000", "2007-12-31": "1717.00000", "2007-09-30": "1831.00000", "2007-06-30": "1670.00000", "2007-03-31": "1579.00000", "2006-12-31": "1911.00000", "2006-09-30": "1517.00000", "2006-06-30": "1506.00000", "2006-03-31": "1385.00000", "2005-12-31": "1289.00000", "2005-09-30": "1240.00000", "2005-06-30": "1204.00000", "2005-03-31": "1050.00000"}, "Research And Development Expenses": {"2020-12-31": "", "2020-09-30": "", "2020-06-30": "", "2020-03-31": "", "2019-12-31": "", "2019-09-30": "", "2019-06-30": "", "2019-03-31": "", "2018-12-31": "", "2018-09-30": "", "2018-06-30": "", "2018-03-31": "", "2017-12-31": "", "2017-09-30": "", "2017-06-30": "", "2017-03-31": "", "2016-12-31": "", "2016-09-30": "", "2016-06-30": "", "2016-03-31": "", "2015-12-31": "", "2015-09-30": "", "2015-06-30": "", "2015-03-31": "", "2014-12-31": "", "2014-09-30": "", "2014-06-30": "", "2014-03-31": "", "2013-12-31": "", "2013-09-30": "", "2013-06-30": "", "2013-03-31": "", "2012-12-31": "", "2012-09-30": "", "2012-06-30": "", "2012-03-31": "", "2011-12-31": "", "2011-09-30": "", "2011-06-30": "", "2011-03-31": "", "2010-12-31": "", "2010-09-30": "", "2010-06-30": "", "2010-03-31": "", "2009-12-31": "", "2009-09-30": "", "2009-06-30": "", "2009-03-31": "", "2008-12-31": "", "2008-09-30": "", "2008-06-30": "", "2008-03-31": "", "2007-12-31": "", "2007-09-30": "", "2007-06-30": "", "2007-03-31": "", "2006-12-31": "", "2006-09-30": "", "2006-06-30": "", "2006-03-31": "", "2005-12-31": "", "2005-09-30": "", "2005-06-30": "", "2005-03-31": ""}, "SG&A Expenses": {"2020-12-31": "", "2020-09-30": "", "2020-06-30": "", "2020-03-31": "", "2019-12-31": "", "2019-09-30": "", "2019-06-30": "", "2019-03-31": "", "2018-12-31": "", "2018-09-30": "", "2018-06-30": "", "2018-03-31": "", "2017-12-31": "", "2017-09-30": "", "2017-06-30": "", "2017-03-31": "", "2016-12-31": "", "2016-09-30": "", "2016-06-30": "", "2016-03-31": "", "2015-12-31": "", "2015-09-30": "", "2015-06-30": "", "2015-03-31": "", "2014-12-31": "", "2014-09-30": "", "2014-06-30": "", "2014-03-31": "", "2013-12-31": "", "2013-09-30": "", "2013-06-30": "", "2013-03-31": "", "2012-12-31": "", "2012-09-30": "", "2012-06-30": "", "2012-03-31": "", "2011-12-31": "", "2011-09-30": "", "2011-06-30": "", "2011-03-31": "", "2010-12-31": "", "2010-09-30": "", "2010-06-30": "", "2010-03-31": "", "2009-12-31": "", "2009-09-30": "", "2009-06-30": "", "2009-03-31": "", "2008-12-31": "", "2008-09-30": "", "2008-06-30": "", "2008-03-31": "", "2007-12-31": "", "2007-09-30": "", "2007-06-30": "", "2007-03-31": "", "2006-12-31": "", "2006-09-30": "", "2006-06-30": "", "2006-03-31": "", "2005-12-31": "", "2005-09-30": "", "2005-06-30": "", "2005-03-31": ""}, "Other Operating Income Or Expenses": {"2020-12-31": "-513.00000", "2020-09-30": "-299.00000", "2020-06-30": "-235.00000", "2020-03-31": "-298.00000", "2019-12-31": "-231.00000", "2019-09-30": "-277.00000", "2019-06-30": "-247.00000", "2019-03-31": "-305.00000", "2018-12-31": "-221.00000", "2018-09-30": "-287.00000", "2018-06-30": "-248.00000", "2018-03-31": "-266.00000", "2017-12-31": "-239.00000", "2017-09-30": "-230.00000", "2017-06-30": "-219.00000", "2017-03-31": "-260.00000", "2016-12-31": "-233.00000", "2016-09-30": "-271.00000", "2016-06-30": "-244.00000", "2016-03-31": "-249.00000", "2015-12-31": "-235.00000", "2015-09-30": "-205.00000", "2015-06-30": "-225.00000", "2015-03-31": "-259.00000", "2014-12-31": "-228.00000", "2014-09-30": "-242.00000", "2014-06-30": "-228.00000", "2014-03-31": "-226.00000", "2013-12-31": "-188.00000", "2013-09-30": "-205.00000", "2013-06-30": "-219.00000", "2013-03-31": "-237.00000", "2012-12-31": "-182.00000", "2012-09-30": "-200.00000", "2012-06-30": "-190.00000", "2012-03-31": "-216.00000", "2011-12-31": "-191.00000", "2011-09-30": "-207.00000", "2011-06-30": "-196.00000", "2011-03-31": "-188.00000", "2010-12-31": "-173.00000", "2010-09-30": "-178.00000", "2010-06-30": "-122.00000", "2010-03-31": "-246.00000", "2009-12-31": "-129.00000", "2009-09-30": "-179.00000", "2009-06-30": "-153.00000", "2009-03-31": "-226.00000", "2008-12-31": "-181.00000", "2008-09-30": "-218.00000", "2008-06-30": "-199.00000", "2008-03-31": "-242.00000", "2007-12-31": "-183.00000", "2007-09-30": "-152.00000", "2007-06-30": "-202.00000", "2007-03-31": "-196.00000", "2006-12-31": "-499.00000", "2006-09-30": "-83.00000", "2006-06-30": "-110.00000", "2006-03-31": "-110.00000", "2005-12-31": "-103.00000", "2005-09-30": "-109.00000", "2005-06-30": "-104.00000", "2005-03-31": "-95.00000"}, "Operating Expenses": {"2020-12-31": "3135.00000", "2020-09-30": "2888.00000", "2020-06-30": "2590.00000", "2020-03-31": "3086.00000", "2019-12-31": "3112.00000", "2019-09-30": "3282.00000", "2019-06-30": "3336.00000", "2019-03-31": "3424.00000", "2018-12-31": "3547.00000", "2018-09-30": "3659.00000", "2018-06-30": "3573.00000", "2018-03-31": "3536.00000", "2017-12-31": "3203.00000", "2017-09-30": "3335.00000", "2017-06-30": "3252.00000", "2017-03-31": "3344.00000", "2016-12-31": "3232.00000", "2016-09-30": "3214.00000", "2016-06-30": "3110.00000", "2016-03-31": "3142.00000", "2015-12-31": "3290.00000", "2015-09-30": "3354.00000", "2015-06-30": "3480.00000", "2015-03-31": "3637.00000", "2014-12-31": "3780.00000", "2014-09-30": "3852.00000", "2014-06-30": "3819.00000", "2014-03-31": "3784.00000", "2013-12-31": "3657.00000", "2013-09-30": "3611.00000", "2013-06-30": "3592.00000", "2013-03-31": "3657.00000", "2012-12-31": "3525.00000", "2012-09-30": "3557.00000", "2012-06-30": "3497.00000", "2012-03-31": "3602.00000", "2011-12-31": "3491.00000", "2011-09-30": "3523.00000", "2011-06-30": "3466.00000", "2011-03-31": "3353.00000", "2010-12-31": "3097.00000", "2010-09-30": "3007.00000", "2010-06-30": "2903.00000", "2010-03-31": "2977.00000", "2009-12-31": "2755.00000", "2009-09-30": "2710.00000", "2009-06-30": "2555.00000", "2009-03-31": "2744.00000", "2008-12-31": "3150.00000", "2008-09-30": "3631.00000", "2008-06-30": "3637.00000", "2008-03-31": "3482.00000", "2007-12-31": "3333.00000", "2007-09-30": "3186.00000", "2007-06-30": "3259.00000", "2007-03-31": "3130.00000", "2006-12-31": "3152.00000", "2006-09-30": "3231.00000", "2006-06-30": "3206.00000", "2006-03-31": "3105.00000", "2005-12-31": "3088.00000", "2005-09-30": "2980.00000", "2005-06-30": "2876.00000", "2005-03-31": "2839.00000"}, "Operating Income": {"2020-12-31": "2006.00000", "2020-09-30": "2031.00000", "2020-06-30": "1654.00000", "2020-03-31": "2143.00000", "2019-12-31": "2100.00000", "2019-09-30": "2234.00000", "2019-06-30": "2260.00000", "2019-03-31": "1960.00000", "2018-12-31": "2210.00000", "2018-09-30": "2269.00000", "2018-06-30": "2099.00000", "2018-03-31": "1939.00000", "2017-12-31": "2247.00000", "2017-09-30": "2073.00000", "2017-06-30": "1998.00000", "2017-03-31": "1788.00000", "2016-12-31": "1936.00000", "2016-09-30": "1960.00000", "2016-06-30": "1660.00000", "2016-03-31": "1687.00000", "2015-12-31": "1918.00000", "2015-09-30": "2208.00000", "2015-06-30": "1949.00000", "2015-03-31": "1977.00000", "2014-12-31": "2373.00000", "2014-09-30": "2330.00000", "2014-06-30": "2196.00000", "2014-03-31": "1854.00000", "2013-12-31": "1973.00000", "2013-09-30": "1962.00000", "2013-06-30": "1878.00000", "2013-03-31": "1633.00000", "2012-12-31": "1725.00000", "2012-09-30": "1786.00000", "2012-06-30": "1724.00000", "2012-03-31": "1510.00000", "2011-12-31": "1617.00000", "2011-09-30": "1578.00000", "2011-06-30": "1392.00000", "2011-03-31": "1137.00000", "2010-12-31": "1313.00000", "2010-09-30": "1401.00000", "2010-06-30": "1279.00000", "2010-03-31": "988.00000", "2009-12-31": "999.00000", "2009-09-30": "961.00000", "2009-06-30": "748.00000", "2009-03-31": "671.00000", "2008-12-31": "1136.00000", "2008-09-30": "1215.00000", "2008-06-30": "931.00000", "2008-03-31": "788.00000", "2007-12-31": "864.00000", "2007-09-30": "1005.00000", "2007-06-30": "787.00000", "2007-03-31": "719.00000", "2006-12-31": "810.00000", "2006-09-30": "752.00000", "2006-06-30": "717.00000", "2006-03-31": "605.00000", "2005-12-31": "533.00000", "2005-09-30": "481.00000", "2005-06-30": "468.00000", "2005-03-31": "313.00000"}, "Total Non-Operating Income/Expense": {"2020-12-31": "-213.00000", "2020-09-30": "-258.00000", "2020-06-30": "-158.00000", "2020-03-31": "-225.00000", "2019-12-31": "-222.00000", "2019-09-30": "-213.00000", "2019-06-30": "-202.00000", "2019-03-31": "-170.00000", "2018-12-31": "-194.00000", "2018-09-30": "-193.00000", "2018-06-30": "-161.00000", "2018-03-31": "-228.00000", "2017-12-31": "-155.00000", "2017-09-30": "-90.00000", "2017-06-30": "-129.00000", "2017-03-31": "-100.00000", "2016-12-31": "-105.00000", "2016-09-30": "-155.00000", "2016-06-30": "-96.00000", "2016-03-31": "-121.00000", "2015-12-31": "-136.00000", "2015-09-30": "-127.00000", "2015-06-30": "-11.00000", "2015-03-31": "-122.00000", "2014-12-31": "-75.00000", "2014-09-30": "-124.00000", "2014-06-30": "-116.00000", "2014-03-31": "-95.00000", "2013-12-31": "-90.00000", "2013-09-30": "-110.00000", "2013-06-30": "-110.00000", "2013-03-31": "-88.00000", "2012-12-31": "-85.00000", "2012-09-30": "-109.00000", "2012-06-30": "-114.00000", "2012-03-31": "-119.00000", "2011-12-31": "-87.00000", "2011-09-30": "-125.00000", "2011-06-30": "-122.00000", "2011-03-31": "-126.00000", "2010-12-31": "-133.00000", "2010-09-30": "-128.00000", "2010-06-30": "-133.00000", "2010-03-31": "-154.00000", "2009-12-31": "-130.00000", "2009-09-30": "-142.00000", "2009-06-30": "-15.00000", "2009-03-31": "-118.00000", "2008-12-31": "-102.00000", "2008-09-30": "-107.00000", "2008-06-30": "-109.00000", "2008-03-31": "-101.00000", "2007-12-31": "-85.00000", "2007-09-30": "-99.00000", "2007-06-30": "-84.00000", "2007-03-31": "-98.00000", "2006-12-31": "-61.00000", "2006-09-30": "-97.00000", "2006-06-30": "-91.00000", "2006-03-31": "-110.00000", "2005-12-31": "-66.00000", "2005-09-30": "-82.00000", "2005-06-30": "-99.00000", "2005-03-31": "-112.00000"}, "Pre-Tax Income": {"2020-12-31": "1793.00000", "2020-09-30": "1773.00000", "2020-06-30": "1496.00000", "2020-03-31": "1918.00000", "2019-12-31": "1878.00000", "2019-09-30": "2021.00000", "2019-06-30": "2058.00000", "2019-03-31": "1790.00000", "2018-12-31": "2016.00000", "2018-09-30": "2076.00000", "2018-06-30": "1938.00000", "2018-03-31": "1711.00000", "2017-12-31": "2092.00000", "2017-09-30": "1983.00000", "2017-06-30": "1869.00000", "2017-03-31": "1688.00000", "2016-12-31": "1831.00000", "2016-09-30": "1805.00000", "2016-06-30": "1564.00000", "2016-03-31": "1566.00000", "2015-12-31": "1782.00000", "2015-09-30": "2081.00000", "2015-06-30": "1938.00000", "2015-03-31": "1855.00000", "2014-12-31": "2298.00000", "2014-09-30": "2206.00000", "2014-06-30": "2080.00000", "2014-03-31": "1759.00000", "2013-12-31": "1883.00000", "2013-09-30": "1852.00000", "2013-06-30": "1768.00000", "2013-03-31": "1545.00000", "2012-12-31": "1640.00000", "2012-09-30": "1677.00000", "2012-06-30": "1610.00000", "2012-03-31": "1391.00000", "2011-12-31": "1530.00000", "2011-09-30": "1453.00000", "2011-06-30": "1270.00000", "2011-03-31": "1011.00000", "2010-12-31": "1180.00000", "2010-09-30": "1273.00000", "2010-06-30": "1146.00000", "2010-03-31": "834.00000", "2009-12-31": "869.00000", "2009-09-30": "819.00000", "2009-06-30": "733.00000", "2009-03-31": "553.00000", "2008-12-31": "1034.00000", "2008-09-30": "1108.00000", "2008-06-30": "822.00000", "2008-03-31": "687.00000", "2007-12-31": "779.00000", "2007-09-30": "906.00000", "2007-06-30": "703.00000", "2007-03-31": "621.00000", "2006-12-31": "749.00000", "2006-09-30": "655.00000", "2006-06-30": "626.00000", "2006-03-31": "495.00000", "2005-12-31": "467.00000", "2005-09-30": "399.00000", "2005-06-30": "369.00000", "2005-03-31": "201.00000"}, "Income Taxes": {"2020-12-31": "413.00000", "2020-09-30": "410.00000", "2020-06-30": "364.00000", "2020-03-31": "444.00000", "2019-12-31": "475.00000", "2019-09-30": "466.00000", "2019-06-30": "488.00000", "2019-03-31": "399.00000", "2018-12-31": "462.00000", "2018-09-30": "483.00000", "2018-06-30": "429.00000", "2018-03-31": "401.00000", "2017-12-31": "-5186.00000", "2017-09-30": "789.00000", "2017-06-30": "701.00000", "2017-03-31": "616.00000", "2016-12-31": "687.00000", "2016-09-30": "674.00000", "2016-06-30": "585.00000", "2016-03-31": "587.00000", "2015-12-31": "665.00000", "2015-09-30": "781.00000", "2015-06-30": "734.00000", "2015-03-31": "704.00000", "2014-12-31": "867.00000", "2014-09-30": "836.00000", "2014-06-30": "789.00000", "2014-03-31": "671.00000", "2013-12-31": "709.00000", "2013-09-30": "701.00000", "2013-06-30": "662.00000", "2013-03-31": "588.00000", "2012-12-31": "604.00000", "2012-09-30": "635.00000", "2012-06-30": "608.00000", "2012-03-31": "528.00000", "2011-12-31": "566.00000", "2011-09-30": "549.00000", "2011-06-30": "485.00000", "2011-03-31": "372.00000", "2010-12-31": "405.00000", "2010-09-30": "495.00000", "2010-06-30": "435.00000", "2010-03-31": "318.00000", "2009-12-31": "320.00000", "2009-09-30": "305.00000", "2009-06-30": "268.00000", "2009-03-31": "191.00000", "2008-12-31": "376.00000", "2008-09-30": "405.00000", "2008-06-30": "291.00000", "2008-03-31": "244.00000", "2007-12-31": "288.00000", "2007-09-30": "374.00000", "2007-06-30": "257.00000", "2007-03-31": "235.00000", "2006-12-31": "264.00000", "2006-09-30": "235.00000", "2006-06-30": "236.00000", "2006-03-31": "184.00000", "2005-12-31": "171.00000", "2005-09-30": "30.00000", "2005-06-30": "136.00000", "2005-03-31": "73.00000"}, "Income After Taxes": {"2020-12-31": "1380.00000", "2020-09-30": "1363.00000", "2020-06-30": "1132.00000", "2020-03-31": "1474.00000", "2019-12-31": "1403.00000", "2019-09-30": "1555.00000", "2019-06-30": "1570.00000", "2019-03-31": "1391.00000", "2018-12-31": "1554.00000", "2018-09-30": "1593.00000", "2018-06-30": "1509.00000", "2018-03-31": "1310.00000", "2017-12-31": "7278.00000", "2017-09-30": "1194.00000", "2017-06-30": "1168.00000", "2017-03-31": "1072.00000", "2016-12-31": "1144.00000", "2016-09-30": "1131.00000", "2016-06-30": "979.00000", "2016-03-31": "979.00000", "2015-12-31": "1117.00000", "2015-09-30": "1300.00000", "2015-06-30": "1204.00000", "2015-03-31": "1151.00000", "2014-12-31": "1431.00000", "2014-09-30": "1370.00000", "2014-06-30": "1291.00000", "2014-03-31": "1088.00000", "2013-12-31": "1174.00000", "2013-09-30": "1151.00000", "2013-06-30": "1106.00000", "2013-03-31": "957.00000", "2012-12-31": "1036.00000", "2012-09-30": "1042.00000", "2012-06-30": "1002.00000", "2012-03-31": "863.00000", "2011-12-31": "964.00000", "2011-09-30": "904.00000", "2011-06-30": "785.00000", "2011-03-31": "639.00000", "2010-12-31": "775.00000", "2010-09-30": "778.00000", "2010-06-30": "711.00000", "2010-03-31": "516.00000", "2009-12-31": "549.00000", "2009-09-30": "514.00000", "2009-06-30": "465.00000", "2009-03-31": "362.00000", "2008-12-31": "658.00000", "2008-09-30": "703.00000", "2008-06-30": "531.00000", "2008-03-31": "443.00000", "2007-12-31": "491.00000", "2007-09-30": "532.00000", "2007-06-30": "446.00000", "2007-03-31": "386.00000", "2006-12-31": "485.00000", "2006-09-30": "420.00000", "2006-06-30": "390.00000", "2006-03-31": "311.00000", "2005-12-31": "296.00000", "2005-09-30": "369.00000", "2005-06-30": "233.00000", "2005-03-31": "128.00000"}, "Other Income": {"2020-12-31": "", "2020-09-30": "", "2020-06-30": "", "2020-03-31": "", "2019-12-31": "", "2019-09-30": "", "2019-06-30": "", "2019-03-31": "", "2018-12-31": "", "2018-09-30": "", "2018-06-30": "", "2018-03-31": "", "2017-12-31": "", "2017-09-30": "", "2017-06-30": "", "2017-03-31": "", "2016-12-31": "", "2016-09-30": "", "2016-06-30": "", "2016-03-31": "", "2015-12-31": "", "2015-09-30": "", "2015-06-30": "", "2015-03-31": "", "2014-12-31": "", "2014-09-30": "", "2014-06-30": "", "2014-03-31": "", "2013-12-31": "", "2013-09-30": "", "2013-06-30": "", "2013-03-31": "", "2012-12-31": "", "2012-09-30": "", "2012-06-30": "", "2012-03-31": "", "2011-12-31": "", "2011-09-30": "", "2011-06-30": "", "2011-03-31": "", "2010-12-31": "", "2010-09-30": "", "2010-06-30": "", "2010-03-31": "", "2009-12-31": "", "2009-09-30": "", "2009-06-30": "", "2009-03-31": "", "2008-12-31": "", "2008-09-30": "", "2008-06-30": "", "2008-03-31": "", "2007-12-31": "", "2007-09-30": "", "2007-06-30": "", "2007-03-31": "", "2006-12-31": "", "2006-09-30": "", "2006-06-30": "", "2006-03-31": "", "2005-12-31": "", "2005-09-30": "", "2005-06-30": "", "2005-03-31": ""}, "Income From Continuous Operations": {"2020-12-31": "1380.00000", "2020-09-30": "1363.00000", "2020-06-30": "1132.00000", "2020-03-31": "1474.00000", "2019-12-31": "1403.00000", "2019-09-30": "1555.00000", "2019-06-30": "1570.00000", "2019-03-31": "1391.00000", "2018-12-31": "1554.00000", "2018-09-30": "1593.00000", "2018-06-30": "1509.00000", "2018-03-31": "1310.00000", "2017-12-31": "7278.00000", "2017-09-30": "1194.00000", "2017-06-30": "1168.00000", "2017-03-31": "1072.00000", "2016-12-31": "1144.00000", "2016-09-30": "1131.00000", "2016-06-30": "979.00000", "2016-03-31": "979.00000", "2015-12-31": "1117.00000", "2015-09-30": "1300.00000", "2015-06-30": "1204.00000", "2015-03-31": "1151.00000", "2014-12-31": "1431.00000", "2014-09-30": "1370.00000", "2014-06-30": "1291.00000", "2014-03-31": "1088.00000", "2013-12-31": "1174.00000", "2013-09-30": "1151.00000", "2013-06-30": "1106.00000", "2013-03-31": "957.00000", "2012-12-31": "1036.00000", "2012-09-30": "1042.00000", "2012-06-30": "1002.00000", "2012-03-31": "863.00000", "2011-12-31": "964.00000", "2011-09-30": "904.00000", "2011-06-30": "785.00000", "2011-03-31": "639.00000", "2010-12-31": "775.00000", "2010-09-30": "778.00000", "2010-06-30": "711.00000", "2010-03-31": "516.00000", "2009-12-31": "549.00000", "2009-09-30": "514.00000", "2009-06-30": "465.00000", "2009-03-31": "362.00000", "2008-12-31": "658.00000", "2008-09-30": "703.00000", "2008-06-30": "531.00000", "2008-03-31": "443.00000", "2007-12-31": "491.00000", "2007-09-30": "532.00000", "2007-06-30": "446.00000", "2007-03-31": "386.00000", "2006-12-31": "485.00000", "2006-09-30": "420.00000", "2006-06-30": "390.00000", "2006-03-31": "311.00000", "2005-12-31": "296.00000", "2005-09-30": "369.00000", "2005-06-30": "233.00000", "2005-03-31": "128.00000"}, "Income From Discontinued Operations": {"2020-12-31": "", "2020-09-30": "", "2020-06-30": "", "2020-03-31": "", "2019-12-31": "", "2019-09-30": "", "2019-06-30": "", "2019-03-31": "", "2018-12-31": "", "2018-09-30": "", "2018-06-30": "", "2018-03-31": "", "2017-12-31": "", "2017-09-30": "", "2017-06-30": "", "2017-03-31": "", "2016-12-31": "", "2016-09-30": "", "2016-06-30": "", "2016-03-31": "", "2015-12-31": "", "2015-09-30": "", "2015-06-30": "", "2015-03-31": "", "2014-12-31": "", "2014-09-30": "", "2014-06-30": "", "2014-03-31": "", "2013-12-31": "", "2013-09-30": "", "2013-06-30": "", "2013-03-31": "", "2012-12-31": "", "2012-09-30": "", "2012-06-30": "", "2012-03-31": "", "2011-12-31": "", "2011-09-30": "", "2011-06-30": "", "2011-03-31": "", "2010-12-31": "", "2010-09-30": "", "2010-06-30": "", "2010-03-31": "", "2009-12-31": "", "2009-09-30": "", "2009-06-30": "", "2009-03-31": "", "2008-12-31": "", "2008-09-30": "", "2008-06-30": "", "2008-03-31": "", "2007-12-31": "", "2007-09-30": "", "2007-06-30": "", "2007-03-31": "", "2006-12-31": "", "2006-09-30": "", "2006-06-30": "", "2006-03-31": "", "2005-12-31": "", "2005-09-30": "", "2005-06-30": "", "2005-03-31": ""}, "Net Income": {"2020-12-31": "1380.00000", "2020-09-30": "1363.00000", "2020-06-30": "1132.00000", "2020-03-31": "1474.00000", "2019-12-31": "1403.00000", "2019-09-30": "1555.00000", "2019-06-30": "1570.00000", "2019-03-31": "1391.00000", "2018-12-31": "1554.00000", "2018-09-30": "1593.00000", "2018-06-30": "1509.00000", "2018-03-31": "1310.00000", "2017-12-31": "7278.00000", "2017-09-30": "1194.00000", "2017-06-30": "1168.00000", "2017-03-31": "1072.00000", "2016-12-31": "1144.00000", "2016-09-30": "1131.00000", "2016-06-30": "979.00000", "2016-03-31": "979.00000", "2015-12-31": "1117.00000", "2015-09-30": "1300.00000", "2015-06-30": "1204.00000", "2015-03-31": "1151.00000", "2014-12-31": "1431.00000", "2014-09-30": "1370.00000", "2014-06-30": "1291.00000", "2014-03-31": "1088.00000", "2013-12-31": "1174.00000", "2013-09-30": "1151.00000", "2013-06-30": "1106.00000", "2013-03-31": "957.00000", "2012-12-31": "1036.00000", "2012-09-30": "1042.00000", "2012-06-30": "1002.00000", "2012-03-31": "863.00000", "2011-12-31": "964.00000", "2011-09-30": "904.00000", "2011-06-30": "785.00000", "2011-03-31": "639.00000", "2010-12-31": "775.00000", "2010-09-30": "778.00000", "2010-06-30": "711.00000", "2010-03-31": "516.00000", "2009-12-31": "549.00000", "2009-09-30": "514.00000", "2009-06-30": "465.00000", "2009-03-31": "362.00000", "2008-12-31": "658.00000", "2008-09-30": "703.00000", "2008-06-30": "531.00000", "2008-03-31": "443.00000", "2007-12-31": "491.00000", "2007-09-30": "532.00000", "2007-06-30": "446.00000", "2007-03-31": "386.00000", "2006-12-31": "485.00000", "2006-09-30": "420.00000", "2006-06-30": "390.00000", "2006-03-31": "311.00000", "2005-12-31": "296.00000", "2005-09-30": "369.00000", "2005-06-30": "233.00000", "2005-03-31": "128.00000"}, "EBITDA": {"2020-12-31": "2563.00000", "2020-09-30": "2586.00000", "2020-06-30": "2205.00000", "2020-03-31": "2690.00000", "2019-12-31": "2659.00000", "2019-09-30": "2791.00000", "2019-06-30": "2811.00000", "2019-03-31": "2509.00000", "2018-12-31": "2765.00000", "2018-09-30": "2816.00000", "2018-06-30": "2645.00000", "2018-03-31": "2482.00000", "2017-12-31": "2779.00000", "2017-09-30": "2601.00000", "2017-06-30": "2523.00000", "2017-03-31": "2308.00000", "2016-12-31": "2456.00000", "2016-09-30": "2472.00000", "2016-06-30": "2164.00000", "2016-03-31": "2189.00000", "2015-12-31": "2435.00000", "2015-09-30": "2715.00000", "2015-06-30": "2446.00000", "2015-03-31": "2468.00000", "2014-12-31": "2862.00000", "2014-09-30": "2811.00000", "2014-06-30": "2666.00000", "2014-03-31": "2318.00000", "2013-12-31": "2431.00000", "2013-09-30": "2409.00000", "2013-06-30": "2316.00000", "2013-03-31": "2067.00000", "2012-12-31": "2178.00000", "2012-09-30": "2233.00000", "2012-06-30": "2157.00000", "2012-03-31": "1937.00000", "2011-12-31": "2030.00000", "2011-09-30": "1986.00000", "2011-06-30": "1793.00000", "2011-03-31": "1532.00000", "2010-12-31": "1693.00000", "2010-09-30": "1773.00000", "2010-06-30": "1647.00000", "2010-03-31": "1355.00000", "2009-12-31": "1372.00000", "2009-09-30": "1324.00000", "2009-06-30": "1098.00000", "2009-03-31": "1012.00000", "2008-12-31": "1468.00000", "2008-09-30": "1563.00000", "2008-06-30": "1277.00000", "2008-03-31": "1128.00000", "2007-12-31": "1201.00000", "2007-09-30": "1337.00000", "2007-06-30": "1114.00000", "2007-03-31": "1044.00000", "2006-12-31": "1125.00000", "2006-09-30": "1063.00000", "2006-06-30": "1025.00000", "2006-03-31": "908.00000", "2005-12-31": "833.00000", "2005-09-30": "775.00000", "2005-06-30": "760.00000", "2005-03-31": "602.00000"}, "EBIT": {"2020-12-31": "2006.00000", "2020-09-30": "2031.00000", "2020-06-30": "1654.00000", "2020-03-31": "2143.00000", "2019-12-31": "2100.00000", "2019-09-30": "2234.00000", "2019-06-30": "2260.00000", "2019-03-31": "1960.00000", "2018-12-31": "2210.00000", "2018-09-30": "2269.00000", "2018-06-30": "2099.00000", "2018-03-31": "1939.00000", "2017-12-31": "2247.00000", "2017-09-30": "2073.00000", "2017-06-30": "1998.00000", "2017-03-31": "1788.00000", "2016-12-31": "1936.00000", "2016-09-30": "1960.00000", "2016-06-30": "1660.00000", "2016-03-31": "1687.00000", "2015-12-31": "1918.00000", "2015-09-30": "2208.00000", "2015-06-30": "1949.00000", "2015-03-31": "1977.00000", "2014-12-31": "2373.00000", "2014-09-30": "2330.00000", "2014-06-30": "2196.00000", "2014-03-31": "1854.00000", "2013-12-31": "1973.00000", "2013-09-30": "1962.00000", "2013-06-30": "1878.00000", "2013-03-31": "1633.00000", "2012-12-31": "1725.00000", "2012-09-30": "1786.00000", "2012-06-30": "1724.00000", "2012-03-31": "1510.00000", "2011-12-31": "1617.00000", "2011-09-30": "1578.00000", "2011-06-30": "1392.00000", "2011-03-31": "1137.00000", "2010-12-31": "1313.00000", "2010-09-30": "1401.00000", "2010-06-30": "1279.00000", "2010-03-31": "988.00000", "2009-12-31": "999.00000", "2009-09-30": "961.00000", "2009-06-30": "748.00000", "2009-03-31": "671.00000", "2008-12-31": "1136.00000", "2008-09-30": "1215.00000", "2008-06-30": "931.00000", "2008-03-31": "788.00000", "2007-12-31": "864.00000", "2007-09-30": "1005.00000", "2007-06-30": "787.00000", "2007-03-31": "719.00000", "2006-12-31": "810.00000", "2006-09-30": "752.00000", "2006-06-30": "717.00000", "2006-03-31": "605.00000", "2005-12-31": "533.00000", "2005-09-30": "481.00000", "2005-06-30": "468.00000", "2005-03-31": "313.00000"}, "Basic Shares Outstanding": {"2020-12-31": "677.30000", "2020-09-30": "675.00000", "2020-06-30": "677.70000", "2020-03-31": "684.30000", "2019-12-31": "703.50000", "2019-09-30": "699.30000", "2019-06-30": "705.50000", "2019-03-31": "716.80000", "2018-12-31": "750.90000", "2018-09-30": "737.40000", "2018-06-30": "760.50000", "2018-03-31": "776.40000", "2017-12-31": "798.40000", "2017-09-30": "794.50000", "2017-06-30": "804.10000", "2017-03-31": "811.50000", "2016-12-31": "832.40000", "2016-09-30": "829.00000", "2016-06-30": "837.40000", "2016-03-31": "844.00000", "2015-12-31": "866.20000", "2015-09-30": "862.90000", "2015-06-30": "872.20000", "2015-03-31": "879.30000", "2014-12-31": "897.10000", "2014-09-30": "893.20000", "2014-06-30": "901.50000", "2014-03-31": "908.10000", "2013-12-31": "926.50000", "2013-09-30": "923.50000", "2013-06-30": "930.60000", "2013-03-31": "935.60000", "2012-12-31": "946.20000", "2012-09-30": "944.00000", "2012-06-30": "947.60000", "2012-03-31": "955.60000", "2011-12-31": "971.40000", "2011-09-30": "968.40000", "2011-06-30": "976.80000", "2011-03-31": "979.20000", "2010-12-31": "996.40000", "2010-09-30": "986.00000", "2010-06-30": "1003.60000", "2010-03-31": "1009.00000", "2009-12-31": "1006.00000", "2009-09-30": "1006.20000", "2009-06-30": "1005.80000", "2009-03-31": "1005.40000", "2008-12-31": "1021.20000", "2008-09-30": "1013.20000", "2008-06-30": "1028.60000", "2008-03-31": "1036.80000", "2007-12-31": "1063.80000", "2007-09-30": "1053.00000", "2007-06-30": "1072.80000", "2007-03-31": "1082.40000", "2006-12-31": "1077.80000", "2006-09-30": "1079.20000", "2006-06-30": "1077.20000", "2006-03-31": "1073.20000", "2005-12-31": "1053.60000", "2005-09-30": "1056.00000", "2005-06-30": "1051.20000", "2005-03-31": "1045.60000"}, "Shares Outstanding": {"2020-12-31": "679.10000", "2020-09-30": "676.80000", "2020-06-30": "679.20000", "2020-03-31": "686.20000", "2019-12-31": "706.10000", "2019-09-30": "701.90000", "2019-06-30": "708.00000", "2019-03-31": "719.50000", "2018-12-31": "754.30000", "2018-09-30": "740.90000", "2018-06-30": "763.70000", "2018-03-31": "779.60000", "2017-12-31": "801.70000", "2017-09-30": "797.60000", "2017-06-30": "807.20000", "2017-03-31": "814.80000", "2016-12-31": "835.40000", "2016-09-30": "832.20000", "2016-06-30": "840.10000", "2016-03-31": "846.70000", "2015-12-31": "869.40000", "2015-09-30": "865.80000", "2015-06-30": "875.20000", "2015-03-31": "882.80000", "2014-12-31": "901.10000", "2014-09-30": "896.90000", "2014-06-30": "905.00000", "2014-03-31": "912.50000", "2013-12-31": "931.50000", "2013-09-30": "928.40000", "2013-06-30": "935.30000", "2013-03-31": "941.00000", "2012-12-31": "952.90000", "2012-09-30": "950.40000", "2012-06-30": "954.40000", "2012-03-31": "962.80000", "2011-12-31": "979.60000", "2011-09-30": "976.20000", "2011-06-30": "984.80000", "2011-03-31": "988.20000", "2010-12-31": "1005.80000", "2010-09-30": "995.40000", "2010-06-30": "1013.00000", "2010-03-31": "1017.40000", "2009-12-31": "1011.60000", "2009-09-30": "1014.00000", "2009-06-30": "1010.60000", "2009-03-31": "1009.20000", "2008-12-31": "1030.00000", "2008-09-30": "1022.60000", "2008-06-30": "1038.00000", "2008-03-31": "1045.60000", "2007-12-31": "1073.60000", "2007-09-30": "1062.80000", "2007-06-30": "1083.00000", "2007-03-31": "1091.20000", "2006-12-31": "1087.80000", "2006-09-30": "1087.60000", "2006-06-30": "1088.40000", "2006-03-31": "1084.00000", "2005-12-31": "1066.00000", "2005-09-30": "1068.40000", "2005-06-30": "1062.40000", "2005-03-31": "1057.20000"}, "Basic EPS": {"2020-12-31": "2.06000", "2020-09-30": "2.02000", "2020-06-30": "1.67000", "2020-03-31": "2.15000", "2019-12-31": "2.02000", "2019-09-30": "2.22000", "2019-06-30": "2.23000", "2019-03-31": "1.94000", "2018-12-31": "2.12000", "2018-09-30": "2.16000", "2018-06-30": "1.98000", "2018-03-31": "1.69000", "2017-12-31": "9.15000", "2017-09-30": "1.50000", "2017-06-30": "1.45000", "2017-03-31": "1.32000", "2016-12-31": "1.40000", "2016-09-30": "1.36000", "2016-06-30": "1.17000", "2016-03-31": "1.16000", "2015-12-31": "1.31000", "2015-09-30": "1.51000", "2015-06-30": "1.38000", "2015-03-31": "1.31000", "2014-12-31": "1.61000", "2014-09-30": "1.53000", "2014-06-30": "1.43000", "2014-03-31": "1.20000", "2013-12-31": "1.27500", "2013-09-30": "1.25000", "2013-06-30": "1.19000", "2013-03-31": "1.02500", "2012-12-31": "1.10500", "2012-09-30": "1.10500", "2012-06-30": "1.05500", "2012-03-31": "0.90500", "2011-12-31": "0.99500", "2011-09-30": "0.93500", "2011-06-30": "0.80500", "2011-03-31": "0.65500", "2010-12-31": "0.78000", "2010-09-30": "0.79000", "2010-06-30": "0.71000", "2010-03-31": "0.51000", "2009-12-31": "0.55000", "2009-09-30": "0.51000", "2009-06-30": "0.46000", "2009-03-31": "0.36000", "2008-12-31": "0.64500", "2008-09-30": "0.69500", "2008-06-30": "0.51500", "2008-03-31": "0.43000", "2007-12-31": "0.46750", "2007-09-30": "0.50500", "2007-06-30": "0.41500", "2007-03-31": "0.35750", "2006-12-31": "0.44750", "2006-09-30": "0.39000", "2006-06-30": "0.36250", "2006-03-31": "0.29000", "2005-12-31": "0.27750", "2005-09-30": "0.35000", "2005-06-30": "0.22250", "2005-03-31": "0.12250"}, "EPS - Earnings Per Share": {"2020-12-31": "2.05000", "2020-09-30": "2.01000", "2020-06-30": "1.67000", "2020-03-31": "2.15000", "2019-12-31": "2.01000", "2019-09-30": "2.22000", "2019-06-30": "2.22000", "2019-03-31": "1.93000", "2018-12-31": "2.10000", "2018-09-30": "2.15000", "2018-06-30": "1.98000", "2018-03-31": "1.68000", "2017-12-31": "9.09000", "2017-09-30": "1.50000", "2017-06-30": "1.45000", "2017-03-31": "1.32000", "2016-12-31": "1.38000", "2016-09-30": "1.36000", "2016-06-30": "1.17000", "2016-03-31": "1.16000", "2015-12-31": "1.31000", "2015-09-30": "1.50000", "2015-06-30": "1.38000", "2015-03-31": "1.30000", "2014-12-31": "1.60000", "2014-09-30": "1.53000", "2014-06-30": "1.43000", "2014-03-31": "1.19000", "2013-12-31": "1.27500", "2013-09-30": "1.24000", "2013-06-30": "1.18000", "2013-03-31": "1.01500", "2012-12-31": "1.10000", "2012-09-30": "1.09500", "2012-06-30": "1.05000", "2012-03-31": "0.89500", "2011-12-31": "0.99500", "2011-09-30": "0.92500", "2011-06-30": "0.79500", "2011-03-31": "0.64500", "2010-12-31": "0.78000", "2010-09-30": "0.78000", "2010-06-30": "0.70000", "2010-03-31": "0.50500", "2009-12-31": "0.54500", "2009-09-30": "0.50500", "2009-06-30": "0.46000", "2009-03-31": "0.36000", "2008-12-31": "0.64000", "2008-09-30": "0.69000", "2008-06-30": "0.51000", "2008-03-31": "0.42500", "2007-12-31": "0.46750", "2007-09-30": "0.50000", "2007-06-30": "0.41000", "2007-03-31": "0.35250", "2006-12-31": "0.44250", "2006-09-30": "0.38500", "2006-06-30": "0.36000", "2006-03-31": "0.28750", "2005-12-31": "0.27750", "2005-09-30": "0.34500", "2005-06-30": "0.22000", "2005-03-31": "0.12000"}}, "balance sheet": {"Cash On Hand": {"2020-12-31": "1859.00000", "2019-12-31": "891.00000", "2018-12-31": "1333.00000", "2017-12-31": "1365.00000", "2016-12-31": "1337.00000", "2015-12-31": "1391.00000", "2014-12-31": "1586.00000", "2013-12-31": "1432.00000", "2012-12-31": "1063.00000", "2011-12-31": "1217.00000", "2010-12-31": "1086.00000", "2009-12-31": "1850.00000", "2008-12-31": "1249.00000", "2007-12-31": "878.00000", "2006-12-31": "827.00000", "2005-12-31": "773.00000"}, "Receivables": {"2020-12-31": "1505.00000", "2019-12-31": "1595.00000", "2018-12-31": "1755.00000", "2017-12-31": "1493.00000", "2016-12-31": "1258.00000", "2015-12-31": "1356.00000", "2014-12-31": "1611.00000", "2013-12-31": "1414.00000", "2012-12-31": "1331.00000", "2011-12-31": "1401.00000", "2010-12-31": "1184.00000", "2009-12-31": "666.00000", "2008-12-31": "594.00000", "2007-12-31": "632.00000", "2006-12-31": "679.00000", "2005-12-31": "747.00000"}, "Inventory": {"2020-12-31": "638.00000", "2019-12-31": "751.00000", "2018-12-31": "742.00000", "2017-12-31": "749.00000", "2016-12-31": "717.00000", "2015-12-31": "736.00000", "2014-12-31": "712.00000", "2013-12-31": "653.00000", "2012-12-31": "660.00000", "2011-12-31": "614.00000", "2010-12-31": "534.00000", "2009-12-31": "475.00000", "2008-12-31": "450.00000", "2007-12-31": "453.00000", "2006-12-31": "395.00000", "2005-12-31": "331.00000"}, "Pre-Paid Expenses": {"2020-12-31": "", "2019-12-31": "", "2018-12-31": "", "2017-12-31": "", "2016-12-31": "", "2015-12-31": "", "2014-12-31": "", "2013-12-31": "", "2012-12-31": "", "2011-12-31": "", "2010-12-31": "", "2009-12-31": "", "2008-12-31": "", "2007-12-31": "", "2006-12-31": "", "2005-12-31": ""}, "Other Current Assets": {"2020-12-31": "212.00000", "2019-12-31": "222.00000", "2018-12-31": "333.00000", "2017-12-31": "399.00000", "2016-12-31": "284.00000", "2015-12-31": "647.00000", "2014-12-31": "492.00000", "2013-12-31": "223.00000", "2012-12-31": "297.00000", "2011-12-31": "189.00000", "2010-12-31": "367.00000", "2009-12-31": "350.00000", "2008-12-31": "244.00000", "2007-12-31": "295.00000", "2006-12-31": "191.00000", "2005-12-31": "170.00000"}, "Total Current Assets": {"2020-12-31": "4214.00000", "2019-12-31": "3459.00000", "2018-12-31": "4163.00000", "2017-12-31": "4006.00000", "2016-12-31": "3596.00000", "2015-12-31": "4130.00000", "2014-12-31": "4401.00000", "2013-12-31": "3990.00000", "2012-12-31": "3614.00000", "2011-12-31": "3727.00000", "2010-12-31": "3432.00000", "2009-12-31": "3680.00000", "2008-12-31": "2813.00000", "2007-12-31": "2594.00000", "2006-12-31": "2411.00000", "2005-12-31": "2325.00000"}, "Property, Plant, And Equipment": {"2020-12-31": "54161.00000", "2019-12-31": "53916.00000", "2018-12-31": "52679.00000", "2017-12-31": "51605.00000", "2016-12-31": "50389.00000", "2015-12-31": "48866.00000", "2014-12-31": "46272.00000", "2013-12-31": "43749.00000", "2012-12-31": "41997.00000", "2011-12-31": "39934.00000", "2010-12-31": "38253.00000", "2009-12-31": "37202.00000", "2008-12-31": "35701.00000", "2007-12-31": "34158.00000", "2006-12-31": "32873.00000", "2005-12-31": "31975.00000"}, "Long-Term Investments": {"2020-12-31": "2164.00000", "2019-12-31": "2050.00000", "2018-12-31": "1912.00000", "2017-12-31": "1809.00000", "2016-12-31": "1457.00000", "2015-12-31": "1410.00000", "2014-12-31": "1390.00000", "2013-12-31": "1321.00000", "2012-12-31": "1259.00000", "2011-12-31": "1175.00000", "2010-12-31": "1137.00000", "2009-12-31": "1036.00000", "2008-12-31": "974.00000", "2007-12-31": "923.00000", "2006-12-31": "877.00000", "2005-12-31": "806.00000"}, "Goodwill And Intangible Assets": {"2020-12-31": "", "2019-12-31": "", "2018-12-31": "", "2017-12-31": "", "2016-12-31": "", "2015-12-31": "", "2014-12-31": "", "2013-12-31": "", "2012-12-31": "", "2011-12-31": "", "2010-12-31": "", "2009-12-31": "", "2008-12-31": "", "2007-12-31": "", "2006-12-31": "", "2005-12-31": ""}, "Other Long-Term Assets": {"2020-12-31": "249.00000", "2019-12-31": "436.00000", "2018-12-31": "393.00000", "2017-12-31": "386.00000", "2016-12-31": "276.00000", "2015-12-31": "194.00000", "2014-12-31": "309.00000", "2013-12-31": "671.00000", "2012-12-31": "283.00000", "2011-12-31": "260.00000", "2010-12-31": "266.00000", "2009-12-31": "266.00000", "2008-12-31": "234.00000", "2007-12-31": "358.00000", "2006-12-31": "354.00000", "2005-12-31": "514.00000"}, "Total Long-Term Assets": {"2020-12-31": "58184.00000", "2019-12-31": "58214.00000", "2018-12-31": "54984.00000", "2017-12-31": "53800.00000", "2016-12-31": "52122.00000", "2015-12-31": "50470.00000", "2014-12-31": "47971.00000", "2013-12-31": "45741.00000", "2012-12-31": "43539.00000", "2011-12-31": "41369.00000", "2010-12-31": "39656.00000", "2009-12-31": "38504.00000", "2008-12-31": "36909.00000", "2007-12-31": "35439.00000", "2006-12-31": "34104.00000", "2005-12-31": "33295.00000"}, "Total Assets": {"2020-12-31": "62398.00000", "2019-12-31": "61673.00000", "2018-12-31": "59147.00000", "2017-12-31": "57806.00000", "2016-12-31": "55718.00000", "2015-12-31": "54600.00000", "2014-12-31": "52372.00000", "2013-12-31": "49731.00000", "2012-12-31": "47153.00000", "2011-12-31": "45096.00000", "2010-12-31": "43088.00000", "2009-12-31": "42184.00000", "2008-12-31": "39722.00000", "2007-12-31": "38033.00000", "2006-12-31": "36515.00000", "2005-12-31": "35620.00000"}, "Total Current Liabilities": {"2020-12-31": "4173.00000", "2019-12-31": "4351.00000", "2018-12-31": "4626.00000", "2017-12-31": "3939.00000", "2016-12-31": "3640.00000", "2015-12-31": "3206.00000", "2014-12-31": "3764.00000", "2013-12-31": "3791.00000", "2012-12-31": "3119.00000", "2011-12-31": "3317.00000", "2010-12-31": "2952.00000", "2009-12-31": "2682.00000", "2008-12-31": "2880.00000", "2007-12-31": "3041.00000", "2006-12-31": "3539.00000", "2005-12-31": "3384.00000"}, "Long Term Debt": {"2020-12-31": "25660.00000", "2019-12-31": "23943.00000", "2018-12-31": "20925.00000", "2017-12-31": "16144.00000", "2016-12-31": "14249.00000", "2015-12-31": "13607.00000", "2014-12-31": "10952.00000", "2013-12-31": "8872.00000", "2012-12-31": "8801.00000", "2011-12-31": "8697.00000", "2010-12-31": "9003.00000", "2009-12-31": "9636.00000", "2008-12-31": "8607.00000", "2007-12-31": "7543.00000", "2006-12-31": "6000.00000", "2005-12-31": "6760.00000"}, "Other Non-Current Liabilities": {"2020-12-31": "2077.00000", "2019-12-31": "1788.00000", "2018-12-31": "1871.00000", "2017-12-31": "1931.00000", "2016-12-31": "1901.00000", "2015-12-31": "1844.00000", "2014-12-31": "2064.00000", "2013-12-31": "1680.00000", "2012-12-31": "2248.00000", "2011-12-31": "2136.00000", "2010-12-31": "1813.00000", "2009-12-31": "2021.00000", "2008-12-31": "2506.00000", "2007-12-31": "1814.00000", "2006-12-31": "1464.00000", "2005-12-31": "1432.00000"}, "Total Long Term Liabilities": {"2020-12-31": "41267.00000", "2019-12-31": "39194.00000", "2018-12-31": "34098.00000", "2017-12-31": "29011.00000", "2016-12-31": "32146.00000", "2015-12-31": "30692.00000", "2014-12-31": "27419.00000", "2013-12-31": "24715.00000", "2012-12-31": "24157.00000", "2011-12-31": "23201.00000", "2010-12-31": "22373.00000", "2009-12-31": "22701.00000", "2008-12-31": "21395.00000", "2007-12-31": "19407.00000", "2006-12-31": "17664.00000", "2005-12-31": "18529.00000"}, "Total Liabilities": {"2020-12-31": "45440.00000", "2019-12-31": "43545.00000", "2018-12-31": "38724.00000", "2017-12-31": "32950.00000", "2016-12-31": "35786.00000", "2015-12-31": "33898.00000", "2014-12-31": "31183.00000", "2013-12-31": "28506.00000", "2012-12-31": "27276.00000", "2011-12-31": "26518.00000", "2010-12-31": "25325.00000", "2009-12-31": "25383.00000", "2008-12-31": "24275.00000", "2007-12-31": "22448.00000", "2006-12-31": "21203.00000", "2005-12-31": "21913.00000"}, "Common Stock Net": {"2020-12-31": "2781.00000", "2019-12-31": "2780.00000", "2018-12-31": "2779.00000", "2017-12-31": "2778.00000", "2016-12-31": "2777.00000", "2015-12-31": "2776.00000", "2014-12-31": "2775.00000", "2013-12-31": "2774.00000", "2012-12-31": "1386.00000", "2011-12-31": "1386.00000", "2010-12-31": "1385.00000", "2009-12-31": "1384.00000", "2008-12-31": "1382.00000", "2007-12-31": "690.00000", "2006-12-31": "690.00000", "2005-12-31": "689.00000"}, "Retained Earnings (Accumulated Deficit)": {"2020-12-31": "51326.00000", "2019-12-31": "48605.00000", "2018-12-31": "45284.00000", "2017-12-31": "41317.00000", "2016-12-31": "32587.00000", "2015-12-31": "30233.00000", "2014-12-31": "27367.00000", "2013-12-31": "23901.00000", "2012-12-31": "22271.00000", "2011-12-31": "19508.00000", "2010-12-31": "17154.00000", "2009-12-31": "15027.00000", "2008-12-31": "13813.00000", "2007-12-31": "12667.00000", "2006-12-31": "11215.00000", "2005-12-31": "9932.00000"}, "Comprehensive Income": {"2020-12-31": "-1593.00000", "2019-12-31": "-1356.00000", "2018-12-31": "-1415.00000", "2017-12-31": "-1141.00000", "2016-12-31": "-1272.00000", "2015-12-31": "-1195.00000", "2014-12-31": "-1210.00000", "2013-12-31": "-750.00000", "2012-12-31": "-1186.00000", "2011-12-31": "-1054.00000", "2010-12-31": "-734.00000", "2009-12-31": "-654.00000", "2008-12-31": "-704.00000", "2007-12-31": "-74.00000", "2006-12-31": "-142.00000", "2005-12-31": "-230.00000"}, "Other Share Holders Equity": {"2020-12-31": "", "2019-12-31": "", "2018-12-31": "", "2017-12-31": "", "2016-12-31": "", "2015-12-31": "", "2014-12-31": "", "2013-12-31": "", "2012-12-31": "", "2011-12-31": "", "2010-12-31": "", "2009-12-31": "", "2008-12-31": "", "2007-12-31": "", "2006-12-31": "", "2005-12-31": ""}, "Share Holder Equity": {"2020-12-31": "16958.00000", "2019-12-31": "18128.00000", "2018-12-31": "20423.00000", "2017-12-31": "24856.00000", "2016-12-31": "19932.00000", "2015-12-31": "20702.00000", "2014-12-31": "21189.00000", "2013-12-31": "21225.00000", "2012-12-31": "19877.00000", "2011-12-31": "18578.00000", "2010-12-31": "17763.00000", "2009-12-31": "16801.00000", "2008-12-31": "15447.00000", "2007-12-31": "15585.00000", "2006-12-31": "15312.00000", "2005-12-31": "13707.00000"}, "Total Liabilities And Share Holders Equity": {"2020-12-31": "62398.00000", "2019-12-31": "61673.00000", "2018-12-31": "59147.00000", "2017-12-31": "57806.00000", "2016-12-31": "55718.00000", "2015-12-31": "54600.00000", "2014-12-31": "52372.00000", "2013-12-31": "49731.00000", "2012-12-31": "47153.00000", "2011-12-31": "45096.00000", "2010-12-31": "43088.00000", "2009-12-31": "42184.00000", "2008-12-31": "39722.00000", "2007-12-31": "38033.00000", "2006-12-31": "36515.00000", "2005-12-31": "35620.00000"}}, "balance sheet, quarterly": {"Cash On Hand": {"2020-12-31": "1859.00000", "2020-09-30": "2661.00000", "2020-06-30": "2766.00000", "2020-03-31": "1190.00000", "2019-12-31": "891.00000", "2019-09-30": "1310.00000", "2019-06-30": "1109.00000", "2019-03-31": "1119.00000", "2018-12-31": "1333.00000", "2018-09-30": "1900.00000", "2018-06-30": "1694.00000", "2018-03-31": "1138.00000", "2017-12-31": "1365.00000", "2017-09-30": "1937.00000", "2017-06-30": "1376.00000", "2017-03-31": "1139.00000", "2016-12-31": "1337.00000", "2016-09-30": "2239.00000", "2016-06-30": "2160.00000", "2016-03-31": "2673.00000", "2015-12-31": "1391.00000", "2015-09-30": "1078.00000", "2015-06-30": "2041.00000", "2015-03-31": "1587.00000", "2014-12-31": "1586.00000", "2014-09-30": "1887.00000", "2014-06-30": "1537.00000", "2014-03-31": "1857.00000", "2013-12-31": "1432.00000", "2013-09-30": "1366.00000", "2013-06-30": "1845.00000", "2013-03-31": "1917.00000", "2012-12-31": "1063.00000", "2012-09-30": "1130.00000", "2012-06-30": "1201.00000", "2012-03-31": "995.00000", "2011-12-31": "1217.00000", "2011-09-30": "1647.00000", "2011-06-30": "1055.00000", "2011-03-31": "1248.00000", "2010-12-31": "1086.00000", "2010-09-30": "1358.00000", "2010-06-30": "1317.00000", "2010-03-31": "1753.00000", "2009-12-31": "1850.00000", "2009-09-30": "1435.00000", "2009-06-30": "1656.00000", "2009-03-31": "1466.00000", "2008-12-31": "1249.00000", "2008-09-30": "857.00000", "2008-06-30": "611.00000", "2008-03-31": "827.00000", "2007-12-31": "878.00000", "2007-09-30": "1022.00000", "2007-06-30": "522.00000", "2007-03-31": "598.00000", "2006-12-31": "827.00000", "2006-09-30": "719.00000", "2006-06-30": "262.00000", "2006-03-31": "258.00000", "2005-12-31": "773.00000", "2005-09-30": "337.00000", "2005-06-30": "164.00000", "2005-03-31": "732.00000"}, "Receivables": {"2020-12-31": "1505.00000", "2020-09-30": "1565.00000", "2020-06-30": "1388.00000", "2020-03-31": "1669.00000", "2019-12-31": "1595.00000", "2019-09-30": "1650.00000", "2019-06-30": "1809.00000", "2019-03-31": "1672.00000", "2018-12-31": "1755.00000", "2018-09-30": "1792.00000", "2018-06-30": "1634.00000", "2018-03-31": "1571.00000", "2017-12-31": "1493.00000", "2017-09-30": "1428.00000", "2017-06-30": "1357.00000", "2017-03-31": "1279.00000", "2016-12-31": "1258.00000", "2016-09-30": "1351.00000", "2016-06-30": "1373.00000", "2016-03-31": "1355.00000", "2015-12-31": "1356.00000", "2015-09-30": "1508.00000", "2015-06-30": "1513.00000", "2015-03-31": "1564.00000", "2014-12-31": "1611.00000", "2014-09-30": "1635.00000", "2014-06-30": "1666.00000", "2014-03-31": "1542.00000", "2013-12-31": "1414.00000", "2013-09-30": "1469.00000", "2013-06-30": "1468.00000", "2013-03-31": "1512.00000", "2012-12-31": "1331.00000", "2012-09-30": "1583.00000", "2012-06-30": "1497.00000", "2012-03-31": "1327.00000", "2011-12-31": "1401.00000", "2011-09-30": "1424.00000", "2011-06-30": "1427.00000", "2011-03-31": "1275.00000", "2010-12-31": "1184.00000", "2010-09-30": "1297.00000", "2010-06-30": "1250.00000", "2010-03-31": "1218.00000", "2009-12-31": "666.00000", "2009-09-30": "727.00000", "2009-06-30": "629.00000", "2009-03-31": "548.00000", "2008-12-31": "594.00000", "2008-09-30": "860.00000", "2008-06-30": "877.00000", "2008-03-31": "703.00000", "2007-12-31": "632.00000", "2007-09-30": "820.00000", "2007-06-30": "720.00000", "2007-03-31": "660.00000", "2006-12-31": "679.00000", "2006-09-30": "770.00000", "2006-06-30": "748.00000", "2006-03-31": "730.00000", "2005-12-31": "747.00000", "2005-09-30": "736.00000", "2005-06-30": "686.00000", "2005-03-31": "593.00000"}, "Inventory": {"2020-12-31": "638.00000", "2020-09-30": "649.00000", "2020-06-30": "668.00000", "2020-03-31": "692.00000", "2019-12-31": "751.00000", "2019-09-30": "771.00000", "2019-06-30": "775.00000", "2019-03-31": "780.00000", "2018-12-31": "742.00000", "2018-09-30": "789.00000", "2018-06-30": "772.00000", "2018-03-31": "808.00000", "2017-12-31": "749.00000", "2017-09-30": "742.00000", "2017-06-30": "726.00000", "2017-03-31": "760.00000", "2016-12-31": "717.00000", "2016-09-30": "690.00000", "2016-06-30": "660.00000", "2016-03-31": "716.00000", "2015-12-31": "736.00000", "2015-09-30": "741.00000", "2015-06-30": "762.00000", "2015-03-31": "744.00000", "2014-12-31": "712.00000", "2014-09-30": "736.00000", "2014-06-30": "739.00000", "2014-03-31": "705.00000", "2013-12-31": "653.00000", "2013-09-30": "683.00000", "2013-06-30": "654.00000", "2013-03-31": "655.00000", "2012-12-31": "660.00000", "2012-09-30": "680.00000", "2012-06-30": "646.00000", "2012-03-31": "682.00000", "2011-12-31": "614.00000", "2011-09-30": "607.00000", "2011-06-30": "630.00000", "2011-03-31": "582.00000", "2010-12-31": "534.00000", "2010-09-30": "504.00000", "2010-06-30": "496.00000", "2010-03-31": "506.00000", "2009-12-31": "475.00000", "2009-09-30": "490.00000", "2009-06-30": "507.00000", "2009-03-31": "446.00000", "2008-12-31": "450.00000", "2008-09-30": "569.00000", "2008-06-30": "580.00000", "2008-03-31": "514.00000", "2007-12-31": "453.00000", "2007-09-30": "475.00000", "2007-06-30": "445.00000", "2007-03-31": "414.00000", "2006-12-31": "395.00000", "2006-09-30": "427.00000", "2006-06-30": "433.00000", "2006-03-31": "416.00000", "2005-12-31": "331.00000", "2005-09-30": "377.00000", "2005-06-30": "348.00000", "2005-03-31": "336.00000"}, "Pre-Paid Expenses": {"2020-12-31": "", "2020-09-30": "", "2020-06-30": "", "2020-03-31": "", "2019-12-31": "", "2019-09-30": "", "2019-06-30": "", "2019-03-31": "", "2018-12-31": "", "2018-09-30": "", "2018-06-30": "", "2018-03-31": "", "2017-12-31": "", "2017-09-30": "", "2017-06-30": "", "2017-03-31": "", "2016-12-31": "", "2016-09-30": "", "2016-06-30": "", "2016-03-31": "", "2015-12-31": "", "2015-09-30": "", "2015-06-30": "", "2015-03-31": "", "2014-12-31": "", "2014-09-30": "", "2014-06-30": "", "2014-03-31": "", "2013-12-31": "", "2013-09-30": "", "2013-06-30": "", "2013-03-31": "", "2012-12-31": "", "2012-09-30": "", "2012-06-30": "", "2012-03-31": "", "2011-12-31": "", "2011-09-30": "", "2011-06-30": "", "2011-03-31": "", "2010-12-31": "", "2010-09-30": "", "2010-06-30": "", "2010-03-31": "", "2009-12-31": "", "2009-09-30": "", "2009-06-30": "", "2009-03-31": "", "2008-12-31": "", "2008-09-30": "", "2008-06-30": "", "2008-03-31": "", "2007-12-31": "", "2007-09-30": "", "2007-06-30": "", "2007-03-31": "", "2006-12-31": "", "2006-09-30": "", "2006-06-30": "", "2006-03-31": "", "2005-12-31": "", "2005-09-30": "", "2005-06-30": "", "2005-03-31": ""}, "Other Current Assets": {"2020-12-31": "212.00000", "2020-09-30": "255.00000", "2020-06-30": "261.00000", "2020-03-31": "253.00000", "2019-12-31": "222.00000", "2019-09-30": "342.00000", "2019-06-30": "393.00000", "2019-03-31": "382.00000", "2018-12-31": "333.00000", "2018-09-30": "335.00000", "2018-06-30": "394.00000", "2018-03-31": "380.00000", "2017-12-31": "399.00000", "2017-09-30": "342.00000", "2017-06-30": "410.00000", "2017-03-31": "410.00000", "2016-12-31": "284.00000", "2016-09-30": "322.00000", "2016-06-30": "373.00000", "2016-03-31": "339.00000", "2015-12-31": "647.00000", "2015-09-30": "397.00000", "2015-06-30": "432.00000", "2015-03-31": "334.00000", "2014-12-31": "492.00000", "2014-09-30": "304.00000", "2014-06-30": "322.00000", "2014-03-31": "316.00000", "2013-12-31": "223.00000", "2013-09-30": "316.00000", "2013-06-30": "334.00000", "2013-03-31": "311.00000", "2012-12-31": "297.00000", "2012-09-30": "260.00000", "2012-06-30": "288.00000", "2012-03-31": "247.00000", "2011-12-31": "189.00000", "2011-09-30": "231.00000", "2011-06-30": "272.00000", "2011-03-31": "265.00000", "2010-12-31": "367.00000", "2010-09-30": "394.00000", "2010-06-30": "275.00000", "2010-03-31": "280.00000", "2009-12-31": "350.00000", "2009-09-30": "266.00000", "2009-06-30": "271.00000", "2009-03-31": "267.00000", "2008-12-31": "244.00000", "2008-09-30": "260.00000", "2008-06-30": "262.00000", "2008-03-31": "247.00000", "2007-12-31": "295.00000", "2007-09-30": "224.00000", "2007-06-30": "265.00000", "2007-03-31": "265.00000", "2006-12-31": "191.00000", "2006-09-30": "181.00000", "2006-06-30": "164.00000", "2006-03-31": "163.00000", "2005-12-31": "170.00000", "2005-09-30": "204.00000", "2005-06-30": "168.00000", "2005-03-31": "173.00000"}, "Total Current Assets": {"2020-12-31": "4214.00000", "2020-09-30": "5130.00000", "2020-06-30": "5083.00000", "2020-03-31": "3804.00000", "2019-12-31": "3459.00000", "2019-09-30": "4073.00000", "2019-06-30": "4086.00000", "2019-03-31": "3953.00000", "2018-12-31": "4163.00000", "2018-09-30": "4816.00000", "2018-06-30": "4494.00000", "2018-03-31": "3897.00000", "2017-12-31": "4006.00000", "2017-09-30": "4449.00000", "2017-06-30": "3869.00000", "2017-03-31": "3588.00000", "2016-12-31": "3596.00000", "2016-09-30": "4602.00000", "2016-06-30": "4566.00000", "2016-03-31": "5083.00000", "2015-12-31": "4130.00000", "2015-09-30": "3942.00000", "2015-06-30": "4983.00000", "2015-03-31": "4479.00000", "2014-12-31": "4401.00000", "2014-09-30": "4780.00000", "2014-06-30": "4503.00000", "2014-03-31": "4679.00000", "2013-12-31": "3990.00000", "2013-09-30": "4064.00000", "2013-06-30": "4543.00000", "2013-03-31": "4646.00000", "2012-12-31": "3614.00000", "2012-09-30": "3946.00000", "2012-06-30": "3956.00000", "2012-03-31": "3565.00000", "2011-12-31": "3727.00000", "2011-09-30": "4214.00000", "2011-06-30": "3699.00000", "2011-03-31": "3677.00000", "2010-12-31": "3432.00000", "2010-09-30": "3910.00000", "2010-06-30": "3702.00000", "2010-03-31": "4112.00000", "2009-12-31": "3680.00000", "2009-09-30": "3217.00000", "2009-06-30": "3346.00000", "2009-03-31": "3017.00000", "2008-12-31": "2813.00000", "2008-09-30": "2889.00000", "2008-06-30": "2676.00000", "2008-03-31": "2647.00000", "2007-12-31": "2594.00000", "2007-09-30": "2863.00000", "2007-06-30": "2272.00000", "2007-03-31": "2256.00000", "2006-12-31": "2411.00000", "2006-09-30": "2365.00000", "2006-06-30": "1887.00000", "2006-03-31": "1860.00000", "2005-12-31": "2325.00000", "2005-09-30": "2061.00000", "2005-06-30": "1861.00000", "2005-03-31": "2366.00000"}, "Property, Plant, And Equipment": {"2020-12-31": "54161.00000", "2020-09-30": "54375.00000", "2020-06-30": "54270.00000", "2020-03-31": "54121.00000", "2019-12-31": "53916.00000", "2019-09-30": "53488.00000", "2019-06-30": "53115.00000", "2019-03-31": "52856.00000", "2018-12-31": "52679.00000", "2018-09-30": "52210.00000", "2018-06-30": "51947.00000", "2018-03-31": "51696.00000", "2017-12-31": "51605.00000", "2017-09-30": "51036.00000", "2017-06-30": "50814.00000", "2017-03-31": "50550.00000", "2016-12-31": "50389.00000", "2016-09-30": "49939.00000", "2016-06-30": "49461.00000", "2016-03-31": "49071.00000", "2015-12-31": "48866.00000", "2015-09-30": "48149.00000", "2015-06-30": "47512.00000", "2015-03-31": "46928.00000", "2014-12-31": "46272.00000", "2014-09-30": "45553.00000", "2014-06-30": "44901.00000", "2014-03-31": "44189.00000", "2013-12-31": "43749.00000", "2013-09-30": "43311.00000", "2013-06-30": "42911.00000", "2013-03-31": "42376.00000", "2012-12-31": "41997.00000", "2012-09-30": "41617.00000", "2012-06-30": "40937.00000", "2012-03-31": "40309.00000", "2011-12-31": "39934.00000", "2011-09-30": "39425.00000", "2011-06-30": "38908.00000", "2011-03-31": "38512.00000", "2010-12-31": "38253.00000", "2010-09-30": "37749.00000", "2010-06-30": "37527.00000", "2010-03-31": "37301.00000", "2009-12-31": "37202.00000", "2009-09-30": "37122.00000", "2009-06-30": "36763.00000", "2009-03-31": "35856.00000", "2008-12-31": "35701.00000", "2008-09-30": "35302.00000", "2008-06-30": "34960.00000", "2008-03-31": "34439.00000", "2007-12-31": "34158.00000", "2007-09-30": "33793.00000", "2007-06-30": "33359.00000", "2007-03-31": "33066.00000", "2006-12-31": "32873.00000", "2006-09-30": "32644.00000", "2006-06-30": "32491.00000", "2006-03-31": "32234.00000", "2005-12-31": "31975.00000", "2005-09-30": "31821.00000", "2005-06-30": "31546.00000", "2005-03-31": "31230.00000"}, "Long-Term Investments": {"2020-12-31": "2164.00000", "2020-09-30": "2071.00000", "2020-06-30": "2042.00000", "2020-03-31": "2078.00000", "2019-12-31": "2050.00000", "2019-09-30": "2003.00000", "2019-06-30": "1989.00000", "2019-03-31": "1951.00000", "2018-12-31": "1912.00000", "2018-09-30": "1887.00000", "2018-06-30": "1856.00000", "2018-03-31": "1810.00000", "2017-12-31": "1809.00000", "2017-09-30": "1566.00000", "2017-06-30": "1504.00000", "2017-03-31": "1480.00000", "2016-12-31": "1457.00000", "2016-09-30": "1446.00000", "2016-06-30": "1408.00000", "2016-03-31": "1404.00000", "2015-12-31": "1410.00000", "2015-09-30": "1373.00000", "2015-06-30": "1375.00000", "2015-03-31": "1375.00000", "2014-12-31": "1390.00000", "2014-09-30": "1384.00000", "2014-06-30": "1369.00000", "2014-03-31": "1344.00000", "2013-12-31": "1321.00000", "2013-09-30": "1282.00000", "2013-06-30": "1272.00000", "2013-03-31": "1240.00000", "2012-12-31": "1259.00000", "2012-09-30": "1235.00000", "2012-06-30": "1211.00000", "2012-03-31": "1210.00000", "2011-12-31": "1175.00000", "2011-09-30": "1171.00000", "2011-06-30": "1176.00000", "2011-03-31": "1157.00000", "2010-12-31": "1137.00000", "2010-09-30": "1104.00000", "2010-06-30": "1064.00000", "2010-03-31": "1036.00000", "2009-12-31": "1036.00000", "2009-09-30": "1013.00000", "2009-06-30": "990.00000", "2009-03-31": "947.00000", "2008-12-31": "974.00000", "2008-09-30": "1009.00000", "2008-06-30": "979.00000", "2008-03-31": "946.00000", "2007-12-31": "923.00000", "2007-09-30": "924.00000", "2007-06-30": "906.00000", "2007-03-31": "894.00000", "2006-12-31": "877.00000", "2006-09-30": "858.00000", "2006-06-30": "831.00000", "2006-03-31": "830.00000", "2005-12-31": "806.00000", "2005-09-30": "780.00000", "2005-06-30": "786.00000", "2005-03-31": "777.00000"}, "Goodwill And Intangible Assets": {"2020-12-31": "", "2020-09-30": "", "2020-06-30": "", "2020-03-31": "", "2019-12-31": "", "2019-09-30": "", "2019-06-30": "", "2019-03-31": "", "2018-12-31": "", "2018-09-30": "", "2018-06-30": "", "2018-03-31": "", "2017-12-31": "", "2017-09-30": "", "2017-06-30": "", "2017-03-31": "", "2016-12-31": "", "2016-09-30": "", "2016-06-30": "", "2016-03-31": "", "2015-12-31": "", "2015-09-30": "", "2015-06-30": "", "2015-03-31": "", "2014-12-31": "", "2014-09-30": "", "2014-06-30": "", "2014-03-31": "", "2013-12-31": "", "2013-09-30": "", "2013-06-30": "", "2013-03-31": "", "2012-12-31": "", "2012-09-30": "", "2012-06-30": "", "2012-03-31": "", "2011-12-31": "", "2011-09-30": "", "2011-06-30": "", "2011-03-31": "", "2010-12-31": "", "2010-09-30": "", "2010-06-30": "", "2010-03-31": "", "2009-12-31": "", "2009-09-30": "", "2009-06-30": "", "2009-03-31": "", "2008-12-31": "", "2008-09-30": "", "2008-06-30": "", "2008-03-31": "", "2007-12-31": "", "2007-09-30": "", "2007-06-30": "", "2007-03-31": "", "2006-12-31": "", "2006-09-30": "", "2006-06-30": "", "2006-03-31": "", "2005-12-31": "", "2005-09-30": "", "2005-06-30": "", "2005-03-31": ""}, "Other Long-Term Assets": {"2020-12-31": "249.00000", "2020-09-30": "496.00000", "2020-06-30": "460.00000", "2020-03-31": "440.00000", "2019-12-31": "436.00000", "2019-09-30": "483.00000", "2019-06-30": "442.00000", "2019-03-31": "413.00000", "2018-12-31": "393.00000", "2018-09-30": "399.00000", "2018-06-30": "392.00000", "2018-03-31": "386.00000", "2017-12-31": "386.00000", "2017-09-30": "346.00000", "2017-06-30": "291.00000", "2017-03-31": "282.00000", "2016-12-31": "276.00000", "2016-09-30": "318.00000", "2016-06-30": "255.00000", "2016-03-31": "214.00000", "2015-12-31": "194.00000", "2015-09-30": "299.00000", "2015-06-30": "307.00000", "2015-03-31": "363.00000", "2014-12-31": "309.00000", "2014-09-30": "851.00000", "2014-06-30": "789.00000", "2014-03-31": "686.00000", "2013-12-31": "671.00000", "2013-09-30": "301.00000", "2013-06-30": "300.00000", "2013-03-31": "299.00000", "2012-12-31": "283.00000", "2012-09-30": "272.00000", "2012-06-30": "270.00000", "2012-03-31": "252.00000", "2011-12-31": "260.00000", "2011-09-30": "256.00000", "2011-06-30": "246.00000", "2011-03-31": "241.00000", "2010-12-31": "266.00000", "2010-09-30": "238.00000", "2010-06-30": "242.00000", "2010-03-31": "263.00000", "2009-12-31": "266.00000", "2009-09-30": "337.00000", "2009-06-30": "451.00000", "2009-03-31": "379.00000", "2008-12-31": "234.00000", "2008-09-30": "351.00000", "2008-06-30": "497.00000", "2008-03-31": "523.00000", "2007-12-31": "358.00000", "2007-09-30": "337.00000", "2007-06-30": "765.00000", "2007-03-31": "470.00000", "2006-12-31": "354.00000", "2006-09-30": "505.00000", "2006-06-30": "798.00000", "2006-03-31": "620.00000", "2005-12-31": "514.00000", "2005-09-30": "509.00000", "2005-06-30": "916.00000", "2005-03-31": "641.00000"}, "Total Long-Term Assets": {"2020-12-31": "58184.00000", "2020-09-30": "58584.00000", "2020-06-30": "58472.00000", "2020-03-31": "58412.00000", "2019-12-31": "58214.00000", "2019-09-30": "57905.00000", "2019-06-30": "57622.00000", "2019-03-31": "57366.00000", "2018-12-31": "54984.00000", "2018-09-30": "54496.00000", "2018-06-30": "54195.00000", "2018-03-31": "53892.00000", "2017-12-31": "53800.00000", "2017-09-30": "52948.00000", "2017-06-30": "52609.00000", "2017-03-31": "52312.00000", "2016-12-31": "52122.00000", "2016-09-30": "51703.00000", "2016-06-30": "51124.00000", "2016-03-31": "50689.00000", "2015-12-31": "50470.00000", "2015-09-30": "49821.00000", "2015-06-30": "49194.00000", "2015-03-31": "48666.00000", "2014-12-31": "47971.00000", "2014-09-30": "47788.00000", "2014-06-30": "47059.00000", "2014-03-31": "46219.00000", "2013-12-31": "45741.00000", "2013-09-30": "44894.00000", "2013-06-30": "44483.00000", "2013-03-31": "43915.00000", "2012-12-31": "43539.00000", "2012-09-30": "43124.00000", "2012-06-30": "42418.00000", "2012-03-31": "41771.00000", "2011-12-31": "41369.00000", "2011-09-30": "40852.00000", "2011-06-30": "40330.00000", "2011-03-31": "39910.00000", "2010-12-31": "39656.00000", "2010-09-30": "39091.00000", "2010-06-30": "38833.00000", "2010-03-31": "38600.00000", "2009-12-31": "38504.00000", "2009-09-30": "38472.00000", "2009-06-30": "38204.00000", "2009-03-31": "37182.00000", "2008-12-31": "36909.00000", "2008-09-30": "36662.00000", "2008-06-30": "36436.00000", "2008-03-31": "35908.00000", "2007-12-31": "35439.00000", "2007-09-30": "35054.00000", "2007-06-30": "35030.00000", "2007-03-31": "34430.00000", "2006-12-31": "34104.00000", "2006-09-30": "34007.00000", "2006-06-30": "34120.00000", "2006-03-31": "33684.00000", "2005-12-31": "33295.00000", "2005-09-30": "33110.00000", "2005-06-30": "33248.00000", "2005-03-31": "32648.00000"}, "Total Assets": {"2020-12-31": "62398.00000", "2020-09-30": "63714.00000", "2020-06-30": "63555.00000", "2020-03-31": "62216.00000", "2019-12-31": "61673.00000", "2019-09-30": "61978.00000", "2019-06-30": "61708.00000", "2019-03-31": "61319.00000", "2018-12-31": "59147.00000", "2018-09-30": "59312.00000", "2018-06-30": "58689.00000", "2018-03-31": "57789.00000", "2017-12-31": "57806.00000", "2017-09-30": "57397.00000", "2017-06-30": "56478.00000", "2017-03-31": "55900.00000", "2016-12-31": "55718.00000", "2016-09-30": "56305.00000", "2016-06-30": "55690.00000", "2016-03-31": "55772.00000", "2015-12-31": "54600.00000", "2015-09-30": "53763.00000", "2015-06-30": "54177.00000", "2015-03-31": "53145.00000", "2014-12-31": "52372.00000", "2014-09-30": "52568.00000", "2014-06-30": "51562.00000", "2014-03-31": "50898.00000", "2013-12-31": "49731.00000", "2013-09-30": "48958.00000", "2013-06-30": "49026.00000", "2013-03-31": "48561.00000", "2012-12-31": "47153.00000", "2012-09-30": "47070.00000", "2012-06-30": "46374.00000", "2012-03-31": "45336.00000", "2011-12-31": "45096.00000", "2011-09-30": "45066.00000", "2011-06-30": "44029.00000", "2011-03-31": "43587.00000", "2010-12-31": "43088.00000", "2010-09-30": "43001.00000", "2010-06-30": "42535.00000", "2010-03-31": "42712.00000", "2009-12-31": "42184.00000", "2009-09-30": "41689.00000", "2009-06-30": "41550.00000", "2009-03-31": "40199.00000", "2008-12-31": "39722.00000", "2008-09-30": "39551.00000", "2008-06-30": "39112.00000", "2008-03-31": "38555.00000", "2007-12-31": "38033.00000", "2007-09-30": "37917.00000", "2007-06-30": "37302.00000", "2007-03-31": "36686.00000", "2006-12-31": "36515.00000", "2006-09-30": "36372.00000", "2006-06-30": "36007.00000", "2006-03-31": "35544.00000", "2005-12-31": "35620.00000", "2005-09-30": "35171.00000", "2005-06-30": "35109.00000", "2005-03-31": "35014.00000"}, "Total Current Liabilities": {"2020-12-31": "4173.00000", "2020-09-30": "4841.00000", "2020-06-30": "5279.00000", "2020-03-31": "4641.00000", "2019-12-31": "4351.00000", "2019-09-30": "4587.00000", "2019-06-30": "5665.00000", "2019-03-31": "5262.00000", "2018-12-31": "4626.00000", "2018-09-30": "4529.00000", "2018-06-30": "4372.00000", "2018-03-31": "4746.00000", "2017-12-31": "3939.00000", "2017-09-30": "3831.00000", "2017-06-30": "3406.00000", "2017-03-31": "3848.00000", "2016-12-31": "3640.00000", "2016-09-30": "3257.00000", "2016-06-30": "3095.00000", "2016-03-31": "3287.00000", "2015-12-31": "3206.00000", "2015-09-30": "3508.00000", "2015-06-30": "3413.00000", "2015-03-31": "3390.00000", "2014-12-31": "3764.00000", "2014-09-30": "3833.00000", "2014-06-30": "3777.00000", "2014-03-31": "4188.00000", "2013-12-31": "3791.00000", "2013-09-30": "3655.00000", "2013-06-30": "3825.00000", "2013-03-31": "3610.00000", "2012-12-31": "3119.00000", "2012-09-30": "3874.00000", "2012-06-30": "3917.00000", "2012-03-31": "3902.00000", "2011-12-31": "3317.00000", "2011-09-30": "3724.00000", "2011-06-30": "3153.00000", "2011-03-31": "2947.00000", "2010-12-31": "2952.00000", "2010-09-30": "3185.00000", "2010-06-30": "3035.00000", "2010-03-31": "2909.00000", "2009-12-31": "2682.00000", "2009-09-30": "2748.00000", "2009-06-30": "2834.00000", "2009-03-31": "2682.00000", "2008-12-31": "2880.00000", "2008-09-30": "3441.00000", "2008-06-30": "3354.00000", "2008-03-31": "3132.00000", "2007-12-31": "3041.00000", "2007-09-30": "3146.00000", "2007-06-30": "3135.00000", "2007-03-31": "2963.00000", "2006-12-31": "3539.00000", "2006-09-30": "3103.00000", "2006-06-30": "3114.00000", "2006-03-31": "2990.00000", "2005-12-31": "3384.00000", "2005-09-30": "2771.00000", "2005-06-30": "2785.00000", "2005-03-31": "2550.00000"}, "Long Term Debt": {"2020-12-31": "25660.00000", "2020-09-30": "26080.00000", "2020-06-30": "26439.00000", "2020-03-31": "26365.00000", "2019-12-31": "23943.00000", "2019-09-30": "24314.00000", "2019-06-30": "22955.00000", "2019-03-31": "23409.00000", "2018-12-31": "20925.00000", "2018-09-30": "20943.00000", "2018-06-30": "21357.00000", "2018-03-31": "15697.00000", "2017-12-31": "16144.00000", "2017-09-30": "15930.00000", "2017-06-30": "15229.00000", "2017-03-31": "14310.00000", "2016-12-31": "14249.00000", "2016-09-30": "15205.00000", "2016-06-30": "14777.00000", "2016-03-31": "14791.00000", "2015-12-31": "13607.00000", "2015-09-30": "12798.00000", "2015-06-30": "12908.00000", "2015-03-31": "11884.00000", "2014-12-31": "10952.00000", "2014-09-30": "11045.00000", "2014-06-30": "10385.00000", "2014-03-31": "9544.00000", "2013-12-31": "8872.00000", "2013-09-30": "8764.00000", "2013-06-30": "9076.00000", "2013-03-31": "9309.00000", "2012-12-31": "8801.00000", "2012-09-30": "8773.00000", "2012-06-30": "8636.00000", "2012-03-31": "8066.00000", "2011-12-31": "8697.00000", "2011-09-30": "8765.00000", "2011-06-30": "8759.00000", "2011-03-31": "9016.00000", "2010-12-31": "9003.00000", "2010-09-30": "9060.00000", "2010-06-30": "9117.00000", "2010-03-31": "9480.00000", "2009-12-31": "9636.00000", "2009-09-30": "9620.00000", "2009-06-30": "9816.00000", "2009-03-31": "9058.00000", "2008-12-31": "8607.00000", "2008-09-30": "8116.00000", "2008-06-30": "8154.00000", "2008-03-31": "7930.00000", "2007-12-31": "7543.00000", "2007-09-30": "7697.00000", "2007-06-30": "7098.00000", "2007-03-31": "6594.00000", "2006-12-31": "6000.00000", "2006-09-30": "6657.00000", "2006-06-30": "6678.00000", "2006-03-31": "6712.00000", "2005-12-31": "6760.00000", "2005-09-30": "7323.00000", "2005-06-30": "7565.00000", "2005-03-31": "7919.00000"}, "Other Non-Current Liabilities": {"2020-12-31": "2077.00000", "2020-09-30": "1973.00000", "2020-06-30": "1894.00000", "2020-03-31": "1792.00000", "2019-12-31": "1788.00000", "2019-09-30": "1775.00000", "2019-06-30": "1731.00000", "2019-03-31": "1835.00000", "2018-12-31": "1871.00000", "2018-09-30": "1925.00000", "2018-06-30": "1942.00000", "2018-03-31": "1907.00000", "2017-12-31": "1931.00000", "2017-09-30": "1961.00000", "2017-06-30": "1899.00000", "2017-03-31": "1862.00000", "2016-12-31": "1901.00000", "2016-09-30": "1785.00000", "2016-06-30": "1803.00000", "2016-03-31": "1815.00000", "2015-12-31": "1844.00000", "2015-09-30": "1796.00000", "2015-06-30": "1959.00000", "2015-03-31": "2040.00000", "2014-12-31": "2064.00000", "2014-09-30": "1716.00000", "2014-06-30": "1659.00000", "2014-03-31": "1665.00000", "2013-12-31": "1680.00000", "2013-09-30": "2026.00000", "2013-06-30": "2124.00000", "2013-03-31": "2210.00000", "2012-12-31": "2248.00000", "2012-09-30": "2016.00000", "2012-06-30": "2088.00000", "2012-03-31": "2108.00000", "2011-12-31": "2136.00000", "2011-09-30": "1722.00000", "2011-06-30": "1795.00000", "2011-03-31": "1790.00000", "2010-12-31": "1813.00000", "2010-09-30": "1840.00000", "2010-06-30": "1871.00000", "2010-03-31": "1994.00000", "2009-12-31": "2021.00000", "2009-09-30": "2297.00000", "2009-06-30": "2394.00000", "2009-03-31": "2488.00000", "2008-12-31": "2506.00000", "2008-09-30": "1866.00000", "2008-06-30": "1818.00000", "2008-03-31": "1835.00000", "2007-12-31": "1814.00000", "2007-09-30": "1318.00000", "2007-06-30": "1333.00000", "2007-03-31": "1472.00000", "2006-12-31": "1464.00000", "2006-09-30": "1421.00000", "2006-06-30": "1420.00000", "2006-03-31": "1419.00000", "2005-12-31": "1432.00000", "2005-09-30": "1405.00000", "2005-06-30": "1364.00000", "2005-03-31": "1383.00000"}, "Total Long Term Liabilities": {"2020-12-31": "41267.00000", "2020-09-30": "41674.00000", "2020-06-30": "41824.00000", "2020-03-31": "41584.00000", "2019-12-31": "39194.00000", "2019-09-30": "39375.00000", "2019-06-30": "37872.00000", "2019-03-31": "38315.00000", "2018-12-31": "34098.00000", "2018-09-30": "34138.00000", "2018-06-30": "34408.00000", "2018-03-31": "28654.00000", "2017-12-31": "29011.00000", "2017-09-30": "34415.00000", "2017-06-30": "33457.00000", "2017-03-31": "32329.00000", "2016-12-31": "32146.00000", "2016-09-30": "32764.00000", "2016-06-30": "32173.00000", "2016-03-31": "32010.00000", "2015-12-31": "30692.00000", "2015-09-30": "29656.00000", "2015-06-30": "29774.00000", "2015-03-31": "28698.00000", "2014-12-31": "27419.00000", "2014-09-30": "27182.00000", "2014-06-30": "26345.00000", "2014-03-31": "25438.00000", "2013-12-31": "24715.00000", "2013-09-30": "24529.00000", "2013-06-30": "24677.00000", "2013-03-31": "24807.00000", "2012-12-31": "24157.00000", "2012-09-30": "23647.00000", "2012-06-30": "23370.00000", "2012-03-31": "22679.00000", "2011-12-31": "23201.00000", "2011-09-30": "22777.00000", "2011-06-30": "22570.00000", "2011-03-31": "22594.00000", "2010-12-31": "22373.00000", "2010-09-30": "22380.00000", "2010-06-30": "22177.00000", "2010-03-31": "22590.00000", "2009-12-31": "22701.00000", "2009-09-30": "22512.00000", "2009-06-30": "22697.00000", "2009-03-31": "21863.00000", "2008-12-31": "21395.00000", "2008-09-30": "20375.00000", "2008-06-30": "20192.00000", "2008-03-31": "19866.00000", "2007-12-31": "19407.00000", "2007-09-30": "19388.00000", "2007-06-30": "18722.00000", "2007-03-31": "18276.00000", "2006-12-31": "17664.00000", "2006-09-30": "18499.00000", "2006-06-30": "18478.00000", "2006-03-31": "18489.00000", "2005-12-31": "18529.00000", "2005-09-30": "19029.00000", "2005-06-30": "19339.00000", "2005-03-31": "19656.00000"}, "Total Liabilities": {"2020-12-31": "45440.00000", "2020-09-30": "46515.00000", "2020-06-30": "47103.00000", "2020-03-31": "46225.00000", "2019-12-31": "43545.00000", "2019-09-30": "43962.00000", "2019-06-30": "43537.00000", "2019-03-31": "43577.00000", "2018-12-31": "38724.00000", "2018-09-30": "38667.00000", "2018-06-30": "38780.00000", "2018-03-31": "33400.00000", "2017-12-31": "32950.00000", "2017-09-30": "38246.00000", "2017-06-30": "36863.00000", "2017-03-31": "36177.00000", "2016-12-31": "35786.00000", "2016-09-30": "36021.00000", "2016-06-30": "35268.00000", "2016-03-31": "35297.00000", "2015-12-31": "33898.00000", "2015-09-30": "33164.00000", "2015-06-30": "33187.00000", "2015-03-31": "32088.00000", "2014-12-31": "31183.00000", "2014-09-30": "31015.00000", "2014-06-30": "30122.00000", "2014-03-31": "29626.00000", "2013-12-31": "28506.00000", "2013-09-30": "28184.00000", "2013-06-30": "28502.00000", "2013-03-31": "28417.00000", "2012-12-31": "27276.00000", "2012-09-30": "27521.00000", "2012-06-30": "27287.00000", "2012-03-31": "26581.00000", "2011-12-31": "26518.00000", "2011-09-30": "26501.00000", "2011-06-30": "25723.00000", "2011-03-31": "25541.00000", "2010-12-31": "25325.00000", "2010-09-30": "25565.00000", "2010-06-30": "25212.00000", "2010-03-31": "25499.00000", "2009-12-31": "25383.00000", "2009-09-30": "25260.00000", "2009-06-30": "25531.00000", "2009-03-31": "24545.00000", "2008-12-31": "24275.00000", "2008-09-30": "23816.00000", "2008-06-30": "23546.00000", "2008-03-31": "22998.00000", "2007-12-31": "22448.00000", "2007-09-30": "22534.00000", "2007-06-30": "21857.00000", "2007-03-31": "21239.00000", "2006-12-31": "21203.00000", "2006-09-30": "21602.00000", "2006-06-30": "21592.00000", "2006-03-31": "21479.00000", "2005-12-31": "21913.00000", "2005-09-30": "21800.00000", "2005-06-30": "22124.00000", "2005-03-31": "22206.00000"}, "Common Stock Net": {"2020-12-31": "2781.00000", "2020-09-30": "2781.00000", "2020-06-30": "2781.00000", "2020-03-31": "2781.00000", "2019-12-31": "2780.00000", "2019-09-30": "2780.00000", "2019-06-30": "2780.00000", "2019-03-31": "2780.00000", "2018-12-31": "2779.00000", "2018-09-30": "2779.00000", "2018-06-30": "2779.00000", "2018-03-31": "2779.00000", "2017-12-31": "2778.00000", "2017-09-30": "2778.00000", "2017-06-30": "2778.00000", "2017-03-31": "2779.00000", "2016-12-31": "2777.00000", "2016-09-30": "2777.00000", "2016-06-30": "2778.00000", "2016-03-31": "2778.00000", "2015-12-31": "2776.00000", "2015-09-30": "2776.00000", "2015-06-30": "2776.00000", "2015-03-31": "2776.00000", "2014-12-31": "2775.00000", "2014-09-30": "2775.00000", "2014-06-30": "2775.00000", "2014-03-31": "1388.00000", "2013-12-31": "2774.00000", "2013-09-30": "1387.00000", "2013-06-30": "1387.00000", "2013-03-31": "1387.00000", "2012-12-31": "1386.00000", "2012-09-30": "1386.00000", "2012-06-30": "1386.00000", "2012-03-31": "1387.00000", "2011-12-31": "1386.00000", "2011-09-30": "1386.00000", "2011-06-30": "1386.00000", "2011-03-31": "1386.00000", "2010-12-31": "1385.00000", "2010-09-30": "1385.00000", "2010-06-30": "1385.00000", "2010-03-31": "1385.00000", "2009-12-31": "1384.00000", "2009-09-30": "1384.00000", "2009-06-30": "1384.00000", "2009-03-31": "1384.00000", "2008-12-31": "1382.00000", "2008-09-30": "1382.00000", "2008-06-30": "1382.00000", "2008-03-31": "691.00000", "2007-12-31": "690.00000", "2007-09-30": "690.00000", "2007-06-30": "690.00000", "2007-03-31": "690.00000", "2006-12-31": "690.00000", "2006-09-30": "690.00000", "2006-06-30": "690.00000", "2006-03-31": "690.00000", "2005-12-31": "689.00000", "2005-09-30": "689.00000", "2005-06-30": "689.00000", "2005-03-31": "689.00000"}, "Retained Earnings (Accumulated Deficit)": {"2020-12-31": "51326.00000", "2020-09-30": "50600.00000", "2020-06-30": "49892.00000", "2020-03-31": "49419.00000", "2019-12-31": "48605.00000", "2019-09-30": "47875.00000", "2019-06-30": "46997.00000", "2019-03-31": "46049.00000", "2018-12-31": "45284.00000", "2018-09-30": "44313.00000", "2018-06-30": "43311.00000", "2018-03-31": "42359.00000", "2017-12-31": "41317.00000", "2017-09-30": "34561.00000", "2017-06-30": "33847.00000", "2017-03-31": "33167.00000", "2016-12-31": "32587.00000", "2016-09-30": "31940.00000", "2016-06-30": "31266.00000", "2016-03-31": "30747.00000", "2015-12-31": "30233.00000", "2015-09-30": "29583.00000", "2015-06-30": "28759.00000", "2015-03-31": "28034.00000", "2014-12-31": "27367.00000", "2014-09-30": "26380.00000", "2014-06-30": "25456.00000", "2014-03-31": "25962.00000", "2013-12-31": "23901.00000", "2013-09-30": "24476.00000", "2013-06-30": "23690.00000", "2013-03-31": "22905.00000", "2012-12-31": "22271.00000", "2012-09-30": "21560.00000", "2012-06-30": "20802.00000", "2012-03-31": "20084.00000", "2011-12-31": "19508.00000", "2011-09-30": "18833.00000", "2011-06-30": "18159.00000", "2011-03-31": "17607.00000", "2010-12-31": "17154.00000", "2010-09-30": "16566.00000", "2010-06-30": "15951.00000", "2010-03-31": "15406.00000", "2009-12-31": "15027.00000", "2009-09-30": "14752.00000", "2009-06-30": "14371.00000", "2009-03-31": "14040.00000", "2008-12-31": "13813.00000", "2008-09-30": "13289.00000", "2008-06-30": "12721.00000", "2008-03-31": "12996.00000", "2007-12-31": "12667.00000", "2007-09-30": "12292.00000", "2007-06-30": "11851.00000", "2007-03-31": "11499.00000", "2006-12-31": "11215.00000", "2006-09-30": "10811.00000", "2006-06-30": "10472.00000", "2006-03-31": "10162.00000", "2005-12-31": "9932.00000", "2005-09-30": "9716.00000", "2005-06-30": "9427.00000", "2005-03-31": "9272.00000"}, "Comprehensive Income": {"2020-12-31": "-1593.00000", "2020-09-30": "-1351.00000", "2020-06-30": "-1372.00000", "2020-03-31": "-1329.00000", "2019-12-31": "-1356.00000", "2019-09-30": "-1305.00000", "2019-06-30": "-1298.00000", "2019-03-31": "-1378.00000", "2018-12-31": "-1415.00000", "2018-09-30": "-1392.00000", "2018-06-30": "-1428.00000", "2018-03-31": "-1422.00000", "2017-12-31": "-1141.00000", "2017-09-30": "-1172.00000", "2017-06-30": "-1221.00000", "2017-03-31": "-1252.00000", "2016-12-31": "-1272.00000", "2016-09-30": "-1185.00000", "2016-06-30": "-1198.00000", "2016-03-31": "-1208.00000", "2015-12-31": "-1195.00000", "2015-09-30": "-1212.00000", "2015-06-30": "-1208.00000", "2015-03-31": "-1218.00000", "2014-12-31": "-1210.00000", "2014-09-30": "-708.00000", "2014-06-30": "-714.00000", "2014-03-31": "-734.00000", "2013-12-31": "-750.00000", "2013-09-30": "-1143.00000", "2013-06-30": "-1148.00000", "2013-03-31": "-1169.00000", "2012-12-31": "-1186.00000", "2012-09-30": "-1015.00000", "2012-06-30": "-1061.00000", "2012-03-31": "-1046.00000", "2011-12-31": "-1054.00000", "2011-09-30": "-732.00000", "2011-06-30": "-719.00000", "2011-03-31": "-728.00000", "2010-12-31": "-734.00000", "2010-09-30": "-649.00000", "2010-06-30": "-648.00000", "2010-03-31": "-648.00000", "2009-12-31": "-654.00000", "2009-09-30": "-713.00000", "2009-06-30": "-714.00000", "2009-03-31": "-730.00000", "2008-12-31": "-704.00000", "2008-09-30": "-68.00000", "2008-06-30": "-69.00000", "2008-03-31": "-76.00000", "2007-12-31": "-74.00000", "2007-09-30": "-140.00000", "2007-06-30": "-137.00000", "2007-03-31": "-141.00000", "2006-12-31": "-142.00000", "2006-09-30": "-230.00000", "2006-06-30": "-233.00000", "2006-03-31": "-227.00000", "2005-12-31": "-230.00000", "2005-09-30": "-235.00000", "2005-06-30": "-236.00000", "2005-03-31": "-237.00000"}, "Other Share Holders Equity": {"2020-12-31": "", "2020-09-30": "", "2020-06-30": "", "2020-03-31": "", "2019-12-31": "", "2019-09-30": "", "2019-06-30": "", "2019-03-31": "", "2018-12-31": "", "2018-09-30": "", "2018-06-30": "", "2018-03-31": "", "2017-12-31": "", "2017-09-30": "", "2017-06-30": "", "2017-03-31": "", "2016-12-31": "", "2016-09-30": "", "2016-06-30": "", "2016-03-31": "", "2015-12-31": "", "2015-09-30": "", "2015-06-30": "", "2015-03-31": "", "2014-12-31": "", "2014-09-30": "", "2014-06-30": "", "2014-03-31": "", "2013-12-31": "", "2013-09-30": "", "2013-06-30": "", "2013-03-31": "", "2012-12-31": "", "2012-09-30": "", "2012-06-30": "", "2012-03-31": "", "2011-12-31": "", "2011-09-30": "", "2011-06-30": "", "2011-03-31": "", "2010-12-31": "", "2010-09-30": "", "2010-06-30": "", "2010-03-31": "", "2009-12-31": "", "2009-09-30": "", "2009-06-30": "", "2009-03-31": "", "2008-12-31": "", "2008-09-30": "", "2008-06-30": "", "2008-03-31": "", "2007-12-31": "", "2007-09-30": "", "2007-06-30": "", "2007-03-31": "", "2006-12-31": "", "2006-09-30": "", "2006-06-30": "", "2006-03-31": "", "2005-12-31": "", "2005-09-30": "", "2005-06-30": "", "2005-03-31": ""}, "Share Holder Equity": {"2020-12-31": "16958.00000", "2020-09-30": "17199.00000", "2020-06-30": "16452.00000", "2020-03-31": "15991.00000", "2019-12-31": "18128.00000", "2019-09-30": "18016.00000", "2019-06-30": "18171.00000", "2019-03-31": "17742.00000", "2018-12-31": "20423.00000", "2018-09-30": "20645.00000", "2018-06-30": "19909.00000", "2018-03-31": "24389.00000", "2017-12-31": "24856.00000", "2017-09-30": "19151.00000", "2017-06-30": "19615.00000", "2017-03-31": "19723.00000", "2016-12-31": "19932.00000", "2016-09-30": "20284.00000", "2016-06-30": "20422.00000", "2016-03-31": "20475.00000", "2015-12-31": "20702.00000", "2015-09-30": "20599.00000", "2015-06-30": "20990.00000", "2015-03-31": "21057.00000", "2014-12-31": "21189.00000", "2014-09-30": "21553.00000", "2014-06-30": "21440.00000", "2014-03-31": "21272.00000", "2013-12-31": "21225.00000", "2013-09-30": "20774.00000", "2013-06-30": "20524.00000", "2013-03-31": "20144.00000", "2012-12-31": "19877.00000", "2012-09-30": "19549.00000", "2012-06-30": "19087.00000", "2012-03-31": "18755.00000", "2011-12-31": "18578.00000", "2011-09-30": "18565.00000", "2011-06-30": "18306.00000", "2011-03-31": "18046.00000", "2010-12-31": "17763.00000", "2010-09-30": "17436.00000", "2010-06-30": "17323.00000", "2010-03-31": "17213.00000", "2009-12-31": "16801.00000", "2009-09-30": "16429.00000", "2009-06-30": "16019.00000", "2009-03-31": "15654.00000", "2008-12-31": "15447.00000", "2008-09-30": "15735.00000", "2008-06-30": "15566.00000", "2008-03-31": "15557.00000", "2007-12-31": "15585.00000", "2007-09-30": "15383.00000", "2007-06-30": "15445.00000", "2007-03-31": "15447.00000", "2006-12-31": "15312.00000", "2006-09-30": "14770.00000", "2006-06-30": "14415.00000", "2006-03-31": "14065.00000", "2005-12-31": "13707.00000", "2005-09-30": "13371.00000", "2005-06-30": "12985.00000", "2005-03-31": "12808.00000"}, "Total Liabilities And Share Holders Equity": {"2020-12-31": "62398.00000", "2020-09-30": "63714.00000", "2020-06-30": "63555.00000", "2020-03-31": "62216.00000", "2019-12-31": "61673.00000", "2019-09-30": "61978.00000", "2019-06-30": "61708.00000", "2019-03-31": "61319.00000", "2018-12-31": "59147.00000", "2018-09-30": "59312.00000", "2018-06-30": "58689.00000", "2018-03-31": "57789.00000", "2017-12-31": "57806.00000", "2017-09-30": "57397.00000", "2017-06-30": "56478.00000", "2017-03-31": "55900.00000", "2016-12-31": "55718.00000", "2016-09-30": "56305.00000", "2016-06-30": "55690.00000", "2016-03-31": "55772.00000", "2015-12-31": "54600.00000", "2015-09-30": "53763.00000", "2015-06-30": "54177.00000", "2015-03-31": "53145.00000", "2014-12-31": "52372.00000", "2014-09-30": "52568.00000", "2014-06-30": "51562.00000", "2014-03-31": "50898.00000", "2013-12-31": "49731.00000", "2013-09-30": "48958.00000", "2013-06-30": "49026.00000", "2013-03-31": "48561.00000", "2012-12-31": "47153.00000", "2012-09-30": "47070.00000", "2012-06-30": "46374.00000", "2012-03-31": "45336.00000", "2011-12-31": "45096.00000", "2011-09-30": "45066.00000", "2011-06-30": "44029.00000", "2011-03-31": "43587.00000", "2010-12-31": "43088.00000", "2010-09-30": "43001.00000", "2010-06-30": "42535.00000", "2010-03-31": "42712.00000", "2009-12-31": "42184.00000", "2009-09-30": "41689.00000", "2009-06-30": "41550.00000", "2009-03-31": "40199.00000", "2008-12-31": "39722.00000", "2008-09-30": "39551.00000", "2008-06-30": "39112.00000", "2008-03-31": "38555.00000", "2007-12-31": "38033.00000", "2007-09-30": "37917.00000", "2007-06-30": "37302.00000", "2007-03-31": "36686.00000", "2006-12-31": "36515.00000", "2006-09-30": "36372.00000", "2006-06-30": "36007.00000", "2006-03-31": "35544.00000", "2005-12-31": "35620.00000", "2005-09-30": "35171.00000", "2005-06-30": "35109.00000", "2005-03-31": "35014.00000"}}, "cash flow statement": {"Net Income/Loss": {"2020-12-31": "5349.00000", "2019-12-31": "5919.00000", "2018-12-31": "5966.00000", "2017-12-31": "10712.00000", "2016-12-31": "4233.00000", "2015-12-31": "4772.00000", "2014-12-31": "5180.00000", "2013-12-31": "4388.00000", "2012-12-31": "3943.00000", "2011-12-31": "3292.00000", "2010-12-31": "2780.00000", "2009-12-31": "1890.00000", "2008-12-31": "2335.00000", "2007-12-31": "1855.00000", "2006-12-31": "1606.00000", "2005-12-31": "1026.00000"}, "Total Depreciation And Amortization - Cash Flow": {"2020-12-31": "2210.00000", "2019-12-31": "2216.00000", "2018-12-31": "2191.00000", "2017-12-31": "2105.00000", "2016-12-31": "2038.00000", "2015-12-31": "2012.00000", "2014-12-31": "1904.00000", "2013-12-31": "1777.00000", "2012-12-31": "1760.00000", "2011-12-31": "1617.00000", "2010-12-31": "1487.00000", "2009-12-31": "1427.00000", "2008-12-31": "1366.00000", "2007-12-31": "1321.00000", "2006-12-31": "1237.00000", "2005-12-31": "1175.00000"}, "Other Non-Cash Items": {"2020-12-31": "225.00000", "2019-12-31": "546.00000", "2018-12-31": "308.00000", "2017-12-31": "-5178.00000", "2016-12-31": "737.00000", "2015-12-31": "621.00000", "2014-12-31": "826.00000", "2013-12-31": "691.00000", "2012-12-31": "887.00000", "2011-12-31": "986.00000", "2010-12-31": "672.00000", "2009-12-31": "556.00000", "2008-12-31": "504.00000", "2007-12-31": "280.00000", "2006-12-31": "198.00000", "2005-12-31": "206.00000"}, "Total Non-Cash Items": {"2020-12-31": "2435.00000", "2019-12-31": "2762.00000", "2018-12-31": "2499.00000", "2017-12-31": "-3073.00000", "2016-12-31": "2775.00000", "2015-12-31": "2633.00000", "2014-12-31": "2730.00000", "2013-12-31": "2468.00000", "2012-12-31": "2647.00000", "2011-12-31": "2603.00000", "2010-12-31": "2159.00000", "2009-12-31": "1983.00000", "2008-12-31": "1870.00000", "2007-12-31": "1601.00000", "2006-12-31": "1435.00000", "2005-12-31": "1381.00000"}, "Change In Accounts Receivable": {"2020-12-31": "90.00000", "2019-12-31": "160.00000", "2018-12-31": "-262.00000", "2017-12-31": "-235.00000", "2016-12-31": "98.00000", "2015-12-31": "255.00000", "2014-12-31": "-197.00000", "2013-12-31": "-83.00000", "2012-12-31": "70.00000", "2011-12-31": "-217.00000", "2010-12-31": "-518.00000", "2009-12-31": "-72.00000", "2008-12-31": "38.00000", "2007-12-31": "47.00000", "2006-12-31": "", "2005-12-31": ""}, "Change In Inventories": {"2020-12-31": "113.00000", "2019-12-31": "-9.00000", "2018-12-31": "7.00000", "2017-12-31": "-32.00000", "2016-12-31": "19.00000", "2015-12-31": "-24.00000", "2014-12-31": "-59.00000", "2013-12-31": "7.00000", "2012-12-31": "-46.00000", "2011-12-31": "-80.00000", "2010-12-31": "-59.00000", "2009-12-31": "-25.00000", "2008-12-31": "3.00000", "2007-12-31": "-58.00000", "2006-12-31": "", "2005-12-31": ""}, "Change In Accounts Payable": {"2020-12-31": "", "2019-12-31": "", "2018-12-31": "", "2017-12-31": "", "2016-12-31": "", "2015-12-31": "", "2014-12-31": "", "2013-12-31": "", "2012-12-31": "", "2011-12-31": "", "2010-12-31": "", "2009-12-31": "", "2008-12-31": "", "2007-12-31": "", "2006-12-31": "", "2005-12-31": ""}, "Change In Assets/Liabilities": {"2020-12-31": "-34.00000", "2019-12-31": "87.00000", "2018-12-31": "-24.00000", "2017-12-31": "9.00000", "2016-12-31": "22.00000", "2015-12-31": "-47.00000", "2014-12-31": "-35.00000", "2013-12-31": "1.00000", "2012-12-31": "-108.00000", "2011-12-31": "178.00000", "2010-12-31": "-17.00000", "2009-12-31": "-106.00000", "2008-12-31": "51.00000", "2007-12-31": "-104.00000", "2006-12-31": "14.00000", "2005-12-31": "151.00000"}, "Total Change In Assets/Liabilities": {"2020-12-31": "266.00000", "2019-12-31": "-170.00000", "2018-12-31": "-126.00000", "2017-12-31": "-127.00000", "2016-12-31": "745.00000", "2015-12-31": "-177.00000", "2014-12-31": "-309.00000", "2013-12-31": "161.00000", "2012-12-31": "-269.00000", "2011-12-31": "276.00000", "2010-12-31": "-351.00000", "2009-12-31": "-293.00000", "2008-12-31": "-250.00000", "2007-12-31": "28.00000", "2006-12-31": "14.00000", "2005-12-31": "151.00000"}, "Cash Flow From Operating Activities": {"2020-12-31": "8540.00000", "2019-12-31": "8609.00000", "2018-12-31": "8686.00000", "2017-12-31": "7230.00000", "2016-12-31": "7525.00000", "2015-12-31": "7344.00000", "2014-12-31": "7385.00000", "2013-12-31": "6823.00000", "2012-12-31": "6161.00000", "2011-12-31": "5873.00000", "2010-12-31": "4105.00000", "2009-12-31": "3204.00000", "2008-12-31": "4044.00000", "2007-12-31": "3277.00000", "2006-12-31": "2880.00000", "2005-12-31": "2595.00000"}, "Net Change In Property, Plant, And Equipment": {"2020-12-31": "-2778.00000", "2019-12-31": "-3379.00000", "2018-12-31": "-3374.00000", "2017-12-31": "-3070.00000", "2016-12-31": "-3376.00000", "2015-12-31": "-4399.00000", "2014-12-31": "-4208.00000", "2013-12-31": "-3398.00000", "2012-12-31": "-3658.00000", "2011-12-31": "-3153.00000", "2010-12-31": "-2415.00000", "2009-12-31": "-2267.00000", "2008-12-31": "-3049.00000", "2007-12-31": "-2995.00000", "2006-12-31": "-2645.00000", "2005-12-31": "-2856.00000"}, "Net Change In Intangible Assets": {"2020-12-31": "", "2019-12-31": "", "2018-12-31": "", "2017-12-31": "", "2016-12-31": "", "2015-12-31": "", "2014-12-31": "", "2013-12-31": "", "2012-12-31": "", "2011-12-31": "", "2010-12-31": "", "2009-12-31": "", "2008-12-31": "", "2007-12-31": "", "2006-12-31": "", "2005-12-31": ""}, "Net Acquisitions/Divestitures": {"2020-12-31": "", "2019-12-31": "", "2018-12-31": "", "2017-12-31": "", "2016-12-31": "", "2015-12-31": "", "2014-12-31": "", "2013-12-31": "", "2012-12-31": "-274.00000", "2011-12-31": "", "2010-12-31": "", "2009-12-31": "", "2008-12-31": "", "2007-12-31": "", "2006-12-31": "", "2005-12-31": ""}, "Net Change In Short-term Investments": {"2020-12-31": "5.00000", "2019-12-31": "15.00000", "2018-12-31": "0.00000", "2017-12-31": "-30.00000", "2016-12-31": "-60.00000", "2015-12-31": "", "2014-12-31": "", "2013-12-31": "", "2012-12-31": "", "2011-12-31": "", "2010-12-31": "", "2009-12-31": "", "2008-12-31": "", "2007-12-31": "", "2006-12-31": "", "2005-12-31": ""}, "Net Change In Long-Term Investments": {"2020-12-31": "", "2019-12-31": "", "2018-12-31": "", "2017-12-31": "", "2016-12-31": "", "2015-12-31": "", "2014-12-31": "", "2013-12-31": "", "2012-12-31": "", "2011-12-31": "", "2010-12-31": "", "2009-12-31": "", "2008-12-31": "", "2007-12-31": "", "2006-12-31": "", "2005-12-31": ""}, "Net Change In Investments - Total": {"2020-12-31": "5.00000", "2019-12-31": "15.00000", "2018-12-31": "", "2017-12-31": "-30.00000", "2016-12-31": "-60.00000", "2015-12-31": "", "2014-12-31": "", "2013-12-31": "", "2012-12-31": "", "2011-12-31": "", "2010-12-31": "", "2009-12-31": "", "2008-12-31": "", "2007-12-31": "", "2006-12-31": "", "2005-12-31": ""}, "Investing Activities - Other": {"2020-12-31": "97.00000", "2019-12-31": "-71.00000", "2018-12-31": "-37.00000", "2017-12-31": "14.00000", "2016-12-31": "43.00000", "2015-12-31": "-77.00000", "2014-12-31": "-41.00000", "2013-12-31": "-7.00000", "2012-12-31": "299.00000", "2011-12-31": "34.00000", "2010-12-31": "-73.00000", "2009-12-31": "122.00000", "2008-12-31": "311.00000", "2007-12-31": "569.00000", "2006-12-31": "603.00000", "2005-12-31": "809.00000"}, "Cash Flow From Investing Activities": {"2020-12-31": "-2676.00000", "2019-12-31": "-3435.00000", "2018-12-31": "-3411.00000", "2017-12-31": "-3086.00000", "2016-12-31": "-3393.00000", "2015-12-31": "-4476.00000", "2014-12-31": "-4249.00000", "2013-12-31": "-3405.00000", "2012-12-31": "-3633.00000", "2011-12-31": "-3119.00000", "2010-12-31": "-2488.00000", "2009-12-31": "-2145.00000", "2008-12-31": "-2738.00000", "2007-12-31": "-2426.00000", "2006-12-31": "-2042.00000", "2005-12-31": "-2047.00000"}, "Net Long-Term Debt": {"2020-12-31": "1623.00000", "2019-12-31": "2782.00000", "2018-12-31": "5156.00000", "2017-12-31": "1895.00000", "2016-12-31": "779.00000", "2015-12-31": "2772.00000", "2014-12-31": "1878.00000", "2013-12-31": "514.00000", "2012-12-31": "-63.00000", "2011-12-31": "-476.00000", "2010-12-31": "-616.00000", "2009-12-31": "-28.00000", "2008-12-31": "1049.00000", "2007-12-31": "789.00000", "2006-12-31": "-657.00000", "2005-12-31": "-699.00000"}, "Net Current Debt": {"2020-12-31": "-127.00000", "2019-12-31": "-6.00000", "2018-12-31": "194.00000", "2017-12-31": "", "2016-12-31": "", "2015-12-31": "", "2014-12-31": "", "2013-12-31": "", "2012-12-31": "", "2011-12-31": "", "2010-12-31": "", "2009-12-31": "", "2008-12-31": "", "2007-12-31": "", "2006-12-31": "", "2005-12-31": ""}, "Debt Issuance/Retirement Net - Total": {"2020-12-31": "1496.00000", "2019-12-31": "2776.00000", "2018-12-31": "5350.00000", "2017-12-31": "1895.00000", "2016-12-31": "779.00000", "2015-12-31": "2772.00000", "2014-12-31": "1878.00000", "2013-12-31": "514.00000", "2012-12-31": "-63.00000", "2011-12-31": "-476.00000", "2010-12-31": "-616.00000", "2009-12-31": "-28.00000", "2008-12-31": "1049.00000", "2007-12-31": "789.00000", "2006-12-31": "-657.00000", "2005-12-31": "-699.00000"}, "Net Common Equity Issued/Repurchased": {"2020-12-31": "-3705.00000", "2019-12-31": "-5804.00000", "2018-12-31": "-8225.00000", "2017-12-31": "-4013.00000", "2016-12-31": "-3105.00000", "2015-12-31": "-3465.00000", "2014-12-31": "-3225.00000", "2013-12-31": "-2218.00000", "2012-12-31": "-1474.00000", "2011-12-31": "-1418.00000", "2010-12-31": "-1249.00000", "2009-12-31": "", "2008-12-31": "-1609.00000", "2007-12-31": "-1375.00000", "2006-12-31": "160.00000", "2005-12-31": ""}, "Net Total Equity Issued/Repurchased": {"2020-12-31": "-3705.00000", "2019-12-31": "-5804.00000", "2018-12-31": "-8225.00000", "2017-12-31": "-4013.00000", "2016-12-31": "-3105.00000", "2015-12-31": "-3465.00000", "2014-12-31": "-3225.00000", "2013-12-31": "-2218.00000", "2012-12-31": "-1474.00000", "2011-12-31": "-1418.00000", "2010-12-31": "-1249.00000", "2009-12-31": "", "2008-12-31": "-1609.00000", "2007-12-31": "-1375.00000", "2006-12-31": "160.00000", "2005-12-31": ""}, "Total Common And Preferred Stock Dividends Paid": {"2020-12-31": "-2626.00000", "2019-12-31": "-2598.00000", "2018-12-31": "-2299.00000", "2017-12-31": "-1982.00000", "2016-12-31": "-1879.00000", "2015-12-31": "-2344.00000", "2014-12-31": "-1632.00000", "2013-12-31": "-1333.00000", "2012-12-31": "-1146.00000", "2011-12-31": "-837.00000", "2010-12-31": "-602.00000", "2009-12-31": "-544.00000", "2008-12-31": "-481.00000", "2007-12-31": "-364.00000", "2006-12-31": "-322.00000", "2005-12-31": "-314.00000"}, "Financial Activities - Other": {"2020-12-31": "-67.00000", "2019-12-31": "-20.00000", "2018-12-31": "-48.00000", "2017-12-31": "-46.00000", "2016-12-31": "-41.00000", "2015-12-31": "-26.00000", "2014-12-31": "-3.00000", "2013-12-31": "-12.00000", "2012-12-31": "1.00000", "2011-12-31": "108.00000", "2010-12-31": "86.00000", "2009-12-31": "114.00000", "2008-12-31": "106.00000", "2007-12-31": "150.00000", "2006-12-31": "35.00000", "2005-12-31": "261.00000"}, "Cash Flow From Financial Activities": {"2020-12-31": "-4902.00000", "2019-12-31": "-5646.00000", "2018-12-31": "-5222.00000", "2017-12-31": "-4146.00000", "2016-12-31": "-4246.00000", "2015-12-31": "-3063.00000", "2014-12-31": "-2982.00000", "2013-12-31": "-3049.00000", "2012-12-31": "-2682.00000", "2011-12-31": "-2623.00000", "2010-12-31": "-2381.00000", "2009-12-31": "-458.00000", "2008-12-31": "-935.00000", "2007-12-31": "-800.00000", "2006-12-31": "-784.00000", "2005-12-31": "-752.00000"}, "Net Cash Flow": {"2020-12-31": "962.00000", "2019-12-31": "-472.00000", "2018-12-31": "53.00000", "2017-12-31": "-2.00000", "2016-12-31": "-114.00000", "2015-12-31": "-195.00000", "2014-12-31": "154.00000", "2013-12-31": "369.00000", "2012-12-31": "-154.00000", "2011-12-31": "131.00000", "2010-12-31": "-764.00000", "2009-12-31": "601.00000", "2008-12-31": "371.00000", "2007-12-31": "51.00000", "2006-12-31": "54.00000", "2005-12-31": "-204.00000"}, "Stock-Based Compensation": {"2020-12-31": "", "2019-12-31": "", "2018-12-31": "", "2017-12-31": "", "2016-12-31": "", "2015-12-31": "", "2014-12-31": "", "2013-12-31": "", "2012-12-31": "", "2011-12-31": "", "2010-12-31": "", "2009-12-31": "", "2008-12-31": "", "2007-12-31": "", "2006-12-31": "35.00000", "2005-12-31": "21.00000"}, "Common Stock Dividends Paid": {"2020-12-31": "-2626.00000", "2019-12-31": "-2598.00000", "2018-12-31": "-2299.00000", "2017-12-31": "-1982.00000", "2016-12-31": "-1879.00000", "2015-12-31": "-2344.00000", "2014-12-31": "-1632.00000", "2013-12-31": "-1333.00000", "2012-12-31": "-1146.00000", "2011-12-31": "-837.00000", "2010-12-31": "-602.00000", "2009-12-31": "-544.00000", "2008-12-31": "-481.00000", "2007-12-31": "-364.00000", "2006-12-31": "-322.00000", "2005-12-31": "-314.00000"}}, "cash flow statement, quarterly": {"Net Income/Loss": {"2020-12-31": 1380, "2020-09-30": 1363, "2020-06-30": 1132, "2020-03-31": "1474.00000", "2019-12-31": 1403, "2019-09-30": 1555, "2019-06-30": 1570, "2019-03-31": "1391.00000", "2018-12-31": 1554, "2018-09-30": 1593, "2018-06-30": 1509, "2018-03-31": "1310.00000", "2017-12-31": 7278, "2017-09-30": 1194, "2017-06-30": 1168, "2017-03-31": "1072.00000", "2016-12-31": 1144, "2016-09-30": 1131, "2016-06-30": 979, "2016-03-31": "979.00000", "2015-12-31": 1117, "2015-09-30": 1300, "2015-06-30": 1204, "2015-03-31": "1151.00000", "2014-12-31": 1431, "2014-09-30": 1370, "2014-06-30": 1291, "2014-03-31": "1088.00000", "2013-12-31": 1174, "2013-09-30": 1151, "2013-06-30": 1106, "2013-03-31": "957.00000", "2012-12-31": 1036, "2012-09-30": 1042, "2012-06-30": 1002, "2012-03-31": "863.00000", "2011-12-31": 964, "2011-09-30": 904, "2011-06-30": 785, "2011-03-31": "639.00000", "2010-12-31": 775, "2010-09-30": 778, "2010-06-30": 711, "2010-03-31": "516.00000", "2009-12-31": 549, "2009-09-30": 514, "2009-06-30": 465, "2009-03-31": "362.00000", "2008-12-31": 658, "2008-09-30": 703, "2008-06-30": 531, "2008-03-31": "443.00000", "2007-12-31": 491, "2007-09-30": 532, "2007-06-30": 446, "2007-03-31": "386.00000", "2006-12-31": 485, "2006-09-30": 420, "2006-06-30": 390, "2006-03-31": "311.00000", "2005-12-31": 296, "2005-09-30": 369, "2005-06-30": 233, "2005-03-31": "128.00000"}, "Total Depreciation And Amortization - Cash Flow": {"2020-12-31": 557, "2020-09-30": 555, "2020-06-30": 551, "2020-03-31": "547.00000", "2019-12-31": 559, "2019-09-30": 557, "2019-06-30": 551, "2019-03-31": "549.00000", "2018-12-31": 555, "2018-09-30": 547, "2018-06-30": 546, "2018-03-31": "543.00000", "2017-12-31": 532, "2017-09-30": 528, "2017-06-30": 525, "2017-03-31": "520.00000", "2016-12-31": 520, "2016-09-30": 512, "2016-06-30": 504, "2016-03-31": "502.00000", "2015-12-31": 517, "2015-09-30": 507, "2015-06-30": 497, "2015-03-31": "491.00000", "2014-12-31": 489, "2014-09-30": 481, "2014-06-30": 470, "2014-03-31": "464.00000", "2013-12-31": 458, "2013-09-30": 447, "2013-06-30": 438, "2013-03-31": "434.00000", "2012-12-31": 453, "2012-09-30": 447, "2012-06-30": 433, "2012-03-31": "427.00000", "2011-12-31": 413, "2011-09-30": 408, "2011-06-30": 401, "2011-03-31": "395.00000", "2010-12-31": 380, "2010-09-30": 372, "2010-06-30": 368, "2010-03-31": "367.00000", "2009-12-31": 373, "2009-09-30": 363, "2009-06-30": 350, "2009-03-31": "341.00000", "2008-12-31": 332, "2008-09-30": 348, "2008-06-30": 346, "2008-03-31": "340.00000", "2007-12-31": 337, "2007-09-30": 332, "2007-06-30": 327, "2007-03-31": "325.00000", "2006-12-31": 315, "2006-09-30": 311, "2006-06-30": 308, "2006-03-31": "303.00000", "2005-12-31": 300, "2005-09-30": 294, "2005-06-30": 292, "2005-03-31": "289.00000"}, "Other Non-Cash Items": {"2020-12-31": -102, "2020-09-30": 156, "2020-06-30": 80, "2020-03-31": "91.00000", "2019-12-31": 249, "2019-09-30": 88, "2019-06-30": 106, "2019-03-31": "103.00000", "2018-12-31": -4, "2018-09-30": 108, "2018-06-30": 92, "2018-03-31": "112.00000", "2017-12-31": -5692, "2017-09-30": 216, "2017-06-30": 153, "2017-03-31": "145.00000", "2016-12-31": 218, "2016-09-30": 170, "2016-06-30": 180, "2016-03-31": "169.00000", "2015-12-31": 404, "2015-09-30": 108, "2015-06-30": 8, "2015-03-31": "101.00000", "2014-12-31": 552, "2014-09-30": 130, "2014-06-30": 69, "2014-03-31": "75.00000", "2013-12-31": 54, "2013-09-30": 272, "2013-06-30": 181, "2013-03-31": "184.00000", "2012-12-31": 397, "2012-09-30": 216, "2012-06-30": 150, "2012-03-31": "124.00000", "2011-12-31": 265, "2011-09-30": 262, "2011-06-30": 287, "2011-03-31": "172.00000", "2010-12-31": 251, "2010-09-30": 310, "2010-06-30": 61, "2010-03-31": "50.00000", "2009-12-31": 384, "2009-09-30": 95, "2009-06-30": 64, "2009-03-31": "13.00000", "2008-12-31": 209, "2008-09-30": 154, "2008-06-30": 102, "2008-03-31": "39.00000", "2007-12-31": 92, "2007-09-30": 84, "2007-06-30": 53, "2007-03-31": "51.00000", "2006-12-31": 62, "2006-09-30": 50, "2006-06-30": 38, "2006-03-31": "48.00000", "2005-12-31": 121, "2005-09-30": -41, "2005-06-30": 95, "2005-03-31": "31.00000"}, "Total Non-Cash Items": {"2020-12-31": 455, "2020-09-30": 711, "2020-06-30": 631, "2020-03-31": "638.00000", "2019-12-31": 808, "2019-09-30": 645, "2019-06-30": 657, "2019-03-31": "652.00000", "2018-12-31": 551, "2018-09-30": 655, "2018-06-30": 638, "2018-03-31": "655.00000", "2017-12-31": -5160, "2017-09-30": 744, "2017-06-30": 678, "2017-03-31": "665.00000", "2016-12-31": 738, "2016-09-30": 682, "2016-06-30": 684, "2016-03-31": "671.00000", "2015-12-31": 921, "2015-09-30": 615, "2015-06-30": 505, "2015-03-31": "592.00000", "2014-12-31": 1041, "2014-09-30": 611, "2014-06-30": 539, "2014-03-31": "539.00000", "2013-12-31": 512, "2013-09-30": 719, "2013-06-30": 619, "2013-03-31": "618.00000", "2012-12-31": 850, "2012-09-30": 663, "2012-06-30": 583, "2012-03-31": "551.00000", "2011-12-31": 678, "2011-09-30": 670, "2011-06-30": 688, "2011-03-31": "567.00000", "2010-12-31": 631, "2010-09-30": 682, "2010-06-30": 429, "2010-03-31": "417.00000", "2009-12-31": 757, "2009-09-30": 458, "2009-06-30": 414, "2009-03-31": "354.00000", "2008-12-31": 541, "2008-09-30": 502, "2008-06-30": 448, "2008-03-31": "379.00000", "2007-12-31": 429, "2007-09-30": 416, "2007-06-30": 380, "2007-03-31": "376.00000", "2006-12-31": 377, "2006-09-30": 361, "2006-06-30": 346, "2006-03-31": "351.00000", "2005-12-31": 421, "2005-09-30": 253, "2005-06-30": 387, "2005-03-31": "320.00000"}, "Change In Accounts Receivable": {"2020-12-31": 60, "2020-09-30": -177, "2020-06-30": 281, "2020-03-31": "-74.00000", "2019-12-31": 55, "2019-09-30": 159, "2019-06-30": -137, "2019-03-31": "83.00000", "2018-12-31": 37, "2018-09-30": -158, "2018-06-30": -63, "2018-03-31": "-78.00000", "2017-12-31": -65, "2017-09-30": -71, "2017-06-30": -78, "2017-03-31": "-21.00000", "2016-12-31": 93, "2016-09-30": 22, "2016-06-30": -18, "2016-03-31": "1.00000", "2015-12-31": 152, "2015-09-30": 5, "2015-06-30": 51, "2015-03-31": "47.00000", "2014-12-31": 24, "2014-09-30": 31, "2014-06-30": -124, "2014-03-31": "-128.00000", "2013-12-31": 55, "2013-09-30": -1, "2013-06-30": 44, "2013-03-31": "-181.00000", "2012-12-31": 252, "2012-09-30": -86, "2012-06-30": -170, "2012-03-31": "74.00000", "2011-12-31": 23, "2011-09-30": 3, "2011-06-30": -152, "2011-03-31": "-91.00000", "2010-12-31": 113, "2010-09-30": -47, "2010-06-30": -32, "2010-03-31": "-552.00000", "2009-12-31": 61, "2009-09-30": -98, "2009-06-30": -81, "2009-03-31": "46.00000", "2008-12-31": 266, "2008-09-30": 17, "2008-06-30": -245, "2008-03-31": "", "2007-12-31": 47, "2007-09-30": 0, "2007-06-30": 0, "2007-03-31": "", "2006-12-31": 0, "2006-09-30": 0, "2006-06-30": -17, "2006-03-31": "17.00000", "2005-12-31": 0, "2005-09-30": 0, "2005-06-30": 55, "2005-03-31": "-55.00000"}, "Change In Inventories": {"2020-12-31": 11, "2020-09-30": 19, "2020-06-30": 24, "2020-03-31": "59.00000", "2019-12-31": 20, "2019-09-30": 4, "2019-06-30": 5, "2019-03-31": "-38.00000", "2018-12-31": 47, "2018-09-30": -17, "2018-06-30": 36, "2018-03-31": "-59.00000", "2017-12-31": -7, "2017-09-30": -16, "2017-06-30": 34, "2017-03-31": "-43.00000", "2016-12-31": -27, "2016-09-30": -30, "2016-06-30": 56, "2016-03-31": "20.00000", "2015-12-31": 5, "2015-09-30": 21, "2015-06-30": -18, "2015-03-31": "-32.00000", "2014-12-31": 24, "2014-09-30": 3, "2014-06-30": -34, "2014-03-31": "-52.00000", "2013-12-31": 30, "2013-09-30": -29, "2013-06-30": 1, "2013-03-31": "5.00000", "2012-12-31": 20, "2012-09-30": -34, "2012-06-30": 36, "2012-03-31": "-68.00000", "2011-12-31": -7, "2011-09-30": 23, "2011-06-30": -48, "2011-03-31": "-48.00000", "2010-12-31": -30, "2010-09-30": -8, "2010-06-30": 10, "2010-03-31": "-31.00000", "2009-12-31": 15, "2009-09-30": 17, "2009-06-30": -61, "2009-03-31": "4.00000", "2008-12-31": 119, "2008-09-30": 11, "2008-06-30": -127, "2008-03-31": "", "2007-12-31": -58, "2007-09-30": 0, "2007-06-30": 0, "2007-03-31": "", "2006-12-31": 0, "2006-09-30": 0, "2006-06-30": 85, "2006-03-31": "-85.00000", "2005-12-31": 0, "2005-09-30": 0, "2005-06-30": 27, "2005-03-31": "-27.00000"}, "Change In Accounts Payable": {"2020-12-31": 0, "2020-09-30": 0, "2020-06-30": 0, "2020-03-31": "", "2019-12-31": 0, "2019-09-30": 0, "2019-06-30": 0, "2019-03-31": "", "2018-12-31": 0, "2018-09-30": 0, "2018-06-30": 0, "2018-03-31": "", "2017-12-31": 0, "2017-09-30": 0, "2017-06-30": 0, "2017-03-31": "", "2016-12-31": 0, "2016-09-30": 0, "2016-06-30": 0, "2016-03-31": "", "2015-12-31": 0, "2015-09-30": 0, "2015-06-30": 0, "2015-03-31": "", "2014-12-31": 0, "2014-09-30": 0, "2014-06-30": 0, "2014-03-31": "", "2013-12-31": 0, "2013-09-30": 0, "2013-06-30": 0, "2013-03-31": "", "2012-12-31": 0, "2012-09-30": 0, "2012-06-30": 0, "2012-03-31": "", "2011-12-31": 0, "2011-09-30": 0, "2011-06-30": 0, "2011-03-31": "", "2010-12-31": 0, "2010-09-30": 0, "2010-06-30": 0, "2010-03-31": "", "2009-12-31": 0, "2009-09-30": 0, "2009-06-30": 0, "2009-03-31": "", "2008-12-31": 0, "2008-09-30": 0, "2008-06-30": 0, "2008-03-31": "", "2007-12-31": 0, "2007-09-30": 0, "2007-06-30": 0, "2007-03-31": "", "2006-12-31": 0, "2006-09-30": 0, "2006-06-30": 0, "2006-03-31": "", "2005-12-31": 0, "2005-09-30": 0, "2005-06-30": 0, "2005-03-31": ""}, "Change In Assets/Liabilities": {"2020-12-31": -27, "2020-09-30": 29, "2020-06-30": -37, "2020-03-31": "1.00000", "2019-12-31": 99, "2019-09-30": 73, "2019-06-30": -28, "2019-03-31": "-57.00000", "2018-12-31": 41, "2018-09-30": 42, "2018-06-30": 5, "2018-03-31": "-112.00000", "2017-12-31": 67, "2017-09-30": 56, "2017-06-30": 18, "2017-03-31": "-132.00000", "2016-12-31": 37, "2016-09-30": 41, "2016-06-30": -19, "2016-03-31": "-37.00000", "2015-12-31": 83, "2015-09-30": 15, "2015-06-30": -70, "2015-03-31": "-75.00000", "2014-12-31": 46, "2014-09-30": 10, "2014-06-30": 2, "2014-03-31": "-93.00000", "2013-12-31": 20, "2013-09-30": 18, "2013-06-30": -23, "2013-03-31": "-14.00000", "2012-12-31": -37, "2012-09-30": 28, "2012-06-30": -41, "2012-03-31": "-58.00000", "2011-12-31": 42, "2011-09-30": 41, "2011-06-30": -7, "2011-03-31": "102.00000", "2010-12-31": 27, "2010-09-30": -119, "2010-06-30": 5, "2010-03-31": "70.00000", "2009-12-31": -84, "2009-09-30": 5, "2009-06-30": -4, "2009-03-31": "-23.00000", "2008-12-31": 16, "2008-09-30": 2, "2008-06-30": 75, "2008-03-31": "-42.00000", "2007-12-31": -93, "2007-09-30": -84, "2007-06-30": 80, "2007-03-31": "-7.00000", "2006-12-31": 162, "2006-09-30": -46, "2006-06-30": -155, "2006-03-31": "53.00000", "2005-12-31": 169, "2005-09-30": -121, "2005-06-30": 91, "2005-03-31": "12.00000"}, "Total Change In Assets/Liabilities": {"2020-12-31": 341, "2020-09-30": -601, "2020-06-30": 419, "2020-03-31": "107.00000", "2019-12-31": 138, "2019-09-30": 103, "2019-06-30": -380, "2019-03-31": "-31.00000", "2018-12-31": 228, "2018-09-30": 28, "2018-06-30": 21, "2018-03-31": "-403.00000", "2017-12-31": 81, "2017-09-30": 35, "2017-06-30": -295, "2017-03-31": "52.00000", "2016-12-31": 136, "2016-09-30": 207, "2016-06-30": -195, "2016-03-31": "597.00000", "2015-12-31": -468, "2015-09-30": 65, "2015-06-30": -56, "2015-03-31": "282.00000", "2014-12-31": -211, "2014-09-30": 106, "2014-06-30": -401, "2014-03-31": "197.00000", "2013-12-31": 300, "2013-09-30": -140, "2013-06-30": 56, "2013-03-31": "-55.00000", "2012-12-31": -3, "2012-09-30": -68, "2012-06-30": -171, "2012-03-31": "-27.00000", "2011-12-31": 84, "2011-09-30": 175, "2011-06-30": 0, "2011-03-31": "17.00000", "2010-12-31": 297, "2010-09-30": -435, "2010-06-30": 100, "2010-03-31": "-313.00000", "2009-12-31": -113, "2009-09-30": -161, "2009-06-30": -31, "2009-03-31": "12.00000", "2008-12-31": -134, "2008-09-30": -84, "2008-06-30": 10, "2008-03-31": "-42.00000", "2007-12-31": 39, "2007-09-30": -84, "2007-06-30": 80, "2007-03-31": "-7.00000", "2006-12-31": 162, "2006-09-30": -46, "2006-06-30": 90, "2006-03-31": "-192.00000", "2005-12-31": 169, "2005-09-30": -121, "2005-06-30": 141, "2005-03-31": "-38.00000"}, "Cash Flow From Operating Activities": {"2020-12-31": 2547, "2020-09-30": 1601, "2020-06-30": 2237, "2020-03-31": "2155.00000", "2019-12-31": 2345, "2019-09-30": 2364, "2019-06-30": 1941, "2019-03-31": "1959.00000", "2018-12-31": 2312, "2018-09-30": 2341, "2018-06-30": 2132, "2018-03-31": "1901.00000", "2017-12-31": 1832, "2017-09-30": 1939, "2017-06-30": 1576, "2017-03-31": "1883.00000", "2016-12-31": 2058, "2016-09-30": 1942, "2016-06-30": 1352, "2016-03-31": "2173.00000", "2015-12-31": 1719, "2015-09-30": 1852, "2015-06-30": 1709, "2015-03-31": "2064.00000", "2014-12-31": 2027, "2014-09-30": 2137, "2014-06-30": 1454, "2014-03-31": "1767.00000", "2013-12-31": 1942, "2013-09-30": 1663, "2013-06-30": 1694, "2013-03-31": "1524.00000", "2012-12-31": 1795, "2012-09-30": 1590, "2012-06-30": 1372, "2012-03-31": "1404.00000", "2011-12-31": 1539, "2011-09-30": 1694, "2011-06-30": 1346, "2011-03-31": "1294.00000", "2010-12-31": 1385, "2010-09-30": 1025, "2010-06-30": 1039, "2010-03-31": "656.00000", "2009-12-31": 1005, "2009-09-30": 691, "2009-06-30": 790, "2009-03-31": "718.00000", "2008-12-31": 1006, "2008-09-30": 1202, "2008-06-30": 1001, "2008-03-31": "835.00000", "2007-12-31": 910, "2007-09-30": 883, "2007-06-30": 753, "2007-03-31": "731.00000", "2006-12-31": 901, "2006-09-30": 746, "2006-06-30": 826, "2006-03-31": "407.00000", "2005-12-31": 900, "2005-09-30": 558, "2005-06-30": 686, "2005-03-31": "451.00000"}, "Net Change In Property, Plant, And Equipment": {"2020-12-31": -603, "2020-09-30": -683, "2020-06-30": -685, "2020-03-31": "-807.00000", "2019-12-31": -947, "2019-09-30": -902, "2019-06-30": -778, "2019-03-31": "-752.00000", "2018-12-31": -985, "2018-09-30": -806, "2018-06-30": -673, "2018-03-31": "-910.00000", "2017-12-31": -691, "2017-09-30": -860, "2017-06-30": -725, "2017-03-31": "-794.00000", "2016-12-31": -888, "2016-09-30": -898, "2016-06-30": -903, "2016-03-31": "-687.00000", "2015-12-31": -1267, "2015-09-30": -1096, "2015-06-30": -967, "2015-03-31": "-1069.00000", "2014-12-31": -1041, "2014-09-30": -1139, "2014-06-30": -1162, "2014-03-31": "-866.00000", "2013-12-31": -763, "2013-09-30": -947, "2013-06-30": -923, "2013-03-31": "-765.00000", "2012-12-31": -620, "2012-09-30": -1252, "2012-06-30": -995, "2012-03-31": "-791.00000", "2011-12-31": -901, "2011-09-30": -870, "2011-06-30": -755, "2011-03-31": "-627.00000", "2010-12-31": -774, "2010-09-30": -616, "2010-06-30": -576, "2010-03-31": "-449.00000", "2009-12-31": -513, "2009-09-30": -614, "2009-06-30": -518, "2009-03-31": "-622.00000", "2008-12-31": -719, "2008-09-30": -744, "2008-06-30": -858, "2008-03-31": "-728.00000", "2007-12-31": -630, "2007-09-30": -867, "2007-06-30": -861, "2007-03-31": "-637.00000", "2006-12-31": -523, "2006-09-30": -765, "2006-06-30": -743, "2006-03-31": "-614.00000", "2005-12-31": -1312, "2005-09-30": -553, "2005-06-30": -539, "2005-03-31": "-452.00000"}, "Net Change In Intangible Assets": {"2020-12-31": 0, "2020-09-30": 0, "2020-06-30": 0, "2020-03-31": "", "2019-12-31": 0, "2019-09-30": 0, "2019-06-30": 0, "2019-03-31": "", "2018-12-31": 0, "2018-09-30": 0, "2018-06-30": 0, "2018-03-31": "", "2017-12-31": 0, "2017-09-30": 0, "2017-06-30": 0, "2017-03-31": "", "2016-12-31": 0, "2016-09-30": 0, "2016-06-30": 0, "2016-03-31": "", "2015-12-31": 0, "2015-09-30": 0, "2015-06-30": 0, "2015-03-31": "", "2014-12-31": 0, "2014-09-30": 0, "2014-06-30": 0, "2014-03-31": "", "2013-12-31": 0, "2013-09-30": 0, "2013-06-30": 0, "2013-03-31": "", "2012-12-31": 0, "2012-09-30": 0, "2012-06-30": 0, "2012-03-31": "", "2011-12-31": 0, "2011-09-30": 0, "2011-06-30": 0, "2011-03-31": "", "2010-12-31": 0, "2010-09-30": 0, "2010-06-30": 0, "2010-03-31": "", "2009-12-31": 0, "2009-09-30": 0, "2009-06-30": 0, "2009-03-31": "", "2008-12-31": 0, "2008-09-30": 0, "2008-06-30": 0, "2008-03-31": "", "2007-12-31": 0, "2007-09-30": 0, "2007-06-30": 0, "2007-03-31": "", "2006-12-31": 0, "2006-09-30": 0, "2006-06-30": 0, "2006-03-31": "", "2005-12-31": 0, "2005-09-30": 0, "2005-06-30": 0, "2005-03-31": ""}, "Net Acquisitions/Divestitures": {"2020-12-31": 0, "2020-09-30": 0, "2020-06-30": 0, "2020-03-31": "", "2019-12-31": 0, "2019-09-30": 0, "2019-06-30": 0, "2019-03-31": "", "2018-12-31": 0, "2018-09-30": 0, "2018-06-30": 0, "2018-03-31": "", "2017-12-31": 0, "2017-09-30": 0, "2017-06-30": 0, "2017-03-31": "", "2016-12-31": 0, "2016-09-30": 0, "2016-06-30": 0, "2016-03-31": "", "2015-12-31": 0, "2015-09-30": 0, "2015-06-30": 0, "2015-03-31": "", "2014-12-31": 0, "2014-09-30": 0, "2014-06-30": 0, "2014-03-31": "", "2013-12-31": 0, "2013-09-30": 0, "2013-06-30": 0, "2013-03-31": "", "2012-12-31": -274, "2012-09-30": 0, "2012-06-30": 0, "2012-03-31": "", "2011-12-31": 0, "2011-09-30": 0, "2011-06-30": 0, "2011-03-31": "", "2010-12-31": 0, "2010-09-30": 0, "2010-06-30": 0, "2010-03-31": "", "2009-12-31": 0, "2009-09-30": 0, "2009-06-30": 0, "2009-03-31": "", "2008-12-31": 0, "2008-09-30": 0, "2008-06-30": 0, "2008-03-31": "", "2007-12-31": 0, "2007-09-30": 0, "2007-06-30": 0, "2007-03-31": "", "2006-12-31": 0, "2006-09-30": 0, "2006-06-30": 0, "2006-03-31": "", "2005-12-31": 0, "2005-09-30": 0, "2005-06-30": 0, "2005-03-31": ""}, "Net Change In Short-term Investments": {"2020-12-31": 5, "2020-09-30": 0, "2020-06-30": 0, "2020-03-31": "0.00000", "2019-12-31": 5, "2019-09-30": 5, "2019-06-30": 5, "2019-03-31": "0.00000", "2018-12-31": 0, "2018-09-30": 0, "2018-06-30": 0, "2018-03-31": "0.00000", "2017-12-31": 0, "2017-09-30": 0, "2017-06-30": 0, "2017-03-31": "-30.00000", "2016-12-31": 270, "2016-09-30": 0, "2016-06-30": -330, "2016-03-31": "", "2015-12-31": 0, "2015-09-30": 0, "2015-06-30": 0, "2015-03-31": "", "2014-12-31": 0, "2014-09-30": 0, "2014-06-30": 0, "2014-03-31": "", "2013-12-31": 0, "2013-09-30": 0, "2013-06-30": 0, "2013-03-31": "", "2012-12-31": 0, "2012-09-30": 0, "2012-06-30": 0, "2012-03-31": "", "2011-12-31": 0, "2011-09-30": 0, "2011-06-30": 0, "2011-03-31": "", "2010-12-31": 0, "2010-09-30": 0, "2010-06-30": 0, "2010-03-31": "", "2009-12-31": 0, "2009-09-30": 0, "2009-06-30": 0, "2009-03-31": "", "2008-12-31": 0, "2008-09-30": 0, "2008-06-30": 0, "2008-03-31": "", "2007-12-31": 0, "2007-09-30": 0, "2007-06-30": 0, "2007-03-31": "", "2006-12-31": 0, "2006-09-30": 0, "2006-06-30": 0, "2006-03-31": "", "2005-12-31": 0, "2005-09-30": 0, "2005-06-30": 0, "2005-03-31": ""}, "Net Change In Long-Term Investments": {"2020-12-31": 0, "2020-09-30": 0, "2020-06-30": 0, "2020-03-31": "", "2019-12-31": 0, "2019-09-30": 0, "2019-06-30": 0, "2019-03-31": "", "2018-12-31": 0, "2018-09-30": 0, "2018-06-30": 0, "2018-03-31": "", "2017-12-31": 0, "2017-09-30": 0, "2017-06-30": 0, "2017-03-31": "", "2016-12-31": 0, "2016-09-30": 0, "2016-06-30": 0, "2016-03-31": "", "2015-12-31": 0, "2015-09-30": 0, "2015-06-30": 0, "2015-03-31": "", "2014-12-31": 0, "2014-09-30": 0, "2014-06-30": 0, "2014-03-31": "", "2013-12-31": 0, "2013-09-30": 0, "2013-06-30": 0, "2013-03-31": "", "2012-12-31": 0, "2012-09-30": 0, "2012-06-30": 0, "2012-03-31": "", "2011-12-31": 0, "2011-09-30": 0, "2011-06-30": 0, "2011-03-31": "", "2010-12-31": 0, "2010-09-30": 0, "2010-06-30": 0, "2010-03-31": "", "2009-12-31": 0, "2009-09-30": 0, "2009-06-30": 0, "2009-03-31": "", "2008-12-31": 0, "2008-09-30": 0, "2008-06-30": 0, "2008-03-31": "", "2007-12-31": 0, "2007-09-30": 0, "2007-06-30": 0, "2007-03-31": "", "2006-12-31": 0, "2006-09-30": 0, "2006-06-30": 0, "2006-03-31": "", "2005-12-31": 0, "2005-09-30": 0, "2005-06-30": 0, "2005-03-31": ""}, "Net Change In Investments - Total": {"2020-12-31": 5, "2020-09-30": 0, "2020-06-30": 0, "2020-03-31": "", "2019-12-31": 5, "2019-09-30": 5, "2019-06-30": 5, "2019-03-31": "", "2018-12-31": 0, "2018-09-30": 0, "2018-06-30": 0, "2018-03-31": "", "2017-12-31": 0, "2017-09-30": 0, "2017-06-30": 0, "2017-03-31": "-30.00000", "2016-12-31": 270, "2016-09-30": 0, "2016-06-30": -330, "2016-03-31": "", "2015-12-31": 0, "2015-09-30": 0, "2015-06-30": 0, "2015-03-31": "", "2014-12-31": 0, "2014-09-30": 0, "2014-06-30": 0, "2014-03-31": "", "2013-12-31": 0, "2013-09-30": 0, "2013-06-30": 0, "2013-03-31": "", "2012-12-31": 0, "2012-09-30": 0, "2012-06-30": 0, "2012-03-31": "", "2011-12-31": 0, "2011-09-30": 0, "2011-06-30": 0, "2011-03-31": "", "2010-12-31": 0, "2010-09-30": 0, "2010-06-30": 0, "2010-03-31": "", "2009-12-31": 0, "2009-09-30": 0, "2009-06-30": 0, "2009-03-31": "", "2008-12-31": 0, "2008-09-30": 0, "2008-06-30": 0, "2008-03-31": "", "2007-12-31": 0, "2007-09-30": 0, "2007-06-30": 0, "2007-03-31": "", "2006-12-31": 0, "2006-09-30": 0, "2006-06-30": 0, "2006-03-31": "", "2005-12-31": 0, "2005-09-30": 0, "2005-06-30": 0, "2005-03-31": ""}, "Investing Activities - Other": {"2020-12-31": 3, "2020-09-30": 19, "2020-06-30": 75, "2020-03-31": "", "2019-12-31": 14, "2019-09-30": 0, "2019-06-30": -53, "2019-03-31": "-32.00000", "2018-12-31": 8, "2018-09-30": -3, "2018-06-30": -33, "2018-03-31": "-9.00000", "2017-12-31": -135, "2017-09-30": 164, "2017-06-30": 4, "2017-03-31": "-19.00000", "2016-12-31": 44, "2016-09-30": -83, "2016-06-30": 67, "2016-03-31": "15.00000", "2015-12-31": 41, "2015-09-30": -18, "2015-06-30": -27, "2015-03-31": "-73.00000", "2014-12-31": 117, "2014-09-30": -8, "2014-06-30": -111, "2014-03-31": "-39.00000", "2013-12-31": -46, "2013-09-30": 90, "2013-06-30": -16, "2013-03-31": "-35.00000", "2012-12-31": 127, "2012-09-30": 268, "2012-06-30": -57, "2012-03-31": "-39.00000", "2011-12-31": 23, "2011-09-30": -5, "2011-06-30": 46, "2011-03-31": "-30.00000", "2010-12-31": -41, "2010-09-30": 11, "2010-06-30": 3, "2010-03-31": "-46.00000", "2009-12-31": 86, "2009-09-30": 35, "2009-06-30": 7, "2009-03-31": "-6.00000", "2008-12-31": -10, "2008-09-30": 217, "2008-06-30": 147, "2008-03-31": "-43.00000", "2007-12-31": 12, "2007-09-30": 566, "2007-06-30": 31, "2007-03-31": "-40.00000", "2006-12-31": 47, "2006-09-30": 583, "2006-06-30": -5, "2006-03-31": "-22.00000", "2005-12-31": 883, "2005-09-30": 401, "2005-06-30": -307, "2005-03-31": "-168.00000"}, "Cash Flow From Investing Activities": {"2020-12-31": -595, "2020-09-30": -664, "2020-06-30": -610, "2020-03-31": "-807.00000", "2019-12-31": -928, "2019-09-30": -897, "2019-06-30": -826, "2019-03-31": "-784.00000", "2018-12-31": -977, "2018-09-30": -809, "2018-06-30": -706, "2018-03-31": "-919.00000", "2017-12-31": -826, "2017-09-30": -696, "2017-06-30": -721, "2017-03-31": "-843.00000", "2016-12-31": -574, "2016-09-30": -981, "2016-06-30": -1166, "2016-03-31": "-672.00000", "2015-12-31": -1226, "2015-09-30": -1114, "2015-06-30": -994, "2015-03-31": "-1142.00000", "2014-12-31": -924, "2014-09-30": -1147, "2014-06-30": -1273, "2014-03-31": "-905.00000", "2013-12-31": -809, "2013-09-30": -857, "2013-06-30": -939, "2013-03-31": "-800.00000", "2012-12-31": -767, "2012-09-30": -984, "2012-06-30": -1052, "2012-03-31": "-830.00000", "2011-12-31": -878, "2011-09-30": -875, "2011-06-30": -709, "2011-03-31": "-657.00000", "2010-12-31": -815, "2010-09-30": -605, "2010-06-30": -573, "2010-03-31": "-495.00000", "2009-12-31": -427, "2009-09-30": -579, "2009-06-30": -511, "2009-03-31": "-628.00000", "2008-12-31": -729, "2008-09-30": -527, "2008-06-30": -711, "2008-03-31": "-771.00000", "2007-12-31": -618, "2007-09-30": -301, "2007-06-30": -830, "2007-03-31": "-677.00000", "2006-12-31": -476, "2006-09-30": -182, "2006-06-30": -748, "2006-03-31": "-636.00000", "2005-12-31": -429, "2005-09-30": -152, "2005-06-30": -846, "2005-03-31": "-620.00000"}, "Net Long-Term Debt": {"2020-12-31": -1222, "2020-09-30": -389, "2020-06-30": 543, "2020-03-31": "2691.00000", "2019-12-31": -562, "2019-09-30": 956, "2019-06-30": -44, "2019-03-31": "2432.00000", "2018-12-31": -29, "2018-09-30": -412, "2018-06-30": 5684, "2018-03-31": "-87.00000", "2017-12-31": 81, "2017-09-30": 1072, "2017-06-30": 726, "2017-03-31": "16.00000", "2016-12-31": -623, "2016-09-30": 423, "2016-06-30": -17, "2016-03-31": "996.00000", "2015-12-31": 965, "2015-09-30": -40, "2015-06-30": 1034, "2015-03-31": "813.00000", "2014-12-31": -32, "2014-09-30": 655, "2014-06-30": 662, "2014-03-31": "593.00000", "2013-12-31": 75, "2013-09-30": -366, "2013-06-30": -56, "2013-03-31": "861.00000", "2012-12-31": -508, "2012-09-30": -57, "2012-06-30": 574, "2012-03-31": "-72.00000", "2011-12-31": -502, "2011-09-30": 429, "2011-06-30": -316, "2011-03-31": "-87.00000", "2010-12-31": -479, "2010-09-30": 348, "2010-06-30": -354, "2010-03-31": "-131.00000", "2009-12-31": -45, "2009-09-30": -198, "2009-06-30": -47, "2009-03-31": "262.00000", "2008-12-31": 444, "2008-09-30": 160, "2008-06-30": 19, "2008-03-31": "426.00000", "2007-12-31": -168, "2007-09-30": 547, "2007-06-30": 463, "2007-03-31": "-53.00000", "2006-12-31": -286, "2006-09-30": -29, "2006-06-30": -33, "2006-03-31": "-309.00000", "2005-12-31": -37, "2005-09-30": -23, "2005-06-30": -585, "2005-03-31": "-54.00000"}, "Net Current Debt": {"2020-12-31": -125, "2020-09-30": -1, "2020-06-30": 0, "2020-03-31": "-1.00000", "2019-12-31": -1, "2019-09-30": -476, "2019-06-30": 172, "2019-03-31": "299.00000", "2018-12-31": -1, "2018-09-30": -1, "2018-06-30": -440, "2018-03-31": "636.00000", "2017-12-31": 0, "2017-09-30": 0, "2017-06-30": 0, "2017-03-31": "", "2016-12-31": 0, "2016-09-30": 0, "2016-06-30": 0, "2016-03-31": "", "2015-12-31": 0, "2015-09-30": 0, "2015-06-30": 0, "2015-03-31": "", "2014-12-31": 0, "2014-09-30": 0, "2014-06-30": 0, "2014-03-31": "", "2013-12-31": 0, "2013-09-30": 0, "2013-06-30": 0, "2013-03-31": "", "2012-12-31": 0, "2012-09-30": 0, "2012-06-30": 0, "2012-03-31": "", "2011-12-31": 0, "2011-09-30": 0, "2011-06-30": 0, "2011-03-31": "", "2010-12-31": 0, "2010-09-30": 0, "2010-06-30": 0, "2010-03-31": "", "2009-12-31": 0, "2009-09-30": 0, "2009-06-30": 0, "2009-03-31": "", "2008-12-31": 0, "2008-09-30": 0, "2008-06-30": 0, "2008-03-31": "", "2007-12-31": 0, "2007-09-30": 0, "2007-06-30": 0, "2007-03-31": "", "2006-12-31": 0, "2006-09-30": 0, "2006-06-30": 0, "2006-03-31": "", "2005-12-31": 0, "2005-09-30": 0, "2005-06-30": 0, "2005-03-31": ""}, "Debt Issuance/Retirement Net - Total": {"2020-12-31": -1347, "2020-09-30": -390, "2020-06-30": 543, "2020-03-31": "2690.00000", "2019-12-31": -563, "2019-09-30": 480, "2019-06-30": 128, "2019-03-31": "2731.00000", "2018-12-31": -30, "2018-09-30": -413, "2018-06-30": 5244, "2018-03-31": "549.00000", "2017-12-31": 81, "2017-09-30": 1072, "2017-06-30": 726, "2017-03-31": "16.00000", "2016-12-31": -623, "2016-09-30": 423, "2016-06-30": -17, "2016-03-31": "996.00000", "2015-12-31": 965, "2015-09-30": -40, "2015-06-30": 1034, "2015-03-31": "813.00000", "2014-12-31": -32, "2014-09-30": 655, "2014-06-30": 662, "2014-03-31": "593.00000", "2013-12-31": 75, "2013-09-30": -366, "2013-06-30": -56, "2013-03-31": "861.00000", "2012-12-31": -508, "2012-09-30": -57, "2012-06-30": 574, "2012-03-31": "-72.00000", "2011-12-31": -502, "2011-09-30": 429, "2011-06-30": -316, "2011-03-31": "-87.00000", "2010-12-31": -479, "2010-09-30": 348, "2010-06-30": -354, "2010-03-31": "-131.00000", "2009-12-31": -45, "2009-09-30": -198, "2009-06-30": -47, "2009-03-31": "262.00000", "2008-12-31": 444, "2008-09-30": 160, "2008-06-30": 19, "2008-03-31": "426.00000", "2007-12-31": -168, "2007-09-30": 547, "2007-06-30": 463, "2007-03-31": "-53.00000", "2006-12-31": -286, "2006-09-30": -29, "2006-06-30": -33, "2006-03-31": "-309.00000", "2005-12-31": -37, "2005-09-30": -23, "2005-06-30": -585, "2005-03-31": "-54.00000"}, "Net Common Equity Issued/Repurchased": {"2020-12-31": -749, "2020-09-30": -400, "2020-06-30": 0, "2020-03-31": "-2556.00000", "2019-12-31": -642, "2019-09-30": -1533, "2019-06-30": -642, "2019-03-31": "-2987.00000", "2018-12-31": -1921, "2018-09-30": -331, "2018-06-30": -4807, "2018-03-31": "-1166.00000", "2017-12-31": -1131, "2017-09-30": -1271, "2017-06-30": -852, "2017-03-31": "-759.00000", "2016-12-31": -1005, "2016-09-30": -848, "2016-06-30": -546, "2016-03-31": "-706.00000", "2015-12-31": -670, "2015-09-30": -1190, "2015-06-30": -813, "2015-03-31": "-792.00000", "2014-12-31": -913, "2014-09-30": -862, "2014-06-30": -806, "2014-03-31": "-644.00000", "2013-12-31": -786, "2013-09-30": -599, "2013-06-30": -459, "2013-03-31": "-374.00000", "2012-12-31": -295, "2012-09-30": -346, "2012-06-30": -400, "2012-03-31": "-433.00000", "2011-12-31": -382, "2011-09-30": -428, "2011-06-30": -360, "2011-03-31": "-248.00000", "2010-12-31": -230, "2010-09-30": -597, "2010-06-30": -422, "2010-03-31": "", "2009-12-31": 0, "2009-09-30": 0, "2009-06-30": 0, "2009-03-31": "", "2008-12-31": -199, "2008-09-30": -500, "2008-06-30": -474, "2008-03-31": "-436.00000", "2007-12-31": -270, "2007-09-30": -553, "2007-06-30": -366, "2007-03-31": "-186.00000", "2006-12-31": 160, "2006-09-30": 0, "2006-06-30": 0, "2006-03-31": "", "2005-12-31": 0, "2005-09-30": 0, "2005-06-30": 0, "2005-03-31": ""}, "Net Total Equity Issued/Repurchased": {"2020-12-31": -749, "2020-09-30": -400, "2020-06-30": 0, "2020-03-31": "-2556.00000", "2019-12-31": -642, "2019-09-30": -1533, "2019-06-30": -642, "2019-03-31": "-2987.00000", "2018-12-31": -1921, "2018-09-30": -331, "2018-06-30": -4807, "2018-03-31": "-1166.00000", "2017-12-31": -1131, "2017-09-30": -1271, "2017-06-30": -852, "2017-03-31": "-759.00000", "2016-12-31": -1005, "2016-09-30": -848, "2016-06-30": -546, "2016-03-31": "-706.00000", "2015-12-31": -670, "2015-09-30": -1190, "2015-06-30": -813, "2015-03-31": "-792.00000", "2014-12-31": -913, "2014-09-30": -862, "2014-06-30": -806, "2014-03-31": "-644.00000", "2013-12-31": -786, "2013-09-30": -599, "2013-06-30": -459, "2013-03-31": "-374.00000", "2012-12-31": -295, "2012-09-30": -346, "2012-06-30": -400, "2012-03-31": "-433.00000", "2011-12-31": -382, "2011-09-30": -428, "2011-06-30": -360, "2011-03-31": "-248.00000", "2010-12-31": -230, "2010-09-30": -597, "2010-06-30": -422, "2010-03-31": "", "2009-12-31": 0, "2009-09-30": 0, "2009-06-30": 0, "2009-03-31": "", "2008-12-31": -199, "2008-09-30": -500, "2008-06-30": -474, "2008-03-31": "-436.00000", "2007-12-31": -270, "2007-09-30": -553, "2007-06-30": -366, "2007-03-31": "-186.00000", "2006-12-31": 160, "2006-09-30": 0, "2006-06-30": 0, "2006-03-31": "", "2005-12-31": 0, "2005-09-30": 0, "2005-06-30": 0, "2005-03-31": ""}, "Total Common And Preferred Stock Dividends Paid": {"2020-12-31": -652, "2020-09-30": -655, "2020-06-30": -659, "2020-03-31": "-660.00000", "2019-12-31": -673, "2019-09-30": -677, "2019-06-30": -622, "2019-03-31": "-626.00000", "2018-12-31": -583, "2018-09-30": -591, "2018-06-30": -557, "2018-03-31": "-568.00000", "2017-12-31": -522, "2017-09-30": -480, "2017-06-30": -488, "2017-03-31": "-492.00000", "2016-12-31": -497, "2016-09-30": -457, "2016-06-30": -460, "2016-03-31": "-465.00000", "2015-12-31": -467, "2015-09-30": -476, "2015-06-30": -479, "2015-03-31": "-922.00000", "2014-12-31": -446, "2014-09-30": -410, "2014-06-30": -413, "2014-03-31": "-363.00000", "2013-12-31": -365, "2013-09-30": -322, "2013-06-30": -323, "2013-03-31": "-323.00000", "2012-12-31": -286, "2012-09-30": -285, "2012-06-30": -286, "2012-03-31": "-289.00000", "2011-12-31": -230, "2011-09-30": -233, "2011-06-30": -188, "2011-03-31": "-186.00000", "2010-12-31": -164, "2010-09-30": -166, "2010-06-30": -137, "2010-03-31": "-135.00000", "2009-12-31": -136, "2009-09-30": -136, "2009-06-30": -136, "2009-03-31": "-136.00000", "2008-12-31": -137, "2008-09-30": -114, "2008-06-30": -115, "2008-03-31": "-115.00000", "2007-12-31": -92, "2007-09-30": -94, "2007-06-30": -95, "2007-03-31": "-83.00000", "2006-12-31": -81, "2006-09-30": -81, "2006-06-30": -80, "2006-03-31": "-80.00000", "2005-12-31": -79, "2005-09-30": -79, "2005-06-30": -78, "2005-03-31": "-78.00000"}, "Financial Activities - Other": {"2020-12-31": -4, "2020-09-30": 402, "2020-06-30": 6, "2020-03-31": "-471.00000", "2019-12-31": 14, "2019-09-30": 495, "2019-06-30": -6, "2019-03-31": "-523.00000", "2018-12-31": 717, "2018-09-30": 9, "2018-06-30": -750, "2018-03-31": "-24.00000", "2017-12-31": -6, "2017-09-30": -3, "2017-06-30": -4, "2017-03-31": "-33.00000", "2016-12-31": 9, "2016-09-30": 0, "2016-06-30": -6, "2016-03-31": "-44.00000", "2015-12-31": -8, "2015-09-30": 5, "2015-06-30": -3, "2015-03-31": "-20.00000", "2014-12-31": -13, "2014-09-30": -23, "2014-06-30": 56, "2014-03-31": "-23.00000", "2013-12-31": 9, "2013-09-30": 2, "2013-06-30": 11, "2013-03-31": "-34.00000", "2012-12-31": -6, "2012-09-30": 11, "2012-06-30": -2, "2012-03-31": "-2.00000", "2011-12-31": 23, "2011-09-30": 5, "2011-06-30": 34, "2011-03-31": "46.00000", "2010-12-31": 31, "2010-09-30": 36, "2010-06-30": 11, "2010-03-31": "8.00000", "2009-12-31": 18, "2009-09-30": 1, "2009-06-30": 94, "2009-03-31": "1.00000", "2008-12-31": 7, "2008-09-30": 25, "2008-06-30": 64, "2008-03-31": "10.00000", "2007-12-31": 94, "2007-09-30": 18, "2007-06-30": -1, "2007-03-31": "39.00000", "2006-12-31": -110, "2006-09-30": 3, "2006-06-30": 39, "2006-03-31": "103.00000", "2005-12-31": 81, "2005-09-30": -131, "2005-06-30": 255, "2005-03-31": "56.00000"}, "Cash Flow From Financial Activities": {"2020-12-31": -2752, "2020-09-30": -1043, "2020-06-30": -110, "2020-03-31": "-997.00000", "2019-12-31": -1864, "2019-09-30": -1235, "2019-06-30": -1142, "2019-03-31": "-1405.00000", "2018-12-31": -1817, "2018-09-30": -1326, "2018-06-30": -870, "2018-03-31": "-1209.00000", "2017-12-31": -1578, "2017-09-30": -682, "2017-06-30": -618, "2017-03-31": "-1268.00000", "2016-12-31": -2116, "2016-09-30": -882, "2016-06-30": -1029, "2016-03-31": "-219.00000", "2015-12-31": -180, "2015-09-30": -1701, "2015-06-30": -261, "2015-03-31": "-921.00000", "2014-12-31": -1404, "2014-09-30": -640, "2014-06-30": -501, "2014-03-31": "-437.00000", "2013-12-31": -1067, "2013-09-30": -1285, "2013-06-30": -827, "2013-03-31": "130.00000", "2012-12-31": -1095, "2012-09-30": -677, "2012-06-30": -114, "2012-03-31": "-796.00000", "2011-12-31": -1091, "2011-09-30": -227, "2011-06-30": -830, "2011-03-31": "-475.00000", "2010-12-31": -842, "2010-09-30": -379, "2010-06-30": -902, "2010-03-31": "-258.00000", "2009-12-31": -163, "2009-09-30": -333, "2009-06-30": -89, "2009-03-31": "127.00000", "2008-12-31": 115, "2008-09-30": -429, "2008-06-30": -506, "2008-03-31": "-115.00000", "2007-12-31": -436, "2007-09-30": -82, "2007-06-30": 1, "2007-03-31": "-283.00000", "2006-12-31": -317, "2006-09-30": -107, "2006-06-30": -74, "2006-03-31": "-286.00000", "2005-12-31": -35, "2005-09-30": -233, "2005-06-30": -408, "2005-03-31": "-76.00000"}, "Net Cash Flow": {"2020-12-31": -800, "2020-09-30": -106, "2020-06-30": 1517, "2020-03-31": "351.00000", "2019-12-31": -447, "2019-09-30": 232, "2019-06-30": -27, "2019-03-31": "-230.00000", "2018-12-31": -482, "2018-09-30": 206, "2018-06-30": 556, "2018-03-31": "-227.00000", "2017-12-31": -572, "2017-09-30": 561, "2017-06-30": 237, "2017-03-31": "-228.00000", "2016-12-31": -632, "2016-09-30": 79, "2016-06-30": -843, "2016-03-31": "1282.00000", "2015-12-31": 313, "2015-09-30": -963, "2015-06-30": 454, "2015-03-31": "1.00000", "2014-12-31": -301, "2014-09-30": 350, "2014-06-30": -320, "2014-03-31": "425.00000", "2013-12-31": 66, "2013-09-30": -479, "2013-06-30": -72, "2013-03-31": "854.00000", "2012-12-31": -67, "2012-09-30": -71, "2012-06-30": 206, "2012-03-31": "-222.00000", "2011-12-31": -430, "2011-09-30": 592, "2011-06-30": -193, "2011-03-31": "162.00000", "2010-12-31": -272, "2010-09-30": 41, "2010-06-30": -436, "2010-03-31": "-97.00000", "2009-12-31": 415, "2009-09-30": -221, "2009-06-30": 190, "2009-03-31": "217.00000", "2008-12-31": 392, "2008-09-30": 246, "2008-06-30": -216, "2008-03-31": "-51.00000", "2007-12-31": -144, "2007-09-30": 500, "2007-06-30": -76, "2007-03-31": "-229.00000", "2006-12-31": 108, "2006-09-30": 457, "2006-06-30": 4, "2006-03-31": "-515.00000", "2005-12-31": 436, "2005-09-30": 173, "2005-06-30": -568, "2005-03-31": "-245.00000"}, "Stock-Based Compensation": {"2020-12-31": 0, "2020-09-30": 0, "2020-06-30": 0, "2020-03-31": "", "2019-12-31": 0, "2019-09-30": 0, "2019-06-30": 0, "2019-03-31": "", "2018-12-31": 0, "2018-09-30": 0, "2018-06-30": 0, "2018-03-31": "", "2017-12-31": 0, "2017-09-30": 0, "2017-06-30": 0, "2017-03-31": "", "2016-12-31": 0, "2016-09-30": 0, "2016-06-30": 0, "2016-03-31": "", "2015-12-31": 0, "2015-09-30": 0, "2015-06-30": 0, "2015-03-31": "", "2014-12-31": 0, "2014-09-30": 0, "2014-06-30": 0, "2014-03-31": "", "2013-12-31": 0, "2013-09-30": 0, "2013-06-30": 0, "2013-03-31": "", "2012-12-31": 0, "2012-09-30": 0, "2012-06-30": 0, "2012-03-31": "", "2011-12-31": 0, "2011-09-30": 0, "2011-06-30": 0, "2011-03-31": "", "2010-12-31": 0, "2010-09-30": 0, "2010-06-30": 0, "2010-03-31": "", "2009-12-31": 0, "2009-09-30": 0, "2009-06-30": 0, "2009-03-31": "", "2008-12-31": 0, "2008-09-30": 0, "2008-06-30": -14, "2008-03-31": "14.00000", "2007-12-31": -33, "2007-09-30": 11, "2007-06-30": 11, "2007-03-31": "11.00000", "2006-12-31": 8, "2006-09-30": 7, "2006-06-30": 9, "2006-03-31": "11.00000", "2005-12-31": 4, "2005-09-30": 4, "2005-06-30": 4, "2005-03-31": "9.00000"}, "Common Stock Dividends Paid": {"2020-12-31": -652, "2020-09-30": -655, "2020-06-30": -659, "2020-03-31": "-660.00000", "2019-12-31": -673, "2019-09-30": -677, "2019-06-30": -622, "2019-03-31": "-626.00000", "2018-12-31": -583, "2018-09-30": -591, "2018-06-30": -557, "2018-03-31": "-568.00000", "2017-12-31": -522, "2017-09-30": -480, "2017-06-30": -488, "2017-03-31": "-492.00000", "2016-12-31": -497, "2016-09-30": -457, "2016-06-30": -460, "2016-03-31": "-465.00000", "2015-12-31": -467, "2015-09-30": -476, "2015-06-30": -479, "2015-03-31": "-922.00000", "2014-12-31": -446, "2014-09-30": -410, "2014-06-30": -413, "2014-03-31": "-363.00000", "2013-12-31": -365, "2013-09-30": -322, "2013-06-30": -323, "2013-03-31": "-323.00000", "2012-12-31": -286, "2012-09-30": -285, "2012-06-30": -286, "2012-03-31": "-289.00000", "2011-12-31": -230, "2011-09-30": -233, "2011-06-30": -188, "2011-03-31": "-186.00000", "2010-12-31": -164, "2010-09-30": -166, "2010-06-30": -137, "2010-03-31": "-135.00000", "2009-12-31": -136, "2009-09-30": -136, "2009-06-30": -136, "2009-03-31": "-136.00000", "2008-12-31": -137, "2008-09-30": -114, "2008-06-30": -115, "2008-03-31": "-115.00000", "2007-12-31": -92, "2007-09-30": -94, "2007-06-30": -95, "2007-03-31": "-83.00000", "2006-12-31": -81, "2006-09-30": -81, "2006-06-30": -80, "2006-03-31": "-80.00000", "2005-12-31": -79, "2005-09-30": -79, "2005-06-30": -78, "2005-03-31": "-78.00000"}}, "financial ratios": {"Current Ratio": {"2020-12-31": "1.00980", "2019-12-31": "0.79500", "2018-12-31": "0.89990", "2017-12-31": "1.01700", "2016-12-31": "0.98790", "2015-12-31": "1.28820", "2014-12-31": "1.16920", "2013-12-31": "1.05250", "2012-12-31": "1.15870", "2011-12-31": "1.12360", "2010-12-31": "1.16260", "2009-12-31": "1.37210", "2008-12-31": "0.97670", "2007-12-31": "0.85300", "2006-12-31": "0.68130", "2005-12-31": "0.68710"}, "Long-term Debt / Capital": {"2020-12-31": "0.60210", "2019-12-31": "0.56910", "2018-12-31": "0.50610", "2017-12-31": "0.39380", "2016-12-31": "0.41690", "2015-12-31": "0.39660", "2014-12-31": "0.34070", "2013-12-31": "0.29480", "2012-12-31": "0.30690", "2011-12-31": "0.31890", "2010-12-31": "0.33640", "2009-12-31": "0.36450", "2008-12-31": "0.35780", "2007-12-31": "0.32610", "2006-12-31": "0.28150", "2005-12-31": "0.33030"}, "Debt/Equity Ratio": {"2020-12-31": "1.57620", "2019-12-31": "1.39010", "2018-12-31": "1.09640", "2017-12-31": "0.68170", "2016-12-31": "0.75290", "2015-12-31": "0.68600", "2014-12-31": "0.53860", "2013-12-31": "0.45120", "2012-12-31": "0.45260", "2011-12-31": "0.47940", "2010-12-31": "0.52030", "2009-12-31": "0.58620", "2008-12-31": "0.57790", "2007-12-31": "0.49290", "2006-12-31": "0.44280", "2005-12-31": "0.54100"}, "Gross Margin": {"2020-12-31": "62.78610", "2019-12-31": "59.02890", "2018-12-31": "56.07040", "2017-12-31": "56.71850", "2016-12-31": "57.24390", "2015-12-31": "56.01250", "2014-12-31": "53.42260", "2013-12-31": "51.48200", "2012-12-31": "50.12900", "2011-12-31": "47.50220", "2010-12-31": "49.09520", "2009-12-31": "47.18240", "2008-12-31": "42.30380", "2007-12-31": "41.74290", "2006-12-31": "40.56360", "2005-12-31": "35.22610"}, "Operating Margin": {"2020-12-31": "40.10650", "2019-12-31": "39.40480", "2018-12-31": "37.30290", "2017-12-31": "38.16380", "2016-12-31": "36.32220", "2015-12-31": "36.91380", "2014-12-31": "36.48910", "2013-12-31": "33.90250", "2012-12-31": "32.23260", "2011-12-31": "29.26830", "2010-12-31": "29.36050", "2009-12-31": "23.89170", "2008-12-31": "22.64890", "2007-12-31": "20.72710", "2006-12-31": "18.51330", "2005-12-31": "13.21990"}, "EBIT Margin": {"2020-12-31": "40.10650", "2019-12-31": "39.40480", "2018-12-31": "37.30290", "2017-12-31": "38.16380", "2016-12-31": "36.32220", "2015-12-31": "36.91380", "2014-12-31": "36.48910", "2013-12-31": "33.90250", "2012-12-31": "32.23260", "2011-12-31": "29.26830", "2010-12-31": "29.36050", "2009-12-31": "23.89170", "2008-12-31": "22.64890", "2007-12-31": "20.72710", "2006-12-31": "18.51330", "2005-12-31": "13.21990"}, "EBITDA Margin": {"2020-12-31": "51.42070", "2019-12-31": "49.61300", "2018-12-31": "46.89910", "2017-12-31": "48.07440", "2016-12-31": "46.54230", "2015-12-31": "46.13760", "2014-12-31": "44.42640", "2013-12-31": "41.99340", "2012-12-31": "40.64320", "2011-12-31": "37.53640", "2010-12-31": "38.12560", "2009-12-31": "33.98150", "2008-12-31": "30.25040", "2007-12-31": "28.83990", "2006-12-31": "26.45400", "2005-12-31": "21.87360"}, "Pre-Tax Profit Margin": {"2020-12-31": "35.73440", "2019-12-31": "35.68730", "2018-12-31": "33.90420", "2017-12-31": "35.93220", "2016-12-31": "33.93010", "2015-12-31": "35.09830", "2014-12-31": "34.77990", "2013-12-31": "32.09030", "2012-12-31": "30.19210", "2011-12-31": "26.91620", "2010-12-31": "26.13030", "2009-12-31": "21.02810", "2008-12-31": "20.31720", "2007-12-31": "18.47940", "2006-12-31": "16.20880", "2005-12-31": "10.57590"}, "Net Profit Margin": {"2020-12-31": "27.38440", "2019-12-31": "27.26650", "2018-12-31": "26.13000", "2017-12-31": "50.43320", "2016-12-31": "21.22760", "2015-12-31": "21.87690", "2014-12-31": "21.59410", "2013-12-31": "19.97910", "2012-12-31": "18.84260", "2011-12-31": "16.83290", "2010-12-31": "16.38670", "2009-12-31": "13.36350", "2008-12-31": "12.99390", "2007-12-31": "11.39230", "2006-12-31": "10.30940", "2005-12-31": "7.55630"}, "Asset Turnover": {"2020-12-31": "0.31300", "2019-12-31": "0.35200", "2018-12-31": "0.38600", "2017-12-31": "0.36740", "2016-12-31": "0.35790", "2015-12-31": "0.39950", "2014-12-31": "0.45800", "2013-12-31": "0.44160", "2012-12-31": "0.44380", "2011-12-31": "0.43370", "2010-12-31": "0.39370", "2009-12-31": "0.33530", "2008-12-31": "0.45240", "2007-12-31": "0.42810", "2006-12-31": "0.42660", "2005-12-31": "0.38120"}, "Inventory Turnover Ratio": {"2020-12-31": "11.39340", "2019-12-31": "11.84290", "2018-12-31": "13.51750", "2017-12-31": "12.27370", "2016-12-31": "11.89120", "2015-12-31": "13.03670", "2014-12-31": "15.69240", "2013-12-31": "16.31850", "2012-12-31": "15.81210", "2011-12-31": "16.72150", "2010-12-31": "16.17230", "2009-12-31": "15.72630", "2008-12-31": "23.04000", "2007-12-31": "20.94040", "2006-12-31": "23.44050", "2005-12-31": "26.57100"}, "Receiveable Turnover": {"2020-12-31": "12.97870", "2019-12-31": "13.61000", "2018-12-31": "13.00970", "2017-12-31": "14.22640", "2016-12-31": "15.85140", "2015-12-31": "16.08630", "2014-12-31": "14.89010", "2013-12-31": "15.53250", "2012-12-31": "15.72200", "2011-12-31": "13.95930", "2010-12-31": "14.32860", "2009-12-31": "21.23570", "2008-12-31": "30.25250", "2007-12-31": "25.76420", "2006-12-31": "22.94260", "2005-12-31": "18.17670"}, "Days Sales In Receivables": {"2020-12-31": "28.12290", "2019-12-31": "26.81850", "2018-12-31": "28.05600", "2017-12-31": "25.65650", "2016-12-31": "23.02640", "2015-12-31": "22.69010", "2014-12-31": "24.51290", "2013-12-31": "23.49910", "2012-12-31": "23.21590", "2011-12-31": "26.14740", "2010-12-31": "25.47360", "2009-12-31": "17.18800", "2008-12-31": "12.06510", "2007-12-31": "14.16690", "2006-12-31": "15.90930", "2005-12-31": "20.08070"}, "ROE - Return On Equity": {"2020-12-31": "31.54260", "2019-12-31": "32.65120", "2018-12-31": "29.21220", "2017-12-31": "43.09620", "2016-12-31": "21.23720", "2015-12-31": "23.05090", "2014-12-31": "24.44670", "2013-12-31": "20.67370", "2012-12-31": "19.83700", "2011-12-31": "17.71990", "2010-12-31": "15.65050", "2009-12-31": "11.24930", "2008-12-31": "15.11620", "2007-12-31": "11.90250", "2006-12-31": "10.48850", "2005-12-31": "7.48520"}, "Return On Tangible Equity": {"2020-12-31": "31.54260", "2019-12-31": "32.65120", "2018-12-31": "29.21220", "2017-12-31": "43.09620", "2016-12-31": "21.23720", "2015-12-31": "23.05090", "2014-12-31": "24.44670", "2013-12-31": "20.67370", "2012-12-31": "19.83700", "2011-12-31": "17.71990", "2010-12-31": "15.65050", "2009-12-31": "11.24930", "2008-12-31": "15.11620", "2007-12-31": "11.90250", "2006-12-31": "10.48850", "2005-12-31": "7.48520"}, "ROA - Return On Assets": {"2020-12-31": "8.57240", "2019-12-31": "9.59740", "2018-12-31": "10.08670", "2017-12-31": "18.53100", "2016-12-31": "7.59720", "2015-12-31": "8.73990", "2014-12-31": "9.89080", "2013-12-31": "8.82350", "2012-12-31": "8.36210", "2011-12-31": "7.30000", "2010-12-31": "6.45190", "2009-12-31": "4.48040", "2008-12-31": "5.87840", "2007-12-31": "4.87730", "2006-12-31": "4.39820", "2005-12-31": "2.88040"}, "ROI - Return On Investment": {"2020-12-31": "12.55100", "2019-12-31": "14.06910", "2018-12-31": "14.42880", "2017-12-31": "26.12680", "2016-12-31": "12.38410", "2015-12-31": "13.90890", "2014-12-31": "16.11650", "2013-12-31": "14.57950", "2012-12-31": "13.74920", "2011-12-31": "12.06970", "2010-12-31": "10.38630", "2009-12-31": "7.14910", "2008-12-31": "9.70730", "2007-12-31": "8.02060", "2006-12-31": "7.53570", "2005-12-31": "5.01290"}, "Book Value Per Share": {"2020-12-31": "25.25950", "2019-12-31": "26.19270", "2018-12-31": "28.16740", "2017-12-31": "31.82920", "2016-12-31": "24.43170", "2015-12-31": "24.37790", "2014-12-31": "23.98670", "2013-12-31": "23.27300", "2012-12-31": "21.16980", "2011-12-31": "19.35490", "2010-12-31": "18.06780", "2009-12-31": "16.63330", "2008-12-31": "15.34800", "2007-12-31": "29.87120", "2006-12-31": "14.16880", "2005-12-31": "12.85180"}, "Operating Cash Flow Per Share": {"2020-12-31": 0.3832, "2019-12-31": 0.677, "2018-12-31": 2.497, "2017-12-31": 0.0106, "2016-12-31": 0.5605, "2015-12-31": 0.2517, "2014-12-31": 0.8708, "2013-12-31": 0.8592, "2012-12-31": 0.4702, "2011-12-31": 1.914, "2010-12-31": 0.914, "2009-12-31": -0.7589, "2008-12-31": 0.8739, "2007-12-31": 0.4048, "2006-12-31": 0.2132, "2005-12-31": 2.4343}, "Free Cash Flow Per Share": {"2020-12-31": 1.0779, "2019-12-31": 0.3646, "2018-12-31": 1.8533, "2017-12-31": 0.2225, "2016-12-31": 1.5791, "2015-12-31": -0.1383, "2014-12-31": -0.1512, "2013-12-31": 1.0502, "2012-12-31": -0.1499, "2011-12-31": 1.0963, "2010-12-31": 0.754, "2009-12-31": -0.0397, "2008-12-31": 0.7033, "2007-12-31": 0.0467, "2006-12-31": 0.4608, "2005-12-31": -0.2448}}, "financial ratios, quarterly": {"Current Ratio": {"2020-12-31": "1.00980", "2020-09-30": "1.05970", "2020-06-30": "0.96290", "2020-03-31": "0.81970", "2019-12-31": "0.79500", "2019-09-30": "0.88790", "2019-06-30": "0.72130", "2019-03-31": "0.75120", "2018-12-31": "0.89990", "2018-09-30": "1.06340", "2018-06-30": "1.02790", "2018-03-31": "0.82110", "2017-12-31": "1.01700", "2017-09-30": "1.16130", "2017-06-30": "1.13590", "2017-03-31": "0.93240", "2016-12-31": "0.98790", "2016-09-30": "1.41300", "2016-06-30": "1.47530", "2016-03-31": "1.54640", "2015-12-31": "1.28820", "2015-09-30": "1.12370", "2015-06-30": "1.46000", "2015-03-31": "1.32120", "2014-12-31": "1.16920", "2014-09-30": "1.24710", "2014-06-30": "1.19220", "2014-03-31": "1.11720", "2013-12-31": "1.05250", "2013-09-30": "1.11190", "2013-06-30": "1.18770", "2013-03-31": "1.28700", "2012-12-31": "1.15870", "2012-09-30": "1.01860", "2012-06-30": "1.01000", "2012-03-31": "0.91360", "2011-12-31": "1.12360", "2011-09-30": "1.13160", "2011-06-30": "1.17320", "2011-03-31": "1.24770", "2010-12-31": "1.16260", "2010-09-30": "1.22760", "2010-06-30": "1.21980", "2010-03-31": "1.41350", "2009-12-31": "1.37210", "2009-09-30": "1.17070", "2009-06-30": "1.18070", "2009-03-31": "1.12490", "2008-12-31": "0.97670", "2008-09-30": "0.83960", "2008-06-30": "0.79790", "2008-03-31": "0.84510", "2007-12-31": "0.85300", "2007-09-30": "0.91000", "2007-06-30": "0.72470", "2007-03-31": "0.76140", "2006-12-31": "0.68130", "2006-09-30": "0.76220", "2006-06-30": "0.60600", "2006-03-31": "0.62210", "2005-12-31": "0.68710", "2005-09-30": "0.74380", "2005-06-30": "0.66820", "2005-03-31": "0.92780"}, "Long-term Debt / Capital": {"2020-12-31": "0.60210", "2020-09-30": "0.60260", "2020-06-30": "0.61640", "2020-03-31": "0.62250", "2019-12-31": "0.56910", "2019-09-30": "0.57440", "2019-06-30": "0.55820", "2019-03-31": "0.56890", "2018-12-31": "0.50610", "2018-09-30": "0.50360", "2018-06-30": "0.51750", "2018-03-31": "0.39160", "2017-12-31": "0.39380", "2017-09-30": "0.45410", "2017-06-30": "0.43710", "2017-03-31": "0.42050", "2016-12-31": "0.41690", "2016-09-30": "0.42840", "2016-06-30": "0.41980", "2016-03-31": "0.41940", "2015-12-31": "0.39660", "2015-09-30": "0.38320", "2015-06-30": "0.38080", "2015-03-31": "0.36080", "2014-12-31": "0.34070", "2014-09-30": "0.33880", "2014-06-30": "0.32630", "2014-03-31": "0.30970", "2013-12-31": "0.29480", "2013-09-30": "0.29670", "2013-06-30": "0.30660", "2013-03-31": "0.31610", "2012-12-31": "0.30690", "2012-09-30": "0.30980", "2012-06-30": "0.31150", "2012-03-31": "0.30070", "2011-12-31": "0.31890", "2011-09-30": "0.32070", "2011-06-30": "0.32360", "2011-03-31": "0.33320", "2010-12-31": "0.33640", "2010-09-30": "0.34190", "2010-06-30": "0.34480", "2010-03-31": "0.35510", "2009-12-31": "0.36450", "2009-09-30": "0.36930", "2009-06-30": "0.37990", "2009-03-31": "0.36650", "2008-12-31": "0.35780", "2008-09-30": "0.34030", "2008-06-30": "0.34380", "2008-03-31": "0.33760", "2007-12-31": "0.32610", "2007-09-30": "0.33350", "2007-06-30": "0.31490", "2007-03-31": "0.29920", "2006-12-31": "0.28150", "2006-09-30": "0.31070", "2006-06-30": "0.31660", "2006-03-31": "0.32300", "2005-12-31": "0.33030", "2005-09-30": "0.35390", "2005-06-30": "0.36810", "2005-03-31": "0.38210"}, "Debt/Equity Ratio": {"2020-12-31": "1.57620", "2020-09-30": "1.63150", "2020-06-30": "1.72800", "2020-03-31": "1.74320", "2019-12-31": "1.39010", "2019-09-30": "1.42850", "2019-06-30": "1.38970", "2019-03-31": "1.41540", "2018-12-31": "1.09640", "2018-09-30": "1.08550", "2018-06-30": "1.14590", "2018-03-31": "0.72110", "2017-12-31": "0.68170", "2017-09-30": "0.87900", "2017-06-30": "0.80350", "2017-03-31": "0.76220", "2016-12-31": "0.75290", "2016-09-30": "0.76970", "2016-06-30": "0.74360", "2016-03-31": "0.74200", "2015-12-31": "0.68600", "2015-09-30": "0.64660", "2015-06-30": "0.63550", "2015-03-31": "0.58410", "2014-12-31": "0.53860", "2014-09-30": "0.53380", "2014-06-30": "0.50570", "2014-03-31": "0.47840", "2013-12-31": "0.45120", "2013-09-30": "0.45510", "2013-06-30": "0.47790", "2013-03-31": "0.48950", "2012-12-31": "0.45260", "2012-09-30": "0.48520", "2012-06-30": "0.49330", "2012-03-31": "0.47110", "2011-12-31": "0.47940", "2011-09-30": "0.50670", "2011-06-30": "0.48830", "2011-03-31": "0.50960", "2010-12-31": "0.52030", "2010-09-30": "0.55740", "2010-06-30": "0.54060", "2010-03-31": "0.56460", "2009-12-31": "0.58620", "2009-09-30": "0.59610", "2009-06-30": "0.62360", "2009-03-31": "0.58740", "2008-12-31": "0.57790", "2008-09-30": "0.53780", "2008-06-30": "0.53310", "2008-03-31": "0.52180", "2007-12-31": "0.49290", "2007-09-30": "0.50970", "2007-06-30": "0.46850", "2007-03-31": "0.43570", "2006-12-31": "0.44280", "2006-09-30": "0.47730", "2006-06-30": "0.49040", "2006-03-31": "0.50520", "2005-12-31": "0.54100", "2005-09-30": "0.55840", "2005-06-30": "0.59330", "2005-03-31": "0.62960"}, "Gross Margin": {"2020-12-31": "64.11210", "2020-09-30": "63.06160", "2020-06-30": "62.46470", "2020-03-31": "61.48400", "2019-12-31": "59.86190", "2019-09-30": "59.89850", "2019-06-30": "59.29240", "2019-03-31": "57.05800", "2018-12-31": "56.53990", "2018-09-30": "56.93320", "2018-06-30": "55.67700", "2018-03-31": "55.05020", "2017-12-31": "56.55050", "2017-09-30": "57.43340", "2017-06-30": "57.42860", "2017-03-31": "55.41700", "2016-12-31": "57.44970", "2016-09-30": "58.46540", "2016-06-30": "56.47800", "2016-03-31": "56.47130", "2015-12-31": "57.12370", "2015-09-30": "57.92880", "2015-06-30": "54.94570", "2015-03-31": "54.11470", "2014-12-31": "55.03010", "2014-09-30": "54.39990", "2014-06-30": "53.36660", "2014-03-31": "50.65630", "2013-12-31": "52.04260", "2013-09-30": "52.44930", "2013-06-30": "51.86470", "2013-03-31": "49.47070", "2012-12-31": "50.70480", "2012-09-30": "51.15100", "2012-06-30": "50.68000", "2012-03-31": "47.90690", "2011-12-31": "49.13860", "2011-09-30": "48.73550", "2011-06-30": "46.76820", "2011-03-31": "45.03340", "2010-12-31": "48.61680", "2010-09-30": "50.88480", "2010-06-30": "49.04350", "2010-03-31": "47.69230", "2009-12-31": "47.06980", "2009-09-30": "48.84230", "2009-06-30": "47.16920", "2009-03-31": "45.53440", "2008-12-31": "45.94030", "2008-09-30": "43.47920", "2008-06-30": "39.71100", "2008-03-31": "40.09370", "2007-12-31": "40.91020", "2007-09-30": "43.68890", "2007-06-30": "41.27530", "2007-03-31": "41.02360", "2006-12-31": "48.23320", "2006-09-30": "38.08690", "2006-06-30": "38.38900", "2006-03-31": "37.33150", "2005-12-31": "35.59790", "2005-09-30": "35.82780", "2005-06-30": "36.00480", "2005-03-31": "33.31220"}, "Operating Margin": {"2020-12-31": "39.01970", "2020-09-30": "41.28890", "2020-06-30": "38.97270", "2020-03-31": "40.98300", "2019-12-31": "40.29160", "2019-09-30": "40.50040", "2019-06-30": "40.38600", "2019-03-31": "36.40420", "2018-12-31": "38.38810", "2018-09-30": "38.27600", "2018-06-30": "37.00640", "2018-03-31": "35.41550", "2017-12-31": "41.22940", "2017-09-30": "38.33210", "2017-06-30": "38.05710", "2017-03-31": "34.84020", "2016-12-31": "37.46130", "2016-09-30": "37.88170", "2016-06-30": "34.80080", "2016-03-31": "34.93480", "2015-12-31": "36.82800", "2015-09-30": "39.69800", "2015-06-30": "35.89980", "2015-03-31": "35.21550", "2014-12-31": "38.56660", "2014-09-30": "37.69010", "2014-06-30": "36.50870", "2014-03-31": "32.88400", "2013-12-31": "35.04440", "2013-09-30": "35.20550", "2013-06-30": "34.33270", "2013-03-31": "30.86960", "2012-12-31": "32.85710", "2012-09-30": "33.42690", "2012-06-30": "33.02050", "2012-03-31": "29.53830", "2011-12-31": "31.65620", "2011-09-30": "30.93510", "2011-06-30": "28.65380", "2011-03-31": "25.32290", "2010-12-31": "29.77320", "2010-09-30": "31.78310", "2010-06-30": "30.58350", "2010-03-31": "24.91800", "2009-12-31": "26.61160", "2009-09-30": "26.17820", "2009-06-30": "22.64610", "2009-03-31": "19.64860", "2008-12-31": "26.50490", "2008-09-30": "25.07220", "2008-06-30": "20.38090", "2008-03-31": "18.45430", "2007-12-31": "20.58610", "2007-09-30": "23.98000", "2007-06-30": "19.45130", "2007-03-31": "18.68020", "2006-12-31": "20.44420", "2006-09-30": "18.88020", "2006-06-30": "18.27680", "2006-03-31": "16.30730", "2005-12-31": "14.71970", "2005-09-30": "13.89770", "2005-06-30": "13.99520", "2005-03-31": "9.93020"}, "EBIT Margin": {"2020-12-31": "39.01970", "2020-09-30": "41.28890", "2020-06-30": "38.97270", "2020-03-31": "40.98300", "2019-12-31": "40.29160", "2019-09-30": "40.50040", "2019-06-30": "40.38600", "2019-03-31": "36.40420", "2018-12-31": "38.38810", "2018-09-30": "38.27600", "2018-06-30": "37.00640", "2018-03-31": "35.41550", "2017-12-31": "41.22940", "2017-09-30": "38.33210", "2017-06-30": "38.05710", "2017-03-31": "34.84020", "2016-12-31": "37.46130", "2016-09-30": "37.88170", "2016-06-30": "34.80080", "2016-03-31": "34.93480", "2015-12-31": "36.82800", "2015-09-30": "39.69800", "2015-06-30": "35.89980", "2015-03-31": "35.21550", "2014-12-31": "38.56660", "2014-09-30": "37.69010", "2014-06-30": "36.50870", "2014-03-31": "32.88400", "2013-12-31": "35.04440", "2013-09-30": "35.20550", "2013-06-30": "34.33270", "2013-03-31": "30.86960", "2012-12-31": "32.85710", "2012-09-30": "33.42690", "2012-06-30": "33.02050", "2012-03-31": "29.53830", "2011-12-31": "31.65620", "2011-09-30": "30.93510", "2011-06-30": "28.65380", "2011-03-31": "25.32290", "2010-12-31": "29.77320", "2010-09-30": "31.78310", "2010-06-30": "30.58350", "2010-03-31": "24.91800", "2009-12-31": "26.61160", "2009-09-30": "26.17820", "2009-06-30": "22.64610", "2009-03-31": "19.64860", "2008-12-31": "26.50490", "2008-09-30": "25.07220", "2008-06-30": "20.38090", "2008-03-31": "18.45430", "2007-12-31": "20.58610", "2007-09-30": "23.98000", "2007-06-30": "19.45130", "2007-03-31": "18.68020", "2006-12-31": "20.44420", "2006-09-30": "18.88020", "2006-06-30": "18.27680", "2006-03-31": "16.30730", "2005-12-31": "14.71970", "2005-09-30": "13.89770", "2005-06-30": "13.99520", "2005-03-31": "9.93020"}, "EBITDA Margin": {"2020-12-31": "", "2020-09-30": "", "2020-06-30": "", "2020-03-31": "", "2019-12-31": "", "2019-09-30": "", "2019-06-30": "", "2019-03-31": "", "2018-12-31": "", "2018-09-30": "", "2018-06-30": "", "2018-03-31": "", "2017-12-31": "", "2017-09-30": "", "2017-06-30": "", "2017-03-31": "", "2016-12-31": "", "2016-09-30": "", "2016-06-30": "", "2016-03-31": "", "2015-12-31": "", "2015-09-30": "", "2015-06-30": "", "2015-03-31": "", "2014-12-31": "", "2014-09-30": "", "2014-06-30": "", "2014-03-31": "", "2013-12-31": "", "2013-09-30": "", "2013-06-30": "", "2013-03-31": "", "2012-12-31": "", "2012-09-30": "", "2012-06-30": "", "2012-03-31": "", "2011-12-31": "", "2011-09-30": "", "2011-06-30": "", "2011-03-31": "", "2010-12-31": "", "2010-09-30": "", "2010-06-30": "", "2010-03-31": "", "2009-12-31": "", "2009-09-30": "", "2009-06-30": "", "2009-03-31": "", "2008-12-31": "", "2008-09-30": "", "2008-06-30": "", "2008-03-31": "", "2007-12-31": "", "2007-09-30": "", "2007-06-30": "", "2007-03-31": "", "2006-12-31": "", "2006-09-30": "", "2006-06-30": "", "2006-03-31": "", "2005-12-31": "", "2005-09-30": "", "2005-06-30": "", "2005-03-31": ""}, "Pre-Tax Profit Margin": {"2020-12-31": "34.87650", "2020-09-30": "36.04390", "2020-06-30": "35.24980", "2020-03-31": "36.68010", "2019-12-31": "36.03220", "2019-09-30": "36.63890", "2019-06-30": "36.77630", "2019-03-31": "33.24670", "2018-12-31": "35.01820", "2018-09-30": "35.02020", "2018-06-30": "34.16780", "2018-03-31": "31.25110", "2017-12-31": "38.38530", "2017-09-30": "36.66790", "2017-06-30": "35.60000", "2017-03-31": "32.89170", "2016-12-31": "35.42960", "2016-09-30": "34.88600", "2016-06-30": "32.78830", "2016-03-31": "32.42910", "2015-12-31": "34.21660", "2015-09-30": "37.41460", "2015-06-30": "35.69720", "2015-03-31": "33.04240", "2014-12-31": "37.34760", "2014-09-30": "35.68430", "2014-06-30": "34.58020", "2014-03-31": "31.19900", "2013-12-31": "33.44580", "2013-09-30": "33.23170", "2013-06-30": "32.32180", "2013-03-31": "29.20610", "2012-12-31": "31.23810", "2012-09-30": "31.38690", "2012-06-30": "30.83700", "2012-03-31": "27.21050", "2011-12-31": "29.95300", "2011-09-30": "28.48460", "2011-06-30": "26.14240", "2011-03-31": "22.51670", "2010-12-31": "26.75740", "2010-09-30": "28.87930", "2010-06-30": "27.40320", "2010-03-31": "21.03410", "2009-12-31": "23.14860", "2009-09-30": "22.31000", "2009-06-30": "22.19200", "2009-03-31": "16.19330", "2008-12-31": "24.12510", "2008-09-30": "22.86420", "2008-06-30": "17.99480", "2008-03-31": "16.08900", "2007-12-31": "18.56090", "2007-09-30": "21.61780", "2007-06-30": "17.37520", "2007-03-31": "16.13410", "2006-12-31": "18.90460", "2006-09-30": "16.44490", "2006-06-30": "15.95720", "2006-03-31": "13.34230", "2005-12-31": "12.89700", "2005-09-30": "11.52850", "2005-06-30": "11.03470", "2005-03-31": "6.37690"}, "Net Profit Margin": {"2020-12-31": "26.84300", "2020-09-30": "27.70890", "2020-06-30": "26.67300", "2020-03-31": "28.18900", "2019-12-31": "26.91870", "2019-09-30": "28.19070", "2019-06-30": "28.05580", "2019-03-31": "25.83580", "2018-12-31": "26.99320", "2018-09-30": "26.87250", "2018-06-30": "26.60440", "2018-03-31": "23.92690", "2017-12-31": "133.54130", "2017-09-30": "22.07840", "2017-06-30": "22.24760", "2017-03-31": "20.88850", "2016-12-31": "22.13620", "2016-09-30": "21.85930", "2016-06-30": "20.52410", "2016-03-31": "20.27340", "2015-12-31": "21.44780", "2015-09-30": "23.37290", "2015-06-30": "22.17720", "2015-03-31": "20.50230", "2014-12-31": "23.25700", "2014-09-30": "22.16110", "2014-06-30": "21.46300", "2014-03-31": "19.29760", "2013-12-31": "20.85260", "2013-09-30": "20.65320", "2013-06-30": "20.21940", "2013-03-31": "18.09070", "2012-12-31": "19.73330", "2012-09-30": "19.50220", "2012-06-30": "19.19170", "2012-03-31": "16.88190", "2011-12-31": "18.87240", "2011-09-30": "17.72200", "2011-06-30": "16.15890", "2011-03-31": "14.23160", "2010-12-31": "17.57370", "2010-09-30": "17.64970", "2010-06-30": "17.00140", "2010-03-31": "13.01390", "2009-12-31": "14.62440", "2009-09-30": "14.00160", "2009-06-30": "14.07810", "2009-03-31": "10.60030", "2008-12-31": "15.35230", "2008-09-30": "14.50680", "2008-06-30": "11.62430", "2008-03-31": "10.37470", "2007-12-31": "11.69880", "2007-09-30": "12.69390", "2007-06-30": "11.02320", "2007-03-31": "10.02860", "2006-12-31": "12.24130", "2006-09-30": "10.54480", "2006-06-30": "9.94140", "2006-03-31": "8.38280", "2005-12-31": "8.17450", "2005-09-30": "10.66170", "2005-06-30": "6.96770", "2005-03-31": "4.06090"}, "Asset Turnover": {"2020-12-31": "0.08240", "2020-09-30": "0.07720", "2020-06-30": "0.06680", "2020-03-31": "0.08400", "2019-12-31": "0.08450", "2019-09-30": "0.08900", "2019-06-30": "0.09070", "2019-03-31": "0.08780", "2018-12-31": "0.09730", "2018-09-30": "0.09990", "2018-06-30": "0.09660", "2018-03-31": "0.09470", "2017-12-31": "0.09430", "2017-09-30": "0.09420", "2017-06-30": "0.09300", "2017-03-31": "0.09180", "2016-12-31": "0.09280", "2016-09-30": "0.09190", "2016-06-30": "0.08570", "2016-03-31": "0.08660", "2015-12-31": "0.09540", "2015-09-30": "0.10350", "2015-06-30": "0.10020", "2015-03-31": "0.10560", "2014-12-31": "0.11750", "2014-09-30": "0.11760", "2014-06-30": "0.11670", "2014-03-31": "0.11080", "2013-12-31": "0.11320", "2013-09-30": "0.11380", "2013-06-30": "0.11160", "2013-03-31": "0.10890", "2012-12-31": "0.11130", "2012-09-30": "0.11350", "2012-06-30": "0.11260", "2012-03-31": "0.11280", "2011-12-31": "0.11330", "2011-09-30": "0.11320", "2011-06-30": "0.11030", "2011-03-31": "0.10300", "2010-12-31": "0.10230", "2010-09-30": "0.10250", "2010-06-30": "0.09830", "2010-03-31": "0.09280", "2009-12-31": "0.08900", "2009-09-30": "0.08810", "2009-06-30": "0.07950", "2009-03-31": "0.08500", "2008-12-31": "0.10790", "2008-09-30": "0.12250", "2008-06-30": "0.11680", "2008-03-31": "0.11080", "2007-12-31": "0.11040", "2007-09-30": "0.11050", "2007-06-30": "0.10850", "2007-03-31": "0.10490", "2006-12-31": "0.10850", "2006-09-30": "0.10950", "2006-06-30": "0.10900", "2006-03-31": "0.10440", "2005-12-31": "0.10170", "2005-09-30": "0.09840", "2005-06-30": "0.09520", "2005-03-31": "0.09000"}, "Inventory Turnover Ratio": {"2020-12-31": "2.89190", "2020-09-30": "2.79970", "2020-06-30": "2.38470", "2020-03-31": "2.91040", "2019-12-31": "2.78560", "2019-09-30": "2.86900", "2019-06-30": "2.93940", "2019-03-31": "2.96410", "2018-12-31": "3.37200", "2018-09-30": "3.23570", "2018-06-30": "3.25650", "2018-03-31": "3.04580", "2017-12-31": "3.16150", "2017-09-30": "3.10240", "2017-06-30": "3.07850", "2017-03-31": "3.01050", "2016-12-31": "3.06690", "2016-09-30": "3.11450", "2016-06-30": "3.14550", "2016-03-31": "2.93580", "2015-12-31": "3.03400", "2015-09-30": "3.15790", "2015-06-30": "3.21000", "2015-03-31": "3.46240", "2014-12-31": "3.88620", "2014-09-30": "3.83020", "2014-06-30": "3.79570", "2014-03-31": "3.94610", "2013-12-31": "4.13480", "2013-09-30": "3.87990", "2013-06-30": "4.02600", "2013-03-31": "4.08090", "2012-12-31": "3.92120", "2012-09-30": "3.83820", "2012-06-30": "3.98610", "2012-03-31": "3.90470", "2011-12-31": "4.23130", "2011-09-30": "4.30810", "2011-06-30": "4.10480", "2011-03-31": "4.24060", "2010-12-31": "4.24340", "2010-09-30": "4.29560", "2010-06-30": "4.29640", "2010-03-31": "4.09880", "2009-12-31": "4.18320", "2009-09-30": "3.83270", "2009-06-30": "3.44180", "2009-03-31": "4.17040", "2008-12-31": "5.14890", "2008-09-30": "4.81370", "2008-06-30": "4.74830", "2008-03-31": "4.97670", "2007-12-31": "5.47460", "2007-09-30": "4.96840", "2007-06-30": "5.33930", "2007-03-31": "5.48310", "2006-12-31": "5.19240", "2006-09-30": "5.77520", "2006-06-30": "5.58200", "2006-03-31": "5.58890", "2005-12-31": "7.04530", "2005-09-30": "5.89120", "2005-06-30": "6.14940", "2005-03-31": "6.25600"}, "Receiveable Turnover": {"2020-12-31": "3.41590", "2020-09-30": "3.14310", "2020-06-30": "3.05760", "2020-03-31": "3.13300", "2019-12-31": "3.26770", "2019-09-30": "3.34300", "2019-06-30": "3.09340", "2019-03-31": "3.22010", "2018-12-31": "3.28030", "2018-09-30": "3.30800", "2018-06-30": "3.47120", "2018-03-31": "3.48500", "2017-12-31": "3.65040", "2017-09-30": "3.78710", "2017-06-30": "3.86880", "2017-03-31": "4.01250", "2016-12-31": "4.10810", "2016-09-30": "3.82980", "2016-06-30": "3.47410", "2016-03-31": "3.56380", "2015-12-31": "3.84070", "2015-09-30": "3.68830", "2015-06-30": "3.58820", "2015-03-31": "3.58950", "2014-12-31": "3.81940", "2014-09-30": "3.78100", "2014-06-30": "3.61040", "2014-03-31": "3.65630", "2013-12-31": "3.98160", "2013-09-30": "3.79370", "2013-06-30": "3.72620", "2013-03-31": "3.49870", "2012-12-31": "3.94440", "2012-09-30": "3.37520", "2012-06-30": "3.48760", "2012-03-31": "3.85230", "2011-12-31": "3.64600", "2011-09-30": "3.58220", "2011-06-30": "3.40430", "2011-03-31": "3.52160", "2010-12-31": "3.72470", "2010-09-30": "3.39860", "2010-06-30": "3.34560", "2010-03-31": "3.25530", "2009-12-31": "5.63660", "2009-09-30": "5.04950", "2009-06-30": "5.25120", "2009-03-31": "6.23180", "2008-12-31": "7.21550", "2008-09-30": "5.63490", "2008-06-30": "5.20870", "2008-03-31": "6.07400", "2007-12-31": "6.64080", "2007-09-30": "5.11100", "2007-06-30": "5.61940", "2007-03-31": "5.83180", "2006-12-31": "5.83510", "2006-09-30": "5.17270", "2006-06-30": "5.24470", "2006-03-31": "5.08220", "2005-12-31": "4.84740", "2005-09-30": "4.70240", "2005-06-30": "4.87460", "2005-03-31": "5.31530"}, "Days Sales In Receivables": {"2020-12-31": "26.34700", "2020-09-30": "28.63390", "2020-06-30": "29.43450", "2020-03-31": "28.72630", "2019-12-31": "27.54220", "2019-09-30": "26.92170", "2019-06-30": "29.09400", "2019-03-31": "27.94950", "2018-12-31": "27.43620", "2018-09-30": "27.20650", "2018-06-30": "25.92740", "2018-03-31": "25.82470", "2017-12-31": "24.65500", "2017-09-30": "23.76480", "2017-06-30": "23.26290", "2017-03-31": "22.42990", "2016-12-31": "21.90790", "2016-09-30": "23.50020", "2016-06-30": "25.90570", "2016-03-31": "25.25370", "2015-12-31": "23.43320", "2015-09-30": "24.40130", "2015-06-30": "25.08200", "2015-03-31": "25.07300", "2014-12-31": "23.56410", "2014-09-30": "23.80300", "2014-06-30": "24.92770", "2014-03-31": "24.61510", "2013-12-31": "22.60390", "2013-09-30": "23.72330", "2013-06-30": "24.15360", "2013-03-31": "25.72400", "2012-12-31": "22.81710", "2012-09-30": "26.66480", "2012-06-30": "25.80540", "2012-03-31": "23.36270", "2011-12-31": "24.68480", "2011-09-30": "25.12450", "2011-06-30": "26.43680", "2011-03-31": "25.55680", "2010-12-31": "24.16330", "2010-09-30": "26.48140", "2010-06-30": "26.90100", "2010-03-31": "27.64690", "2009-12-31": "15.96700", "2009-09-30": "17.82350", "2009-06-30": "17.13900", "2009-03-31": "14.44220", "2008-12-31": "12.47320", "2008-09-30": "15.97190", "2008-06-30": "17.27890", "2008-03-31": "14.81730", "2007-12-31": "13.55250", "2007-09-30": "17.60920", "2007-06-30": "16.01580", "2007-03-31": "15.43260", "2006-12-31": "15.42400", "2006-09-30": "17.39900", "2006-06-30": "17.16030", "2006-03-31": "17.70890", "2005-12-31": "18.56670", "2005-09-30": "19.13900", "2005-06-30": "18.46290", "2005-03-31": "16.93210"}, "ROE - Return On Equity": {"2020-12-31": "8.13780", "2020-09-30": "7.92490", "2020-06-30": "6.88060", "2020-03-31": "9.21770", "2019-12-31": "7.73940", "2019-09-30": "8.63120", "2019-06-30": "8.64010", "2019-03-31": "7.84020", "2018-12-31": "7.60910", "2018-09-30": "7.71620", "2018-06-30": "7.57950", "2018-03-31": "5.37130", "2017-12-31": "29.28070", "2017-09-30": "6.23470", "2017-06-30": "5.95460", "2017-03-31": "5.43530", "2016-12-31": "5.73950", "2016-09-30": "5.57580", "2016-06-30": "4.79380", "2016-03-31": "4.78140", "2015-12-31": "5.39560", "2015-09-30": "6.31100", "2015-06-30": "5.73610", "2015-03-31": "5.46610", "2014-12-31": "6.75350", "2014-09-30": "6.35640", "2014-06-30": "6.02150", "2014-03-31": "5.11470", "2013-12-31": "5.53120", "2013-09-30": "5.54060", "2013-06-30": "5.38880", "2013-03-31": "4.75080", "2012-12-31": "5.21210", "2012-09-30": "5.33020", "2012-06-30": "5.24960", "2012-03-31": "4.60140", "2011-12-31": "5.18890", "2011-09-30": "4.86940", "2011-06-30": "4.28820", "2011-03-31": "3.54100", "2010-12-31": "4.36300", "2010-09-30": "4.46200", "2010-06-30": "4.10440", "2010-03-31": "2.99770", "2009-12-31": "3.26770", "2009-09-30": "3.12860", "2009-06-30": "2.90280", "2009-03-31": "2.31250", "2008-12-31": "4.25970", "2008-09-30": "4.46770", "2008-06-30": "3.41130", "2008-03-31": "2.84760", "2007-12-31": "3.15050", "2007-09-30": "3.45840", "2007-06-30": "2.88770", "2007-03-31": "2.49890", "2006-12-31": "3.16750", "2006-09-30": "2.84360", "2006-06-30": "2.70550", "2006-03-31": "2.21120", "2005-12-31": "2.15950", "2005-09-30": "2.75970", "2005-06-30": "1.79440", "2005-03-31": "0.99940"}, "Return On Tangible Equity": {"2020-12-31": "8.13780", "2020-09-30": "7.92490", "2020-06-30": "6.88060", "2020-03-31": "9.21770", "2019-12-31": "7.73940", "2019-09-30": "8.63120", "2019-06-30": "8.64010", "2019-03-31": "7.84020", "2018-12-31": "7.60910", "2018-09-30": "7.71620", "2018-06-30": "7.57950", "2018-03-31": "5.37130", "2017-12-31": "29.28070", "2017-09-30": "6.23470", "2017-06-30": "5.95460", "2017-03-31": "5.43530", "2016-12-31": "5.73950", "2016-09-30": "5.57580", "2016-06-30": "4.79380", "2016-03-31": "4.78140", "2015-12-31": "5.39560", "2015-09-30": "6.31100", "2015-06-30": "5.73610", "2015-03-31": "5.46610", "2014-12-31": "6.75350", "2014-09-30": "6.35640", "2014-06-30": "6.02150", "2014-03-31": "5.11470", "2013-12-31": "5.53120", "2013-09-30": "5.54060", "2013-06-30": "5.38880", "2013-03-31": "4.75080", "2012-12-31": "5.21210", "2012-09-30": "5.33020", "2012-06-30": "5.24960", "2012-03-31": "4.60140", "2011-12-31": "5.18890", "2011-09-30": "4.86940", "2011-06-30": "4.28820", "2011-03-31": "3.54100", "2010-12-31": "4.36300", "2010-09-30": "4.46200", "2010-06-30": "4.10440", "2010-03-31": "2.99770", "2009-12-31": "3.26770", "2009-09-30": "3.12860", "2009-06-30": "2.90280", "2009-03-31": "2.31250", "2008-12-31": "4.25970", "2008-09-30": "4.46770", "2008-06-30": "3.41130", "2008-03-31": "2.84760", "2007-12-31": "3.15050", "2007-09-30": "3.45840", "2007-06-30": "2.88770", "2007-03-31": "2.49890", "2006-12-31": "3.16750", "2006-09-30": "2.84360", "2006-06-30": "2.70550", "2006-03-31": "2.21120", "2005-12-31": "2.15950", "2005-09-30": "2.75970", "2005-06-30": "1.79440", "2005-03-31": "0.99940"}, "ROA - Return On Assets": {"2020-12-31": "2.21160", "2020-09-30": "2.13920", "2020-06-30": "1.78110", "2020-03-31": "2.36920", "2019-12-31": "2.27490", "2019-09-30": "2.50900", "2019-06-30": "2.54420", "2019-03-31": "2.26850", "2018-12-31": "2.62740", "2018-09-30": "2.68580", "2018-06-30": "2.57120", "2018-03-31": "2.26690", "2017-12-31": "12.59040", "2017-09-30": "2.08020", "2017-06-30": "2.06810", "2017-03-31": "1.91770", "2016-12-31": "2.05320", "2016-09-30": "2.00870", "2016-06-30": "1.75790", "2016-03-31": "1.75540", "2015-12-31": "2.04580", "2015-09-30": "2.41800", "2015-06-30": "2.22230", "2015-03-31": "2.16580", "2014-12-31": "2.73240", "2014-09-30": "2.60610", "2014-06-30": "2.50380", "2014-03-31": "2.13760", "2013-12-31": "2.36070", "2013-09-30": "2.35100", "2013-06-30": "2.25590", "2013-03-31": "1.97070", "2012-12-31": "2.19710", "2012-09-30": "2.21370", "2012-06-30": "2.16070", "2012-03-31": "1.90360", "2011-12-31": "2.13770", "2011-09-30": "2.00590", "2011-06-30": "1.78290", "2011-03-31": "1.46600", "2010-12-31": "1.79860", "2010-09-30": "1.80930", "2010-06-30": "1.67160", "2010-03-31": "1.20810", "2009-12-31": "1.30140", "2009-09-30": "1.23290", "2009-06-30": "1.11910", "2009-03-31": "0.90050", "2008-12-31": "1.65650", "2008-09-30": "1.77750", "2008-06-30": "1.35760", "2008-03-31": "1.14900", "2007-12-31": "1.29100", "2007-09-30": "1.40310", "2007-06-30": "1.19560", "2007-03-31": "1.05220", "2006-12-31": "1.32820", "2006-09-30": "1.15470", "2006-06-30": "1.08310", "2006-03-31": "0.87500", "2005-12-31": "0.83100", "2005-09-30": "1.04920", "2005-06-30": "0.66360", "2005-03-31": "0.36560"}, "ROI - Return On Investment": {"2020-12-31": "3.23810", "2020-09-30": "3.14930", "2020-06-30": "2.63920", "2020-03-31": "3.48000", "2019-12-31": "3.33480", "2019-09-30": "3.67350", "2019-06-30": "3.81750", "2019-03-31": "3.38020", "2018-12-31": "3.75830", "2018-09-30": "3.83040", "2018-06-30": "3.65680", "2018-03-31": "3.26800", "2017-12-31": "17.75120", "2017-09-30": "3.40360", "2017-06-30": "3.35210", "2017-03-31": "3.14990", "2016-12-31": "3.34690", "2016-09-30": "3.18690", "2016-06-30": "2.78130", "2016-03-31": "2.77600", "2015-12-31": "3.25570", "2015-09-30": "3.89260", "2015-06-30": "3.55180", "2015-03-31": "3.49410", "2014-12-31": "4.45230", "2014-09-30": "4.20270", "2014-06-30": "4.05660", "2014-03-31": "3.53060", "2013-12-31": "3.90070", "2013-09-30": "3.89670", "2013-06-30": "3.73650", "2013-03-31": "3.24920", "2012-12-31": "3.61250", "2012-09-30": "3.67910", "2012-06-30": "3.61430", "2012-03-31": "3.21760", "2011-12-31": "3.53440", "2011-09-30": "3.30770", "2011-06-30": "2.90040", "2011-03-31": "2.36120", "2010-12-31": "2.89550", "2010-09-30": "2.93630", "2010-06-30": "2.68910", "2010-03-31": "1.93310", "2009-12-31": "2.07660", "2009-09-30": "1.97320", "2009-06-30": "1.79990", "2009-03-31": "1.46490", "2008-12-31": "2.73550", "2008-09-30": "2.94750", "2008-06-30": "2.23860", "2008-03-31": "1.88620", "2007-12-31": "2.12300", "2007-09-30": "2.30500", "2007-06-30": "1.97840", "2007-03-31": "1.75130", "2006-12-31": "2.27570", "2006-09-30": "1.96010", "2006-06-30": "1.84900", "2006-03-31": "1.49680", "2005-12-31": "1.44620", "2005-09-30": "1.78310", "2005-06-30": "1.13380", "2005-03-31": "0.61760"}, "Book Value Per Share": {"2020-12-31": "25.25950", "2020-09-30": "25.47880", "2020-06-30": "24.24010", "2020-03-31": "23.56610", "2019-12-31": "26.19270", "2019-09-30": "25.90380", "2019-06-30": "25.77660", "2019-03-31": "25.04320", "2018-12-31": "28.16740", "2018-09-30": "27.99250", "2018-06-30": "26.92370", "2018-03-31": "31.57080", "2017-12-31": "31.82920", "2017-09-30": "24.24680", "2017-06-30": "24.47340", "2017-03-31": "24.37440", "2016-12-31": "24.43170", "2016-09-30": "24.58070", "2016-06-30": "24.48480", "2016-03-31": "24.34780", "2015-12-31": "24.37790", "2015-09-30": "24.07220", "2015-06-30": "24.14080", "2015-03-31": "24.00000", "2014-12-31": "23.98670", "2014-09-30": "24.19280", "2014-06-30": "23.84820", "2014-03-31": "23.47870", "2013-12-31": "23.27300", "2013-09-30": "22.54160", "2013-06-30": "22.09900", "2013-03-31": "21.56110", "2012-12-31": "21.16980", "2012-09-30": "20.74690", "2012-06-30": "20.15230", "2012-03-31": "19.66290", "2011-12-31": "19.35490", "2011-09-30": "19.20380", "2011-06-30": "18.75860", "2011-03-31": "18.39270", "2010-12-31": "18.06780", "2010-09-30": "17.68160", "2010-06-30": "17.33010", "2010-03-31": "17.00540", "2009-12-31": "16.63330", "2009-09-30": "16.28140", "2009-06-30": "15.88320", "2009-03-31": "15.52710", "2008-12-31": "15.34800", "2008-09-30": "15.53540", "2008-06-30": "15.20870", "2008-03-31": "15.05790", "2007-12-31": "29.87120", "2007-09-30": "14.65440", "2007-06-30": "14.49400", "2007-03-31": "14.34300", "2006-12-31": "14.16880", "2006-09-30": "13.70310", "2006-06-30": "13.38640", "2006-03-31": "13.08860", "2005-12-31": "12.85180", "2005-09-30": "12.62620", "2005-06-30": "12.33680", "2005-03-31": "12.18340"}, "Operating Cash Flow Per Share": {"2020-12-31": 3.7206, "2020-09-30": 2.3885, "2020-06-30": 3.3259, "2020-03-31": "3.14050", "2019-12-31": 3.268, "2019-09-30": 3.4158, "2019-06-30": 2.7858, "2019-03-31": "2.72270", "2018-12-31": 2.9122, "2018-09-30": 3.3222, "2018-06-30": 2.8425, "2018-03-31": "2.43840", "2017-12-31": 2.2505, "2017-09-30": 2.4826, "2017-06-30": 1.9742, "2017-03-31": "2.31100", "2016-12-31": 2.4384, "2016-09-30": 2.3734, "2016-06-30": 1.6295, "2016-03-31": "2.56640", "2015-12-31": 1.9503, "2015-09-30": 2.1859, "2015-06-30": 1.973, "2015-03-31": "2.33800", "2014-12-31": 2.2216, "2014-09-30": 2.4148, "2014-06-30": 1.6227, "2014-03-31": "1.93640", "2013-12-31": 2.0673, "2013-09-30": 1.8168, "2013-06-30": 1.821, "2013-03-31": "1.61960", "2012-12-31": 1.8716, "2012-09-30": 1.6853, "2012-06-30": 1.4504, "2012-03-31": "1.45820", "2011-12-31": 1.5556, "2011-09-30": 1.759, "2011-06-30": 1.3712, "2011-03-31": "1.30950", "2010-12-31": 1.3487, "2010-09-30": 1.0594, "2010-06-30": 1.0284, "2010-03-31": "0.64480", "2009-12-31": 0.9987, "2009-09-30": 0.6764, "2009-06-30": 0.7807, "2009-03-31": "0.71150", "2008-12-31": 0.9553, "2008-09-30": 1.2021, "2008-06-30": 0.9702, "2008-03-31": "0.79860", "2007-12-31": 0.8252, "2007-09-30": 0.8568, "2007-06-30": 0.7004, "2007-03-31": "0.66990", "2006-12-31": 0.8279, "2006-09-30": 0.6867, "2006-06-30": 0.7574, "2006-03-31": "0.37550", "2005-12-31": 0.8478, "2005-09-30": 0.5163, "2005-06-30": 0.6436, "2005-03-31": "0.42660"}, "Free Cash Flow Per Share": {"2020-12-31": 2.8435, "2020-09-30": 1.3716, "2020-06-30": 2.3053, "2020-03-31": "1.96440", "2019-12-31": 1.9474, "2019-09-30": 2.112, "2019-06-30": 1.6699, "2019-03-31": "1.67760", "2018-12-31": 1.6637, "2018-09-30": 2.1705, "2018-06-30": 1.9369, "2018-03-31": "1.27120", "2017-12-31": 1.4039, "2017-09-30": 1.3817, "2017-06-30": 1.0669, "2017-03-31": "1.33650", "2016-12-31": 1.3868, "2016-09-30": 1.2764, "2016-06-30": 0.5483, "2016-03-31": "1.75500", "2015-12-31": 0.508, "2015-09-30": 0.8947, "2015-06-30": 0.8576, "2015-03-31": "1.12710", "2014-12-31": 1.0828, "2014-09-30": 1.1247, "2014-06-30": 0.3308, "2014-03-31": "0.98740", "2013-12-31": 1.2577, "2013-09-30": 0.7834, "2013-06-30": 0.8292, "2013-03-31": "0.80660", "2012-12-31": 1.2294, "2012-09-30": 0.36, "2012-06-30": 0.4006, "2012-03-31": "0.63670", "2011-12-31": 0.6438, "2011-09-30": 0.8554, "2011-06-30": 0.6024, "2011-03-31": "0.67500", "2010-12-31": 0.5963, "2010-09-30": 0.4226, "2010-06-30": 0.4579, "2010-03-31": "0.20350", "2009-12-31": 0.4874, "2009-09-30": 0.0748, "2009-06-30": 0.269, "2009-03-31": "0.09510", "2008-12-31": 0.2736, "2008-09-30": 0.4516, "2008-06-30": 0.1385, "2008-03-31": "0.10230", "2007-12-31": 0.2608, "2007-09-30": 0.0148, "2007-06-30": -0.099, "2007-03-31": "0.08610", "2006-12-31": 0.3475, "2006-09-30": -0.0176, "2006-06-30": 0.0771, "2006-03-31": "-0.19100", "2005-12-31": -0.3861, "2005-09-30": 0.0039, "2005-06-30": 0.1383, "2005-03-31": "-0.00090"}}, "revenue": {"Union Pacific Annual Revenue (Millions of US $)": {"2020": "$19,533", "2019": "$21,708", "2018": "$22,832", "2017": "$21,240", "2016": "$19,941", "2015": "$21,813", "2014": "$23,988", "2013": "$21,963", "2012": "$20,926", "2011": "$19,557", "2010": "$16,965", "2009": "$14,143", "2008": "$17,970", "2007": "$16,283", "2006": "$15,578", "2005": "$13,578"}, "Union Pacific Quarterly Revenue (Millions of US $)": {"2020-12-31": "$5,141", "2020-09-30": "$4,919", "2020-06-30": "$4,244", "2020-03-31": "$5,229", "2019-12-31": "$5,212", "2019-09-30": "$5,516", "2019-06-30": "$5,596", "2019-03-31": "$5,384", "2018-12-31": "$5,757", "2018-09-30": "$5,928", "2018-06-30": "$5,672", "2018-03-31": "$5,475", "2017-12-31": "$5,450", "2017-09-30": "$5,408", "2017-06-30": "$5,250", "2017-03-31": "$5,132", "2016-12-31": "$5,168", "2016-09-30": "$5,174", "2016-06-30": "$4,770", "2016-03-31": "$4,829", "2015-12-31": "$5,208", "2015-09-30": "$5,562", "2015-06-30": "$5,429", "2015-03-31": "$5,614", "2014-12-31": "$6,153", "2014-09-30": "$6,182", "2014-06-30": "$6,015", "2014-03-31": "$5,638", "2013-12-31": "$5,630", "2013-09-30": "$5,573", "2013-06-30": "$5,470", "2013-03-31": "$5,290", "2012-12-31": "$5,250", "2012-09-30": "$5,343", "2012-06-30": "$5,221", "2012-03-31": "$5,112", "2011-12-31": "$5,108", "2011-09-30": "$5,101", "2011-06-30": "$4,858", "2011-03-31": "$4,490", "2010-12-31": "$4,410", "2010-09-30": "$4,408", "2010-06-30": "$4,182", "2010-03-31": "$3,965", "2009-12-31": "$3,754", "2009-09-30": "$3,671", "2009-06-30": "$3,303", "2009-03-31": "$3,415", "2008-12-31": "$4,286", "2008-09-30": "$4,846", "2008-06-30": "$4,568", "2008-03-31": "$4,270", "2007-12-31": "$4,197", "2007-09-30": "$4,191", "2007-06-30": "$4,046", "2007-03-31": "$3,849", "2006-12-31": "$3,962", "2006-09-30": "$3,983", "2006-06-30": "$3,923", "2006-03-31": "$3,710", "2005-12-31": "$3,621", "2005-09-30": "$3,461", "2005-06-30": "$3,344", "2005-03-31": "$3,152"}}, "gross-profit": {"Union Pacific Annual Gross Profit (Millions of US $)": {"2020": "$12,264", "2019": "$12,814", "2018": "$12,802", "2017": "$12,047", "2016": "$11,415", "2015": "$12,218", "2014": "$12,815", "2013": "$11,307", "2012": "$10,490", "2011": "$9,290", "2010": "$8,329", "2009": "$6,673", "2008": "$7,602", "2007": "$6,797", "2006": "$6,319", "2005": "$4,783"}, "Union Pacific Quarterly Gross Profit (Millions of US $)": {"2020-12-31": "$3,296", "2020-09-30": "$3,102", "2020-06-30": "$2,651", "2020-03-31": "$3,215", "2019-12-31": "$3,120", "2019-09-30": "$3,304", "2019-06-30": "$3,318", "2019-03-31": "$3,072", "2018-12-31": "$3,255", "2018-09-30": "$3,375", "2018-06-30": "$3,158", "2018-03-31": "$3,014", "2017-12-31": "$3,082", "2017-09-30": "$3,106", "2017-06-30": "$3,015", "2017-03-31": "$2,844", "2016-12-31": "$2,969", "2016-09-30": "$3,025", "2016-06-30": "$2,694", "2016-03-31": "$2,727", "2015-12-31": "$2,975", "2015-09-30": "$3,222", "2015-06-30": "$2,983", "2015-03-31": "$3,038", "2014-12-31": "$3,386", "2014-09-30": "$3,363", "2014-06-30": "$3,210", "2014-03-31": "$2,856", "2013-12-31": "$2,930", "2013-09-30": "$2,923", "2013-06-30": "$2,837", "2013-03-31": "$2,617", "2012-12-31": "$2,662", "2012-09-30": "$2,733", "2012-06-30": "$2,646", "2012-03-31": "$2,449", "2011-12-31": "$2,510", "2011-09-30": "$2,486", "2011-06-30": "$2,272", "2011-03-31": "$2,022", "2010-12-31": "$2,144", "2010-09-30": "$2,243", "2010-06-30": "$2,051", "2010-03-31": "$1,891", "2009-12-31": "$1,767", "2009-09-30": "$1,793", "2009-06-30": "$1,558", "2009-03-31": "$1,555", "2008-12-31": "$1,969", "2008-09-30": "$2,107", "2008-06-30": "$1,814", "2008-03-31": "$1,712", "2007-12-31": "$1,717", "2007-09-30": "$1,831", "2007-06-30": "$1,670", "2007-03-31": "$1,579", "2006-12-31": "$1,911", "2006-09-30": "$1,517", "2006-06-30": "$1,506", "2006-03-31": "$1,385", "2005-12-31": "$1,289", "2005-09-30": "$1,240", "2005-06-30": "$1,204", "2005-03-31": "$1,050"}}, "operating-income": {"Union Pacific Annual Operating Income (Millions of US $)": {"2020": "$7,834", "2019": "$8,554", "2018": "$8,517", "2017": "$8,106", "2016": "$7,243", "2015": "$8,052", "2014": "$8,753", "2013": "$7,446", "2012": "$6,745", "2011": "$5,724", "2010": "$4,981", "2009": "$3,379", "2008": "$4,070", "2007": "$3,375", "2006": "$2,884", "2005": "$1,795"}, "Union Pacific Quarterly Operating Income (Millions of US $)": {"2020-12-31": "$2,006", "2020-09-30": "$2,031", "2020-06-30": "$1,654", "2020-03-31": "$2,143", "2019-12-31": "$2,100", "2019-09-30": "$2,234", "2019-06-30": "$2,260", "2019-03-31": "$1,960", "2018-12-31": "$2,210", "2018-09-30": "$2,269", "2018-06-30": "$2,099", "2018-03-31": "$1,939", "2017-12-31": "$2,247", "2017-09-30": "$2,073", "2017-06-30": "$1,998", "2017-03-31": "$1,788", "2016-12-31": "$1,936", "2016-09-30": "$1,960", "2016-06-30": "$1,660", "2016-03-31": "$1,687", "2015-12-31": "$1,918", "2015-09-30": "$2,208", "2015-06-30": "$1,949", "2015-03-31": "$1,977", "2014-12-31": "$2,373", "2014-09-30": "$2,330", "2014-06-30": "$2,196", "2014-03-31": "$1,854", "2013-12-31": "$1,973", "2013-09-30": "$1,962", "2013-06-30": "$1,878", "2013-03-31": "$1,633", "2012-12-31": "$1,725", "2012-09-30": "$1,786", "2012-06-30": "$1,724", "2012-03-31": "$1,510", "2011-12-31": "$1,617", "2011-09-30": "$1,578", "2011-06-30": "$1,392", "2011-03-31": "$1,137", "2010-12-31": "$1,313", "2010-09-30": "$1,401", "2010-06-30": "$1,279", "2010-03-31": "$988", "2009-12-31": "$999", "2009-09-30": "$961", "2009-06-30": "$748", "2009-03-31": "$671", "2008-12-31": "$1,136", "2008-09-30": "$1,215", "2008-06-30": "$931", "2008-03-31": "$788", "2007-12-31": "$864", "2007-09-30": "$1,005", "2007-06-30": "$787", "2007-03-31": "$719", "2006-12-31": "$810", "2006-09-30": "$752", "2006-06-30": "$717", "2006-03-31": "$605", "2005-12-31": "$533", "2005-09-30": "$481", "2005-06-30": "$468", "2005-03-31": "$313"}}, "ebitda": {"Union Pacific Annual EBITDA (Millions of US $)": {"2020": "$10,044", "2019": "$10,770", "2018": "$10,708", "2017": "$10,211", "2016": "$9,281", "2015": "$10,064", "2014": "$10,657", "2013": "$9,223", "2012": "$8,505", "2011": "$7,341", "2010": "$6,468", "2009": "$4,806", "2008": "$5,436", "2007": "$4,696", "2006": "$4,121", "2005": "$2,970"}, "Union Pacific Quarterly EBITDA (Millions of US $)": {"2020-12-31": "$2,563", "2020-09-30": "$2,586", "2020-06-30": "$2,205", "2020-03-31": "$2,690", "2019-12-31": "$2,659", "2019-09-30": "$2,791", "2019-06-30": "$2,811", "2019-03-31": "$2,509", "2018-12-31": "$2,765", "2018-09-30": "$2,816", "2018-06-30": "$2,645", "2018-03-31": "$2,482", "2017-12-31": "$2,779", "2017-09-30": "$2,601", "2017-06-30": "$2,523", "2017-03-31": "$2,308", "2016-12-31": "$2,456", "2016-09-30": "$2,472", "2016-06-30": "$2,164", "2016-03-31": "$2,189", "2015-12-31": "$2,435", "2015-09-30": "$2,715", "2015-06-30": "$2,446", "2015-03-31": "$2,468", "2014-12-31": "$2,862", "2014-09-30": "$2,811", "2014-06-30": "$2,666", "2014-03-31": "$2,318", "2013-12-31": "$2,431", "2013-09-30": "$2,409", "2013-06-30": "$2,316", "2013-03-31": "$2,067", "2012-12-31": "$2,178", "2012-09-30": "$2,233", "2012-06-30": "$2,157", "2012-03-31": "$1,937", "2011-12-31": "$2,030", "2011-09-30": "$1,986", "2011-06-30": "$1,793", "2011-03-31": "$1,532", "2010-12-31": "$1,693", "2010-09-30": "$1,773", "2010-06-30": "$1,647", "2010-03-31": "$1,355", "2009-12-31": "$1,372", "2009-09-30": "$1,324", "2009-06-30": "$1,098", "2009-03-31": "$1,012", "2008-12-31": "$1,468", "2008-09-30": "$1,563", "2008-06-30": "$1,277", "2008-03-31": "$1,128", "2007-12-31": "$1,201", "2007-09-30": "$1,337", "2007-06-30": "$1,114", "2007-03-31": "$1,044", "2006-12-31": "$1,125", "2006-09-30": "$1,063", "2006-06-30": "$1,025", "2006-03-31": "$908", "2005-12-31": "$833", "2005-09-30": "$775", "2005-06-30": "$760", "2005-03-31": "$602"}}, "net-income": {"Union Pacific Annual Net Income (Millions of US $)": {"2020": "$5,349", "2019": "$5,919", "2018": "$5,966", "2017": "$10,712", "2016": "$4,233", "2015": "$4,772", "2014": "$5,180", "2013": "$4,388", "2012": "$3,943", "2011": "$3,292", "2010": "$2,780", "2009": "$1,890", "2008": "$2,335", "2007": "$1,855", "2006": "$1,606", "2005": "$1,026"}, "Union Pacific Quarterly Net Income (Millions of US $)": {"2020-12-31": "$1,380", "2020-09-30": "$1,363", "2020-06-30": "$1,132", "2020-03-31": "$1,474", "2019-12-31": "$1,403", "2019-09-30": "$1,555", "2019-06-30": "$1,570", "2019-03-31": "$1,391", "2018-12-31": "$1,554", "2018-09-30": "$1,593", "2018-06-30": "$1,509", "2018-03-31": "$1,310", "2017-12-31": "$7,278", "2017-09-30": "$1,194", "2017-06-30": "$1,168", "2017-03-31": "$1,072", "2016-12-31": "$1,144", "2016-09-30": "$1,131", "2016-06-30": "$979", "2016-03-31": "$979", "2015-12-31": "$1,117", "2015-09-30": "$1,300", "2015-06-30": "$1,204", "2015-03-31": "$1,151", "2014-12-31": "$1,431", "2014-09-30": "$1,370", "2014-06-30": "$1,291", "2014-03-31": "$1,088", "2013-12-31": "$1,174", "2013-09-30": "$1,151", "2013-06-30": "$1,106", "2013-03-31": "$957", "2012-12-31": "$1,036", "2012-09-30": "$1,042", "2012-06-30": "$1,002", "2012-03-31": "$863", "2011-12-31": "$964", "2011-09-30": "$904", "2011-06-30": "$785", "2011-03-31": "$639", "2010-12-31": "$775", "2010-09-30": "$778", "2010-06-30": "$711", "2010-03-31": "$516", "2009-12-31": "$549", "2009-09-30": "$514", "2009-06-30": "$465", "2009-03-31": "$362", "2008-12-31": "$658", "2008-09-30": "$703", "2008-06-30": "$531", "2008-03-31": "$443", "2007-12-31": "$491", "2007-09-30": "$532", "2007-06-30": "$446", "2007-03-31": "$386", "2006-12-31": "$485", "2006-09-30": "$420", "2006-06-30": "$390", "2006-03-31": "$311", "2005-12-31": "$296", "2005-09-30": "$369", "2005-06-30": "$233", "2005-03-31": "$128"}}, "eps-earnings-per-share-diluted": {"Union Pacific Annual EPS": {"2020": "$7.88", "2019": "$8.38", "2018": "$7.91", "2017": "$13.36", "2016": "$5.07", "2015": "$5.49", "2014": "$5.75", "2013": "$4.71", "2012": "$4.14", "2011": "$3.36", "2010": "$2.77", "2009": "$1.87", "2008": "$2.27", "2007": "$1.73", "2006": "$1.48", "2005": "$0.96"}, "Union Pacific Quarterly EPS": {"2020-12-31": "$2.05", "2020-09-30": "$2.01", "2020-06-30": "$1.67", "2020-03-31": "$2.15", "2019-12-31": "$2.01", "2019-09-30": "$2.22", "2019-06-30": "$2.22", "2019-03-31": "$1.93", "2018-12-31": "$2.10", "2018-09-30": "$2.15", "2018-06-30": "$1.98", "2018-03-31": "$1.68", "2017-12-31": "$9.09", "2017-09-30": "$1.50", "2017-06-30": "$1.45", "2017-03-31": "$1.32", "2016-12-31": "$1.38", "2016-09-30": "$1.36", "2016-06-30": "$1.17", "2016-03-31": "$1.16", "2015-12-31": "$1.31", "2015-09-30": "$1.50", "2015-06-30": "$1.38", "2015-03-31": "$1.30", "2014-12-31": "$1.60", "2014-09-30": "$1.53", "2014-06-30": "$1.43", "2014-03-31": "$1.19", "2013-12-31": "$1.28", "2013-09-30": "$1.24", "2013-06-30": "$1.18", "2013-03-31": "$1.02", "2012-12-31": "$1.10", "2012-09-30": "$1.10", "2012-06-30": "$1.05", "2012-03-31": "$0.90", "2011-12-31": "$1.00", "2011-09-30": "$0.93", "2011-06-30": "$0.80", "2011-03-31": "$0.65", "2010-12-31": "$0.78", "2010-09-30": "$0.78", "2010-06-30": "$0.70", "2010-03-31": "$0.51", "2009-12-31": "$0.55", "2009-09-30": "$0.51", "2009-06-30": "$0.46", "2009-03-31": "$0.36", "2008-12-31": "$0.64", "2008-09-30": "$0.69", "2008-06-30": "$0.51", "2008-03-31": "$0.43", "2007-12-31": "$0.47", "2007-09-30": "$0.50", "2007-06-30": "$0.41", "2007-03-31": "$0.35", "2006-12-31": "$0.44", "2006-09-30": "$0.39", "2006-06-30": "$0.36", "2006-03-31": "$0.29", "2005-12-31": "$0.28", "2005-09-30": "$0.35", "2005-06-30": "$0.22", "2005-03-31": "$0.12"}}, "shares-outstanding": {"Union Pacific Annual Shares Outstanding (Millions of Shares)": {"2020": "679", "2019": "706", "2018": "754", "2017": "802", "2016": "835", "2015": "869", "2014": "901", "2013": "932", "2012": "953", "2011": "980", "2010": "1,006", "2009": "1,012", "2008": "1,030", "2007": "1,074", "2006": "1,088", "2005": "1,066"}, "Union Pacific Quarterly Shares Outstanding (Millions of Shares)": {"2020-12-31": "679", "2020-09-30": "677", "2020-06-30": "679", "2020-03-31": "686", "2019-12-31": "706", "2019-09-30": "702", "2019-06-30": "708", "2019-03-31": "720", "2018-12-31": "754", "2018-09-30": "741", "2018-06-30": "764", "2018-03-31": "780", "2017-12-31": "802", "2017-09-30": "798", "2017-06-30": "807", "2017-03-31": "815", "2016-12-31": "835", "2016-09-30": "832", "2016-06-30": "840", "2016-03-31": "847", "2015-12-31": "869", "2015-09-30": "866", "2015-06-30": "875", "2015-03-31": "883", "2014-12-31": "901", "2014-09-30": "897", "2014-06-30": "905", "2014-03-31": "913", "2013-12-31": "932", "2013-09-30": "928", "2013-06-30": "935", "2013-03-31": "941", "2012-12-31": "953", "2012-09-30": "950", "2012-06-30": "954", "2012-03-31": "963", "2011-12-31": "980", "2011-09-30": "976", "2011-06-30": "985", "2011-03-31": "988", "2010-12-31": "1,006", "2010-09-30": "995", "2010-06-30": "1,013", "2010-03-31": "1,017", "2009-12-31": "1,012", "2009-09-30": "1,014", "2009-06-30": "1,011", "2009-03-31": "1,009", "2008-12-31": "1,030", "2008-09-30": "1,023", "2008-06-30": "1,038", "2008-03-31": "1,046", "2007-12-31": "1,074", "2007-09-30": "1,063", "2007-06-30": "1,083", "2007-03-31": "1,091", "2006-12-31": "1,088", "2006-09-30": "1,088", "2006-06-30": "1,088", "2006-03-31": "1,084", "2005-12-31": "1,066", "2005-09-30": "1,068", "2005-06-30": "1,062", "2005-03-31": "1,057"}}, "total-assets": {"Union Pacific Annual Total Assets (Millions of US $)": {"2020": "$62,398", "2019": "$61,673", "2018": "$59,147", "2017": "$57,806", "2016": "$55,718", "2015": "$54,600", "2014": "$52,372", "2013": "$49,731", "2012": "$47,153", "2011": "$45,096", "2010": "$43,088", "2009": "$42,184", "2008": "$39,722", "2007": "$38,033", "2006": "$36,515", "2005": "$35,620"}, "Union Pacific Quarterly Total Assets (Millions of US $)": {"2020-12-31": "$62,398", "2020-09-30": "$63,714", "2020-06-30": "$63,555", "2020-03-31": "$62,216", "2019-12-31": "$61,673", "2019-09-30": "$61,978", "2019-06-30": "$61,708", "2019-03-31": "$61,319", "2018-12-31": "$59,147", "2018-09-30": "$59,312", "2018-06-30": "$58,689", "2018-03-31": "$57,789", "2017-12-31": "$57,806", "2017-09-30": "$57,397", "2017-06-30": "$56,478", "2017-03-31": "$55,900", "2016-12-31": "$55,718", "2016-09-30": "$56,305", "2016-06-30": "$55,690", "2016-03-31": "$55,772", "2015-12-31": "$54,600", "2015-09-30": "$53,763", "2015-06-30": "$54,177", "2015-03-31": "$53,145", "2014-12-31": "$52,372", "2014-09-30": "$52,568", "2014-06-30": "$51,562", "2014-03-31": "$50,898", "2013-12-31": "$49,731", "2013-09-30": "$48,958", "2013-06-30": "$49,026", "2013-03-31": "$48,561", "2012-12-31": "$47,153", "2012-09-30": "$47,070", "2012-06-30": "$46,374", "2012-03-31": "$45,336", "2011-12-31": "$45,096", "2011-09-30": "$45,066", "2011-06-30": "$44,029", "2011-03-31": "$43,587", "2010-12-31": "$43,088", "2010-09-30": "$43,001", "2010-06-30": "$42,535", "2010-03-31": "$42,712", "2009-12-31": "$42,184", "2009-09-30": "$41,689", "2009-06-30": "$41,550", "2009-03-31": "$40,199", "2008-12-31": "$39,722", "2008-09-30": "$39,551", "2008-06-30": "$39,112", "2008-03-31": "$38,555", "2007-12-31": "$38,033", "2007-09-30": "$37,917", "2007-06-30": "$37,302", "2007-03-31": "$36,686", "2006-12-31": "$36,515", "2006-09-30": "$36,372", "2006-06-30": "$36,007", "2006-03-31": "$35,544", "2005-12-31": "$35,620", "2005-09-30": "$35,171", "2005-06-30": "$35,109", "2005-03-31": "$35,014"}}, "cash-on-hand": {"Union Pacific Annual Cash on Hand (Millions of US $)": {"2020": "$1,859", "2019": "$891", "2018": "$1,333", "2017": "$1,365", "2016": "$1,337", "2015": "$1,391", "2014": "$1,586", "2013": "$1,432", "2012": "$1,063", "2011": "$1,217", "2010": "$1,086", "2009": "$1,850", "2008": "$1,249", "2007": "$878", "2006": "$827", "2005": "$773"}, "Union Pacific Quarterly Cash on Hand (Millions of US $)": {"2020-12-31": "$1,859", "2020-09-30": "$2,661", "2020-06-30": "$2,766", "2020-03-31": "$1,190", "2019-12-31": "$891", "2019-09-30": "$1,310", "2019-06-30": "$1,109", "2019-03-31": "$1,119", "2018-12-31": "$1,333", "2018-09-30": "$1,900", "2018-06-30": "$1,694", "2018-03-31": "$1,138", "2017-12-31": "$1,365", "2017-09-30": "$1,937", "2017-06-30": "$1,376", "2017-03-31": "$1,139", "2016-12-31": "$1,337", "2016-09-30": "$2,239", "2016-06-30": "$2,160", "2016-03-31": "$2,673", "2015-12-31": "$1,391", "2015-09-30": "$1,078", "2015-06-30": "$2,041", "2015-03-31": "$1,587", "2014-12-31": "$1,586", "2014-09-30": "$1,887", "2014-06-30": "$1,537", "2014-03-31": "$1,857", "2013-12-31": "$1,432", "2013-09-30": "$1,366", "2013-06-30": "$1,845", "2013-03-31": "$1,917", "2012-12-31": "$1,063", "2012-09-30": "$1,130", "2012-06-30": "$1,201", "2012-03-31": "$995", "2011-12-31": "$1,217", "2011-09-30": "$1,647", "2011-06-30": "$1,055", "2011-03-31": "$1,248", "2010-12-31": "$1,086", "2010-09-30": "$1,358", "2010-06-30": "$1,317", "2010-03-31": "$1,753", "2009-12-31": "$1,850", "2009-09-30": "$1,435", "2009-06-30": "$1,656", "2009-03-31": "$1,466", "2008-12-31": "$1,249", "2008-09-30": "$857", "2008-06-30": "$611", "2008-03-31": "$827", "2007-12-31": "$878", "2007-09-30": "$1,022", "2007-06-30": "$522", "2007-03-31": "$598", "2006-12-31": "$827", "2006-09-30": "$719", "2006-06-30": "$262", "2006-03-31": "$258", "2005-12-31": "$773", "2005-09-30": "$337", "2005-06-30": "$164", "2005-03-31": "$732"}}, "long-term-debt": {"Union Pacific Annual Long Term Debt (Millions of US $)": {"2020": "$25,660", "2019": "$23,943", "2018": "$20,925", "2017": "$16,144", "2016": "$14,249", "2015": "$13,607", "2014": "$10,952", "2013": "$8,872", "2012": "$8,801", "2011": "$8,697", "2010": "$9,003", "2009": "$9,636", "2008": "$8,607", "2007": "$7,543", "2006": "$6,000", "2005": "$6,760"}, "Union Pacific Quarterly Long Term Debt (Millions of US $)": {"2020-12-31": "$25,660", "2020-09-30": "$26,080", "2020-06-30": "$26,439", "2020-03-31": "$26,365", "2019-12-31": "$23,943", "2019-09-30": "$24,314", "2019-06-30": "$22,955", "2019-03-31": "$23,409", "2018-12-31": "$20,925", "2018-09-30": "$20,943", "2018-06-30": "$21,357", "2018-03-31": "$15,697", "2017-12-31": "$16,144", "2017-09-30": "$15,930", "2017-06-30": "$15,229", "2017-03-31": "$14,310", "2016-12-31": "$14,249", "2016-09-30": "$15,205", "2016-06-30": "$14,777", "2016-03-31": "$14,791", "2015-12-31": "$13,607", "2015-09-30": "$12,798", "2015-06-30": "$12,908", "2015-03-31": "$11,884", "2014-12-31": "$10,952", "2014-09-30": "$11,045", "2014-06-30": "$10,385", "2014-03-31": "$9,544", "2013-12-31": "$8,872", "2013-09-30": "$8,764", "2013-06-30": "$9,076", "2013-03-31": "$9,309", "2012-12-31": "$8,801", "2012-09-30": "$8,773", "2012-06-30": "$8,636", "2012-03-31": "$8,066", "2011-12-31": "$8,697", "2011-09-30": "$8,765", "2011-06-30": "$8,759", "2011-03-31": "$9,016", "2010-12-31": "$9,003", "2010-09-30": "$9,060", "2010-06-30": "$9,117", "2010-03-31": "$9,480", "2009-12-31": "$9,636", "2009-09-30": "$9,620", "2009-06-30": "$9,816", "2009-03-31": "$9,058", "2008-12-31": "$8,607", "2008-09-30": "$8,116", "2008-06-30": "$8,154", "2008-03-31": "$7,930", "2007-12-31": "$7,543", "2007-09-30": "$7,697", "2007-06-30": "$7,098", "2007-03-31": "$6,594", "2006-12-31": "$6,000", "2006-09-30": "$6,657", "2006-06-30": "$6,678", "2006-03-31": "$6,712", "2005-12-31": "$6,760", "2005-09-30": "$7,323", "2005-06-30": "$7,565", "2005-03-31": "$7,919"}}, "total-liabilities": {"Union Pacific Annual Total Liabilities (Millions of US $)": {"2020": "$45,440", "2019": "$43,545", "2018": "$38,724", "2017": "$32,950", "2016": "$35,786", "2015": "$33,898", "2014": "$31,183", "2013": "$28,506", "2012": "$27,276", "2011": "$26,518", "2010": "$25,325", "2009": "$25,383", "2008": "$24,275", "2007": "$22,448", "2006": "$21,203", "2005": "$21,913"}, "Union Pacific Quarterly Total Liabilities (Millions of US $)": {"2020-12-31": "$45,440", "2020-09-30": "$46,515", "2020-06-30": "$47,103", "2020-03-31": "$46,225", "2019-12-31": "$43,545", "2019-09-30": "$43,962", "2019-06-30": "$43,537", "2019-03-31": "$43,577", "2018-12-31": "$38,724", "2018-09-30": "$38,667", "2018-06-30": "$38,780", "2018-03-31": "$33,400", "2017-12-31": "$32,950", "2017-09-30": "$38,246", "2017-06-30": "$36,863", "2017-03-31": "$36,177", "2016-12-31": "$35,786", "2016-09-30": "$36,021", "2016-06-30": "$35,268", "2016-03-31": "$35,297", "2015-12-31": "$33,898", "2015-09-30": "$33,164", "2015-06-30": "$33,187", "2015-03-31": "$32,088", "2014-12-31": "$31,183", "2014-09-30": "$31,015", "2014-06-30": "$30,122", "2014-03-31": "$29,626", "2013-12-31": "$28,506", "2013-09-30": "$28,184", "2013-06-30": "$28,502", "2013-03-31": "$28,417", "2012-12-31": "$27,276", "2012-09-30": "$27,521", "2012-06-30": "$27,287", "2012-03-31": "$26,581", "2011-12-31": "$26,518", "2011-09-30": "$26,501", "2011-06-30": "$25,723", "2011-03-31": "$25,541", "2010-12-31": "$25,325", "2010-09-30": "$25,565", "2010-06-30": "$25,212", "2010-03-31": "$25,499", "2009-12-31": "$25,383", "2009-09-30": "$25,260", "2009-06-30": "$25,531", "2009-03-31": "$24,545", "2008-12-31": "$24,275", "2008-09-30": "$23,816", "2008-06-30": "$23,546", "2008-03-31": "$22,998", "2007-12-31": "$22,448", "2007-09-30": "$22,534", "2007-06-30": "$21,857", "2007-03-31": "$21,239", "2006-12-31": "$21,203", "2006-09-30": "$21,602", "2006-06-30": "$21,592", "2006-03-31": "$21,479", "2005-12-31": "$21,913", "2005-09-30": "$21,800", "2005-06-30": "$22,124", "2005-03-31": "$22,206"}}, "total-share-holder-equity": {"Union Pacific Annual Share Holder Equity (Millions of US $)": {"2020": "$16,958", "2019": "$18,128", "2018": "$20,423", "2017": "$24,856", "2016": "$19,932", "2015": "$20,702", "2014": "$21,189", "2013": "$21,225", "2012": "$19,877", "2011": "$18,578", "2010": "$17,763", "2009": "$16,801", "2008": "$15,447", "2007": "$15,585", "2006": "$15,312", "2005": "$13,707"}, "Union Pacific Quarterly Share Holder Equity (Millions of US $)": {"2020-12-31": "$16,958", "2020-09-30": "$17,199", "2020-06-30": "$16,452", "2020-03-31": "$15,991", "2019-12-31": "$18,128", "2019-09-30": "$18,016", "2019-06-30": "$18,171", "2019-03-31": "$17,742", "2018-12-31": "$20,423", "2018-09-30": "$20,645", "2018-06-30": "$19,909", "2018-03-31": "$24,389", "2017-12-31": "$24,856", "2017-09-30": "$19,151", "2017-06-30": "$19,615", "2017-03-31": "$19,723", "2016-12-31": "$19,932", "2016-09-30": "$20,284", "2016-06-30": "$20,422", "2016-03-31": "$20,475", "2015-12-31": "$20,702", "2015-09-30": "$20,599", "2015-06-30": "$20,990", "2015-03-31": "$21,057", "2014-12-31": "$21,189", "2014-09-30": "$21,553", "2014-06-30": "$21,440", "2014-03-31": "$21,272", "2013-12-31": "$21,225", "2013-09-30": "$20,774", "2013-06-30": "$20,524", "2013-03-31": "$20,144", "2012-12-31": "$19,877", "2012-09-30": "$19,549", "2012-06-30": "$19,087", "2012-03-31": "$18,755", "2011-12-31": "$18,578", "2011-09-30": "$18,565", "2011-06-30": "$18,306", "2011-03-31": "$18,046", "2010-12-31": "$17,763", "2010-09-30": "$17,436", "2010-06-30": "$17,323", "2010-03-31": "$17,213", "2009-12-31": "$16,801", "2009-09-30": "$16,429", "2009-06-30": "$16,019", "2009-03-31": "$15,654", "2008-12-31": "$15,447", "2008-09-30": "$15,735", "2008-06-30": "$15,566", "2008-03-31": "$15,557", "2007-12-31": "$15,585", "2007-09-30": "$15,383", "2007-06-30": "$15,445", "2007-03-31": "$15,447", "2006-12-31": "$15,312", "2006-09-30": "$14,770", "2006-06-30": "$14,415", "2006-03-31": "$14,065", "2005-12-31": "$13,707", "2005-09-30": "$13,371", "2005-06-30": "$12,985", "2005-03-31": "$12,808"}}, "profit-margins": {"current": "27.38%"}, "gross margin": {"2020-12-31": "62.79%", "2020-09-30": "61.66%", "2020-06-30": "60.84%", "2020-03-31": "60.12%", "2019-12-31": "59.03%", "2019-09-30": "58.19%", "2019-06-30": "57.45%", "2019-03-31": "56.55%", "2018-12-31": "56.07%", "2018-09-30": "56.07%", "2018-06-30": "56.17%", "2018-03-31": "56.60%", "2017-12-31": "56.72%", "2017-09-30": "56.94%", "2017-06-30": "57.19%", "2017-03-31": "56.97%", "2016-12-31": "57.24%", "2016-09-30": "57.16%", "2016-06-30": "57.04%", "2016-03-31": "56.62%", "2015-12-31": "56.01%", "2015-09-30": "55.49%", "2015-06-30": "54.62%", "2015-03-31": "54.24%", "2014-12-31": "53.42%", "2014-09-30": "52.67%", "2014-06-30": "52.15%", "2014-03-31": "51.75%", "2013-12-31": "51.48%", "2013-09-30": "51.15%", "2013-06-30": "50.81%", "2013-03-31": "50.50%", "2012-12-31": "50.13%", "2012-09-30": "49.74%", "2012-06-30": "49.12%", "2012-03-31": "48.15%", "2011-12-31": "47.50%", "2011-09-30": "47.32%", "2011-06-30": "47.79%", "2011-03-31": "48.37%", "2010-12-31": "49.10%", "2010-09-30": "48.76%", "2010-06-30": "48.18%", "2010-03-31": "47.70%", "2009-12-31": "47.18%", "2009-09-30": "46.85%", "2009-06-30": "45.36%", "2009-03-31": "43.50%", "2008-12-31": "42.30%", "2008-09-30": "41.11%", "2008-06-30": "41.07%", "2008-03-31": "41.49%", "2007-12-31": "41.74%", "2007-09-30": "43.56%", "2007-06-30": "42.15%", "2007-03-31": "41.44%", "2006-12-31": "40.56%", "2006-09-30": "37.39%", "2006-06-30": "36.83%", "2006-03-31": "36.21%", "2005-12-31": "35.23%"}, "operating margin": {"2020-12-31": "40.11%", "2020-09-30": "40.44%", "2020-06-30": "40.25%", "2020-03-31": "40.54%", "2019-12-31": "39.40%", "2019-09-30": "38.93%", "2019-06-30": "38.38%", "2019-03-31": "37.54%", "2018-12-31": "37.30%", "2018-09-30": "37.98%", "2018-06-30": "37.98%", "2018-03-31": "38.26%", "2017-12-31": "38.16%", "2017-09-30": "37.19%", "2017-06-30": "37.07%", "2017-03-31": "36.28%", "2016-12-31": "36.32%", "2016-09-30": "36.16%", "2016-06-30": "36.69%", "2016-03-31": "36.91%", "2015-12-31": "36.91%", "2015-09-30": "37.38%", "2015-06-30": "36.91%", "2015-03-31": "37.04%", "2014-12-31": "36.49%", "2014-09-30": "35.60%", "2014-06-30": "34.94%", "2014-03-31": "34.36%", "2013-12-31": "33.90%", "2013-09-30": "33.35%", "2013-06-30": "32.89%", "2013-03-31": "32.54%", "2012-12-31": "32.23%", "2012-09-30": "31.93%", "2012-06-30": "31.30%", "2012-03-31": "30.21%", "2011-12-31": "29.27%", "2011-09-30": "28.74%", "2011-06-30": "28.86%", "2011-03-31": "29.33%", "2010-12-31": "29.36%", "2010-09-30": "28.62%", "2010-06-30": "27.14%", "2010-03-31": "25.15%", "2009-12-31": "23.89%", "2009-09-30": "23.96%", "2009-06-30": "23.79%", "2009-03-31": "23.10%", "2008-12-31": "22.65%", "2008-09-30": "21.24%", "2008-06-30": "20.83%", "2008-03-31": "20.62%", "2007-12-31": "20.73%", "2007-09-30": "20.69%", "2007-06-30": "19.37%", "2007-03-31": "19.07%", "2006-12-31": "18.51%", "2006-09-30": "17.11%", "2006-06-30": "15.87%", "2006-03-31": "14.76%", "2005-12-31": "13.22%"}, "ebitda margin": {"2020-12-31": "51.42%", "2020-09-30": "51.72%", "2020-06-30": "51.21%", "2020-03-31": "50.81%", "2019-12-31": "49.61%", "2019-09-30": "48.87%", "2019-06-30": "48.10%", "2019-03-31": "47.21%", "2018-12-31": "46.90%", "2018-09-30": "47.60%", "2018-06-30": "47.75%", "2018-03-31": "48.12%", "2017-12-31": "48.07%", "2017-09-30": "47.18%", "2017-06-30": "47.09%", "2017-03-31": "46.43%", "2016-12-31": "46.54%", "2016-09-30": "46.34%", "2016-06-30": "46.65%", "2016-03-31": "46.53%", "2015-12-31": "46.14%", "2015-09-30": "46.10%", "2015-06-30": "45.29%", "2015-03-31": "45.10%", "2014-12-31": "44.43%", "2014-09-30": "43.58%", "2014-06-30": "42.98%", "2014-03-31": "42.46%", "2013-12-31": "41.99%", "2013-09-30": "41.56%", "2013-06-30": "41.18%", "2013-03-31": "40.92%", "2012-12-31": "40.64%", "2012-09-30": "40.21%", "2012-06-30": "39.48%", "2012-03-31": "38.39%", "2011-12-31": "37.54%", "2011-09-30": "37.14%", "2011-06-30": "37.38%", "2011-03-31": "37.99%", "2010-12-31": "38.13%", "2010-09-30": "37.69%", "2010-06-30": "36.59%", "2010-03-31": "35.04%", "2009-12-31": "33.98%", "2009-09-30": "33.40%", "2009-06-30": "32.44%", "2009-03-31": "31.08%", "2008-12-31": "30.25%", "2008-09-30": "28.91%", "2008-06-30": "28.69%", "2008-03-31": "28.62%", "2007-12-31": "28.84%", "2007-09-30": "28.79%", "2007-06-30": "27.44%", "2007-03-31": "27.09%", "2006-12-31": "26.45%", "2006-09-30": "25.13%", "2006-06-30": "24.06%", "2006-03-31": "23.17%", "2005-12-31": "21.87%"}, "pre tax profit margin": {"2020-12-31": "35.73%", "2020-09-30": "36.04%", "2020-06-30": "36.20%", "2020-03-31": "36.54%", "2019-12-31": "35.69%", "2019-09-30": "35.43%", "2019-06-30": "35.03%", "2019-03-31": "34.39%", "2018-12-31": "33.90%", "2018-09-30": "34.70%", "2018-06-30": "35.10%", "2018-03-31": "35.47%", "2017-12-31": "35.93%", "2017-09-30": "35.17%", "2017-06-30": "34.71%", "2017-03-31": "34.02%", "2016-12-31": "33.93%", "2016-09-30": "33.62%", "2016-06-30": "34.33%", "2016-03-31": "35.03%", "2015-12-31": "35.10%", "2015-09-30": "35.91%", "2015-06-30": "35.49%", "2015-03-31": "35.22%", "2014-12-31": "34.78%", "2014-09-30": "33.79%", "2014-06-30": "33.14%", "2014-03-31": "32.55%", "2013-12-31": "32.09%", "2013-09-30": "31.53%", "2013-06-30": "31.05%", "2013-03-31": "30.67%", "2012-12-31": "30.19%", "2012-09-30": "29.87%", "2012-06-30": "29.13%", "2012-03-31": "27.97%", "2011-12-31": "26.92%", "2011-09-30": "26.06%", "2011-06-30": "26.06%", "2011-03-31": "26.36%", "2010-12-31": "26.13%", "2010-09-30": "25.27%", "2010-06-30": "23.56%", "2010-03-31": "22.15%", "2009-12-31": "21.03%", "2009-09-30": "21.39%", "2009-06-30": "21.63%", "2009-03-31": "20.55%", "2008-12-31": "20.32%", "2008-09-30": "18.99%", "2008-06-30": "18.54%", "2008-03-31": "18.41%", "2007-12-31": "18.48%", "2007-09-30": "18.56%", "2007-06-30": "17.22%", "2007-03-31": "16.87%", "2006-12-31": "16.21%", "2006-09-30": "14.72%", "2006-06-30": "13.50%", "2006-03-31": "12.24%", "2005-12-31": "10.58%"}, "net profit margin": {"2020-12-31": "27.38%", "2020-09-30": "27.40%", "2020-06-30": "27.54%", "2020-03-31": "27.85%", "2019-12-31": "27.27%", "2019-09-30": "27.28%", "2019-06-30": "26.95%", "2019-03-31": "26.59%", "2018-12-31": "26.13%", "2018-09-30": "51.90%", "2018-06-30": "51.31%", "2018-03-31": "50.73%", "2017-12-31": "50.43%", "2017-09-30": "21.84%", "2017-06-30": "21.79%", "2017-03-31": "21.37%", "2016-12-31": "21.23%", "2016-09-30": "21.05%", "2016-06-30": "21.48%", "2016-03-31": "21.88%", "2015-12-31": "21.88%", "2015-09-30": "22.35%", "2015-06-30": "22.05%", "2015-03-31": "21.88%", "2014-12-31": "21.59%", "2014-09-30": "20.98%", "2014-06-30": "20.58%", "2014-03-31": "20.25%", "2013-12-31": "19.98%", "2013-09-30": "19.69%", "2013-06-30": "19.39%", "2013-03-31": "19.13%", "2012-12-31": "18.84%", "2012-09-30": "18.62%", "2012-06-30": "18.17%", "2012-03-31": "17.42%", "2011-12-31": "16.83%", "2011-09-30": "16.45%", "2011-06-30": "16.39%", "2011-03-31": "16.60%", "2010-12-31": "16.39%", "2010-09-30": "15.66%", "2010-06-30": "14.71%", "2010-03-31": "13.91%", "2009-12-31": "13.36%", "2009-09-30": "13.62%", "2009-06-30": "13.80%", "2009-03-31": "13.17%", "2008-12-31": "12.99%", "2008-09-30": "12.12%", "2008-06-30": "11.59%", "2008-03-31": "11.45%", "2007-12-31": "11.39%", "2007-09-30": "11.52%", "2007-06-30": "10.97%", "2007-03-31": "10.70%", "2006-12-31": "10.31%", "2006-09-30": "9.30%", "2006-06-30": "9.28%", "2006-03-31": "8.55%", "2005-12-31": "7.56%"}, "pe ratio": {"current": "24.99", "2021-02-11": "26.30", "2020-12-31": "26.42", "2020-09-30": "24.96", "2020-06-30": "20.77", "2020-03-31": "16.13", "2019-12-31": "21.09", "2019-09-30": "18.57", "2019-06-30": "19.44", "2019-03-31": "19.68", "2018-12-31": "16.69", "2018-09-30": "10.35", "2018-06-30": "9.37", "2018-03-31": "9.18", "2017-12-31": "9.35", "2017-09-30": "19.21", "2017-06-30": "18.39", "2017-03-31": "18.74", "2016-12-31": "18.82", "2016-09-30": "17.88", "2016-06-30": "15.47", "2016-03-31": "13.46", "2015-12-31": "12.81", "2015-09-30": "13.64", "2015-06-30": "14.54", "2015-03-31": "16.29", "2014-12-31": "18.18", "2014-09-30": "17.49", "2014-06-30": "16.92", "2014-03-31": "16.64", "2013-12-31": "15.37", "2013-09-30": "14.70", "2013-06-30": "15.01", "2013-03-31": "14.23", "2012-12-31": "12.86", "2012-09-30": "12.37", "2012-06-30": "12.92", "2012-03-31": "12.40", "2011-12-31": "13.06", "2011-09-30": "10.69", "2011-06-30": "14.25", "2011-03-31": "13.80", "2010-12-31": "13.61", "2010-09-30": "13.10", "2010-06-30": "12.41", "2010-03-31": "14.57", "2009-12-31": "13.63", "2009-09-30": "11.68", "2009-06-30": "9.51", "2009-03-31": "7.30", "2008-12-31": "8.19", "2008-09-30": "13.23", "2008-06-30": "15.38", "2008-03-31": "13.43", "2007-12-31": "13.97", "2007-09-30": "12.67", "2007-06-30": "13.79", "2007-03-31": "12.54", "2006-12-31": "11.82"}, "price sales": {"2021-02-11": "7.22", "2020-12-31": "7.25", "2020-09-30": "6.87", "2020-06-30": "5.75", "2020-03-31": "4.51", "2019-12-31": "5.78", "2019-09-30": "5.11", "2019-06-30": "5.28", "2019-03-31": "5.27", "2018-12-31": "4.40", "2018-09-30": "5.33", "2018-06-30": "4.82", "2018-03-31": "4.70", "2017-12-31": "4.79", "2017-09-30": "4.22", "2017-06-30": "4.03", "2017-03-31": "4.03", "2016-12-31": "4.02", "2016-09-30": "3.79", "2016-06-30": "3.34", "2016-03-31": "2.96", "2015-12-31": "2.81", "2015-09-30": "3.06", "2015-06-30": "3.22", "2015-03-31": "3.58", "2014-12-31": "3.94", "2014-09-30": "3.68", "2014-06-30": "3.49", "2014-03-31": "3.38", "2013-12-31": "3.08", "2013-09-30": "2.90", "2013-06-30": "2.92", "2013-03-31": "2.72", "2012-12-31": "2.43", "2012-09-30": "2.31", "2012-06-30": "2.35", "2012-03-31": "2.16", "2011-12-31": "2.20", "2011-09-30": "1.76", "2011-06-30": "2.34", "2011-03-31": "2.29", "2010-12-31": "2.23", "2010-09-30": "2.05", "2010-06-30": "1.82", "2010-03-31": "2.03", "2009-12-31": "1.82", "2009-09-30": "1.61", "2009-06-30": "1.32", "2009-03-31": "0.97", "2008-12-31": "1.07", "2008-09-30": "1.61", "2008-06-30": "1.79", "2008-03-31": "1.54", "2007-12-31": "1.60", "2007-09-30": "1.46", "2007-06-30": "1.51", "2007-03-31": "1.34", "2006-12-31": "1.22"}, "price book": {"current": "8.08", "2021-02-11": "8.20", "2020-12-31": "8.24", "2020-09-30": "7.69", "2020-06-30": "6.91", "2020-03-31": "5.89", "2019-12-31": "6.76", "2019-09-30": "6.09", "2019-06-30": "6.35", "2019-03-31": "6.43", "2018-12-31": "4.70", "2018-09-30": "5.57", "2018-06-30": "5.01", "2018-03-31": "4.04", "2017-12-31": "3.97", "2017-09-30": "4.48", "2017-06-30": "4.15", "2017-03-31": "4.03", "2016-12-31": "3.91", "2016-09-30": "3.64", "2016-06-30": "3.25", "2016-03-31": "2.96", "2015-12-31": "2.88", "2015-09-30": "3.28", "2015-06-30": "3.51", "2015-03-31": "3.98", "2014-12-31": "4.37", "2014-09-30": "3.92", "2014-06-30": "3.64", "2014-03-31": "3.47", "2013-12-31": "3.11", "2013-09-30": "2.96", "2013-06-30": "2.98", "2013-03-31": "2.81", "2012-12-31": "2.51", "2012-09-30": "2.41", "2012-06-30": "2.48", "2012-03-31": "2.28", "2011-12-31": "2.27", "2011-09-30": "1.75", "2011-06-30": "2.28", "2011-03-31": "2.18", "2010-12-31": "2.08", "2010-09-30": "1.87", "2010-06-30": "1.61", "2010-03-31": "1.73", "2009-12-31": "1.53", "2009-09-30": "1.42", "2009-06-30": "1.30", "2009-03-31": "1.04", "2008-12-31": "1.22", "2008-09-30": "1.78", "2008-06-30": "1.92", "2008-03-31": "1.61", "2007-12-31": "0.81", "2007-09-30": "1.48", "2007-06-30": "1.52", "2007-03-31": "1.35", "2006-12-31": "1.23", "2006-09-30": "1.21", "2006-06-30": "1.31", "2006-03-31": "1.34"}, "price fcf": {"2021-02-11": "", "2020-12-31": "$8.48", "2020-09-30": "$7.59", "2020-06-30": "$8.33", "2020-03-31": "$7.69", "2019-12-31": "$7.41", "2019-09-30": "$7.12", "2019-06-30": "$7.18", "2019-03-31": "$7.45", "2018-12-31": "$7.04", "2018-09-30": "$6.78", "2018-06-30": "$5.99", "2018-03-31": "$5.12", "2017-12-31": "$5.19", "2017-09-30": "$5.17", "2017-06-30": "$5.07", "2017-03-31": "$4.55", "2016-12-31": "$4.97", "2016-09-30": "$4.09", "2016-06-30": "$3.71", "2016-03-31": "$4.02", "2015-12-31": "$3.39", "2015-09-30": "$3.96", "2015-06-30": "$4.19", "2015-03-31": "$3.67", "2014-12-31": "$3.53", "2014-09-30": "$3.70", "2014-06-30": "$3.36", "2014-03-31": "$3.86", "2013-12-31": "$3.68", "2013-09-30": "$3.65", "2013-06-30": "$3.23", "2013-03-31": "$2.80", "2012-12-31": "$2.63", "2012-09-30": "$2.04", "2012-06-30": "$2.54", "2012-03-31": "$2.74", "2011-12-31": "$2.78", "2011-09-30": "$2.73", "2011-06-30": "$2.30", "2011-03-31": "$2.15", "2010-12-31": "$1.68", "2010-09-30": "$1.57", "2010-06-30": "$1.22", "2010-03-31": "$1.03", "2009-12-31": "$0.93", "2009-09-30": "$0.71", "2009-06-30": "$1.09", "2009-03-31": "$0.96", "2008-12-31": "$0.97", "2008-09-30": "$0.95", "2008-06-30": "$0.52", "2008-03-31": "$0.28", "2007-12-31": "$0.26", "2007-09-30": "$0.35", "2007-06-30": "$0.32", "2007-03-31": "$0.49", "2006-12-31": "$0.22"}, "net worth": {"value": "$137.08B"}, "current ratio": {"current": "1.01", "2020-12-31": "1.01", "2020-09-30": "1.06", "2020-06-30": "0.96", "2020-03-31": "0.82", "2019-12-31": "0.80", "2019-09-30": "0.89", "2019-06-30": "0.72", "2019-03-31": "0.75", "2018-12-31": "0.90", "2018-09-30": "1.06", "2018-06-30": "1.03", "2018-03-31": "0.82", "2017-12-31": "1.02", "2017-09-30": "1.16", "2017-06-30": "1.14", "2017-03-31": "0.93", "2016-12-31": "0.99", "2016-09-30": "1.41", "2016-06-30": "1.48", "2016-03-31": "1.55", "2015-12-31": "1.29", "2015-09-30": "1.12", "2015-06-30": "1.46", "2015-03-31": "1.32", "2014-12-31": "1.17", "2014-09-30": "1.25", "2014-06-30": "1.19", "2014-03-31": "1.12", "2013-12-31": "1.05", "2013-09-30": "1.11", "2013-06-30": "1.19", "2013-03-31": "1.29", "2012-12-31": "1.16", "2012-09-30": "1.02", "2012-06-30": "1.01", "2012-03-31": "0.91", "2011-12-31": "1.12", "2011-09-30": "1.13", "2011-06-30": "1.17", "2011-03-31": "1.25", "2010-12-31": "1.16", "2010-09-30": "1.23", "2010-06-30": "1.22", "2010-03-31": "1.41", "2009-12-31": "1.37", "2009-09-30": "1.17", "2009-06-30": "1.18", "2009-03-31": "1.13", "2008-12-31": "0.98", "2008-09-30": "0.84", "2008-06-30": "0.80", "2008-03-31": "0.85", "2007-12-31": "0.85", "2007-09-30": "0.91", "2007-06-30": "0.73", "2007-03-31": "0.76", "2006-12-31": "0.68", "2006-09-30": "0.76", "2006-06-30": "0.61", "2006-03-31": "0.62", "2005-12-31": "0.69", "2005-09-30": "0.74", "2005-06-30": "0.67", "2005-03-31": "0.93"}, "quick ratio": {"2020-12-31": "0.86", "2020-09-30": "0.93", "2020-06-30": "0.84", "2020-03-31": "0.67", "2019-12-31": "0.62", "2019-09-30": "0.72", "2019-06-30": "0.58", "2019-03-31": "0.60", "2018-12-31": "0.74", "2018-09-30": "0.89", "2018-06-30": "0.85", "2018-03-31": "0.65", "2017-12-31": "0.83", "2017-09-30": "0.97", "2017-06-30": "0.92", "2017-03-31": "0.74", "2016-12-31": "0.79", "2016-09-30": "1.20", "2016-06-30": "1.26", "2016-03-31": "1.33", "2015-12-31": "1.06", "2015-09-30": "0.91", "2015-06-30": "1.24", "2015-03-31": "1.10", "2014-12-31": "0.98", "2014-09-30": "1.06", "2014-06-30": "1.00", "2014-03-31": "0.95", "2013-12-31": "0.88", "2013-09-30": "0.93", "2013-06-30": "1.02", "2013-03-31": "1.11", "2012-12-31": "0.95", "2012-09-30": "0.84", "2012-06-30": "0.85", "2012-03-31": "0.74", "2011-12-31": "0.94", "2011-09-30": "0.97", "2011-06-30": "0.97", "2011-03-31": "1.05", "2010-12-31": "0.98", "2010-09-30": "1.07", "2010-06-30": "1.06", "2010-03-31": "1.24", "2009-12-31": "1.20", "2009-09-30": "0.99", "2009-06-30": "1.00", "2009-03-31": "0.96", "2008-12-31": "0.82", "2008-09-30": "0.67", "2008-06-30": "0.63", "2008-03-31": "0.68", "2007-12-31": "0.70", "2007-09-30": "0.76", "2007-06-30": "0.58", "2007-03-31": "0.62", "2006-12-31": "0.57", "2006-09-30": "0.63", "2006-06-30": "0.47", "2006-03-31": "0.48", "2005-12-31": "0.59", "2005-09-30": "0.61", "2005-06-30": "0.54", "2005-03-31": "0.80"}, "debt equity ratio": {"current": "1.51", "2020-12-31": "2.68", "2020-09-30": "2.71", "2020-06-30": "2.86", "2020-03-31": "2.89", "2019-12-31": "2.40", "2019-09-30": "2.44", "2019-06-30": "2.40", "2019-03-31": "2.46", "2018-12-31": "1.90", "2018-09-30": "1.87", "2018-06-30": "1.95", "2018-03-31": "1.37", "2017-12-31": "1.33", "2017-09-30": "2.00", "2017-06-30": "1.88", "2017-03-31": "1.83", "2016-12-31": "1.80", "2016-09-30": "1.78", "2016-06-30": "1.73", "2016-03-31": "1.72", "2015-12-31": "1.64", "2015-09-30": "1.61", "2015-06-30": "1.58", "2015-03-31": "1.52", "2014-12-31": "1.47", "2014-09-30": "1.44", "2014-06-30": "1.41", "2014-03-31": "1.39", "2013-12-31": "1.34", "2013-09-30": "1.36", "2013-06-30": "1.39", "2013-03-31": "1.41", "2012-12-31": "1.37", "2012-09-30": "1.41", "2012-06-30": "1.43", "2012-03-31": "1.42", "2011-12-31": "1.43", "2011-09-30": "1.43", "2011-06-30": "1.41", "2011-03-31": "1.42", "2010-12-31": "1.43", "2010-09-30": "1.47", "2010-06-30": "1.46", "2010-03-31": "1.48", "2009-12-31": "1.51", "2009-09-30": "1.54", "2009-06-30": "1.59", "2009-03-31": "1.57", "2008-12-31": "1.57", "2008-09-30": "1.51", "2008-06-30": "1.51", "2008-03-31": "1.48", "2007-12-31": "1.44", "2007-09-30": "1.47", "2007-06-30": "1.42", "2007-03-31": "1.38", "2006-12-31": "1.39", "2006-09-30": "1.46", "2006-06-30": "1.50", "2006-03-31": "1.53", "2005-12-31": "1.60", "2005-09-30": "1.63", "2005-06-30": "1.70", "2005-03-31": "1.73"}, "return on equity": {"2020-12-31": "32.13%", "2020-09-30": "31.71%", "2020-06-30": "32.45%", "2020-03-31": "34.15%", "2019-12-31": "32.86%", "2019-09-30": "32.66%", "2019-06-30": "31.74%", "2019-03-31": "30.73%", "2018-12-31": "27.95%", "2018-09-30": "52.07%", "2018-06-30": "51.15%", "2018-03-31": "49.77%", "2017-12-31": "51.41%", "2017-09-30": "23.35%", "2017-06-30": "22.70%", "2017-03-31": "21.53%", "2016-12-31": "20.87%", "2016-09-30": "20.55%", "2016-06-30": "21.29%", "2016-03-31": "22.23%", "2015-12-31": "22.90%", "2015-09-30": "24.27%", "2015-06-30": "24.32%", "2015-03-31": "24.60%", "2014-12-31": "24.25%", "2014-09-30": "23.03%", "2014-06-30": "22.21%", "2014-03-31": "21.57%", "2013-12-31": "21.23%", "2013-09-30": "20.91%", "2013-06-30": "20.68%", "2013-03-31": "20.53%", "2012-12-31": "20.41%", "2012-09-30": "20.38%", "2012-06-30": "19.91%", "2012-03-31": "18.95%", "2011-12-31": "17.92%", "2011-09-30": "17.08%", "2011-06-30": "16.64%", "2011-03-31": "16.46%", "2010-12-31": "15.95%", "2010-09-30": "14.85%", "2010-06-30": "13.52%", "2010-03-31": "12.30%", "2009-12-31": "11.65%", "2009-09-30": "12.58%", "2009-06-30": "13.92%", "2009-03-31": "14.45%", "2008-12-31": "14.99%", "2008-09-30": "13.89%", "2008-06-30": "12.86%", "2008-03-31": "12.34%", "2007-12-31": "11.99%", "2007-09-30": "12.01%", "2007-06-30": "11.40%", "2007-03-31": "11.22%", "2006-12-31": "10.97%", "2006-09-30": "9.95%", "2006-06-30": "9.83%", "2006-03-31": "8.93%", "2005-12-31": "7.76%"}, "return on assets": {"2020-12-31": "8.49%", "2020-09-30": "8.56%", "2020-06-30": "8.92%", "2020-03-31": "9.70%", "2019-12-31": "9.60%", "2019-09-30": "9.94%", "2019-06-30": "10.12%", "2019-03-31": "10.14%", "2018-12-31": "10.16%", "2018-09-30": "20.02%", "2018-06-30": "19.49%", "2018-03-31": "19.09%", "2017-12-31": "18.83%", "2017-09-30": "8.12%", "2017-06-30": "8.05%", "2017-03-31": "7.74%", "2016-12-31": "7.58%", "2016-09-30": "7.57%", "2016-06-30": "7.96%", "2016-03-31": "8.43%", "2015-12-31": "8.85%", "2015-09-30": "9.53%", "2015-06-30": "9.72%", "2015-03-31": "10.00%", "2014-12-31": "9.99%", "2014-09-30": "9.62%", "2014-06-30": "9.35%", "2014-03-31": "9.10%", "2013-12-31": "8.94%", "2013-09-30": "8.78%", "2013-06-30": "8.64%", "2013-03-31": "8.54%", "2012-12-31": "8.48%", "2012-09-30": "8.42%", "2012-06-30": "8.21%", "2012-03-31": "7.83%", "2011-12-31": "7.41%", "2011-09-30": "7.06%", "2011-06-30": "6.86%", "2011-03-31": "6.74%", "2010-12-31": "6.49%", "2010-09-30": "5.99%", "2010-06-30": "5.42%", "2010-03-31": "4.86%", "2009-12-31": "4.56%", "2009-09-30": "4.90%", "2009-06-30": "5.44%", "2009-03-31": "5.69%", "2008-12-31": "5.95%", "2008-09-30": "5.59%", "2008-06-30": "5.20%", "2008-03-31": "5.04%", "2007-12-31": "4.95%", "2007-09-30": "4.98%", "2007-06-30": "4.73%", "2007-03-31": "4.62%", "2006-12-31": "4.45%", "2006-09-30": "3.95%", "2006-06-30": "3.84%", "2006-03-31": "3.42%", "2005-12-31": "2.91%"}, "return on investments": {"2020-12-31": "18.31%", "2020-09-30": "18.59%", "2020-06-30": "19.17%", "2020-03-31": "20.82%", "2019-12-31": "20.53%", "2019-09-30": "20.88%", "2019-06-30": "21.06%", "2019-03-31": "20.65%", "2018-12-31": "20.74%", "2018-09-30": "20.87%", "2018-06-30": "21.24%", "2018-03-31": "21.87%", "2017-12-31": "22.37%", "2017-09-30": "22.57%", "2017-06-30": "22.18%", "2017-03-31": "21.15%", "2016-12-31": "20.67%", "2016-09-30": "20.60%", "2016-06-30": "21.63%", "2016-03-31": "22.68%", "2015-12-31": "23.94%", "2015-09-30": "25.71%", "2015-06-30": "26.23%", "2015-03-31": "27.42%", "2014-12-31": "27.49%", "2014-09-30": "26.66%", "2014-06-30": "26.12%", "2014-03-31": "25.55%", "2013-12-31": "25.09%", "2013-09-30": "24.55%", "2013-06-30": "24.20%", "2013-03-31": "24.06%", "2012-12-31": "24.19%", "2012-09-30": "24.10%", "2012-06-30": "23.56%", "2012-03-31": "22.48%", "2011-12-31": "21.06%", "2011-09-30": "20.03%", "2011-06-30": "19.53%", "2011-03-31": "19.22%", "2010-12-31": "18.73%", "2010-09-30": "17.60%", "2010-06-30": "16.01%", "2010-03-31": "14.08%", "2009-12-31": "13.12%", "2009-09-30": "13.97%", "2009-06-30": "15.32%", "2009-03-31": "16.41%", "2008-12-31": "17.12%", "2008-09-30": "16.13%", "2008-06-30": "15.36%", "2008-03-31": "14.94%", "2007-12-31": "14.87%", "2007-09-30": "14.93%", "2007-06-30": "14.05%", "2007-03-31": "13.96%", "2006-12-31": "13.63%", "2006-09-30": "12.45%", "2006-06-30": "11.25%", "2006-03-31": "10.12%", "2005-12-31": "8.71%"}, "return on tangible equity": {"2020-12-31": "32.13%", "2020-09-30": "31.71%", "2020-06-30": "32.45%", "2020-03-31": "34.15%", "2019-12-31": "32.86%", "2019-09-30": "32.66%", "2019-06-30": "31.74%", "2019-03-31": "30.73%", "2018-12-31": "27.95%", "2018-09-30": "52.07%", "2018-06-30": "51.15%", "2018-03-31": "49.77%", "2017-12-31": "51.41%", "2017-09-30": "23.35%", "2017-06-30": "22.70%", "2017-03-31": "21.53%", "2016-12-31": "20.87%", "2016-09-30": "20.55%", "2016-06-30": "21.29%", "2016-03-31": "22.23%", "2015-12-31": "22.90%", "2015-09-30": "24.27%", "2015-06-30": "24.32%", "2015-03-31": "24.60%", "2014-12-31": "24.25%", "2014-09-30": "23.03%", "2014-06-30": "22.21%", "2014-03-31": "21.57%", "2013-12-31": "21.23%", "2013-09-30": "20.91%", "2013-06-30": "20.68%", "2013-03-31": "20.53%", "2012-12-31": "20.41%", "2012-09-30": "20.38%", "2012-06-30": "19.91%", "2012-03-31": "18.95%", "2011-12-31": "17.92%", "2011-09-30": "17.08%", "2011-06-30": "16.64%", "2011-03-31": "16.46%", "2010-12-31": "15.95%", "2010-09-30": "14.85%", "2010-06-30": "13.52%", "2010-03-31": "12.30%", "2009-12-31": "11.65%", "2009-09-30": "12.58%", "2009-06-30": "13.92%", "2009-03-31": "14.45%", "2008-12-31": "14.99%", "2008-09-30": "13.89%", "2008-06-30": "12.86%", "2008-03-31": "12.34%", "2007-12-31": "11.99%", "2007-09-30": "12.01%", "2007-06-30": "11.40%", "2007-03-31": "11.22%", "2006-12-31": "10.97%", "2006-09-30": "9.95%", "2006-06-30": "9.83%", "2006-03-31": "8.93%", "2005-12-31": "7.76%"}, "dividend yield history": {"last payout": "$3.88", "last yield": "1.90%"}}