{"ticker": "UNM", "price": {"title": "Unum Group Historical Annual Stock Price Data", "value": 23.35, "historical": {"2021": {"Average Stock Price": "24.2979", "Year Open": "22.0900", "Year High": "26.0600", "Year Low": "22.0900", "Year Close": "23.3500", "Annual % Change": "1.79%"}, "2020": {"Average Stock Price": "19.5354", "Year Open": "29.6400", "Year High": "30.2100", "Year Low": "10.3800", "Year Close": "22.9400", "Annual % Change": "-21.33%"}, "2019": {"Average Stock Price": "32.0141", "Year Open": "30.0500", "Year High": "37.6700", "Year Low": "25.0600", "Year Close": "29.1600", "Annual % Change": "-0.75%"}, "2018": {"Average Stock Price": "41.4828", "Year Open": "54.8600", "Year High": "58.5900", "Year Low": "27.2400", "Year Close": "29.3800", "Annual % Change": "-46.47%"}, "2017": {"Average Stock Price": "48.8288", "Year Open": "44.2800", "Year High": "57.4900", "Year Low": "43.8000", "Year Close": "54.8900", "Annual % Change": "24.95%"}, "2016": {"Average Stock Price": "34.2844", "Year Open": "32.7500", "Year High": "44.6000", "Year Low": "24.0700", "Year Close": "43.9300", "Annual % Change": "31.96%"}, "2015": {"Average Stock Price": "34.2817", "Year Open": "34.7400", "Year High": "37.6100", "Year Low": "31.0500", "Year Close": "33.2900", "Annual % Change": "-4.56%"}, "2014": {"Average Stock Price": "34.3009", "Year Open": "34.3300", "Year High": "36.8100", "Year Low": "30.7100", "Year Close": "34.8800", "Annual % Change": "-0.57%"}, "2013": {"Average Stock Price": "29.0160", "Year Open": "21.4600", "Year High": "35.1600", "Year Low": "21.4600", "Year Close": "35.0800", "Annual % Change": "68.49%"}, "2012": {"Average Stock Price": "21.0312", "Year Open": "21.5200", "Year High": "24.6800", "Year Low": "18.3600", "Year Close": "20.8200", "Annual % Change": "-1.19%"}, "2011": {"Average Stock Price": "24.2356", "Year Open": "24.8300", "Year High": "26.9000", "Year Low": "19.9100", "Year Close": "21.0700", "Annual % Change": "-13.01%"}, "2010": {"Average Stock Price": "22.4218", "Year Open": "19.9400", "Year High": "26.4100", "Year Low": "18.7300", "Year Close": "24.2200", "Annual % Change": "24.08%"}, "2009": {"Average Stock Price": "17.3344", "Year Open": "18.4300", "Year High": "22.8900", "Year Low": "7.9900", "Year Close": "19.5200", "Annual % Change": "4.95%"}, "2008": {"Average Stock Price": "21.4391", "Year Open": "23.3800", "Year High": "26.1400", "Year Low": "9.4800", "Year Close": "18.6000", "Annual % Change": "-21.82%"}, "2007": {"Average Stock Price": "24.1416", "Year Open": "20.7900", "Year High": "27.5700", "Year Low": "19.9300", "Year Close": "23.7900", "Annual % Change": "14.49%"}, "2006": {"Average Stock Price": "19.5785", "Year Open": "23.1500", "Year High": "24.0500", "Year Low": "16.2300", "Year Close": "20.7800", "Annual % Change": "-8.66%"}, "2005": {"Average Stock Price": "18.8765", "Year Open": "17.5200", "Year High": "22.7600", "Year Low": "15.9800", "Year Close": "22.7500", "Annual % Change": "26.81%"}, "2004": {"Average Stock Price": "15.2412", "Year Open": "16.1000", "Year High": "18.1400", "Year Low": "12.1900", "Year Close": "17.9400", "Annual % Change": "13.76%"}, "2003": {"Average Stock Price": "13.7991", "Year Open": "18.1900", "Year High": "19.4000", "Year Low": "5.9700", "Year Close": "15.7700", "Annual % Change": "-10.09%"}, "2002": {"Average Stock Price": "23.6031", "Year Open": "26.5000", "Year High": "29.4500", "Year Low": "16.5800", "Year Close": "17.5400", "Annual % Change": "-33.84%"}, "2001": {"Average Stock Price": "27.7676", "Year Open": "25.3800", "Year High": "33.7500", "Year Low": "22.4300", "Year Close": "26.5100", "Annual % Change": "-1.38%"}, "2000": {"Average Stock Price": "22.1934", "Year Open": "30.5000", "Year High": "30.5000", "Year Low": "12.0600", "Year Close": "26.8800", "Annual % Change": "-16.16%"}, "1999": {"Average Stock Price": "44.7882", "Year Open": "56.8800", "Year High": "61.8800", "Year Low": "26.9400", "Year Close": "32.0600", "Annual % Change": "-45.08%"}, "1998": {"Average Stock Price": "52.0852", "Year Open": "54.1900", "Year High": "59.9400", "Year Low": "42.1300", "Year Close": "58.3800", "Annual % Change": "7.36%"}, "1997": {"Average Stock Price": "42.7528", "Year Open": "35.8750", "Year High": "54.3800", "Year Low": "33.8150", "Year Close": "54.3800", "Annual % Change": "50.53%"}, "1996": {"Average Stock Price": "31.0332", "Year Open": "28.0000", "Year High": "36.5600", "Year Low": "27.9375", "Year Close": "36.1250", "Annual % Change": "31.36%"}, "1995": {"Average Stock Price": "23.7058", "Year Open": "19.1250", "Year High": "28.1900", "Year Low": "19.1250", "Year Close": "27.5000", "Annual % Change": "45.70%"}, "1994": {"Average Stock Price": "23.7766", "Year Open": "26.3750", "Year High": "28.6250", "Year Low": "18.2500", "Year Close": "18.8750", "Annual % Change": "-28.10%"}, "1993": {"Average Stock Price": "26.9898", "Year Open": "26.8150", "Year High": "29.8750", "Year Low": "24.0000", "Year Close": "26.2500", "Annual % Change": "-0.94%"}, "1992": {"Average Stock Price": "20.7906", "Year Open": "19.9375", "Year High": "27.0000", "Year Low": "16.2500", "Year Close": "26.5000", "Annual % Change": "30.86%"}, "1991": {"Average Stock Price": "15.8146", "Year Open": "11.7200", "Year High": "20.2500", "Year Low": "10.4375", "Year Close": "20.2500", "Annual % Change": "73.75%"}, "1990": {"Average Stock Price": "11.6441", "Year Open": "11.9375", "Year High": "14.2200", "Year Low": "8.3125", "Year Close": "11.6550", "Annual % Change": "-2.88%"}, "1989": {"Average Stock Price": "8.9267", "Year Open": "6.6875", "Year High": "12.0625", "Year Low": "6.6875", "Year Close": "12.0000", "Annual % Change": "77.78%"}, "1988": {"Average Stock Price": "5.8082", "Year Open": "4.6250", "Year High": "6.8450", "Year Low": "4.5300", "Year Close": "6.7500", "Annual % Change": "45.95%"}, "1987": {"Average Stock Price": "5.9227", "Year Open": "6.8125", "Year High": "7.7500", "Year Low": "3.9375", "Year Close": "4.6250", "Annual % Change": "-31.18%"}}}, "market cap": {"value": "$4.76B"}, "income statement": {"Revenue": {"2020-12-31": "13162.10000", "2019-12-31": "11998.90000", "2018-12-31": "11598.50000", "2017-12-31": "11286.80000", "2016-12-31": "11046.50000", "2015-12-31": "10731.30000", "2014-12-31": "10524.50000", "2013-12-31": "10368.60000", "2012-12-31": "10515.40000", "2011-12-31": "10278.00000", "2010-12-31": "10193.20000", "2009-12-31": "10091.00000", "2008-12-31": "9982.30000", "2007-12-31": "10519.90000", "2006-12-31": "10535.30000", "2005-12-31": "10259.30000"}, "Cost Of Goods Sold": {"2020-12-31": "9454.00000", "2019-12-31": "7960.30000", "2018-12-31": "8460.80000", "2017-12-31": "7488.50000", "2016-12-31": "7376.10000", "2015-12-31": "7209.40000", "2014-12-31": "7722.10000", "2013-12-31": "7038.40000", "2012-12-31": "7172.10000", "2011-12-31": "7646.20000", "2010-12-31": "6787.00000", "2009-12-31": "6535.10000", "2008-12-31": "6888.80000", "2007-12-31": "7273.00000", "2006-12-31": "7868.00000", "2005-12-31": "7368.50000"}, "Gross Profit": {"2020-12-31": "3708.10000", "2019-12-31": "4038.60000", "2018-12-31": "3137.70000", "2017-12-31": "3798.30000", "2016-12-31": "3670.40000", "2015-12-31": "3521.90000", "2014-12-31": "2802.40000", "2013-12-31": "3330.19900", "2012-12-31": "3343.30000", "2011-12-31": "2631.80000", "2010-12-31": "3406.20000", "2009-12-31": "3555.90000", "2008-12-31": "3093.50000", "2007-12-31": "3246.90000", "2006-12-31": "2667.30000", "2005-12-31": "2890.80000"}, "Research And Development Expenses": {"2020-12-31": "", "2019-12-31": "", "2018-12-31": "", "2017-12-31": "", "2016-12-31": "", "2015-12-31": "", "2014-12-31": "", "2013-12-31": "", "2012-12-31": "", "2011-12-31": "", "2010-12-31": "", "2009-12-31": "", "2008-12-31": "", "2007-12-31": "", "2006-12-31": "", "2005-12-31": ""}, "SG&A Expenses": {"2020-12-31": "606.10000", "2019-12-31": "1508.20000", "2018-12-31": "1451.40000", "2017-12-31": "1379.40000", "2016-12-31": "1332.10000", "2015-12-31": "1317.40000", "2014-12-31": "1261.70000", "2013-12-31": "1209.30000", "2012-12-31": "1165.50000", "2011-12-31": "1173.70000", "2010-12-31": "1149.60000", "2009-12-31": "1319.50000", "2008-12-31": "1291.70000", "2007-12-31": "1202.80000", "2006-12-31": "1159.10000", "2005-12-31": "1122.70000"}, "Other Operating Income Or Expenses": {"2020-12-31": "-1949.80000", "2019-12-31": "-970.90000", "2018-12-31": "-891.20000", "2017-12-31": "-855.00000", "2016-12-31": "-824.60000", "2015-12-31": "-813.40000", "2014-12-31": "-831.20000", "2013-12-31": "-751.50000", "2012-12-31": "-782.90000", "2011-12-31": "-981.50000", "2010-12-31": "-794.90000", "2009-12-31": "-818.70010", "2008-12-31": "-821.10000", "2007-12-31": "-805.00000", "2006-12-31": "-825.20000", "2005-12-31": "-866.20000"}, "Operating Expenses": {"2020-12-31": "12198.10000", "2019-12-31": "10616.80000", "2018-12-31": "10970.70000", "2017-12-31": "9882.80000", "2016-12-31": "9698.79900", "2015-12-31": "9493.00000", "2014-12-31": "9982.50000", "2013-12-31": "9148.60100", "2012-12-31": "9265.90000", "2011-12-31": "9944.70000", "2010-12-31": "8873.30000", "2009-12-31": "8798.70000", "2008-12-31": "9158.30000", "2007-12-31": "9522.70000", "2006-12-31": "10069.90000", "2005-12-31": "9565.40000"}, "Operating Income": {"2020-12-31": "964.00000", "2019-12-31": "1382.10000", "2018-12-31": "627.79980", "2017-12-31": "1404.00000", "2016-12-31": "1347.70100", "2015-12-31": "1238.30000", "2014-12-31": "542.00000", "2013-12-31": "1219.99900", "2012-12-31": "1249.50000", "2011-12-31": "333.29980", "2010-12-31": "1319.90000", "2009-12-31": "1292.30000", "2008-12-31": "824.00000", "2007-12-31": "997.20020", "2006-12-31": "465.40040", "2005-12-31": "693.89940"}, "Total Non-Operating Income/Expense": {"2020-12-31": "", "2019-12-31": "", "2018-12-31": "", "2017-12-31": "", "2016-12-31": "", "2015-12-31": "", "2014-12-31": "", "2013-12-31": "", "2012-12-31": "", "2011-12-31": "", "2010-12-31": "", "2009-12-31": "", "2008-12-31": "", "2007-12-31": "", "2006-12-31": "", "2005-12-31": ""}, "Pre-Tax Income": {"2020-12-31": "964.00000", "2019-12-31": "1382.10000", "2018-12-31": "627.80000", "2017-12-31": "1404.00000", "2016-12-31": "1347.70000", "2015-12-31": "1238.30000", "2014-12-31": "542.00000", "2013-12-31": "1220.00000", "2012-12-31": "1249.50000", "2011-12-31": "333.30000", "2010-12-31": "1319.90000", "2009-12-31": "1292.30000", "2008-12-31": "824.00000", "2007-12-31": "997.20000", "2006-12-31": "465.40000", "2005-12-31": "693.90000"}, "Income Taxes": {"2020-12-31": "171.00000", "2019-12-31": "281.80000", "2018-12-31": "104.40000", "2017-12-31": "409.80000", "2016-12-31": "416.30000", "2015-12-31": "371.20000", "2014-12-31": "139.90000", "2013-12-31": "373.00000", "2012-12-31": "355.10000", "2011-12-31": "49.10000", "2010-12-31": "441.20000", "2009-12-31": "439.70000", "2008-12-31": "270.80000", "2007-12-31": "324.80000", "2006-12-31": "61.80000", "2005-12-31": "189.90000"}, "Income After Taxes": {"2020-12-31": "793.00000", "2019-12-31": "1100.30000", "2018-12-31": "523.40000", "2017-12-31": "994.20000", "2016-12-31": "931.40000", "2015-12-31": "867.10000", "2014-12-31": "402.10000", "2013-12-31": "847.00000", "2012-12-31": "894.40000", "2011-12-31": "284.20000", "2010-12-31": "878.70000", "2009-12-31": "852.60000", "2008-12-31": "553.20000", "2007-12-31": "672.40000", "2006-12-31": "403.60000", "2005-12-31": "504.00000"}, "Other Income": {"2020-12-31": "", "2019-12-31": "", "2018-12-31": "", "2017-12-31": "", "2016-12-31": "", "2015-12-31": "", "2014-12-31": "", "2013-12-31": "", "2012-12-31": "", "2011-12-31": "", "2010-12-31": "", "2009-12-31": "", "2008-12-31": "", "2007-12-31": "", "2006-12-31": "", "2005-12-31": ""}, "Income From Continuous Operations": {"2020-12-31": "793.00000", "2019-12-31": "1100.30000", "2018-12-31": "523.40000", "2017-12-31": "994.20000", "2016-12-31": "931.40000", "2015-12-31": "867.10000", "2014-12-31": "402.10000", "2013-12-31": "847.00000", "2012-12-31": "894.40000", "2011-12-31": "284.20000", "2010-12-31": "878.70000", "2009-12-31": "852.60000", "2008-12-31": "553.20000", "2007-12-31": "672.40000", "2006-12-31": "403.60000", "2005-12-31": "504.00000"}, "Income From Discontinued Operations": {"2020-12-31": "", "2019-12-31": "", "2018-12-31": "", "2017-12-31": "", "2016-12-31": "", "2015-12-31": "", "2014-12-31": "", "2013-12-31": "", "2012-12-31": "", "2011-12-31": "", "2010-12-31": "", "2009-12-31": "", "2008-12-31": "", "2007-12-31": "6.90000", "2006-12-31": "7.40000", "2005-12-31": "9.60000"}, "Net Income": {"2020-12-31": "793.00000", "2019-12-31": "1100.30000", "2018-12-31": "523.40000", "2017-12-31": "994.20000", "2016-12-31": "931.40000", "2015-12-31": "867.10000", "2014-12-31": "402.10000", "2013-12-31": "847.00000", "2012-12-31": "894.40000", "2011-12-31": "284.20000", "2010-12-31": "878.70000", "2009-12-31": "852.60000", "2008-12-31": "553.20000", "2007-12-31": "679.30000", "2006-12-31": "411.00000", "2005-12-31": "513.60000"}, "EBITDA": {"2020-12-31": "1152.20000", "2019-12-31": "1669.60000", "2018-12-31": "896.49980", "2017-12-31": "1667.30000", "2016-12-31": "1615.40100", "2015-12-31": "1490.60000", "2014-12-31": "797.40000", "2013-12-31": "1454.19900", "2012-12-31": "1479.20000", "2011-12-31": "557.69980", "2010-12-31": "1537.10000", "2009-12-31": "1492.20000", "2008-12-31": "1049.50000", "2007-12-31": "1305.30000", "2006-12-31": "755.50040", "2005-12-31": "974.59940"}, "EBIT": {"2020-12-31": "1152.20000", "2019-12-31": "1559.50000", "2018-12-31": "795.09980", "2017-12-31": "1563.90000", "2016-12-31": "1513.70100", "2015-12-31": "1391.10000", "2014-12-31": "709.50000", "2013-12-31": "1369.39900", "2012-12-31": "1394.90000", "2011-12-31": "476.59980", "2010-12-31": "1461.70000", "2009-12-31": "1417.70000", "2008-12-31": "980.70000", "2007-12-31": "1239.10000", "2006-12-31": "683.00040", "2005-12-31": "901.89940"}, "Basic Shares Outstanding": {"2020-12-31": "203.60000", "2019-12-31": "209.72890", "2018-12-31": "219.63560", "2017-12-31": "226.49240", "2016-12-31": "235.44600", "2015-12-31": "246.98700", "2014-12-31": "255.52600", "2013-12-31": "264.72600", "2012-12-31": "281.35600", "2011-12-31": "302.40000", "2010-12-31": "325.83900", "2009-12-31": "331.26600", "2008-12-31": "341.02300", "2007-12-31": "352.96900", "2006-12-31": "324.65500", "2005-12-31": "295.77600"}, "Shares Outstanding": {"2020-12-31": "203.80000", "2019-12-31": "209.85440", "2018-12-31": "220.05860", "2017-12-31": "227.33520", "2016-12-31": "235.97900", "2015-12-31": "247.85500", "2014-12-31": "256.65300", "2013-12-31": "265.94900", "2012-12-31": "281.75700", "2011-12-31": "303.57100", "2010-12-31": "327.22100", "2009-12-31": "332.13600", "2008-12-31": "341.56000", "2007-12-31": "355.77700", "2006-12-31": "334.36200", "2005-12-31": "312.51300"}, "Basic EPS": {"2020-12-31": "3.89000", "2019-12-31": "5.25000", "2018-12-31": "2.38000", "2017-12-31": "4.39000", "2016-12-31": "3.96000", "2015-12-31": "3.51000", "2014-12-31": "1.57000", "2013-12-31": "3.20000", "2012-12-31": "3.18000", "2011-12-31": "0.94000", "2010-12-31": "2.70000", "2009-12-31": "2.57000", "2008-12-31": "1.62000", "2007-12-31": "1.92000", "2006-12-31": "1.27000", "2005-12-31": "1.74000"}, "EPS - Earnings Per Share": {"2020-12-31": "3.89000", "2019-12-31": "5.24000", "2018-12-31": "2.38000", "2017-12-31": "4.37000", "2016-12-31": "3.95000", "2015-12-31": "3.50000", "2014-12-31": "1.57000", "2013-12-31": "3.19000", "2012-12-31": "3.17000", "2011-12-31": "0.94000", "2010-12-31": "2.69000", "2009-12-31": "2.57000", "2008-12-31": "1.62000", "2007-12-31": "1.91000", "2006-12-31": "1.23000", "2005-12-31": "1.64000"}}, "income statement, quarterly": {"Revenue": {"2020-12-31": "4273.50000", "2020-09-30": "2996.30000", "2020-06-30": "3021.20000", "2020-03-31": "2871.10000", "2019-12-31": "3034.60000", "2019-09-30": "2960.00000", "2019-06-30": "3016.70000", "2019-03-31": "2987.60000", "2018-12-31": "2880.80000", "2018-09-30": "2927.80000", "2018-06-30": "2890.30000", "2018-03-31": "2899.60000", "2017-12-31": "2839.19900", "2017-09-30": "2819.10000", "2017-06-30": "2822.00000", "2017-03-31": "2806.50000", "2016-12-31": "2796.50000", "2016-09-30": "2763.30000", "2016-06-30": "2761.30000", "2016-03-31": "2725.40000", "2015-12-31": "2722.40000", "2015-09-30": "2657.80000", "2015-06-30": "2703.70000", "2015-03-31": "2647.40000", "2014-12-31": "2639.00000", "2014-09-30": "2614.30000", "2014-06-30": "2656.80000", "2014-03-31": "2614.40000", "2013-12-31": "2601.00000", "2013-09-30": "2540.90000", "2013-06-30": "2601.90000", "2013-03-31": "2624.80000", "2012-12-31": "2658.20000", "2012-09-30": "2628.00000", "2012-06-30": "2617.90000", "2012-03-31": "2611.30000", "2011-12-31": "2604.80000", "2011-09-30": "2545.60000", "2011-06-30": "2564.50000", "2011-03-31": "2563.10000", "2010-12-31": "2593.10000", "2010-09-30": "2527.90000", "2010-06-30": "2510.60000", "2010-03-31": "2561.60000", "2009-12-31": "2496.60000", "2009-09-30": "2517.50000", "2009-06-30": "2628.00000", "2009-03-31": "2448.90000", "2008-12-31": "2323.70000", "2008-09-30": "2442.70000", "2008-06-30": "2675.30000", "2008-03-31": "2540.60000", "2007-12-31": "2643.50000", "2007-09-30": "2610.20000", "2007-06-30": "2665.60000", "2007-03-31": "2600.60000", "2006-12-31": "2696.10000", "2006-09-30": "2617.40000", "2006-06-30": "2621.70000", "2006-03-31": "2600.10000", "2005-12-31": "2486.80000", "2005-09-30": "2543.90000", "2005-06-30": "2656.70000", "2005-03-31": "2571.90000"}, "Cost Of Goods Sold": {"2020-12-31": "3464.10000", "2020-09-30": "2012.00000", "2020-06-30": "2005.90000", "2020-03-31": "1972.00000", "2019-12-31": "1997.60000", "2019-09-30": "1988.80000", "2019-06-30": "2016.70000", "2019-03-31": "1957.20000", "2018-12-31": "1772.30000", "2018-09-30": "2855.70000", "2018-06-30": "1911.90000", "2018-03-31": "1920.90000", "2017-12-31": "1898.10000", "2017-09-30": "1873.20000", "2017-06-30": "1860.10000", "2017-03-31": "1857.10000", "2016-12-31": "1845.50000", "2016-09-30": "1851.60000", "2016-06-30": "1841.80000", "2016-03-31": "1837.20000", "2015-12-31": "1839.10000", "2015-09-30": "1797.80000", "2015-06-30": "1806.70000", "2015-03-31": "1765.80000", "2014-12-31": "2468.20000", "2014-09-30": "1757.80000", "2014-06-30": "1757.80000", "2014-03-31": "1738.30000", "2013-12-31": "1754.20000", "2013-09-30": "1746.40000", "2013-06-30": "1769.30000", "2013-03-31": "1768.50000", "2012-12-31": "1795.90000", "2012-09-30": "1803.60000", "2012-06-30": "1794.80000", "2012-03-31": "1777.80000", "2011-12-31": "2490.20000", "2011-09-30": "1746.00000", "2011-06-30": "1704.90000", "2011-03-31": "1705.10000", "2010-12-31": "1866.40000", "2010-09-30": "1650.60000", "2010-06-30": "1637.70000", "2010-03-31": "1632.30000", "2009-12-31": "1623.70000", "2009-09-30": "1625.20000", "2009-06-30": "1647.90000", "2009-03-31": "1638.30000", "2008-12-31": "1710.70000", "2008-09-30": "1713.90000", "2008-06-30": "1734.00000", "2008-03-31": "1730.20000", "2007-12-31": "1783.60000", "2007-09-30": "1796.30000", "2007-06-30": "1888.90000", "2007-03-31": "1804.20000", "2006-12-31": "1883.00000", "2006-09-30": "2160.30000", "2006-06-30": "1882.20000", "2006-03-31": "1942.50000", "2005-12-31": "1880.60000", "2005-09-30": "1884.10000", "2005-06-30": "1795.80000", "2005-03-31": "1808.00000"}, "Gross Profit": {"2020-12-31": "809.40010", "2020-09-30": "984.30000", "2020-06-30": "1015.30000", "2020-03-31": "899.10010", "2019-12-31": "1037.00000", "2019-09-30": "971.20000", "2019-06-30": "1000.00000", "2019-03-31": "1030.40000", "2018-12-31": "1108.50000", "2018-09-30": "72.10010", "2018-06-30": "978.40000", "2018-03-31": "978.70010", "2017-12-31": "941.09910", "2017-09-30": "945.90010", "2017-06-30": "961.90000", "2017-03-31": "949.40000", "2016-12-31": "951.00090", "2016-09-30": "911.70010", "2016-06-30": "919.50000", "2016-03-31": "888.19980", "2015-12-31": "883.30020", "2015-09-30": "860.00000", "2015-06-30": "896.99990", "2015-03-31": "881.59990", "2014-12-31": "170.80080", "2014-09-30": "856.50010", "2014-06-30": "899.00000", "2014-03-31": "876.09990", "2013-12-31": "846.79970", "2013-09-30": "794.49990", "2013-06-30": "832.59990", "2013-03-31": "856.30000", "2012-12-31": "862.30020", "2012-09-30": "824.40000", "2012-06-30": "823.10000", "2012-03-31": "833.50000", "2011-12-31": "114.59990", "2011-09-30": "799.60010", "2011-06-30": "859.60000", "2011-03-31": "858.00010", "2010-12-31": "726.70020", "2010-09-30": "877.29990", "2010-06-30": "872.90010", "2010-03-31": "929.30000", "2009-12-31": "872.90000", "2009-09-30": "892.30000", "2009-06-30": "980.10010", "2009-03-31": "810.60000", "2008-12-31": "613.00000", "2008-09-30": "728.79990", "2008-06-30": "941.30000", "2008-03-31": "810.40010", "2007-12-31": "859.89950", "2007-09-30": "813.89990", "2007-06-30": "776.70010", "2007-03-31": "796.40000", "2006-12-31": "813.09960", "2006-09-30": "457.10010", "2006-06-30": "739.49990", "2006-03-31": "657.60010", "2005-12-31": "606.20040", "2005-09-30": "659.79990", "2005-06-30": "860.90000", "2005-03-31": "763.89990"}, "Research And Development Expenses": {"2020-12-31": "", "2020-09-30": "", "2020-06-30": "", "2020-03-31": "", "2019-12-31": "", "2019-09-30": "", "2019-06-30": "", "2019-03-31": "", "2018-12-31": "", "2018-09-30": "", "2018-06-30": "", "2018-03-31": "", "2017-12-31": "", "2017-09-30": "", "2017-06-30": "", "2017-03-31": "", "2016-12-31": "", "2016-09-30": "", "2016-06-30": "", "2016-03-31": "", "2015-12-31": "", "2015-09-30": "", "2015-06-30": "", "2015-03-31": "", "2014-12-31": "", "2014-09-30": "", "2014-06-30": "", "2014-03-31": "", "2013-12-31": "", "2013-09-30": "", "2013-06-30": "", "2013-03-31": "", "2012-12-31": "", "2012-09-30": "", "2012-06-30": "", "2012-03-31": "", "2011-12-31": "", "2011-09-30": "", "2011-06-30": "", "2011-03-31": "", "2010-12-31": "", "2010-09-30": "", "2010-06-30": "", "2010-03-31": "", "2009-12-31": "", "2009-09-30": "", "2009-06-30": "", "2009-03-31": "", "2008-12-31": "", "2008-09-30": "", "2008-06-30": "", "2008-03-31": "", "2007-12-31": "", "2007-09-30": "", "2007-06-30": "", "2007-03-31": "", "2006-12-31": "", "2006-09-30": "", "2006-06-30": "", "2006-03-31": "", "2005-12-31": "", "2005-09-30": "", "2005-06-30": "", "2005-03-31": ""}, "SG&A Expenses": {"2020-12-31": "139.50000", "2020-09-30": "403.00000", "2020-06-30": "373.90000", "2020-03-31": "415.70000", "2019-12-31": "362.80000", "2019-09-30": "372.80000", "2019-06-30": "375.50000", "2019-03-31": "397.10000", "2018-12-31": "356.70000", "2018-09-30": "361.10000", "2018-06-30": "360.40000", "2018-03-31": "373.20000", "2017-12-31": "325.30000", "2017-09-30": "347.50000", "2017-06-30": "356.10000", "2017-03-31": "350.50000", "2016-12-31": "334.30000", "2016-09-30": "328.90000", "2016-06-30": "329.10000", "2016-03-31": "339.80000", "2015-12-31": "317.99990", "2015-09-30": "322.90000", "2015-06-30": "329.10000", "2015-03-31": "347.40000", "2014-12-31": "321.70000", "2014-09-30": "314.00000", "2014-06-30": "306.40000", "2014-03-31": "319.60000", "2013-12-31": "296.90000", "2013-09-30": "294.80000", "2013-06-30": "296.20000", "2013-03-31": "321.40000", "2012-12-31": "290.60000", "2012-09-30": "274.00000", "2012-06-30": "294.60000", "2012-03-31": "306.30000", "2011-12-31": "300.90000", "2011-09-30": "282.60000", "2011-06-30": "293.30000", "2011-03-31": "296.90000", "2010-12-31": "159.09990", "2010-09-30": "324.70000", "2010-06-30": "327.30000", "2010-03-31": "338.50000", "2009-12-31": "337.20000", "2009-09-30": "331.40000", "2009-06-30": "329.00000", "2009-03-31": "321.90000", "2008-12-31": "327.90000", "2008-09-30": "328.80000", "2008-06-30": "319.10000", "2008-03-31": "315.90000", "2007-12-31": "312.10000", "2007-09-30": "301.10000", "2007-06-30": "299.70000", "2007-03-31": "289.90000", "2006-12-31": "299.70000", "2006-09-30": "285.50000", "2006-06-30": "289.00000", "2006-03-31": "284.90000", "2005-12-31": "207.99990", "2005-09-30": "300.20000", "2005-06-30": "313.90000", "2005-03-31": "300.60000"}, "Other Operating Income Or Expenses": {"2020-12-31": "-499.60000", "2020-09-30": "-232.30000", "2020-06-30": "-256.30000", "2020-03-31": "-235.60000", "2019-12-31": "-250.20000", "2019-09-30": "-252.90000", "2019-06-30": "-229.90000", "2019-03-31": "-237.90000", "2018-12-31": "-400.10000", "2018-09-30": "-46.10000", "2018-06-30": "-220.80000", "2018-03-31": "-224.20000", "2017-12-31": "-230.40000", "2017-09-30": "-191.50000", "2017-06-30": "-204.30000", "2017-03-31": "-228.80000", "2016-12-31": "-205.70000", "2016-09-30": "-205.50000", "2016-06-30": "-207.80000", "2016-03-31": "-205.60000", "2015-12-31": "-209.80000", "2015-09-30": "-200.10000", "2015-06-30": "-210.10000", "2015-03-31": "-193.40000", "2014-12-31": "-265.20000", "2014-09-30": "-187.10000", "2014-06-30": "-190.10000", "2014-03-31": "-188.80000", "2013-12-31": "-191.70000", "2013-09-30": "-178.20000", "2013-06-30": "-187.60000", "2013-03-31": "-194.00000", "2012-12-31": "-210.90000", "2012-09-30": "-193.40000", "2012-06-30": "-196.90000", "2012-03-31": "-181.70000", "2011-12-31": "-395.80000", "2011-09-30": "-193.20000", "2011-06-30": "-196.70000", "2011-03-31": "-195.80000", "2010-12-31": "-204.40000", "2010-09-30": "-190.90000", "2010-06-30": "-203.40000", "2010-03-31": "-196.20000", "2009-12-31": "-205.30000", "2009-09-30": "-198.40000", "2009-06-30": "-209.50000", "2009-03-31": "-205.50000", "2008-12-31": "-197.80000", "2008-09-30": "-203.00000", "2008-06-30": "-214.40000", "2008-03-31": "-205.90000", "2007-12-31": "-214.80000", "2007-09-30": "-189.90000", "2007-06-30": "-199.60000", "2007-03-31": "-200.70000", "2006-12-31": "-176.19990", "2006-09-30": "-224.80000", "2006-06-30": "-212.20000", "2006-03-31": "-212.00000", "2005-12-31": "-179.39990", "2005-09-30": "-237.60000", "2005-06-30": "-224.40000", "2005-03-31": "-224.80000"}, "Operating Expenses": {"2020-12-31": "4148.80000", "2020-09-30": "2696.70000", "2020-06-30": "2683.60000", "2020-03-31": "2669.00000", "2019-12-31": "2657.20100", "2019-09-30": "2660.60000", "2019-06-30": "2664.70000", "2019-03-31": "2634.30000", "2018-12-31": "2571.10100", "2018-09-30": "3305.60000", "2018-06-30": "2535.50000", "2018-03-31": "2558.50000", "2017-12-31": "2493.90000", "2017-09-30": "2452.30000", "2017-06-30": "2460.40000", "2017-03-31": "2476.20000", "2016-12-31": "2425.29800", "2016-09-30": "2431.20000", "2016-06-30": "2421.10000", "2016-03-31": "2421.20000", "2015-12-31": "2405.79900", "2015-09-30": "2358.90000", "2015-06-30": "2383.90000", "2015-03-31": "2344.40000", "2014-12-31": "3093.60000", "2014-09-30": "2297.30000", "2014-06-30": "2307.00000", "2014-03-31": "2284.60000", "2013-12-31": "2280.40000", "2013-09-30": "2256.80000", "2013-06-30": "2290.40000", "2013-03-31": "2321.00000", "2012-12-31": "2335.50100", "2012-09-30": "2307.60000", "2012-06-30": "2321.50000", "2012-03-31": "2301.30000", "2011-12-31": "3222.10000", "2011-09-30": "2256.90000", "2011-06-30": "2230.00000", "2011-03-31": "2235.70000", "2010-12-31": "2269.00000", "2010-09-30": "2201.40000", "2010-06-30": "2202.50000", "2010-03-31": "2200.40000", "2009-12-31": "2200.70000", "2009-09-30": "2182.90000", "2009-06-30": "2216.80000", "2009-03-31": "2198.30000", "2008-12-31": "2271.20000", "2008-09-30": "2282.90000", "2008-06-30": "2308.30000", "2008-03-31": "2295.90000", "2007-12-31": "2418.10000", "2007-09-30": "2331.20000", "2007-06-30": "2432.70000", "2007-03-31": "2340.70000", "2006-12-31": "2430.49900", "2006-09-30": "2714.80000", "2006-06-30": "2432.10000", "2006-03-31": "2492.50000", "2005-12-31": "2308.60000", "2005-09-30": "2475.60000", "2005-06-30": "2390.90000", "2005-03-31": "2390.30000"}, "Operating Income": {"2020-12-31": "124.70020", "2020-09-30": "299.60010", "2020-06-30": "337.59990", "2020-03-31": "202.10010", "2019-12-31": "377.39920", "2019-09-30": "299.39990", "2019-06-30": "352.00000", "2019-03-31": "353.30000", "2018-12-31": "309.69950", "2018-09-30": "-377.79980", "2018-06-30": "354.80000", "2018-03-31": "341.10030", "2017-12-31": "345.29960", "2017-09-30": "366.80030", "2017-06-30": "361.59990", "2017-03-31": "330.30000", "2016-12-31": "371.20210", "2016-09-30": "332.10010", "2016-06-30": "340.20000", "2016-03-31": "304.19970", "2015-12-31": "316.60080", "2015-09-30": "298.89990", "2015-06-30": "319.79980", "2015-03-31": "302.99980", "2014-12-31": "-454.59960", "2014-09-30": "317.00000", "2014-06-30": "349.80000", "2014-03-31": "329.79980", "2013-12-31": "320.59940", "2013-09-30": "284.09990", "2013-06-30": "311.49980", "2013-03-31": "303.80000", "2012-12-31": "322.69970", "2012-09-30": "320.40010", "2012-06-30": "296.40010", "2012-03-31": "310.00000", "2011-12-31": "-617.30050", "2011-09-30": "288.70020", "2011-06-30": "334.50000", "2011-03-31": "327.40010", "2010-12-31": "324.10030", "2010-09-30": "326.50000", "2010-06-30": "308.10010", "2010-03-31": "361.20000", "2009-12-31": "295.89970", "2009-09-30": "334.60010", "2009-06-30": "411.20020", "2009-03-31": "250.59990", "2008-12-31": "52.50000", "2008-09-30": "159.80000", "2008-06-30": "367.00000", "2008-03-31": "244.70020", "2007-12-31": "225.40010", "2007-09-30": "279.00000", "2007-06-30": "232.89990", "2007-03-31": "259.90010", "2006-12-31": "265.60080", "2006-09-30": "-97.39990", "2006-06-30": "189.59990", "2006-03-31": "107.59990", "2005-12-31": "178.20000", "2005-09-30": "68.29980", "2005-06-30": "265.80000", "2005-03-31": "181.59990"}, "Total Non-Operating Income/Expense": {"2020-12-31": "", "2020-09-30": "", "2020-06-30": "", "2020-03-31": "", "2019-12-31": "", "2019-09-30": "", "2019-06-30": "", "2019-03-31": "", "2018-12-31": "", "2018-09-30": "", "2018-06-30": "", "2018-03-31": "", "2017-12-31": "", "2017-09-30": "", "2017-06-30": "", "2017-03-31": "", "2016-12-31": "", "2016-09-30": "", "2016-06-30": "", "2016-03-31": "", "2015-12-31": "", "2015-09-30": "", "2015-06-30": "", "2015-03-31": "", "2014-12-31": "", "2014-09-30": "", "2014-06-30": "", "2014-03-31": "", "2013-12-31": "", "2013-09-30": "", "2013-06-30": "", "2013-03-31": "", "2012-12-31": "", "2012-09-30": "", "2012-06-30": "", "2012-03-31": "", "2011-12-31": "", "2011-09-30": "", "2011-06-30": "", "2011-03-31": "", "2010-12-31": "", "2010-09-30": "", "2010-06-30": "", "2010-03-31": "", "2009-12-31": "", "2009-09-30": "", "2009-06-30": "", "2009-03-31": "", "2008-12-31": "", "2008-09-30": "", "2008-06-30": "", "2008-03-31": "", "2007-12-31": "", "2007-09-30": "", "2007-06-30": "", "2007-03-31": "", "2006-12-31": "", "2006-09-30": "", "2006-06-30": "", "2006-03-31": "", "2005-12-31": "", "2005-09-30": "", "2005-06-30": "", "2005-03-31": ""}, "Pre-Tax Income": {"2020-12-31": "124.70000", "2020-09-30": "299.60000", "2020-06-30": "337.60000", "2020-03-31": "202.10000", "2019-12-31": "377.40000", "2019-09-30": "299.40000", "2019-06-30": "352.00000", "2019-03-31": "353.30000", "2018-12-31": "309.70000", "2018-09-30": "-377.80000", "2018-06-30": "354.80000", "2018-03-31": "341.10000", "2017-12-31": "345.30000", "2017-09-30": "366.80000", "2017-06-30": "361.60000", "2017-03-31": "330.30000", "2016-12-31": "371.20000", "2016-09-30": "332.10000", "2016-06-30": "340.20000", "2016-03-31": "304.20000", "2015-12-31": "316.60000", "2015-09-30": "298.90000", "2015-06-30": "319.80000", "2015-03-31": "303.00000", "2014-12-31": "-454.60000", "2014-09-30": "317.00000", "2014-06-30": "349.80000", "2014-03-31": "329.80000", "2013-12-31": "320.60000", "2013-09-30": "284.10000", "2013-06-30": "311.50000", "2013-03-31": "303.80000", "2012-12-31": "322.70000", "2012-09-30": "320.40000", "2012-06-30": "296.40000", "2012-03-31": "310.00000", "2011-12-31": "-617.30000", "2011-09-30": "288.70000", "2011-06-30": "334.50000", "2011-03-31": "327.40000", "2010-12-31": "324.10000", "2010-09-30": "326.50000", "2010-06-30": "308.10000", "2010-03-31": "361.20000", "2009-12-31": "295.90010", "2009-09-30": "334.60000", "2009-06-30": "411.20000", "2009-03-31": "250.60000", "2008-12-31": "52.50000", "2008-09-30": "159.80000", "2008-06-30": "367.00000", "2008-03-31": "244.70000", "2007-12-31": "225.40000", "2007-09-30": "279.00000", "2007-06-30": "232.90000", "2007-03-31": "259.90000", "2006-12-31": "265.60000", "2006-09-30": "-97.40000", "2006-06-30": "189.60000", "2006-03-31": "107.60000", "2005-12-31": "178.20000", "2005-09-30": "68.30000", "2005-06-30": "265.80000", "2005-03-31": "181.60000"}, "Income Taxes": {"2020-12-31": "-10.70000", "2020-09-30": "68.50000", "2020-06-30": "72.10000", "2020-03-31": "41.10000", "2019-12-31": "81.20000", "2019-09-30": "57.40000", "2019-06-30": "70.80000", "2019-03-31": "72.40000", "2018-12-31": "60.60000", "2018-09-30": "-93.10000", "2018-06-30": "69.30000", "2018-03-31": "67.60000", "2017-12-31": "78.40000", "2017-09-30": "114.50000", "2017-06-30": "116.50000", "2017-03-31": "100.40000", "2016-12-31": "123.20000", "2016-09-30": "96.10000", "2016-06-30": "103.40000", "2016-03-31": "93.60000", "2015-12-31": "90.50000", "2015-09-30": "95.10000", "2015-06-30": "95.50000", "2015-03-31": "90.10000", "2014-12-31": "-172.40000", "2014-09-30": "97.90000", "2014-06-30": "110.40000", "2014-03-31": "104.00000", "2013-12-31": "110.50000", "2013-09-30": "78.40000", "2013-06-30": "92.90000", "2013-03-31": "91.20000", "2012-12-31": "88.80000", "2012-09-30": "90.20000", "2012-06-30": "80.00000", "2012-03-31": "96.10000", "2011-12-31": "-248.30000", "2011-09-30": "86.70000", "2011-06-30": "106.90000", "2011-03-31": "103.80000", "2010-12-31": "105.70000", "2010-09-30": "105.70000", "2010-06-30": "98.40000", "2010-03-31": "131.40000", "2009-12-31": "96.50000", "2009-09-30": "113.50000", "2009-06-30": "144.00000", "2009-03-31": "85.70000", "2008-12-31": "10.70000", "2008-09-30": "51.80000", "2008-06-30": "126.70000", "2008-03-31": "81.60000", "2007-12-31": "64.90000", "2007-09-30": "92.00000", "2007-06-30": "79.40000", "2007-03-31": "88.50000", "2006-12-31": "-8.60000", "2006-09-30": "-32.10000", "2006-06-30": "66.30000", "2006-03-31": "36.20000", "2005-12-31": "50.30000", "2005-09-30": "15.70000", "2005-06-30": "94.50000", "2005-03-31": "29.40000"}, "Income After Taxes": {"2020-12-31": "135.40000", "2020-09-30": "231.10000", "2020-06-30": "265.50000", "2020-03-31": "161.00000", "2019-12-31": "296.20000", "2019-09-30": "242.00000", "2019-06-30": "281.20000", "2019-03-31": "280.90000", "2018-12-31": "249.10000", "2018-09-30": "-284.70000", "2018-06-30": "285.50000", "2018-03-31": "273.50000", "2017-12-31": "266.90000", "2017-09-30": "252.30000", "2017-06-30": "245.10000", "2017-03-31": "229.90000", "2016-12-31": "247.99990", "2016-09-30": "236.00000", "2016-06-30": "236.80000", "2016-03-31": "210.60000", "2015-12-31": "226.10010", "2015-09-30": "203.80000", "2015-06-30": "224.30000", "2015-03-31": "212.90000", "2014-12-31": "-282.20000", "2014-09-30": "219.10000", "2014-06-30": "239.40000", "2014-03-31": "225.80000", "2013-12-31": "210.10000", "2013-09-30": "205.70000", "2013-06-30": "218.60000", "2013-03-31": "212.60000", "2012-12-31": "233.90000", "2012-09-30": "230.20000", "2012-06-30": "216.40000", "2012-03-31": "213.90000", "2011-12-31": "-369.00000", "2011-09-30": "202.00000", "2011-06-30": "227.60000", "2011-03-31": "223.60000", "2010-12-31": "218.40000", "2010-09-30": "220.80000", "2010-06-30": "209.70000", "2010-03-31": "229.80000", "2009-12-31": "199.40000", "2009-09-30": "221.10000", "2009-06-30": "267.20000", "2009-03-31": "164.90000", "2008-12-31": "41.80000", "2008-09-30": "108.00000", "2008-06-30": "240.30000", "2008-03-31": "163.10000", "2007-12-31": "160.50000", "2007-09-30": "187.00000", "2007-06-30": "153.50000", "2007-03-31": "171.40000", "2006-12-31": "274.20000", "2006-09-30": "-65.30000", "2006-06-30": "123.30000", "2006-03-31": "71.40000", "2005-12-31": "127.90000", "2005-09-30": "52.60000", "2005-06-30": "171.30000", "2005-03-31": "152.20000"}, "Other Income": {"2020-12-31": "", "2020-09-30": "", "2020-06-30": "", "2020-03-31": "", "2019-12-31": "", "2019-09-30": "", "2019-06-30": "", "2019-03-31": "", "2018-12-31": "", "2018-09-30": "", "2018-06-30": "", "2018-03-31": "", "2017-12-31": "", "2017-09-30": "", "2017-06-30": "", "2017-03-31": "", "2016-12-31": "", "2016-09-30": "", "2016-06-30": "", "2016-03-31": "", "2015-12-31": "", "2015-09-30": "", "2015-06-30": "", "2015-03-31": "", "2014-12-31": "", "2014-09-30": "", "2014-06-30": "", "2014-03-31": "", "2013-12-31": "", "2013-09-30": "", "2013-06-30": "", "2013-03-31": "", "2012-12-31": "", "2012-09-30": "", "2012-06-30": "", "2012-03-31": "", "2011-12-31": "", "2011-09-30": "", "2011-06-30": "", "2011-03-31": "", "2010-12-31": "", "2010-09-30": "", "2010-06-30": "", "2010-03-31": "", "2009-12-31": "", "2009-09-30": "", "2009-06-30": "", "2009-03-31": "", "2008-12-31": "", "2008-09-30": "", "2008-06-30": "", "2008-03-31": "", "2007-12-31": "", "2007-09-30": "", "2007-06-30": "", "2007-03-31": "", "2006-12-31": "", "2006-09-30": "", "2006-06-30": "", "2006-03-31": "", "2005-12-31": "", "2005-09-30": "", "2005-06-30": "", "2005-03-31": ""}, "Income From Continuous Operations": {"2020-12-31": "135.40000", "2020-09-30": "231.10000", "2020-06-30": "265.50000", "2020-03-31": "161.00000", "2019-12-31": "296.20000", "2019-09-30": "242.00000", "2019-06-30": "281.20000", "2019-03-31": "280.90000", "2018-12-31": "249.10000", "2018-09-30": "-284.70000", "2018-06-30": "285.50000", "2018-03-31": "273.50000", "2017-12-31": "266.90000", "2017-09-30": "252.30000", "2017-06-30": "245.10000", "2017-03-31": "229.90000", "2016-12-31": "247.99990", "2016-09-30": "236.00000", "2016-06-30": "236.80000", "2016-03-31": "210.60000", "2015-12-31": "226.10010", "2015-09-30": "203.80000", "2015-06-30": "224.30000", "2015-03-31": "212.90000", "2014-12-31": "-282.20000", "2014-09-30": "219.10000", "2014-06-30": "239.40000", "2014-03-31": "225.80000", "2013-12-31": "210.10000", "2013-09-30": "205.70000", "2013-06-30": "218.60000", "2013-03-31": "212.60000", "2012-12-31": "233.90000", "2012-09-30": "230.20000", "2012-06-30": "216.40000", "2012-03-31": "213.90000", "2011-12-31": "-369.00000", "2011-09-30": "202.00000", "2011-06-30": "227.60000", "2011-03-31": "223.60000", "2010-12-31": "218.40000", "2010-09-30": "220.80000", "2010-06-30": "209.70000", "2010-03-31": "229.80000", "2009-12-31": "199.40000", "2009-09-30": "221.10000", "2009-06-30": "267.20000", "2009-03-31": "164.90000", "2008-12-31": "41.80000", "2008-09-30": "108.00000", "2008-06-30": "240.30000", "2008-03-31": "163.10000", "2007-12-31": "160.50000", "2007-09-30": "187.00000", "2007-06-30": "153.50000", "2007-03-31": "171.40000", "2006-12-31": "274.20000", "2006-09-30": "-65.30000", "2006-06-30": "123.30000", "2006-03-31": "71.40000", "2005-12-31": "127.90000", "2005-09-30": "52.60000", "2005-06-30": "171.30000", "2005-03-31": "152.20000"}, "Income From Discontinued Operations": {"2020-12-31": "", "2020-09-30": "", "2020-06-30": "", "2020-03-31": "", "2019-12-31": "", "2019-09-30": "", "2019-06-30": "", "2019-03-31": "", "2018-12-31": "", "2018-09-30": "", "2018-06-30": "", "2018-03-31": "", "2017-12-31": "", "2017-09-30": "", "2017-06-30": "", "2017-03-31": "", "2016-12-31": "", "2016-09-30": "", "2016-06-30": "", "2016-03-31": "", "2015-12-31": "", "2015-09-30": "", "2015-06-30": "", "2015-03-31": "", "2014-12-31": "", "2014-09-30": "", "2014-06-30": "", "2014-03-31": "", "2013-12-31": "", "2013-09-30": "", "2013-06-30": "", "2013-03-31": "", "2012-12-31": "", "2012-09-30": "", "2012-06-30": "", "2012-03-31": "", "2011-12-31": "", "2011-09-30": "", "2011-06-30": "", "2011-03-31": "", "2010-12-31": "", "2010-09-30": "", "2010-06-30": "", "2010-03-31": "", "2009-12-31": "", "2009-09-30": "", "2009-06-30": "", "2009-03-31": "", "2008-12-31": "", "2008-09-30": "", "2008-06-30": "", "2008-03-31": "", "2007-12-31": "0.00000", "2007-09-30": "", "2007-06-30": "", "2007-03-31": "6.90000", "2006-12-31": "1.90000", "2006-09-30": "1.60000", "2006-06-30": "1.90000", "2006-03-31": "2.00000", "2005-12-31": "", "2005-09-30": "", "2005-06-30": "", "2005-03-31": ""}, "Net Income": {"2020-12-31": "135.40000", "2020-09-30": "231.10000", "2020-06-30": "265.50000", "2020-03-31": "161.00000", "2019-12-31": "296.20000", "2019-09-30": "242.00000", "2019-06-30": "281.20000", "2019-03-31": "280.90000", "2018-12-31": "249.10000", "2018-09-30": "-284.70000", "2018-06-30": "285.50000", "2018-03-31": "273.50000", "2017-12-31": "266.90000", "2017-09-30": "252.30000", "2017-06-30": "245.10000", "2017-03-31": "229.90000", "2016-12-31": "248.00000", "2016-09-30": "236.00000", "2016-06-30": "236.80000", "2016-03-31": "210.60000", "2015-12-31": "226.10000", "2015-09-30": "203.80000", "2015-06-30": "224.30000", "2015-03-31": "212.90000", "2014-12-31": "-282.20000", "2014-09-30": "219.10000", "2014-06-30": "239.40000", "2014-03-31": "225.80000", "2013-12-31": "210.10000", "2013-09-30": "205.70000", "2013-06-30": "218.60000", "2013-03-31": "212.60000", "2012-12-31": "233.90000", "2012-09-30": "230.20000", "2012-06-30": "216.40000", "2012-03-31": "213.90000", "2011-12-31": "-369.00000", "2011-09-30": "202.00000", "2011-06-30": "227.60000", "2011-03-31": "223.60000", "2010-12-31": "218.40000", "2010-09-30": "220.80000", "2010-06-30": "209.70000", "2010-03-31": "229.80000", "2009-12-31": "199.40000", "2009-09-30": "221.10000", "2009-06-30": "267.20000", "2009-03-31": "164.90000", "2008-12-31": "41.80000", "2008-09-30": "108.00000", "2008-06-30": "240.30000", "2008-03-31": "163.10000", "2007-12-31": "160.50000", "2007-09-30": "187.00000", "2007-06-30": "153.50000", "2007-03-31": "178.30000", "2006-12-31": "276.10000", "2006-09-30": "-63.70000", "2006-06-30": "125.20000", "2006-03-31": "73.40000", "2005-12-31": "137.50000", "2005-09-30": "52.60000", "2005-06-30": "171.30000", "2005-03-31": "152.20000"}, "EBITDA": {"2020-12-31": "", "2020-09-30": "398.60010", "2020-06-30": "412.39980", "2020-03-31": "276.30010", "2019-12-31": "487.59920", "2019-09-30": "337.09990", "2019-06-30": "422.10000", "2019-03-31": "422.80000", "2018-12-31": "378.19950", "2018-09-30": "-309.69980", "2018-06-30": "422.10000", "2018-03-31": "405.90040", "2017-12-31": "410.39960", "2017-09-30": "431.90030", "2017-06-30": "428.39980", "2017-03-31": "396.60000", "2016-12-31": "436.80210", "2016-09-30": "402.60010", "2016-06-30": "407.80000", "2016-03-31": "368.19970", "2015-12-31": "381.00080", "2015-09-30": "362.39990", "2015-06-30": "382.89980", "2015-03-31": "364.29970", "2014-12-31": "-394.19960", "2014-09-30": "378.50000", "2014-06-30": "424.60010", "2014-03-31": "388.49980", "2013-12-31": "379.59940", "2013-09-30": "342.19990", "2013-06-30": "370.29970", "2013-03-31": "362.10010", "2012-12-31": "381.59970", "2012-09-30": "379.30010", "2012-06-30": "352.30020", "2012-03-31": "366.00000", "2011-12-31": "-561.20050", "2011-09-30": "344.30020", "2011-06-30": "390.00000", "2011-03-31": "384.60010", "2010-12-31": "382.50040", "2010-09-30": "380.80000", "2010-06-30": "361.00010", "2010-03-31": "412.80000", "2009-12-31": "349.89970", "2009-09-30": "381.40010", "2009-06-30": "460.10020", "2009-03-31": "300.79990", "2008-12-31": "105.50000", "2008-09-30": "213.10000", "2008-06-30": "426.10000", "2008-03-31": "304.80020", "2007-12-31": "350.60020", "2007-09-30": "339.10000", "2007-06-30": "292.89990", "2007-03-31": "322.70010", "2006-12-31": "357.20080", "2006-09-30": "-34.69990", "2006-06-30": "253.49980", "2006-03-31": "179.49990", "2005-12-31": "242.39990", "2005-09-30": "138.59980", "2005-06-30": "342.80000", "2005-03-31": "250.79990"}, "EBIT": {"2020-12-31": "170.30020", "2020-09-30": "349.00010", "2020-06-30": "385.09990", "2020-03-31": "247.80010", "2019-12-31": "423.99970", "2019-09-30": "345.49990", "2019-06-30": "394.60000", "2019-03-31": "395.40010", "2018-12-31": "351.69920", "2018-09-30": "-335.09980", "2018-06-30": "397.20000", "2018-03-31": "381.30040", "2017-12-31": "385.39980", "2017-09-30": "406.90030", "2017-06-30": "401.49980", "2017-03-31": "370.10000", "2016-12-31": "411.00140", "2016-09-30": "377.30010", "2016-06-30": "382.59990", "2016-03-31": "342.79970", "2015-12-31": "355.50040", "2015-09-30": "336.99990", "2015-06-30": "357.79980", "2015-03-31": "340.79970", "2014-12-31": "-416.09990", "2014-09-30": "355.40000", "2014-06-30": "402.50010", "2014-03-31": "367.69980", "2013-12-31": "358.19940", "2013-09-30": "321.49980", "2013-06-30": "348.79970", "2013-03-31": "340.90010", "2012-12-31": "360.79970", "2012-09-30": "357.00020", "2012-06-30": "331.60020", "2012-03-31": "345.50000", "2011-12-31": "-582.10060", "2011-09-30": "323.80020", "2011-06-30": "369.60000", "2011-03-31": "365.30010", "2010-12-31": "363.20050", "2010-09-30": "361.70000", "2010-06-30": "342.20010", "2010-03-31": "394.59990", "2009-12-31": "330.39960", "2009-09-30": "362.50010", "2009-06-30": "441.60020", "2009-03-31": "283.19990", "2008-12-31": "87.29980", "2008-09-30": "197.00000", "2008-06-30": "407.80000", "2008-03-31": "288.60020", "2007-12-31": "333.00020", "2007-09-30": "322.90000", "2007-06-30": "277.39990", "2007-03-31": "305.80010", "2006-12-31": "337.20050", "2006-09-30": "-53.19990", "2006-06-30": "238.29990", "2006-03-31": "160.69990", "2005-12-31": "230.69970", "2005-09-30": "118.09980", "2005-06-30": "318.70000", "2005-03-31": "234.39990"}, "Basic Shares Outstanding": {"2020-12-31": "203.90000", "2020-09-30": "203.76100", "2020-06-30": "203.62430", "2020-03-31": "203.30600", "2019-12-31": "209.72890", "2019-09-30": "208.09800", "2019-06-30": "211.06870", "2019-03-31": "214.29700", "2018-12-31": "219.63560", "2018-09-30": "218.89300", "2018-06-30": "220.77700", "2018-03-31": "221.89400", "2017-12-31": "226.49240", "2017-09-30": "225.28800", "2017-06-30": "227.45400", "2017-03-31": "229.42900", "2016-12-31": "235.44600", "2016-09-30": "233.75200", "2016-06-30": "236.89300", "2016-03-31": "239.61900", "2015-12-31": "246.98700", "2015-09-30": "245.40000", "2015-06-30": "248.31900", "2015-03-31": "251.46700", "2014-12-31": "255.52600", "2014-09-30": "253.58600", "2014-06-30": "256.79000", "2014-03-31": "259.40800", "2013-12-31": "264.72600", "2013-09-30": "262.94600", "2013-06-30": "265.56000", "2013-03-31": "269.36100", "2012-12-31": "281.35600", "2012-09-30": "278.35400", "2012-06-30": "283.31700", "2012-03-31": "290.43000", "2011-12-31": "302.40000", "2011-09-30": "298.18600", "2011-06-30": "306.31600", "2011-03-31": "312.74200", "2010-12-31": "325.83900", "2010-09-30": "323.08400", "2010-06-30": "331.23700", "2010-03-31": "332.27000", "2009-12-31": "331.26600", "2009-09-30": "331.41100", "2009-06-30": "331.17200", "2009-03-31": "330.80500", "2008-12-31": "341.02300", "2008-09-30": "337.23600", "2008-06-30": "345.44400", "2008-03-31": "350.72000", "2007-12-31": "352.96900", "2007-09-30": "359.74100", "2007-06-30": "350.84380", "2007-03-31": "341.20800", "2006-12-31": "324.65500", "2006-09-30": "340.72800", "2006-06-30": "319.20700", "2006-03-31": "296.56000", "2005-12-31": "295.77600", "2005-09-30": "295.76700", "2005-06-30": "295.60600", "2005-03-31": "295.49000"}, "Shares Outstanding": {"2020-12-31": "204.10000", "2020-09-30": "203.87900", "2020-06-30": "203.67110", "2020-03-31": "203.35600", "2019-12-31": "209.85440", "2019-09-30": "208.11600", "2019-06-30": "211.11260", "2019-03-31": "214.43000", "2018-12-31": "220.05860", "2018-09-30": "218.89300", "2018-06-30": "221.06300", "2018-03-31": "222.57700", "2017-12-31": "227.33520", "2017-09-30": "226.03000", "2017-06-30": "228.17900", "2017-03-31": "230.37800", "2016-12-31": "235.97900", "2016-09-30": "234.21400", "2016-06-30": "237.31900", "2016-03-31": "239.93000", "2015-12-31": "247.85500", "2015-09-30": "246.32400", "2015-06-30": "249.19200", "2015-03-31": "252.23500", "2014-12-31": "256.65300", "2014-09-30": "254.79600", "2014-06-30": "257.91000", "2014-03-31": "260.70900", "2013-12-31": "265.94900", "2013-09-30": "264.26000", "2013-06-30": "266.73600", "2013-03-31": "270.35400", "2012-12-31": "281.75700", "2012-09-30": "278.51100", "2012-06-30": "283.74100", "2012-03-31": "291.28400", "2011-12-31": "303.57100", "2011-09-30": "299.17300", "2011-06-30": "307.41100", "2011-03-31": "314.33200", "2010-12-31": "327.22100", "2010-09-30": "324.46700", "2010-06-30": "332.63200", "2010-03-31": "333.52400", "2009-12-31": "332.13600", "2009-09-30": "332.62200", "2009-06-30": "331.95500", "2009-03-31": "330.96500", "2008-12-31": "341.56000", "2008-09-30": "337.91300", "2008-06-30": "346.03500", "2008-03-31": "351.46600", "2007-12-31": "355.77700", "2007-09-30": "360.90600", "2007-06-30": "354.83740", "2007-03-31": "346.38000", "2006-12-31": "334.36200", "2006-09-30": "340.72800", "2006-06-30": "329.90500", "2006-03-31": "319.63700", "2005-12-31": "312.51300", "2005-09-30": "314.64800", "2005-06-30": "309.10800", "2005-03-31": "307.61100"}, "Basic EPS": {"2020-12-31": "0.66000", "2020-09-30": "1.13000", "2020-06-30": "1.30000", "2020-03-31": "0.79000", "2019-12-31": "1.45000", "2019-09-30": "1.16000", "2019-06-30": "1.33000", "2019-03-31": "1.31000", "2018-12-31": "1.16000", "2018-09-30": "-1.30000", "2018-06-30": "1.29000", "2018-03-31": "1.23000", "2017-12-31": "1.19000", "2017-09-30": "1.12000", "2017-06-30": "1.08000", "2017-03-31": "1.00000", "2016-12-31": "1.07000", "2016-09-30": "1.01000", "2016-06-30": "1.00000", "2016-03-31": "0.88000", "2015-12-31": "0.93000", "2015-09-30": "0.83000", "2015-06-30": "0.90000", "2015-03-31": "0.85000", "2014-12-31": "-1.09000", "2014-09-30": "0.86000", "2014-06-30": "0.93000", "2014-03-31": "0.87000", "2013-12-31": "0.81000", "2013-09-30": "0.78000", "2013-06-30": "0.82000", "2013-03-31": "0.79000", "2012-12-31": "0.85000", "2012-09-30": "0.83000", "2012-06-30": "0.76000", "2012-03-31": "0.74000", "2011-12-31": "-1.20000", "2011-09-30": "0.68000", "2011-06-30": "0.74000", "2011-03-31": "0.72000", "2010-12-31": "0.70000", "2010-09-30": "0.68000", "2010-06-30": "0.63000", "2010-03-31": "0.69000", "2009-12-31": "0.59000", "2009-09-30": "0.67000", "2009-06-30": "0.81000", "2009-03-31": "0.50000", "2008-12-31": "0.13000", "2008-09-30": "0.32000", "2008-06-30": "0.70000", "2008-03-31": "0.47000", "2007-12-31": "0.44000", "2007-09-30": "0.52000", "2007-06-30": "0.44000", "2007-03-31": "0.52000", "2006-12-31": "0.82000", "2006-09-30": "-0.19000", "2006-06-30": "0.39000", "2006-03-31": "0.25000", "2005-12-31": "0.46000", "2005-09-30": "0.18000", "2005-06-30": "0.58000", "2005-03-31": "0.52000"}, "EPS - Earnings Per Share": {"2020-12-31": "0.66000", "2020-09-30": "1.13000", "2020-06-30": "1.30000", "2020-03-31": "0.79000", "2019-12-31": "1.44000", "2019-09-30": "1.16000", "2019-06-30": "1.33000", "2019-03-31": "1.31000", "2018-12-31": "1.16000", "2018-09-30": "-1.30000", "2018-06-30": "1.29000", "2018-03-31": "1.23000", "2017-12-31": "1.18000", "2017-09-30": "1.12000", "2017-06-30": "1.07000", "2017-03-31": "1.00000", "2016-12-31": "1.06000", "2016-09-30": "1.01000", "2016-06-30": "1.00000", "2016-03-31": "0.88000", "2015-12-31": "0.93000", "2015-09-30": "0.83000", "2015-06-30": "0.90000", "2015-03-31": "0.84000", "2014-12-31": "-1.08000", "2014-09-30": "0.86000", "2014-06-30": "0.93000", "2014-03-31": "0.86000", "2013-12-31": "0.80000", "2013-09-30": "0.78000", "2013-06-30": "0.82000", "2013-03-31": "0.79000", "2012-12-31": "0.85000", "2012-09-30": "0.83000", "2012-06-30": "0.76000", "2012-03-31": "0.73000", "2011-12-31": "-1.19000", "2011-09-30": "0.68000", "2011-06-30": "0.74000", "2011-03-31": "0.71000", "2010-12-31": "0.69000", "2010-09-30": "0.68000", "2010-06-30": "0.63000", "2010-03-31": "0.69000", "2009-12-31": "0.61000", "2009-09-30": "0.66000", "2009-06-30": "0.80000", "2009-03-31": "0.50000", "2008-12-31": "0.15000", "2008-09-30": "0.32000", "2008-06-30": "0.69000", "2008-03-31": "0.46000", "2007-12-31": "0.45000", "2007-09-30": "0.52000", "2007-06-30": "0.43000", "2007-03-31": "0.51000", "2006-12-31": "0.81000", "2006-09-30": "-0.19000", "2006-06-30": "0.38000", "2006-03-31": "0.23000", "2005-12-31": "0.43000", "2005-09-30": "0.17000", "2005-06-30": "0.55000", "2005-03-31": "0.49000"}}, "balance sheet": {"Cash On Hand": {"2020-12-31": "197.00000", "2019-12-31": "84.10000", "2018-12-31": "94.00000", "2017-12-31": "77.40000", "2016-12-31": "100.40000", "2015-12-31": "112.90000", "2014-12-31": "102.50000", "2013-12-31": "94.10000", "2012-12-31": "77.30000", "2011-12-31": "116.60000", "2010-12-31": "53.60000", "2009-12-31": "71.60000", "2008-12-31": "49.90000", "2007-12-31": "199.10000", "2006-12-31": "121.30000", "2005-12-31": "67.10000"}, "Receivables": {"2020-12-31": "12258.00000", "2019-12-31": "6383.60000", "2018-12-31": "6277.90000", "2017-12-31": "6544.90000", "2016-12-31": "6469.70000", "2015-12-31": "6323.50000", "2014-12-31": "6610.60000", "2013-12-31": "6504.60000", "2012-12-31": "6475.20000", "2011-12-31": "6526.80000", "2010-12-31": "6493.70000", "2009-12-31": "6729.30000", "2008-12-31": "6759.00000", "2007-12-31": "7074.70000", "2006-12-31": "7569.30000", "2005-12-31": "7560.80000"}, "Inventory": {"2020-12-31": "", "2019-12-31": "", "2018-12-31": "", "2017-12-31": "", "2016-12-31": "", "2015-12-31": "", "2014-12-31": "", "2013-12-31": "", "2012-12-31": "", "2011-12-31": "", "2010-12-31": "", "2009-12-31": "", "2008-12-31": "", "2007-12-31": "", "2006-12-31": "", "2005-12-31": ""}, "Pre-Paid Expenses": {"2020-12-31": "", "2019-12-31": "", "2018-12-31": "", "2017-12-31": "", "2016-12-31": "", "2015-12-31": "", "2014-12-31": "", "2013-12-31": "", "2012-12-31": "", "2011-12-31": "", "2010-12-31": "", "2009-12-31": "", "2008-12-31": "", "2007-12-31": "", "2006-12-31": "", "2005-12-31": ""}, "Other Current Assets": {"2020-12-31": "", "2019-12-31": "", "2018-12-31": "", "2017-12-31": "", "2016-12-31": "", "2015-12-31": "", "2014-12-31": "", "2013-12-31": "", "2012-12-31": "", "2011-12-31": "", "2010-12-31": "", "2009-12-31": "", "2008-12-31": "", "2007-12-31": "", "2006-12-31": "", "2005-12-31": ""}, "Total Current Assets": {"2020-12-31": "12455.00000", "2019-12-31": "6467.70000", "2018-12-31": "6371.90000", "2017-12-31": "6622.30000", "2016-12-31": "6570.10000", "2015-12-31": "6436.40000", "2014-12-31": "6713.10000", "2013-12-31": "6598.70000", "2012-12-31": "6552.50000", "2011-12-31": "6643.40000", "2010-12-31": "6547.30000", "2009-12-31": "6800.90000", "2008-12-31": "6808.90000", "2007-12-31": "7273.80000", "2006-12-31": "7690.60000", "2005-12-31": "7627.90000"}, "Property, Plant, And Equipment": {"2020-12-31": "498.00000", "2019-12-31": "534.10000", "2018-12-31": "546.90000", "2017-12-31": "504.80000", "2016-12-31": "500.60000", "2015-12-31": "523.90000", "2014-12-31": "531.70000", "2013-12-31": "511.90000", "2012-12-31": "501.60000", "2011-12-31": "493.30000", "2010-12-31": "476.80000", "2009-12-31": "443.50000", "2008-12-31": "409.40000", "2007-12-31": "393.70000", "2006-12-31": "370.10000", "2005-12-31": "375.30000"}, "Long-Term Investments": {"2020-12-31": "53294.90000", "2019-12-31": "56451.90000", "2018-12-31": "51398.20000", "2017-12-31": "53734.10000", "2016-12-31": "51824.20000", "2015-12-31": "50726.50000", "2014-12-31": "52443.50000", "2013-12-31": "49615.10000", "2012-12-31": "52599.40000", "2011-12-31": "49894.90000", "2010-12-31": "46910.70000", "2009-12-31": "43937.90000", "2008-12-31": "38471.50000", "2007-12-31": "41812.50000", "2006-12-31": "40810.10000", "2005-12-31": "39975.20000"}, "Goodwill And Intangible Assets": {"2020-12-31": "353.00000", "2019-12-31": "351.70000", "2018-12-31": "350.30000", "2017-12-31": "338.60000", "2016-12-31": "335.10000", "2015-12-31": "230.90000", "2014-12-31": "198.70000", "2013-12-31": "200.90000", "2012-12-31": "201.70000", "2011-12-31": "201.20000", "2010-12-31": "201.20000", "2009-12-31": "201.60000", "2008-12-31": "200.50000", "2007-12-31": "204.30000", "2006-12-31": "204.10000", "2005-12-31": "280.90000"}, "Other Long-Term Assets": {"2020-12-31": "1752.30000", "2019-12-31": "884.00000", "2018-12-31": "789.00000", "2017-12-31": "628.70000", "2016-12-31": "617.30000", "2015-12-31": "637.40000", "2014-12-31": "661.90000", "2013-12-31": "647.80000", "2012-12-31": "625.40000", "2011-12-31": "645.30000", "2010-12-31": "650.60000", "2009-12-31": "610.60000", "2008-12-31": "615.90000", "2007-12-31": "635.70000", "2006-12-31": "653.00000", "2005-12-31": "586.90000"}, "Total Long-Term Assets": {"2020-12-31": "58170.80000", "2019-12-31": "60545.70000", "2018-12-31": "55503.70000", "2017-12-31": "57390.80000", "2016-12-31": "55371.40000", "2015-12-31": "54127.20000", "2014-12-31": "55737.10000", "2013-12-31": "52804.89000", "2012-12-31": "55683.60000", "2011-12-31": "52911.80000", "2010-12-31": "50760.40000", "2009-12-31": "47676.10000", "2008-12-31": "42608.50000", "2007-12-31": "45428.10000", "2006-12-31": "45132.71000", "2005-12-31": "44238.90000"}, "Total Assets": {"2020-12-31": "70625.80000", "2019-12-31": "67013.40000", "2018-12-31": "61875.60000", "2017-12-31": "64013.10000", "2016-12-31": "61941.50000", "2015-12-31": "60563.60000", "2014-12-31": "62450.20000", "2013-12-31": "59403.60000", "2012-12-31": "62236.10000", "2011-12-31": "59555.20000", "2010-12-31": "57307.70000", "2009-12-31": "54477.00000", "2008-12-31": "49417.40000", "2007-12-31": "52701.90000", "2006-12-31": "52823.30000", "2005-12-31": "51866.80000"}, "Total Current Liabilities": {"2020-12-31": "53521.60000", "2019-12-31": "51888.90000", "2018-12-31": "48495.70000", "2017-12-31": "49374.80000", "2016-12-31": "47741.30000", "2015-12-31": "47436.00000", "2014-12-31": "49665.00000", "2013-12-31": "46682.30000", "2012-12-31": "48706.40000", "2011-12-31": "46917.30000", "2010-12-31": "43611.50000", "2009-12-31": "41592.00000", "2008-12-31": "38681.00000", "2007-12-31": "40327.00000", "2006-12-31": "40449.00000", "2005-12-31": "38822.20000"}, "Long Term Debt": {"2020-12-31": "3345.70000", "2019-12-31": "2926.90000", "2018-12-31": "2971.30000", "2017-12-31": "2738.40000", "2016-12-31": "2999.40000", "2015-12-31": "2449.40000", "2014-12-31": "2628.70000", "2013-12-31": "2612.00000", "2012-12-31": "2755.40000", "2011-12-31": "2570.20000", "2010-12-31": "2631.30000", "2009-12-31": "2549.60000", "2008-12-31": "2259.40000", "2007-12-31": "2515.20000", "2006-12-31": "2659.60000", "2005-12-31": "3261.60000"}, "Other Non-Current Liabilities": {"2020-12-31": "2471.40000", "2019-12-31": "1880.50000", "2018-12-31": "1762.80000", "2017-12-31": "2123.10000", "2016-12-31": "2081.90000", "2015-12-31": "1916.50000", "2014-12-31": "1572.60000", "2013-12-31": "1305.90000", "2012-12-31": "1838.10000", "2011-12-31": "1815.10000", "2010-12-31": "1567.60000", "2009-12-31": "1447.60000", "2008-12-31": "1963.60000", "2007-12-31": "1419.50000", "2006-12-31": "1355.20000", "2005-12-31": "1389.90000"}, "Total Long Term Liabilities": {"2020-12-31": "6233.20000", "2019-12-31": "5159.50000", "2018-12-31": "4758.10000", "2017-12-31": "5063.40000", "2016-12-31": "5232.20000", "2015-12-31": "4463.70000", "2014-12-31": "4263.30000", "2013-12-31": "4062.20000", "2012-12-31": "4917.10000", "2011-12-31": "4468.20000", "2010-12-31": "4751.80000", "2009-12-31": "4384.90000", "2008-12-31": "4338.50000", "2007-12-31": "4335.00000", "2006-12-31": "4655.50000", "2005-12-31": "5680.70000"}, "Total Liabilities": {"2020-12-31": "59754.80000", "2019-12-31": "57048.40000", "2018-12-31": "53253.80000", "2017-12-31": "54438.20000", "2016-12-31": "52973.50000", "2015-12-31": "51899.70000", "2014-12-31": "53928.30000", "2013-12-31": "50744.50000", "2012-12-31": "53623.50000", "2011-12-31": "51385.50000", "2010-12-31": "48363.30000", "2009-12-31": "45976.90000", "2008-12-31": "43019.50000", "2007-12-31": "44662.00000", "2006-12-31": "45104.50000", "2005-12-31": "44502.90000"}, "Common Stock Net": {"2020-12-31": "30.70000", "2019-12-31": "30.60000", "2018-12-31": "30.50000", "2017-12-31": "30.50000", "2016-12-31": "30.40000", "2015-12-31": "30.30000", "2014-12-31": "30.20000", "2013-12-31": "36.10000", "2012-12-31": "36.00000", "2011-12-31": "35.90000", "2010-12-31": "36.50000", "2009-12-31": "36.40000", "2008-12-31": "36.30000", "2007-12-31": "36.30000", "2006-12-31": "34.40000", "2005-12-31": "30.10000"}, "Retained Earnings (Accumulated Deficit)": {"2020-12-31": "11269.60000", "2019-12-31": "10728.70000", "2018-12-31": "9863.10000", "2017-12-31": "9542.20000", "2016-12-31": "8744.00000", "2015-12-31": "7995.20000", "2014-12-31": "7302.30000", "2013-12-31": "8083.20000", "2012-12-31": "7371.60000", "2011-12-31": "6611.00000", "2010-12-31": "7060.80000", "2009-12-31": "6289.50000", "2008-12-31": "5527.10000", "2007-12-31": "5077.40000", "2006-12-31": "4925.80000", "2005-12-31": "4610.40000"}, "Comprehensive Income": {"2020-12-31": "374.20000", "2019-12-31": "37.30000", "2018-12-31": "-814.20000", "2017-12-31": "127.50000", "2016-12-31": "-51.00000", "2015-12-31": "16.10000", "2014-12-31": "166.40000", "2013-12-31": "255.00000", "2012-12-31": "628.00000", "2011-12-31": "461.80000", "2010-12-31": "339.80000", "2009-12-31": "338.00000", "2008-12-31": "-958.20000", "2007-12-31": "463.50000", "2006-12-31": "612.80000", "2005-12-31": "1163.50000"}, "Other Share Holders Equity": {"2020-12-31": "", "2019-12-31": "", "2018-12-31": "", "2017-12-31": "", "2016-12-31": "", "2015-12-31": "", "2014-12-31": "", "2013-12-31": "", "2012-12-31": "", "2011-12-31": "", "2010-12-31": "2.10000", "2009-12-31": "3.00000", "2008-12-31": "", "2007-12-31": "", "2006-12-31": "", "2005-12-31": ""}, "Share Holder Equity": {"2020-12-31": "10871.00000", "2019-12-31": "9965.00000", "2018-12-31": "8621.80000", "2017-12-31": "9574.90000", "2016-12-31": "8968.00000", "2015-12-31": "8663.90000", "2014-12-31": "8521.90000", "2013-12-31": "8659.10000", "2012-12-31": "8612.60000", "2011-12-31": "8169.70000", "2010-12-31": "8944.40000", "2009-12-31": "8500.10000", "2008-12-31": "6397.90000", "2007-12-31": "8039.90000", "2006-12-31": "7718.80000", "2005-12-31": "7363.90000"}, "Total Liabilities And Share Holders Equity": {"2020-12-31": "70625.80000", "2019-12-31": "67013.40000", "2018-12-31": "61875.60000", "2017-12-31": "64013.10000", "2016-12-31": "61941.50000", "2015-12-31": "60563.60000", "2014-12-31": "62450.20000", "2013-12-31": "59403.60000", "2012-12-31": "62236.10000", "2011-12-31": "59555.20000", "2010-12-31": "57307.70000", "2009-12-31": "54477.00000", "2008-12-31": "49417.40000", "2007-12-31": "52701.90000", "2006-12-31": "52823.30000", "2005-12-31": "51866.80000"}}, "balance sheet, quarterly": {"Cash On Hand": {"2020-12-31": "197.00000", "2020-09-30": "103.80000", "2020-06-30": "165.60000", "2020-03-31": "337.20000", "2019-12-31": "84.10000", "2019-09-30": "77.00000", "2019-06-30": "60.80000", "2019-03-31": "62.10000", "2018-12-31": "94.00000", "2018-09-30": "214.20000", "2018-06-30": "99.50000", "2018-03-31": "308.90000", "2017-12-31": "77.40000", "2017-09-30": "70.10000", "2017-06-30": "117.00000", "2017-03-31": "107.00000", "2016-12-31": "100.40000", "2016-09-30": "87.90000", "2016-06-30": "93.80000", "2016-03-31": "120.70000", "2015-12-31": "112.90000", "2015-09-30": "109.30000", "2015-06-30": "122.60000", "2015-03-31": "84.10000", "2014-12-31": "102.50000", "2014-09-30": "60.60000", "2014-06-30": "112.00000", "2014-03-31": "76.20000", "2013-12-31": "94.10000", "2013-09-30": "63.00000", "2013-06-30": "47.80000", "2013-03-31": "102.00000", "2012-12-31": "77.30000", "2012-09-30": "53.60000", "2012-06-30": "38.00000", "2012-03-31": "102.50000", "2011-12-31": "116.60000", "2011-09-30": "52.20000", "2011-06-30": "71.20000", "2011-03-31": "56.60000", "2010-12-31": "53.60000", "2010-09-30": "78.60000", "2010-06-30": "81.30000", "2010-03-31": "51.70000", "2009-12-31": "71.60000", "2009-09-30": "220.60000", "2009-06-30": "48.70000", "2009-03-31": "50.10000", "2008-12-31": "49.90000", "2008-09-30": "99.30000", "2008-06-30": "94.10000", "2008-03-31": "84.80000", "2007-12-31": "199.10000", "2007-09-30": "144.60000", "2007-06-30": "126.80000", "2007-03-31": "135.50000", "2006-12-31": "121.30000", "2006-09-30": "32.20000", "2006-06-30": "63.20000", "2006-03-31": "61.00000", "2005-12-31": "67.10000", "2005-09-30": "63.70000", "2005-06-30": "94.90000", "2005-03-31": "60.50000"}, "Receivables": {"2020-12-31": "12258.00000", "2020-09-30": "6473.80000", "2020-06-30": "6411.70000", "2020-03-31": "6305.80000", "2019-12-31": "6383.60000", "2019-09-30": "6483.00000", "2019-06-30": "6469.20000", "2019-03-31": "6429.90000", "2018-12-31": "6277.90000", "2018-09-30": "6396.00000", "2018-06-30": "6446.70000", "2018-03-31": "6552.20000", "2017-12-31": "6544.90000", "2017-09-30": "6591.40000", "2017-06-30": "6479.70000", "2017-03-31": "6538.20000", "2016-12-31": "6469.70000", "2016-09-30": "6471.50000", "2016-06-30": "6455.80000", "2016-03-31": "6459.50000", "2015-12-31": "6323.50000", "2015-09-30": "6391.80000", "2015-06-30": "6435.90000", "2015-03-31": "6539.60000", "2014-12-31": "6610.60000", "2014-09-30": "6518.00000", "2014-06-30": "6496.00000", "2014-03-31": "6502.00000", "2013-12-31": "6504.60000", "2013-09-30": "6552.70000", "2013-06-30": "6523.80000", "2013-03-31": "6593.70000", "2012-12-31": "6475.20000", "2012-09-30": "6529.60000", "2012-06-30": "6500.60000", "2012-03-31": "6538.20000", "2011-12-31": "6526.80000", "2011-09-30": "6603.50000", "2011-06-30": "6476.20000", "2011-03-31": "6461.40000", "2010-12-31": "6493.70000", "2010-09-30": "6779.00000", "2010-06-30": "6816.30000", "2010-03-31": "6587.70000", "2009-12-31": "6729.30000", "2009-09-30": "6768.70000", "2009-06-30": "6791.00000", "2009-03-31": "6712.40000", "2008-12-31": "6759.00000", "2008-09-30": "6988.20000", "2008-06-30": "7033.20000", "2008-03-31": "7097.50000", "2007-12-31": "7074.70000", "2007-09-30": "7182.80000", "2007-06-30": "7651.50000", "2007-03-31": "7550.00000", "2006-12-31": "7569.30000", "2006-09-30": "7614.70000", "2006-06-30": "7643.80000", "2006-03-31": "7620.90000", "2005-12-31": "7560.80000", "2005-09-30": "7505.30000", "2005-06-30": "9394.40000", "2005-03-31": "9307.00000"}, "Inventory": {"2020-12-31": "", "2020-09-30": "", "2020-06-30": "", "2020-03-31": "", "2019-12-31": "", "2019-09-30": "", "2019-06-30": "", "2019-03-31": "", "2018-12-31": "", "2018-09-30": "", "2018-06-30": "", "2018-03-31": "", "2017-12-31": "", "2017-09-30": "", "2017-06-30": "", "2017-03-31": "", "2016-12-31": "", "2016-09-30": "", "2016-06-30": "", "2016-03-31": "", "2015-12-31": "", "2015-09-30": "", "2015-06-30": "", "2015-03-31": "", "2014-12-31": "", "2014-09-30": "", "2014-06-30": "", "2014-03-31": "", "2013-12-31": "", "2013-09-30": "", "2013-06-30": "", "2013-03-31": "", "2012-12-31": "", "2012-09-30": "", "2012-06-30": "", "2012-03-31": "", "2011-12-31": "", "2011-09-30": "", "2011-06-30": "", "2011-03-31": "", "2010-12-31": "", "2010-09-30": "", "2010-06-30": "", "2010-03-31": "", "2009-12-31": "", "2009-09-30": "", "2009-06-30": "", "2009-03-31": "", "2008-12-31": "", "2008-09-30": "", "2008-06-30": "", "2008-03-31": "", "2007-12-31": "", "2007-09-30": "", "2007-06-30": "", "2007-03-31": "", "2006-12-31": "", "2006-09-30": "", "2006-06-30": "", "2006-03-31": "", "2005-12-31": "", "2005-09-30": "", "2005-06-30": "", "2005-03-31": ""}, "Pre-Paid Expenses": {"2020-12-31": "", "2020-09-30": "", "2020-06-30": "", "2020-03-31": "", "2019-12-31": "", "2019-09-30": "", "2019-06-30": "", "2019-03-31": "", "2018-12-31": "", "2018-09-30": "", "2018-06-30": "", "2018-03-31": "", "2017-12-31": "", "2017-09-30": "", "2017-06-30": "", "2017-03-31": "", "2016-12-31": "", "2016-09-30": "", "2016-06-30": "", "2016-03-31": "", "2015-12-31": "", "2015-09-30": "", "2015-06-30": "", "2015-03-31": "", "2014-12-31": "", "2014-09-30": "", "2014-06-30": "", "2014-03-31": "", "2013-12-31": "", "2013-09-30": "", "2013-06-30": "", "2013-03-31": "", "2012-12-31": "", "2012-09-30": "", "2012-06-30": "", "2012-03-31": "", "2011-12-31": "", "2011-09-30": "", "2011-06-30": "", "2011-03-31": "", "2010-12-31": "", "2010-09-30": "", "2010-06-30": "", "2010-03-31": "", "2009-12-31": "", "2009-09-30": "", "2009-06-30": "", "2009-03-31": "", "2008-12-31": "", "2008-09-30": "", "2008-06-30": "", "2008-03-31": "", "2007-12-31": "", "2007-09-30": "", "2007-06-30": "", "2007-03-31": "", "2006-12-31": "", "2006-09-30": "", "2006-06-30": "", "2006-03-31": "", "2005-12-31": "", "2005-09-30": "", "2005-06-30": "", "2005-03-31": ""}, "Other Current Assets": {"2020-12-31": "", "2020-09-30": "", "2020-06-30": "", "2020-03-31": "", "2019-12-31": "", "2019-09-30": "", "2019-06-30": "", "2019-03-31": "", "2018-12-31": "", "2018-09-30": "", "2018-06-30": "", "2018-03-31": "", "2017-12-31": "", "2017-09-30": "", "2017-06-30": "", "2017-03-31": "", "2016-12-31": "", "2016-09-30": "", "2016-06-30": "", "2016-03-31": "", "2015-12-31": "", "2015-09-30": "", "2015-06-30": "", "2015-03-31": "", "2014-12-31": "", "2014-09-30": "", "2014-06-30": "", "2014-03-31": "", "2013-12-31": "", "2013-09-30": "", "2013-06-30": "", "2013-03-31": "", "2012-12-31": "", "2012-09-30": "", "2012-06-30": "", "2012-03-31": "", "2011-12-31": "", "2011-09-30": "", "2011-06-30": "", "2011-03-31": "", "2010-12-31": "", "2010-09-30": "", "2010-06-30": "", "2010-03-31": "", "2009-12-31": "", "2009-09-30": "", "2009-06-30": "", "2009-03-31": "", "2008-12-31": "", "2008-09-30": "", "2008-06-30": "", "2008-03-31": "", "2007-12-31": "", "2007-09-30": "", "2007-06-30": "", "2007-03-31": "", "2006-12-31": "", "2006-09-30": "", "2006-06-30": "", "2006-03-31": "", "2005-12-31": "", "2005-09-30": "", "2005-06-30": "", "2005-03-31": ""}, "Total Current Assets": {"2020-12-31": "12455.00000", "2020-09-30": "6577.60000", "2020-06-30": "6577.30000", "2020-03-31": "6643.00000", "2019-12-31": "6467.70000", "2019-09-30": "6560.00000", "2019-06-30": "6530.00000", "2019-03-31": "6492.00000", "2018-12-31": "6371.90000", "2018-09-30": "6610.20000", "2018-06-30": "6546.20000", "2018-03-31": "6861.10000", "2017-12-31": "6622.30000", "2017-09-30": "6661.50000", "2017-06-30": "6596.70000", "2017-03-31": "6645.20000", "2016-12-31": "6570.10000", "2016-09-30": "6559.40000", "2016-06-30": "6549.60000", "2016-03-31": "6580.20000", "2015-12-31": "6436.40000", "2015-09-30": "6501.10000", "2015-06-30": "6558.50000", "2015-03-31": "6623.70000", "2014-12-31": "6713.10000", "2014-09-30": "6578.60000", "2014-06-30": "6608.00000", "2014-03-31": "6578.20000", "2013-12-31": "6598.70000", "2013-09-30": "6615.70000", "2013-06-30": "6571.60000", "2013-03-31": "6695.70000", "2012-12-31": "6552.50000", "2012-09-30": "6583.20000", "2012-06-30": "6538.60000", "2012-03-31": "6640.70000", "2011-12-31": "6643.40000", "2011-09-30": "6655.70000", "2011-06-30": "6547.40000", "2011-03-31": "6518.00000", "2010-12-31": "6547.30000", "2010-09-30": "6857.60000", "2010-06-30": "6897.60000", "2010-03-31": "6639.40000", "2009-12-31": "6800.90000", "2009-09-30": "6989.30000", "2009-06-30": "6839.70000", "2009-03-31": "6762.50000", "2008-12-31": "6808.90000", "2008-09-30": "7087.50000", "2008-06-30": "7127.30000", "2008-03-31": "7182.30000", "2007-12-31": "7273.80000", "2007-09-30": "7327.40000", "2007-06-30": "7778.30000", "2007-03-31": "7685.50000", "2006-12-31": "7690.60000", "2006-09-30": "7646.90000", "2006-06-30": "7707.00000", "2006-03-31": "7681.90000", "2005-12-31": "7627.90000", "2005-09-30": "7569.00000", "2005-06-30": "9489.30100", "2005-03-31": "9367.50000"}, "Property, Plant, And Equipment": {"2020-12-31": "498.00000", "2020-09-30": "508.80000", "2020-06-30": "518.10000", "2020-03-31": "540.70000", "2019-12-31": "534.10000", "2019-09-30": "568.30000", "2019-06-30": "556.10000", "2019-03-31": "548.20000", "2018-12-31": "546.90000", "2018-09-30": "521.00000", "2018-06-30": "510.80000", "2018-03-31": "508.40000", "2017-12-31": "504.80000", "2017-09-30": "489.90000", "2017-06-30": "497.10000", "2017-03-31": "501.20000", "2016-12-31": "500.60000", "2016-09-30": "509.70000", "2016-06-30": "510.90000", "2016-03-31": "515.20000", "2015-12-31": "523.90000", "2015-09-30": "529.60000", "2015-06-30": "535.70000", "2015-03-31": "537.50000", "2014-12-31": "531.70000", "2014-09-30": "531.40000", "2014-06-30": "528.30000", "2014-03-31": "519.40000", "2013-12-31": "511.90000", "2013-09-30": "508.80000", "2013-06-30": "504.70000", "2013-03-31": "499.00000", "2012-12-31": "501.60000", "2012-09-30": "497.70000", "2012-06-30": "492.20000", "2012-03-31": "497.40000", "2011-12-31": "493.30000", "2011-09-30": "492.10000", "2011-06-30": "487.20000", "2011-03-31": "482.70000", "2010-12-31": "476.80000", "2010-09-30": "467.80000", "2010-06-30": "454.10000", "2010-03-31": "447.10000", "2009-12-31": "443.50000", "2009-09-30": "429.70000", "2009-06-30": "423.90000", "2009-03-31": "417.10000", "2008-12-31": "409.40000", "2008-09-30": "405.40000", "2008-06-30": "402.70000", "2008-03-31": "396.90000", "2007-12-31": "393.70000", "2007-09-30": "386.70000", "2007-06-30": "383.90000", "2007-03-31": "377.90000", "2006-12-31": "370.10000", "2006-09-30": "371.00000", "2006-06-30": "373.20000", "2006-03-31": "375.20000", "2005-12-31": "375.30000", "2005-09-30": "", "2005-06-30": "", "2005-03-31": ""}, "Long-Term Investments": {"2020-12-31": "53294.90000", "2020-09-30": "59040.40000", "2020-06-30": "58690.30000", "2020-03-31": "54537.50000", "2019-12-31": "56451.90000", "2019-09-30": "56281.20000", "2019-06-30": "55197.60000", "2019-03-31": "53295.80000", "2018-12-31": "51398.20000", "2018-09-30": "51628.90000", "2018-06-30": "52015.70000", "2018-03-31": "52439.10000", "2017-12-31": "53734.10000", "2017-09-30": "53528.90000", "2017-06-30": "53200.30000", "2017-03-31": "52309.50000", "2016-12-31": "51824.20000", "2016-09-30": "53803.00000", "2016-06-30": "53917.40000", "2016-03-31": "51994.40000", "2015-12-31": "50726.50000", "2015-09-30": "51620.10000", "2015-06-30": "51826.30000", "2015-03-31": "53094.30000", "2014-12-31": "52443.50000", "2014-09-30": "52081.70000", "2014-06-30": "52361.10000", "2014-03-31": "51289.20000", "2013-12-31": "49615.10000", "2013-09-30": "49822.50000", "2013-06-30": "49682.70000", "2013-03-31": "51843.50000", "2012-12-31": "52599.40000", "2012-09-30": "52464.80000", "2012-06-30": "51093.60000", "2012-03-31": "49889.70000", "2011-12-31": "49894.90000", "2011-09-30": "49459.20000", "2011-06-30": "47562.50000", "2011-03-31": "46721.10000", "2010-12-31": "46910.70000", "2010-09-30": "48407.50000", "2010-06-30": "46148.30000", "2010-03-31": "44612.70000", "2009-12-31": "43937.90000", "2009-09-30": "43772.80000", "2009-06-30": "40698.60000", "2009-03-31": "38227.40000", "2008-12-31": "38471.50000", "2008-09-30": "38909.70000", "2008-06-30": "40983.10000", "2008-03-31": "41255.00000", "2007-12-31": "41812.50000", "2007-09-30": "41651.40000", "2007-06-30": "40728.90000", "2007-03-31": "41094.10000", "2006-12-31": "40810.10000", "2006-09-30": "40235.00000", "2006-06-30": "38443.60000", "2006-03-31": "38550.30000", "2005-12-31": "39975.20000", "2005-09-30": "39335.00000", "2005-06-30": "38640.60000", "2005-03-31": "37177.50000"}, "Goodwill And Intangible Assets": {"2020-12-31": "353.00000", "2020-09-30": "350.60000", "2020-06-30": "348.90000", "2020-03-31": "348.80000", "2019-12-31": "351.70000", "2019-09-30": "348.60000", "2019-06-30": "350.10000", "2019-03-31": "351.00000", "2018-12-31": "350.30000", "2018-09-30": "346.00000", "2018-06-30": "346.50000", "2018-03-31": "348.90000", "2017-12-31": "338.60000", "2017-09-30": "338.20000", "2017-06-30": "337.10000", "2017-03-31": "335.70000", "2016-12-31": "335.10000", "2016-09-30": "336.80000", "2016-06-30": "226.70000", "2016-03-31": "229.80000", "2015-12-31": "230.90000", "2015-09-30": "232.10000", "2015-06-30": "198.80000", "2015-03-31": "198.20000", "2014-12-31": "198.70000", "2014-09-30": "200.70000", "2014-06-30": "201.30000", "2014-03-31": "201.00000", "2013-12-31": "200.90000", "2013-09-30": "201.70000", "2013-06-30": "201.00000", "2013-03-31": "200.90000", "2012-12-31": "201.70000", "2012-09-30": "201.60000", "2012-06-30": "201.30000", "2012-03-31": "201.50000", "2011-12-31": "201.20000", "2011-09-30": "201.20000", "2011-06-30": "201.60000", "2011-03-31": "201.50000", "2010-12-31": "201.20000", "2010-09-30": "201.30000", "2010-06-30": "200.80000", "2010-03-31": "200.90000", "2009-12-31": "201.60000", "2009-09-30": "201.50000", "2009-06-30": "201.80000", "2009-03-31": "200.30000", "2008-12-31": "200.50000", "2008-09-30": "202.80000", "2008-06-30": "204.30000", "2008-03-31": "204.30000", "2007-12-31": "204.30000", "2007-09-30": "204.70000", "2007-06-30": "204.50000", "2007-03-31": "204.20000", "2006-12-31": "204.10000", "2006-09-30": "351.90000", "2006-06-30": "352.70000", "2006-03-31": "350.20000", "2005-12-31": "280.90000", "2005-09-30": "356.50000", "2005-06-30": "358.60000", "2005-03-31": "367.20000"}, "Other Long-Term Assets": {"2020-12-31": "1752.30000", "2020-09-30": "847.40000", "2020-06-30": "859.80000", "2020-03-31": "885.30000", "2019-12-31": "884.00000", "2019-09-30": "890.00000", "2019-06-30": "908.00000", "2019-03-31": "906.30000", "2018-12-31": "789.00000", "2018-09-30": "709.40000", "2018-06-30": "702.80000", "2018-03-31": "641.40000", "2017-12-31": "628.70000", "2017-09-30": "631.90000", "2017-06-30": "626.50000", "2017-03-31": "619.90000", "2016-12-31": "617.30000", "2016-09-30": "647.80000", "2016-06-30": "624.80000", "2016-03-31": "632.90000", "2015-12-31": "637.40000", "2015-09-30": "660.00000", "2015-06-30": "649.70000", "2015-03-31": "656.20000", "2014-12-31": "661.90000", "2014-09-30": "701.70000", "2014-06-30": "673.60000", "2014-03-31": "658.50000", "2013-12-31": "647.80000", "2013-09-30": "632.20000", "2013-06-30": "623.60000", "2013-03-31": "619.20000", "2012-12-31": "625.40000", "2012-09-30": "644.00000", "2012-06-30": "641.80000", "2012-03-31": "642.80000", "2011-12-31": "645.30000", "2011-09-30": "660.30000", "2011-06-30": "659.50000", "2011-03-31": "650.60000", "2010-12-31": "650.60000", "2010-09-30": "629.40000", "2010-06-30": "606.90000", "2010-03-31": "610.30000", "2009-12-31": "610.60000", "2009-09-30": "615.40000", "2009-06-30": "609.60000", "2009-03-31": "606.80000", "2008-12-31": "615.90000", "2008-09-30": "619.60000", "2008-06-30": "626.30000", "2008-03-31": "633.20000", "2007-12-31": "635.70000", "2007-09-30": "634.70000", "2007-06-30": "633.30000", "2007-03-31": "636.30000", "2006-12-31": "653.00000", "2006-09-30": "601.70010", "2006-06-30": "574.00000", "2006-03-31": "583.10000", "2005-12-31": "586.90000", "2005-09-30": "972.79990", "2005-06-30": "1024.60000", "2005-03-31": "1022.50000"}, "Total Long-Term Assets": {"2020-12-31": "58170.80000", "2020-09-30": "63038.40000", "2020-06-30": "62727.90000", "2020-03-31": "58692.90000", "2019-12-31": "60545.70000", "2019-09-30": "60395.70000", "2019-06-30": "59313.70000", "2019-03-31": "57429.70000", "2018-12-31": "55503.70000", "2018-09-30": "55639.60000", "2018-06-30": "55820.40000", "2018-03-31": "56151.20000", "2017-12-31": "57390.80000", "2017-09-30": "57144.20000", "2017-06-30": "56784.90000", "2017-03-31": "55879.49000", "2016-12-31": "55371.40000", "2016-09-30": "57345.70000", "2016-06-30": "57303.50000", "2016-03-31": "55387.70000", "2015-12-31": "54127.20000", "2015-09-30": "55002.70000", "2015-06-30": "55148.30000", "2015-03-31": "56390.80000", "2014-12-31": "55737.10000", "2014-09-30": "55382.00000", "2014-06-30": "55610.10000", "2014-03-31": "54500.40000", "2013-12-31": "52804.89000", "2013-09-30": "52970.10000", "2013-06-30": "52794.60000", "2013-03-31": "54915.70000", "2012-12-31": "55683.60000", "2012-09-30": "55536.40000", "2012-06-30": "54140.10000", "2012-03-31": "52931.10000", "2011-12-31": "52911.80000", "2011-09-30": "53385.20000", "2011-06-30": "51468.40000", "2011-03-31": "50598.80000", "2010-12-31": "50760.40000", "2010-09-30": "52197.10000", "2010-06-30": "49894.60000", "2010-03-31": "48357.80000", "2009-12-31": "47676.10000", "2009-09-30": "47485.90000", "2009-06-30": "44500.10000", "2009-03-31": "42417.00000", "2008-12-31": "42608.50000", "2008-09-30": "42850.30000", "2008-06-30": "44640.50000", "2008-03-31": "44886.90000", "2007-12-31": "45428.10000", "2007-09-30": "45239.20000", "2007-06-30": "44292.90000", "2007-03-31": "44639.30000", "2006-12-31": "45132.71000", "2006-09-30": "44524.60000", "2006-06-30": "42694.89000", "2006-03-31": "42789.40000", "2005-12-31": "44238.90000", "2005-09-30": "43577.90000", "2005-06-30": "42941.10000", "2005-03-31": "41469.10000"}, "Total Assets": {"2020-12-31": "70625.80000", "2020-09-30": "69616.00000", "2020-06-30": "69305.20000", "2020-03-31": "65335.90000", "2019-12-31": "67013.40000", "2019-09-30": "66955.70000", "2019-06-30": "65843.70000", "2019-03-31": "63921.70000", "2018-12-31": "61875.60000", "2018-09-30": "62249.80000", "2018-06-30": "62366.60000", "2018-03-31": "63012.30000", "2017-12-31": "64013.10000", "2017-09-30": "63805.70000", "2017-06-30": "63381.60000", "2017-03-31": "62524.70000", "2016-12-31": "61941.50000", "2016-09-30": "63905.10000", "2016-06-30": "63853.10000", "2016-03-31": "61967.90000", "2015-12-31": "60563.60000", "2015-09-30": "61503.80000", "2015-06-30": "61706.80000", "2015-03-31": "63014.50000", "2014-12-31": "62450.20000", "2014-09-30": "61960.60000", "2014-06-30": "62218.10000", "2014-03-31": "61078.60000", "2013-12-31": "59403.60000", "2013-09-30": "59585.80000", "2013-06-30": "59366.20000", "2013-03-31": "61611.40000", "2012-12-31": "62236.10000", "2012-09-30": "62119.60000", "2012-06-30": "60678.70000", "2012-03-31": "59571.80000", "2011-12-31": "59555.20000", "2011-09-30": "60040.90000", "2011-06-30": "58015.80000", "2011-03-31": "57116.80000", "2010-12-31": "57307.70000", "2010-09-30": "59054.70000", "2010-06-30": "56792.20000", "2010-03-31": "54997.20000", "2009-12-31": "54477.00000", "2009-09-30": "54475.20000", "2009-06-30": "51339.80000", "2009-03-31": "49179.50000", "2008-12-31": "49417.40000", "2008-09-30": "49937.80000", "2008-06-30": "51767.80000", "2008-03-31": "52069.20000", "2007-12-31": "52701.90000", "2007-09-30": "52566.60000", "2007-06-30": "52071.20000", "2007-03-31": "52324.80000", "2006-12-31": "52823.30000", "2006-09-30": "52171.50000", "2006-06-30": "50401.90000", "2006-03-31": "50471.30000", "2005-12-31": "51866.80000", "2005-09-30": "51146.90000", "2005-06-30": "52430.40000", "2005-03-31": "50836.60000"}, "Total Current Liabilities": {"2020-12-31": "53521.60000", "2020-09-30": "52676.80000", "2020-06-30": "52604.00000", "2020-03-31": "49880.00000", "2019-12-31": "51888.90000", "2019-09-30": "52177.80000", "2019-06-30": "50935.00000", "2019-03-31": "49843.90000", "2018-12-31": "48495.70000", "2018-09-30": "48746.20000", "2018-06-30": "47856.90000", "2018-03-31": "48560.00000", "2017-12-31": "49374.80000", "2017-09-30": "49232.80000", "2017-06-30": "48773.00000", "2017-03-31": "48107.70000", "2016-12-31": "47741.30000", "2016-09-30": "49276.00000", "2016-06-30": "49399.40000", "2016-03-31": "48366.90000", "2015-12-31": "47436.00000", "2015-09-30": "48666.10000", "2015-06-30": "48714.20000", "2015-03-31": "50002.00000", "2014-12-31": "49665.00000", "2014-09-30": "48200.10000", "2014-06-30": "48502.50000", "2014-03-31": "47707.70000", "2013-12-31": "46682.30000", "2013-09-30": "46611.60000", "2013-06-30": "46829.10000", "2013-03-31": "48223.80000", "2012-12-31": "48706.40000", "2012-09-30": "48565.40000", "2012-06-30": "47804.80000", "2012-03-31": "46937.00000", "2011-12-31": "46917.30000", "2011-09-30": "45590.30000", "2011-06-30": "44166.00000", "2011-03-31": "43362.90000", "2010-12-31": "43611.50000", "2010-09-30": "45204.40000", "2010-06-30": "43533.90000", "2010-03-31": "41993.20000", "2009-12-31": "41592.00000", "2009-09-30": "41690.90000", "2009-06-30": "39872.80000", "2009-03-31": "38581.70000", "2008-12-31": "38681.00000", "2008-09-30": "39326.30000", "2008-06-30": "40246.50000", "2008-03-31": "40251.80000", "2007-12-31": "40327.00000", "2007-09-30": "40899.50000", "2007-06-30": "40905.30000", "2007-03-31": "40657.70000", "2006-12-31": "40449.00000", "2006-09-30": "39924.30000", "2006-06-30": "39060.90000", "2006-03-31": "39124.80000", "2005-12-31": "38822.20000", "2005-09-30": "38672.50000", "2005-06-30": "38940.70000", "2005-03-31": "38563.30000"}, "Long Term Debt": {"2020-12-31": "3345.70000", "2020-09-30": "3378.60000", "2020-06-30": "3393.10000", "2020-03-31": "2914.30000", "2019-12-31": "2926.90000", "2019-09-30": "3037.60000", "2019-06-30": "3341.20000", "2019-03-31": "2958.70000", "2018-12-31": "2971.30000", "2018-09-30": "2983.50000", "2018-06-30": "2997.70000", "2018-03-31": "2721.90000", "2017-12-31": "2738.40000", "2017-09-30": "2754.10000", "2017-06-30": "2968.40000", "2017-03-31": "2984.60000", "2016-12-31": "2999.40000", "2016-09-30": "3019.80000", "2016-06-30": "3042.60000", "2016-03-31": "2442.50000", "2015-12-31": "2449.40000", "2015-09-30": "2217.10000", "2015-06-30": "2580.80000", "2015-03-31": "2603.30000", "2014-12-31": "2628.70000", "2014-09-30": "2783.30000", "2014-06-30": "2792.00000", "2014-03-31": "2948.20000", "2013-12-31": "2612.00000", "2013-09-30": "2631.30000", "2013-06-30": "2644.00000", "2013-03-31": "2673.90000", "2012-12-31": "2755.40000", "2012-09-30": "2781.50000", "2012-06-30": "2540.30000", "2012-03-31": "2552.80000", "2011-12-31": "2570.20000", "2011-09-30": "2586.50000", "2011-06-30": "2589.10000", "2011-03-31": "2605.00000", "2010-12-31": "2631.30000", "2010-09-30": "2661.30000", "2010-06-30": "2266.80000", "2010-03-31": "2291.20000", "2009-12-31": "2549.60000", "2009-09-30": "2580.20000", "2009-06-30": "2250.60000", "2009-03-31": "2254.70000", "2008-12-31": "2259.40000", "2008-09-30": "2285.40000", "2008-06-30": "2298.30000", "2008-03-31": "2497.70000", "2007-12-31": "2515.20000", "2007-09-30": "2285.20000", "2007-06-30": "2287.70000", "2007-03-31": "2499.70000", "2006-12-31": "2659.60000", "2006-09-30": "2561.60000", "2006-06-30": "2561.60000", "2006-03-31": "2861.60000", "2005-12-31": "3261.60000", "2005-09-30": "2862.00000", "2005-06-30": "2862.00000", "2005-03-31": "2862.00000"}, "Other Non-Current Liabilities": {"2020-12-31": "2471.40000", "2020-09-30": "2062.80000", "2020-06-30": "2233.20000", "2020-03-31": "2375.90000", "2019-12-31": "1880.50000", "2019-09-30": "1820.60000", "2019-06-30": "1827.20000", "2019-03-31": "1790.30000", "2018-12-31": "1762.80000", "2018-09-30": "2001.90000", "2018-06-30": "1980.10000", "2018-03-31": "2040.70000", "2017-12-31": "2123.10000", "2017-09-30": "2097.70000", "2017-06-30": "2072.80000", "2017-03-31": "2071.20000", "2016-12-31": "2081.90000", "2016-09-30": "1889.60000", "2016-06-30": "1908.70000", "2016-03-31": "1950.80000", "2015-12-31": "1916.50000", "2015-09-30": "1960.40000", "2015-06-30": "1854.90000", "2015-03-31": "1508.90000", "2014-12-31": "1572.60000", "2014-09-30": "1290.30000", "2014-06-30": "1245.60000", "2014-03-31": "1137.10000", "2013-12-31": "1305.90000", "2013-09-30": "1486.70000", "2013-06-30": "1411.10000", "2013-03-31": "1845.60000", "2012-12-31": "1838.10000", "2012-09-30": "1704.70000", "2012-06-30": "1660.10000", "2012-03-31": "1714.80000", "2011-12-31": "1815.10000", "2011-09-30": "1526.10000", "2011-06-30": "1545.90000", "2011-03-31": "1512.50000", "2010-12-31": "1567.60000", "2010-09-30": "1678.40000", "2010-06-30": "1538.20000", "2010-03-31": "1323.90000", "2009-12-31": "1447.60000", "2009-09-30": "1588.80000", "2009-06-30": "1606.80000", "2009-03-31": "1739.70000", "2008-12-31": "1963.60000", "2008-09-30": "1439.30000", "2008-06-30": "1351.10000", "2008-03-31": "1338.80000", "2007-12-31": "1419.50000", "2007-09-30": "1228.30000", "2007-06-30": "1373.10000", "2007-03-31": "1412.90000", "2006-12-31": "1355.20000", "2006-09-30": "1360.40000", "2006-06-30": "1373.30000", "2006-03-31": "1353.00000", "2005-12-31": "1389.90000", "2005-09-30": "1407.70000", "2005-06-30": "1436.10000", "2005-03-31": "1428.70000"}, "Total Long Term Liabilities": {"2020-12-31": "6233.20000", "2020-09-30": "6047.00000", "2020-06-30": "6139.80000", "2020-03-31": "5652.80000", "2019-12-31": "5159.50000", "2019-09-30": "5146.30000", "2019-06-30": "5455.60000", "2019-03-31": "5017.30000", "2018-12-31": "4758.10000", "2018-09-30": "4985.40000", "2018-06-30": "5063.30000", "2018-03-31": "4952.80000", "2017-12-31": "5063.40000", "2017-09-30": "5124.30000", "2017-06-30": "5292.00000", "2017-03-31": "5309.60000", "2016-12-31": "5232.20000", "2016-09-30": "5267.90000", "2016-06-30": "5296.70000", "2016-03-31": "4680.70000", "2015-12-31": "4463.70000", "2015-09-30": "4256.60000", "2015-06-30": "4476.90000", "2015-03-31": "4324.60000", "2014-12-31": "4263.30000", "2014-09-30": "4516.50000", "2014-06-30": "4471.90000", "2014-03-31": "4415.20000", "2013-12-31": "4062.20000", "2013-09-30": "4304.30000", "2013-06-30": "4156.50000", "2013-03-31": "4829.80000", "2012-12-31": "4917.10000", "2012-09-30": "4880.90000", "2012-06-30": "4488.00000", "2012-03-31": "4454.90000", "2011-12-31": "4468.20000", "2011-09-30": "4990.50000", "2011-06-30": "4767.00000", "2011-03-31": "4770.10000", "2010-12-31": "4751.80000", "2010-09-30": "4926.20000", "2010-06-30": "4386.60000", "2010-03-31": "4223.80000", "2009-12-31": "4384.90000", "2009-09-30": "4541.30000", "2009-06-30": "3988.60000", "2009-03-31": "4175.20000", "2008-12-31": "4338.50000", "2008-09-30": "3875.60000", "2008-06-30": "3857.00000", "2008-03-31": "4179.00000", "2007-12-31": "4335.00000", "2007-09-30": "3836.30000", "2007-06-30": "3794.30000", "2007-03-31": "4290.50000", "2006-12-31": "4655.50000", "2006-09-30": "4652.80000", "2006-06-30": "4354.10000", "2006-03-31": "4778.50000", "2005-12-31": "5680.70000", "2005-09-30": "5236.70000", "2005-06-30": "5635.10000", "2005-03-31": "5220.90000"}, "Total Liabilities": {"2020-12-31": "59754.80000", "2020-09-30": "58723.80000", "2020-06-30": "58743.80000", "2020-03-31": "55532.80000", "2019-12-31": "57048.40000", "2019-09-30": "57324.10000", "2019-06-30": "56390.60000", "2019-03-31": "54861.20000", "2018-12-31": "53253.80000", "2018-09-30": "53731.60000", "2018-06-30": "52920.20000", "2018-03-31": "53512.80000", "2017-12-31": "54438.20000", "2017-09-30": "54357.10000", "2017-06-30": "54065.00000", "2017-03-31": "53417.30000", "2016-12-31": "52973.50000", "2016-09-30": "54543.90000", "2016-06-30": "54696.10000", "2016-03-31": "53047.60000", "2015-12-31": "51899.70000", "2015-09-30": "52922.70000", "2015-06-30": "53191.10000", "2015-03-31": "54326.60000", "2014-12-31": "53928.30000", "2014-09-30": "52716.60000", "2014-06-30": "52974.40000", "2014-03-31": "52122.90000", "2013-12-31": "50744.50000", "2013-09-30": "50915.90000", "2013-06-30": "50985.60000", "2013-03-31": "53053.60000", "2012-12-31": "53623.50000", "2012-09-30": "53446.30000", "2012-06-30": "52292.80000", "2012-03-31": "51391.90000", "2011-12-31": "51385.50000", "2011-09-30": "50580.80000", "2011-06-30": "48933.00000", "2011-03-31": "48133.00000", "2010-12-31": "48363.30000", "2010-09-30": "50130.60000", "2010-06-30": "47920.50000", "2010-03-31": "46217.00000", "2009-12-31": "45976.90000", "2009-09-30": "46232.20000", "2009-06-30": "43861.40000", "2009-03-31": "42756.90000", "2008-12-31": "43019.50000", "2008-09-30": "43201.90000", "2008-06-30": "44103.50000", "2008-03-31": "44430.80000", "2007-12-31": "44662.00000", "2007-09-30": "44735.80000", "2007-06-30": "44699.60000", "2007-03-31": "44948.20000", "2006-12-31": "45104.50000", "2006-09-30": "44577.10000", "2006-06-30": "43415.00000", "2006-03-31": "43903.30000", "2005-12-31": "44502.90000", "2005-09-30": "43909.20000", "2005-06-30": "44575.80000", "2005-03-31": "43784.20000"}, "Common Stock Net": {"2020-12-31": "30.70000", "2020-09-30": "30.70000", "2020-06-30": "30.60000", "2020-03-31": "30.60000", "2019-12-31": "30.60000", "2019-09-30": "30.60000", "2019-06-30": "30.60000", "2019-03-31": "30.50000", "2018-12-31": "30.50000", "2018-09-30": "30.50000", "2018-06-30": "30.50000", "2018-03-31": "30.50000", "2017-12-31": "30.50000", "2017-09-30": "30.40000", "2017-06-30": "30.40000", "2017-03-31": "30.40000", "2016-12-31": "30.40000", "2016-09-30": "30.30000", "2016-06-30": "30.30000", "2016-03-31": "30.30000", "2015-12-31": "30.30000", "2015-09-30": "30.20000", "2015-06-30": "30.20000", "2015-03-31": "30.20000", "2014-12-31": "30.20000", "2014-09-30": "36.10000", "2014-06-30": "36.10000", "2014-03-31": "36.10000", "2013-12-31": "36.10000", "2013-09-30": "36.00000", "2013-06-30": "36.00000", "2013-03-31": "36.00000", "2012-12-31": "36.00000", "2012-09-30": "36.00000", "2012-06-30": "36.00000", "2012-03-31": "35.90000", "2011-12-31": "35.90000", "2011-09-30": "35.80000", "2011-06-30": "35.80000", "2011-03-31": "35.80000", "2010-12-31": "36.50000", "2010-09-30": "36.50000", "2010-06-30": "36.50000", "2010-03-31": "36.50000", "2009-12-31": "36.40000", "2009-09-30": "36.30000", "2009-06-30": "36.30000", "2009-03-31": "36.30000", "2008-12-31": "36.30000", "2008-09-30": "36.30000", "2008-06-30": "36.30000", "2008-03-31": "36.30000", "2007-12-31": "36.30000", "2007-09-30": "36.30000", "2007-06-30": "36.30000", "2007-03-31": "34.50000", "2006-12-31": "34.40000", "2006-09-30": "34.40000", "2006-06-30": "34.40000", "2006-03-31": "30.10000", "2005-12-31": "30.10000", "2005-09-30": "30.00000", "2005-06-30": "30.00000", "2005-03-31": "30.00000"}, "Retained Earnings (Accumulated Deficit)": {"2020-12-31": "11269.60000", "2020-09-30": "11192.30000", "2020-06-30": "11019.20000", "2020-03-31": "10812.00000", "2019-12-31": "10728.70000", "2019-09-30": "10491.50000", "2019-06-30": "10308.90000", "2019-03-31": "10083.10000", "2018-12-31": "9863.10000", "2018-09-30": "9670.80000", "2018-06-30": "10012.40000", "2018-03-31": "9777.80000", "2017-12-31": "9542.20000", "2017-09-30": "9327.20000", "2017-06-30": "9126.70000", "2017-03-31": "8927.40000", "2016-12-31": "8744.00000", "2016-09-30": "8542.40000", "2016-06-30": "8353.20000", "2016-03-31": "8160.60000", "2015-12-31": "7995.20000", "2015-09-30": "7814.10000", "2015-06-30": "7656.00000", "2015-03-31": "7472.90000", "2014-12-31": "7302.30000", "2014-09-30": "8658.00000", "2014-06-30": "8478.90000", "2014-03-31": "8273.80000", "2013-12-31": "8083.20000", "2013-09-30": "7899.70000", "2013-06-30": "7732.40000", "2013-03-31": "7548.50000", "2012-12-31": "7371.60000", "2012-09-30": "7173.40000", "2012-06-30": "6979.70000", "2012-03-31": "6793.50000", "2011-12-31": "6611.00000", "2011-09-30": "7487.30000", "2011-06-30": "7313.70000", "2011-03-31": "7112.30000", "2010-12-31": "7060.80000", "2010-09-30": "6864.40000", "2010-06-30": "6673.80000", "2010-03-31": "6491.60000", "2009-12-31": "6289.50000", "2009-09-30": "6117.50000", "2009-06-30": "5923.60000", "2009-03-31": "5667.00000", "2008-12-31": "5527.10000", "2008-09-30": "5510.10000", "2008-06-30": "5428.20000", "2008-03-31": "5213.80000", "2007-12-31": "5077.40000", "2007-09-30": "4943.90000", "2007-06-30": "4783.90000", "2007-03-31": "4656.00000", "2006-12-31": "4925.80000", "2006-09-30": "4675.20000", "2006-06-30": "4764.50000", "2006-03-31": "4661.60000", "2005-12-31": "4610.40000", "2005-09-30": "4495.10000", "2005-06-30": "4464.70000", "2005-03-31": "4315.50000"}, "Comprehensive Income": {"2020-12-31": "374.20000", "2020-09-30": "477.60000", "2020-06-30": "327.20000", "2020-03-31": "-217.10000", "2019-12-31": "37.30000", "2019-09-30": "-153.20000", "2019-06-30": "-242.50000", "2019-03-31": "-502.30000", "2018-12-31": "-814.20000", "2018-09-30": "-868.50000", "2018-06-30": "-276.20000", "2018-03-31": "-82.40000", "2017-12-31": "127.50000", "2017-09-30": "124.30000", "2017-06-30": "104.90000", "2017-03-31": "0.40000", "2016-12-31": "-51.00000", "2016-09-30": "450.70000", "2016-06-30": "339.80000", "2016-03-31": "200.70000", "2015-12-31": "16.10000", "2015-09-30": "22.00000", "2015-06-30": "3.40000", "2015-03-31": "260.40000", "2014-12-31": "166.40000", "2014-09-30": "548.60000", "2014-06-30": "631.90000", "2014-03-31": "454.40000", "2013-12-31": "255.00000", "2013-09-30": "409.60000", "2013-06-30": "216.70000", "2013-03-31": "485.70000", "2012-12-31": "628.00000", "2012-09-30": "790.30000", "2012-06-30": "600.50000", "2012-03-31": "455.40000", "2011-12-31": "461.80000", "2011-09-30": "886.20000", "2011-06-30": "436.00000", "2011-03-31": "397.10000", "2010-12-31": "339.80000", "2010-09-30": "490.70000", "2010-06-30": "435.80000", "2010-03-31": "399.90000", "2009-12-31": "338.00000", "2009-09-30": "266.20000", "2009-06-30": "-276.40000", "2009-03-31": "-1080.00000", "2008-12-31": "-958.20000", "2008-09-30": "-595.60000", "2008-06-30": "73.00000", "2008-03-31": "269.70000", "2007-12-31": "463.50000", "2007-09-30": "398.60000", "2007-06-30": "103.70000", "2007-03-31": "543.70000", "2006-12-31": "612.80000", "2006-09-30": "743.50000", "2006-06-30": "51.70000", "2006-03-31": "309.80000", "2005-12-31": "1163.50000", "2005-09-30": "1167.00000", "2005-06-30": "1820.50000", "2005-03-31": "1173.30000"}, "Other Share Holders Equity": {"2020-12-31": "", "2020-09-30": "", "2020-06-30": "", "2020-03-31": "", "2019-12-31": "", "2019-09-30": "", "2019-06-30": "", "2019-03-31": "", "2018-12-31": "", "2018-09-30": "", "2018-06-30": "", "2018-03-31": "", "2017-12-31": "", "2017-09-30": "", "2017-06-30": "", "2017-03-31": "", "2016-12-31": "", "2016-09-30": "", "2016-06-30": "", "2016-03-31": "", "2015-12-31": "", "2015-09-30": "", "2015-06-30": "", "2015-03-31": "", "2014-12-31": "", "2014-09-30": "", "2014-06-30": "", "2014-03-31": "", "2013-12-31": "", "2013-09-30": "", "2013-06-30": "", "2013-03-31": "", "2012-12-31": "", "2012-09-30": "", "2012-06-30": "", "2012-03-31": "", "2011-12-31": "", "2011-09-30": "", "2011-06-30": "", "2011-03-31": "0.00000", "2010-12-31": "2.10000", "2010-09-30": "3.10000", "2010-06-30": "2.10000", "2010-03-31": "3.00000", "2009-12-31": "3.00000", "2009-09-30": "-1.30000", "2009-06-30": "-15.50000", "2009-03-31": "", "2008-12-31": "", "2008-09-30": "", "2008-06-30": "", "2008-03-31": "", "2007-12-31": "", "2007-09-30": "", "2007-06-30": "", "2007-03-31": "", "2006-12-31": "", "2006-09-30": "", "2006-06-30": "", "2006-03-31": "", "2005-12-31": "", "2005-09-30": "", "2005-06-30": "", "2005-03-31": ""}, "Share Holder Equity": {"2020-12-31": "10871.00000", "2020-09-30": "10892.20000", "2020-06-30": "10561.40000", "2020-03-31": "9803.10000", "2019-12-31": "9965.00000", "2019-09-30": "9631.60000", "2019-06-30": "9453.10000", "2019-03-31": "9060.50000", "2018-12-31": "8621.80000", "2018-09-30": "8518.20000", "2018-06-30": "9446.40000", "2018-03-31": "9499.50000", "2017-12-31": "9574.90000", "2017-09-30": "9448.60000", "2017-06-30": "9316.60000", "2017-03-31": "9107.40000", "2016-12-31": "8968.00000", "2016-09-30": "9361.20000", "2016-06-30": "9157.00000", "2016-03-31": "8920.30000", "2015-12-31": "8663.90000", "2015-09-30": "8581.10000", "2015-06-30": "8515.70000", "2015-03-31": "8687.90000", "2014-12-31": "8521.90000", "2014-09-30": "9244.00000", "2014-06-30": "9243.70000", "2014-03-31": "8955.70000", "2013-12-31": "8659.10000", "2013-09-30": "8669.90000", "2013-06-30": "8380.60000", "2013-03-31": "8557.80000", "2012-12-31": "8612.60000", "2012-09-30": "8673.30000", "2012-06-30": "8385.90000", "2012-03-31": "8179.90000", "2011-12-31": "8169.70000", "2011-09-30": "9460.10000", "2011-06-30": "9082.80000", "2011-03-31": "8983.80000", "2010-12-31": "8944.40000", "2010-09-30": "8924.10000", "2010-06-30": "8871.70000", "2010-03-31": "8780.20000", "2009-12-31": "8500.10000", "2009-09-30": "8243.00000", "2009-06-30": "7478.40000", "2009-03-31": "6422.60000", "2008-12-31": "6397.90000", "2008-09-30": "6735.90000", "2008-06-30": "7664.30000", "2008-03-31": "7638.40000", "2007-12-31": "8039.90000", "2007-09-30": "7830.80000", "2007-06-30": "7371.60000", "2007-03-31": "7376.60000", "2006-12-31": "7718.80000", "2006-09-30": "7594.40000", "2006-06-30": "6986.90000", "2006-03-31": "6568.00000", "2005-12-31": "7363.90000", "2005-09-30": "7237.70000", "2005-06-30": "7854.60000", "2005-03-31": "7052.40000"}, "Total Liabilities And Share Holders Equity": {"2020-12-31": "70625.80000", "2020-09-30": "69616.00000", "2020-06-30": "69305.20000", "2020-03-31": "65335.90000", "2019-12-31": "67013.40000", "2019-09-30": "66955.70000", "2019-06-30": "65843.70000", "2019-03-31": "63921.70000", "2018-12-31": "61875.60000", "2018-09-30": "62249.80000", "2018-06-30": "62366.60000", "2018-03-31": "63012.30000", "2017-12-31": "64013.10000", "2017-09-30": "63805.70000", "2017-06-30": "63381.60000", "2017-03-31": "62524.70000", "2016-12-31": "61941.50000", "2016-09-30": "63905.10000", "2016-06-30": "63853.10000", "2016-03-31": "61967.90000", "2015-12-31": "60563.60000", "2015-09-30": "61503.80000", "2015-06-30": "61706.80000", "2015-03-31": "63014.50000", "2014-12-31": "62450.20000", "2014-09-30": "61960.60000", "2014-06-30": "62218.10000", "2014-03-31": "61078.60000", "2013-12-31": "59403.60000", "2013-09-30": "59585.80000", "2013-06-30": "59366.20000", "2013-03-31": "61611.40000", "2012-12-31": "62236.10000", "2012-09-30": "62119.60000", "2012-06-30": "60678.70000", "2012-03-31": "59571.80000", "2011-12-31": "59555.20000", "2011-09-30": "60040.90000", "2011-06-30": "58015.80000", "2011-03-31": "57116.80000", "2010-12-31": "57307.70000", "2010-09-30": "59054.70000", "2010-06-30": "56792.20000", "2010-03-31": "54997.20000", "2009-12-31": "54477.00000", "2009-09-30": "54475.20000", "2009-06-30": "51339.80000", "2009-03-31": "49179.50000", "2008-12-31": "49417.40000", "2008-09-30": "49937.80000", "2008-06-30": "51767.80000", "2008-03-31": "52069.20000", "2007-12-31": "52701.90000", "2007-09-30": "52566.60000", "2007-06-30": "52071.20000", "2007-03-31": "52324.80000", "2006-12-31": "52823.30000", "2006-09-30": "52171.50000", "2006-06-30": "50401.90000", "2006-03-31": "50471.30000", "2005-12-31": "51866.80000", "2005-09-30": "51146.90000", "2005-06-30": "52430.40000", "2005-03-31": "50836.60000"}}, "cash flow statement": {"Net Income/Loss": {"2020-12-31": "0.00000", "2019-12-31": "1100.30000", "2018-12-31": "523.40000", "2017-12-31": "994.20000", "2016-12-31": "931.40000", "2015-12-31": "867.10000", "2014-12-31": "402.10000", "2013-12-31": "847.00000", "2012-12-31": "894.40000", "2011-12-31": "284.20000", "2010-12-31": "878.70000", "2009-12-31": "852.60000", "2008-12-31": "553.20000", "2007-12-31": "679.30000", "2006-12-31": "411.00000", "2005-12-31": "513.60000"}, "Total Depreciation And Amortization - Cash Flow": {"2020-12-31": "", "2019-12-31": "110.10000", "2018-12-31": "101.40000", "2017-12-31": "103.40000", "2016-12-31": "101.70000", "2015-12-31": "99.50000", "2014-12-31": "87.90000", "2013-12-31": "84.80000", "2012-12-31": "84.30000", "2011-12-31": "81.10000", "2010-12-31": "75.40000", "2009-12-31": "74.50000", "2008-12-31": "68.80000", "2007-12-31": "66.20000", "2006-12-31": "72.50000", "2005-12-31": "72.70000"}, "Other Non-Cash Items": {"2020-12-31": "", "2019-12-31": "-133.20000", "2018-12-31": "-125.00000", "2017-12-31": "-212.90000", "2016-12-31": "-173.50000", "2015-12-31": "-110.80000", "2014-12-31": "-220.50000", "2013-12-31": "-225.90000", "2012-12-31": "-245.90000", "2011-12-31": "-39.70000", "2010-12-31": "-312.40000", "2009-12-31": "-218.60000", "2008-12-31": "159.00000", "2007-12-31": "-37.00000", "2006-12-31": "-319.50000", "2005-12-31": "-336.00000"}, "Total Non-Cash Items": {"2020-12-31": "", "2019-12-31": "-23.10000", "2018-12-31": "-23.60000", "2017-12-31": "-109.50000", "2016-12-31": "-71.80000", "2015-12-31": "-11.30000", "2014-12-31": "-132.60000", "2013-12-31": "-141.10000", "2012-12-31": "-161.60000", "2011-12-31": "41.40000", "2010-12-31": "-237.00000", "2009-12-31": "-144.10000", "2008-12-31": "227.80000", "2007-12-31": "29.20000", "2006-12-31": "-247.00000", "2005-12-31": "-263.30000"}, "Change In Accounts Receivable": {"2020-12-31": "", "2019-12-31": "37.50000", "2018-12-31": "-4.70000", "2017-12-31": "-101.80000", "2016-12-31": "-167.30000", "2015-12-31": "29.30000", "2014-12-31": "-21.50000", "2013-12-31": "-196.70000", "2012-12-31": "40.40000", "2011-12-31": "37.00000", "2010-12-31": "1.70000", "2009-12-31": "113.90000", "2008-12-31": "77.20000", "2007-12-31": "235.50000", "2006-12-31": "65.20000", "2005-12-31": "-56.90000"}, "Change In Inventories": {"2020-12-31": "", "2019-12-31": "", "2018-12-31": "", "2017-12-31": "", "2016-12-31": "", "2015-12-31": "", "2014-12-31": "", "2013-12-31": "", "2012-12-31": "", "2011-12-31": "", "2010-12-31": "", "2009-12-31": "", "2008-12-31": "", "2007-12-31": "", "2006-12-31": "", "2005-12-31": ""}, "Change In Accounts Payable": {"2020-12-31": "", "2019-12-31": "51.30000", "2018-12-31": "-10.10000", "2017-12-31": "14.60000", "2016-12-31": "125.80000", "2015-12-31": "20.00000", "2014-12-31": "105.20000", "2013-12-31": "21.20000", "2012-12-31": "18.60000", "2011-12-31": "68.40000", "2010-12-31": "-95.50000", "2009-12-31": "-18.40000", "2008-12-31": "-93.50000", "2007-12-31": "-119.80000", "2006-12-31": "-120.80000", "2005-12-31": "-44.00000"}, "Change In Assets/Liabilities": {"2020-12-31": "", "2019-12-31": "327.40000", "2018-12-31": "1090.60000", "2017-12-31": "341.00000", "2016-12-31": "268.80000", "2015-12-31": "206.50000", "2014-12-31": "889.00000", "2013-12-31": "524.60000", "2012-12-31": "419.80000", "2011-12-31": "1037.10000", "2010-12-31": "488.60000", "2009-12-31": "373.80000", "2008-12-31": "645.70000", "2007-12-31": "811.30000", "2006-12-31": "1390.90000", "2005-12-31": "1264.00000"}, "Total Change In Assets/Liabilities": {"2020-12-31": "", "2019-12-31": "664.40000", "2018-12-31": "1036.70000", "2017-12-31": "279.40000", "2016-12-31": "262.00000", "2015-12-31": "436.30000", "2014-12-31": "954.10000", "2013-12-31": "325.60000", "2012-12-31": "646.80000", "2011-12-31": "868.10000", "2010-12-31": "555.10000", "2009-12-31": "528.50000", "2008-12-31": "545.10000", "2007-12-31": "1041.80000", "2006-12-31": "1267.90000", "2005-12-31": "1253.30000"}, "Cash Flow From Operating Activities": {"2020-12-31": "", "2019-12-31": "1741.60000", "2018-12-31": "1536.50000", "2017-12-31": "1164.10000", "2016-12-31": "1121.60000", "2015-12-31": "1292.10000", "2014-12-31": "1223.60000", "2013-12-31": "1031.50000", "2012-12-31": "1379.60000", "2011-12-31": "1193.70000", "2010-12-31": "1196.80000", "2009-12-31": "1237.00000", "2008-12-31": "1326.10000", "2007-12-31": "1750.30000", "2006-12-31": "1431.90000", "2005-12-31": "1503.60000"}, "Net Change In Property, Plant, And Equipment": {"2020-12-31": "", "2019-12-31": "-150.90000", "2018-12-31": "-144.10000", "2017-12-31": "-105.30000", "2016-12-31": "-85.00000", "2015-12-31": "-100.20000", "2014-12-31": "-114.50000", "2013-12-31": "-105.50000", "2012-12-31": "-105.40000", "2011-12-31": "-98.20000", "2010-12-31": "", "2009-12-31": "", "2008-12-31": "", "2007-12-31": "", "2006-12-31": "", "2005-12-31": ""}, "Net Change In Intangible Assets": {"2020-12-31": "", "2019-12-31": "", "2018-12-31": "", "2017-12-31": "", "2016-12-31": "", "2015-12-31": "", "2014-12-31": "", "2013-12-31": "", "2012-12-31": "", "2011-12-31": "", "2010-12-31": "", "2009-12-31": "", "2008-12-31": "", "2007-12-31": "", "2006-12-31": "", "2005-12-31": ""}, "Net Acquisitions/Divestitures": {"2020-12-31": "", "2019-12-31": "", "2018-12-31": "-145.40000", "2017-12-31": "", "2016-12-31": "-129.20000", "2015-12-31": "-54.30000", "2014-12-31": "", "2013-12-31": "", "2012-12-31": "", "2011-12-31": "", "2010-12-31": "", "2009-12-31": "", "2008-12-31": "48.80000", "2007-12-31": "98.80000", "2006-12-31": "", "2005-12-31": "5.30000"}, "Net Change In Short-term Investments": {"2020-12-31": "", "2019-12-31": "-267.60000", "2018-12-31": "200.50000", "2017-12-31": "-356.40000", "2016-12-31": "6.30000", "2015-12-31": "170.60000", "2014-12-31": "-69.30000", "2013-12-31": "551.30000", "2012-12-31": "-34.50000", "2011-12-31": "-254.60000", "2010-12-31": "-288.10000", "2009-12-31": "199.00000", "2008-12-31": "432.80000", "2007-12-31": "-836.20000", "2006-12-31": "-225.40000", "2005-12-31": "5.40000"}, "Net Change In Long-Term Investments": {"2020-12-31": "", "2019-12-31": "-871.20000", "2018-12-31": "-573.00000", "2017-12-31": "-27.80010", "2016-12-31": "-498.20000", "2015-12-31": "-1070.70000", "2014-12-31": "-699.10010", "2013-12-31": "-487.00020", "2012-12-31": "-928.00020", "2011-12-31": "-57.70000", "2010-12-31": "-675.49980", "2009-12-31": "-1306.30000", "2008-12-31": "-815.19970", "2007-12-31": "-1030.40000", "2006-12-31": "-933.40010", "2005-12-31": "-1714.20000"}, "Net Change In Investments - Total": {"2020-12-31": "", "2019-12-31": "-1138.80000", "2018-12-31": "-372.50000", "2017-12-31": "-384.20000", "2016-12-31": "-491.90000", "2015-12-31": "-900.09970", "2014-12-31": "-768.40010", "2013-12-31": "64.29970", "2012-12-31": "-962.50020", "2011-12-31": "-312.30000", "2010-12-31": "-963.59970", "2009-12-31": "-1107.30000", "2008-12-31": "-382.39970", "2007-12-31": "-1866.60000", "2006-12-31": "-1158.80000", "2005-12-31": "-1708.80000"}, "Investing Activities - Other": {"2020-12-31": "", "2019-12-31": "-103.80000", "2018-12-31": "-268.10000", "2017-12-31": "-9.80000", "2016-12-31": "-9.40000", "2015-12-31": "341.60000", "2014-12-31": "-3.70000", "2013-12-31": "-378.00000", "2012-12-31": "98.00000", "2011-12-31": "0.20000", "2010-12-31": "-110.10000", "2009-12-31": "-106.60000", "2008-12-31": "-91.10000", "2007-12-31": "-87.20000", "2006-12-31": "-63.20000", "2005-12-31": "67.90000"}, "Cash Flow From Investing Activities": {"2020-12-31": "", "2019-12-31": "-1393.50000", "2018-12-31": "-930.10000", "2017-12-31": "-499.30000", "2016-12-31": "-715.50000", "2015-12-31": "-713.00000", "2014-12-31": "-886.60000", "2013-12-31": "-419.20000", "2012-12-31": "-969.90000", "2011-12-31": "-410.30000", "2010-12-31": "-1073.70000", "2009-12-31": "-1213.90000", "2008-12-31": "-424.70000", "2007-12-31": "-1855.00000", "2006-12-31": "-1222.00000", "2005-12-31": "-1635.60000"}, "Net Long-Term Debt": {"2020-12-31": "", "2019-12-31": "348.80000", "2018-12-31": "230.70000", "2017-12-31": "-63.50000", "2016-12-31": "195.10000", "2015-12-31": "45.10000", "2014-12-31": "160.60000", "2013-12-31": "-116.20000", "2012-12-31": "176.40000", "2011-12-31": "-84.40000", "2010-12-31": "318.60000", "2009-12-31": "287.00000", "2008-12-31": "-105.90000", "2007-12-31": "30.50000", "2006-12-31": "-602.00000", "2005-12-31": "399.60000"}, "Net Current Debt": {"2020-12-31": "", "2019-12-31": "", "2018-12-31": "-200.00000", "2017-12-31": "", "2016-12-31": "", "2015-12-31": "", "2014-12-31": "", "2013-12-31": "", "2012-12-31": "", "2011-12-31": "87.20000", "2010-12-31": "", "2009-12-31": "-190.50000", "2008-12-31": "-134.50000", "2007-12-31": "", "2006-12-31": "", "2005-12-31": "-227.00000"}, "Debt Issuance/Retirement Net - Total": {"2020-12-31": "", "2019-12-31": "348.80000", "2018-12-31": "30.70000", "2017-12-31": "-63.50000", "2016-12-31": "195.10000", "2015-12-31": "45.10000", "2014-12-31": "160.60000", "2013-12-31": "-116.20000", "2012-12-31": "176.40000", "2011-12-31": "2.80000", "2010-12-31": "318.60000", "2009-12-31": "96.50000", "2008-12-31": "-240.40000", "2007-12-31": "30.50000", "2006-12-31": "-602.00000", "2005-12-31": "172.60000"}, "Net Common Equity Issued/Repurchased": {"2020-12-31": "", "2019-12-31": "-394.20000", "2018-12-31": "-351.60000", "2017-12-31": "-391.00000", "2016-12-31": "-396.70000", "2015-12-31": "-411.50000", "2014-12-31": "-293.70000", "2013-12-31": "-305.80000", "2012-12-31": "-491.80000", "2011-12-31": "-605.10000", "2010-12-31": "-346.00000", "2009-12-31": "8.00000", "2008-12-31": "-695.60000", "2007-12-31": "307.80000", "2006-12-31": "580.00000", "2005-12-31": "18.10000"}, "Net Total Equity Issued/Repurchased": {"2020-12-31": "", "2019-12-31": "-394.20000", "2018-12-31": "-351.60000", "2017-12-31": "-391.00000", "2016-12-31": "-396.70000", "2015-12-31": "-411.50000", "2014-12-31": "-293.70000", "2013-12-31": "-305.80000", "2012-12-31": "-491.80000", "2011-12-31": "-605.10000", "2010-12-31": "-346.00000", "2009-12-31": "8.00000", "2008-12-31": "-695.60000", "2007-12-31": "307.80000", "2006-12-31": "580.00000", "2005-12-31": "18.10000"}, "Total Common And Preferred Stock Dividends Paid": {"2020-12-31": "", "2019-12-31": "-229.20000", "2018-12-31": "-215.60000", "2017-12-31": "-196.00000", "2016-12-31": "-182.60000", "2015-12-31": "-174.20000", "2014-12-31": "-159.40000", "2013-12-31": "-146.50000", "2012-12-31": "-133.80000", "2011-12-31": "-121.00000", "2010-12-31": "-114.80000", "2009-12-31": "-104.50000", "2008-12-31": "-103.50000", "2007-12-31": "-105.20000", "2006-12-31": "-95.60000", "2005-12-31": "-88.70000"}, "Financial Activities - Other": {"2020-12-31": "", "2019-12-31": "-83.40000", "2018-12-31": "-53.30000", "2017-12-31": "-37.30000", "2016-12-31": "-34.40000", "2015-12-31": "-28.10000", "2014-12-31": "-36.10000", "2013-12-31": "-27.00000", "2012-12-31": "0.20000", "2011-12-31": "2.90000", "2010-12-31": "1.10000", "2009-12-31": "-1.50000", "2008-12-31": "-10.00000", "2007-12-31": "-51.90000", "2006-12-31": "-39.40000", "2005-12-31": "-31.00000"}, "Cash Flow From Financial Activities": {"2020-12-31": "", "2019-12-31": "-358.00000", "2018-12-31": "-589.80000", "2017-12-31": "-687.80000", "2016-12-31": "-418.60000", "2015-12-31": "-568.70000", "2014-12-31": "-328.60000", "2013-12-31": "-595.50000", "2012-12-31": "-449.00000", "2011-12-31": "-720.40000", "2010-12-31": "-141.10000", "2009-12-31": "-1.50000", "2008-12-31": "-1049.50000", "2007-12-31": "181.20000", "2006-12-31": "-157.00000", "2005-12-31": "71.00000"}, "Net Cash Flow": {"2020-12-31": "", "2019-12-31": "-9.90000", "2018-12-31": "16.60000", "2017-12-31": "-23.00000", "2016-12-31": "-12.50000", "2015-12-31": "10.40000", "2014-12-31": "8.40000", "2013-12-31": "16.80000", "2012-12-31": "-39.30000", "2011-12-31": "63.00000", "2010-12-31": "-18.00000", "2009-12-31": "21.70000", "2008-12-31": "-149.20000", "2007-12-31": "77.80000", "2006-12-31": "54.20000", "2005-12-31": "-63.60000"}, "Stock-Based Compensation": {"2020-12-31": "", "2019-12-31": "", "2018-12-31": "", "2017-12-31": "", "2016-12-31": "", "2015-12-31": "", "2014-12-31": "", "2013-12-31": "", "2012-12-31": "", "2011-12-31": "", "2010-12-31": "", "2009-12-31": "", "2008-12-31": "", "2007-12-31": "", "2006-12-31": "", "2005-12-31": ""}, "Common Stock Dividends Paid": {"2020-12-31": "", "2019-12-31": "-229.20000", "2018-12-31": "-215.60000", "2017-12-31": "-196.00000", "2016-12-31": "-182.60000", "2015-12-31": "-174.20000", "2014-12-31": "-159.40000", "2013-12-31": "-146.50000", "2012-12-31": "-133.80000", "2011-12-31": "-121.00000", "2010-12-31": "-114.80000", "2009-12-31": "-104.50000", "2008-12-31": "-103.50000", "2007-12-31": "-105.20000", "2006-12-31": "-95.60000", "2005-12-31": "-88.70000"}}, "cash flow statement, quarterly": {"Net Income/Loss": {"2020-12-31": -657.6, "2020-09-30": 231.1, "2020-06-30": 265.5, "2020-03-31": "161.00000", "2019-12-31": 296.2, "2019-09-30": 242, "2019-06-30": 281.2, "2019-03-31": "280.90000", "2018-12-31": 249.1, "2018-09-30": -284.7, "2018-06-30": 285.5, "2018-03-31": "273.50000", "2017-12-31": 266.9, "2017-09-30": 252.3, "2017-06-30": 245.1, "2017-03-31": "229.90000", "2016-12-31": 248, "2016-09-30": 236, "2016-06-30": 236.8, "2016-03-31": "210.60000", "2015-12-31": 226.1, "2015-09-30": 203.8, "2015-06-30": 224.3, "2015-03-31": "212.90000", "2014-12-31": -282.2, "2014-09-30": 219.1, "2014-06-30": 239.4, "2014-03-31": "225.80000", "2013-12-31": 210.1, "2013-09-30": 205.7, "2013-06-30": 218.6, "2013-03-31": "212.60000", "2012-12-31": 233.9, "2012-09-30": 230.2, "2012-06-30": 216.4, "2012-03-31": "213.90000", "2011-12-31": -369, "2011-09-30": 202, "2011-06-30": 227.6, "2011-03-31": "223.60000", "2010-12-31": 218.4, "2010-09-30": 220.8, "2010-06-30": 209.7, "2010-03-31": "229.80000", "2009-12-31": 199.4, "2009-09-30": 221.1, "2009-06-30": 267.2, "2009-03-31": "164.90000", "2008-12-31": 41.8, "2008-09-30": 108, "2008-06-30": 240.3, "2008-03-31": "163.10000", "2007-12-31": 160.5, "2007-09-30": 187, "2007-06-30": 153.5, "2007-03-31": "178.30000", "2006-12-31": 276.1, "2006-09-30": -63.7, "2006-06-30": 125.2, "2006-03-31": "73.40000", "2005-12-31": 137.5, "2005-09-30": 52.6, "2005-06-30": 171.3, "2005-03-31": "152.20000"}, "Total Depreciation And Amortization - Cash Flow": {"2020-12-31": -105.4, "2020-09-30": 49.6, "2020-06-30": 27.3, "2020-03-31": "28.50000", "2019-12-31": 63.6, "2019-09-30": -8.4, "2019-06-30": 27.5, "2019-03-31": "27.40000", "2018-12-31": 26.5, "2018-09-30": 25.4, "2018-06-30": 24.9, "2018-03-31": "24.60000", "2017-12-31": 25, "2017-09-30": 25, "2017-06-30": 26.9, "2017-03-31": "26.50000", "2016-12-31": 25.8, "2016-09-30": 25.3, "2016-06-30": 25.2, "2016-03-31": "25.40000", "2015-12-31": 25.5, "2015-09-30": 25.4, "2015-06-30": 25.1, "2015-03-31": "23.50000", "2014-12-31": 21.9, "2014-09-30": 23.1, "2014-06-30": 22.1, "2014-03-31": "20.80000", "2013-12-31": 21.4, "2013-09-30": 20.7, "2013-06-30": 21.5, "2013-03-31": "21.20000", "2012-12-31": 20.8, "2012-09-30": 22.3, "2012-06-30": 20.7, "2012-03-31": "20.50000", "2011-12-31": 20.9, "2011-09-30": 20.5, "2011-06-30": 20.4, "2011-03-31": "19.30000", "2010-12-31": 19.3, "2010-09-30": 19.1, "2010-06-30": 18.8, "2010-03-31": "18.20000", "2009-12-31": 19.5, "2009-09-30": 18.9, "2009-06-30": 18.5, "2009-03-31": "17.60000", "2008-12-31": 18.2, "2008-09-30": 16.1, "2008-06-30": 18.3, "2008-03-31": "16.20000", "2007-12-31": 17.6, "2007-09-30": 16.2, "2007-06-30": 15.5, "2007-03-31": "16.90000", "2006-12-31": 20, "2006-09-30": 18.5, "2006-06-30": 15.2, "2006-03-31": "18.80000", "2005-12-31": 11.7, "2005-09-30": 20.5, "2005-06-30": 24.1, "2005-03-31": "16.40000"}, "Other Non-Cash Items": {"2020-12-31": -62.9, "2020-09-30": 63.4, "2020-06-30": -54.3, "2020-03-31": "53.80000", "2019-12-31": -44.3, "2019-09-30": 116.1, "2019-06-30": -119.3, "2019-03-31": "-85.70000", "2018-12-31": -3.4, "2018-09-30": 50.6, "2018-06-30": -91.4, "2018-03-31": "-80.80000", "2017-12-31": -46.5, "2017-09-30": 59.2, "2017-06-30": -115.3, "2017-03-31": "-110.30000", "2016-12-31": -68.9, "2016-09-30": 57.2, "2016-06-30": -101.5, "2016-03-31": "-60.30000", "2015-12-31": -45.9, "2015-09-30": 92.3, "2015-06-30": -91.6, "2015-03-31": "-65.60000", "2014-12-31": -34, "2014-09-30": 29.3, "2014-06-30": -111.4, "2014-03-31": "-104.40000", "2013-12-31": -90.3, "2013-09-30": 82.2, "2013-06-30": -112.5, "2013-03-31": "-105.30000", "2012-12-31": -67.4, "2012-09-30": 27.8, "2012-06-30": -101.6, "2012-03-31": "-104.70000", "2011-12-31": 150.4, "2011-09-30": 32.7, "2011-06-30": -101.8, "2011-03-31": "-121.00000", "2010-12-31": -72.7, "2010-09-30": -9.2, "2010-06-30": -79.7, "2010-03-31": "-150.80000", "2009-12-31": 0.1, "2009-09-30": -91, "2009-06-30": -129.1, "2009-03-31": "1.40000", "2008-12-31": 209.1, "2008-09-30": 49.8, "2008-06-30": -91.2, "2008-03-31": "-8.70000", "2007-12-31": -13.9, "2007-09-30": 164.5, "2007-06-30": -93.3, "2007-03-31": "-94.30000", "2006-12-31": -56.1, "2006-09-30": -123.7, "2006-06-30": -45.2, "2006-03-31": "-94.50000", "2005-12-31": -29.9, "2005-09-30": -69.7, "2005-06-30": -147.3, "2005-03-31": "-89.10000"}, "Total Non-Cash Items": {"2020-12-31": -168.3, "2020-09-30": 113, "2020-06-30": -27, "2020-03-31": "82.30000", "2019-12-31": 19.3, "2019-09-30": 107.7, "2019-06-30": -91.8, "2019-03-31": "-58.30000", "2018-12-31": 23.1, "2018-09-30": 76, "2018-06-30": -66.5, "2018-03-31": "-56.20000", "2017-12-31": -21.5, "2017-09-30": 84.2, "2017-06-30": -88.4, "2017-03-31": "-83.80000", "2016-12-31": -43.1, "2016-09-30": 82.5, "2016-06-30": -76.3, "2016-03-31": "-34.90000", "2015-12-31": -20.4, "2015-09-30": 117.7, "2015-06-30": -66.5, "2015-03-31": "-42.10000", "2014-12-31": -12.1, "2014-09-30": 52.4, "2014-06-30": -89.3, "2014-03-31": "-83.60000", "2013-12-31": -68.9, "2013-09-30": 102.9, "2013-06-30": -91, "2013-03-31": "-84.10000", "2012-12-31": -46.6, "2012-09-30": 50.1, "2012-06-30": -80.9, "2012-03-31": "-84.20000", "2011-12-31": 171.3, "2011-09-30": 53.2, "2011-06-30": -81.4, "2011-03-31": "-101.70000", "2010-12-31": -53.4, "2010-09-30": 9.9, "2010-06-30": -60.9, "2010-03-31": "-132.60000", "2009-12-31": 19.6, "2009-09-30": -72.1, "2009-06-30": -110.6, "2009-03-31": "19.00000", "2008-12-31": 227.3, "2008-09-30": 65.9, "2008-06-30": -72.9, "2008-03-31": "7.50000", "2007-12-31": 3.7, "2007-09-30": 180.7, "2007-06-30": -77.8, "2007-03-31": "-77.40000", "2006-12-31": -36.1, "2006-09-30": -105.2, "2006-06-30": -30, "2006-03-31": "-75.70000", "2005-12-31": -18.2, "2005-09-30": -49.2, "2005-06-30": -123.2, "2005-03-31": "-72.70000"}, "Change In Accounts Receivable": {"2020-12-31": -163.2, "2020-09-30": 71.3, "2020-06-30": 100.6, "2020-03-31": "-8.70000", "2019-12-31": 30.4, "2019-09-30": -50.1, "2019-06-30": 67.9, "2019-03-31": "-10.70000", "2018-12-31": 85.9, "2018-09-30": -142.9, "2018-06-30": 81.7, "2018-03-31": "-29.40000", "2017-12-31": 17.2, "2017-09-30": -213.8, "2017-06-30": 113, "2017-03-31": "-18.20000", "2016-12-31": -101.6, "2016-09-30": -113.8, "2016-06-30": 75.4, "2016-03-31": "-27.30000", "2015-12-31": 33.9, "2015-09-30": -139.5, "2015-06-30": 85.7, "2015-03-31": "49.20000", "2014-12-31": 17.7, "2014-09-30": -154.9, "2014-06-30": 101.7, "2014-03-31": "14.00000", "2013-12-31": 29, "2013-09-30": -130.7, "2013-06-30": 35.1, "2013-03-31": "-130.10000", "2012-12-31": 31.4, "2012-09-30": -61.6, "2012-06-30": 69, "2012-03-31": "1.60000", "2011-12-31": 82.8, "2011-09-30": -134.2, "2011-06-30": 54.6, "2011-03-31": "33.80000", "2010-12-31": 45.8, "2010-09-30": -87.6, "2010-06-30": 24.4, "2010-03-31": "19.10000", "2009-12-31": 35.9, "2009-09-30": 12.4, "2009-06-30": 7.3, "2009-03-31": "58.30000", "2008-12-31": 86, "2008-09-30": -33.7, "2008-06-30": 28.8, "2008-03-31": "-3.90000", "2007-12-31": 104.5, "2007-09-30": 179.6, "2007-06-30": -48, "2007-03-31": "-0.60000", "2006-12-31": 62.2, "2006-09-30": 42.8, "2006-06-30": -34.5, "2006-03-31": "-5.30000", "2005-12-31": -77.1, "2005-09-30": 160, "2005-06-30": -85.2, "2005-03-31": "-54.60000"}, "Change In Inventories": {"2020-12-31": 0, "2020-09-30": 0, "2020-06-30": 0, "2020-03-31": "", "2019-12-31": 0, "2019-09-30": 0, "2019-06-30": 0, "2019-03-31": "", "2018-12-31": 0, "2018-09-30": 0, "2018-06-30": 0, "2018-03-31": "", "2017-12-31": 0, "2017-09-30": 0, "2017-06-30": 0, "2017-03-31": "", "2016-12-31": 0, "2016-09-30": 0, "2016-06-30": 0, "2016-03-31": "", "2015-12-31": 0, "2015-09-30": 0, "2015-06-30": 0, "2015-03-31": "", "2014-12-31": 0, "2014-09-30": 0, "2014-06-30": 0, "2014-03-31": "", "2013-12-31": 0, "2013-09-30": 0, "2013-06-30": 0, "2013-03-31": "", "2012-12-31": 0, "2012-09-30": 0, "2012-06-30": 0, "2012-03-31": "", "2011-12-31": 0, "2011-09-30": 0, "2011-06-30": 0, "2011-03-31": "", "2010-12-31": 0, "2010-09-30": 0, "2010-06-30": 0, "2010-03-31": "", "2009-12-31": 0, "2009-09-30": 0, "2009-06-30": 0, "2009-03-31": "", "2008-12-31": 0, "2008-09-30": 0, "2008-06-30": 0, "2008-03-31": "", "2007-12-31": 0, "2007-09-30": 0, "2007-06-30": 0, "2007-03-31": "", "2006-12-31": 0, "2006-09-30": 0, "2006-06-30": 0, "2006-03-31": "", "2005-12-31": 0, "2005-09-30": 0, "2005-06-30": 0, "2005-03-31": ""}, "Change In Accounts Payable": {"2020-12-31": 1.5, "2020-09-30": 50.9, "2020-06-30": 68.9, "2020-03-31": "-121.30000", "2019-12-31": 81.2, "2019-09-30": -44.9, "2019-06-30": 50.8, "2019-03-31": "-35.80000", "2018-12-31": -35.1, "2018-09-30": 59.9, "2018-06-30": 75.5, "2018-03-31": "-110.40000", "2017-12-31": 21.2, "2017-09-30": 6, "2017-06-30": 5.7, "2017-03-31": "-18.30000", "2016-12-31": 163.4, "2016-09-30": 0, "2016-06-30": -6.8, "2016-03-31": "-30.80000", "2015-12-31": 14.3, "2015-09-30": 61.6, "2015-06-30": 13.1, "2015-03-31": "-69.00000", "2014-12-31": 80.3, "2014-09-30": 60.4, "2014-06-30": 27.1, "2014-03-31": "-62.60000", "2013-12-31": 8.7, "2013-09-30": 18.5, "2013-06-30": -29.4, "2013-03-31": "23.40000", "2012-12-31": 43, "2012-09-30": 40.7, "2012-06-30": 2.9, "2012-03-31": "-68.00000", "2011-12-31": 56, "2011-09-30": -18.6, "2011-06-30": 63.1, "2011-03-31": "-32.10000", "2010-12-31": -59.6, "2010-09-30": 23, "2010-06-30": 90.7, "2010-03-31": "-149.60000", "2009-12-31": 53.4, "2009-09-30": 32.2, "2009-06-30": -0.9, "2009-03-31": "-103.10000", "2008-12-31": -11.8, "2008-09-30": 21.3, "2008-06-30": 13.8, "2008-03-31": "-116.80000", "2007-12-31": 33.4, "2007-09-30": -38.1, "2007-06-30": -67.5, "2007-03-31": "-47.60000", "2006-12-31": -39.9, "2006-09-30": -30.6, "2006-06-30": 25, "2006-03-31": "-75.30000", "2005-12-31": -7.7, "2005-09-30": -20.2, "2005-06-30": 37.6, "2005-03-31": "-53.70000"}, "Change In Assets/Liabilities": {"2020-12-31": -129.2, "2020-09-30": -119.6, "2020-06-30": 167.1, "2020-03-31": "81.70000", "2019-12-31": 24.8, "2019-09-30": 80.8, "2019-06-30": 134.2, "2019-03-31": "87.60000", "2018-12-31": 62.2, "2018-09-30": 780.4, "2018-06-30": 82, "2018-03-31": "166.00000", "2017-12-31": 59.5, "2017-09-30": 72.9, "2017-06-30": 100.5, "2017-03-31": "108.10000", "2016-12-31": 64.5, "2016-09-30": 34.1, "2016-06-30": 77.5, "2016-03-31": "92.70000", "2015-12-31": 22.3, "2015-09-30": 6.6, "2015-06-30": 89.9, "2015-03-31": "87.70000", "2014-12-31": 702.9, "2014-09-30": 2.6, "2014-06-30": 73.3, "2014-03-31": "110.20000", "2013-12-31": 84.7, "2013-09-30": 81.8, "2013-06-30": 154.9, "2013-03-31": "203.20000", "2012-12-31": 148, "2012-09-30": -1.9, "2012-06-30": 124.4, "2012-03-31": "149.30000", "2011-12-31": 776.2, "2011-09-30": 74, "2011-06-30": 91.5, "2011-03-31": "95.40000", "2010-12-31": 96, "2010-09-30": 80.3, "2010-06-30": 171, "2010-03-31": "141.30000", "2009-12-31": 89.2, "2009-09-30": 45.4, "2009-06-30": 178.8, "2009-03-31": "60.40000", "2008-12-31": 40.9, "2008-09-30": 184.9, "2008-06-30": 244.9, "2008-03-31": "175.00000", "2007-12-31": 163.5, "2007-09-30": 89.6, "2007-06-30": 379.9, "2007-03-31": "178.30000", "2006-12-31": 312.5, "2006-09-30": 427.4, "2006-06-30": 317.4, "2006-03-31": "333.60000", "2005-12-31": 483.5, "2005-09-30": 181.8, "2005-06-30": 303.3, "2005-03-31": "295.40000"}, "Total Change In Assets/Liabilities": {"2020-12-31": -452.9, "2020-09-30": 82.3, "2020-06-30": 394, "2020-03-31": "-23.40000", "2019-12-31": 169.3, "2019-09-30": -35.6, "2019-06-30": 236.5, "2019-03-31": "294.20000", "2018-12-31": 180.8, "2018-09-30": 596, "2018-06-30": 177.3, "2018-03-31": "82.60000", "2017-12-31": 42.1, "2017-09-30": -109.2, "2017-06-30": 182.4, "2017-03-31": "164.10000", "2016-12-31": 161.8, "2016-09-30": -125, "2016-06-30": 107.6, "2016-03-31": "117.60000", "2015-12-31": 87, "2015-09-30": -48.5, "2015-06-30": 168.5, "2015-03-31": "229.30000", "2014-12-31": 573.9, "2014-09-30": -53.3, "2014-06-30": 229, "2014-03-31": "204.50000", "2013-12-31": 180.8, "2013-09-30": -47.4, "2013-06-30": 55.6, "2013-03-31": "136.60000", "2012-12-31": 238.5, "2012-09-30": -5.6, "2012-06-30": 214.3, "2012-03-31": "199.60000", "2011-12-31": 602.7, "2011-09-30": -82.2, "2011-06-30": 168.5, "2011-03-31": "179.10000", "2010-12-31": 118, "2010-09-30": 14.7, "2010-06-30": 238, "2010-03-31": "184.40000", "2009-12-31": 164.4, "2009-09-30": 96.5, "2009-06-30": 160.6, "2009-03-31": "107.00000", "2008-12-31": 35.4, "2008-09-30": 146.4, "2008-06-30": 259.5, "2008-03-31": "103.80000", "2007-12-31": 330.8, "2007-09-30": 270.9, "2007-06-30": 260.8, "2007-03-31": "179.30000", "2006-12-31": 340.7, "2006-09-30": 360.7, "2006-06-30": 300.5, "2006-03-31": "266.00000", "2005-12-31": 437.8, "2005-09-30": 313.5, "2005-06-30": 294.3, "2005-03-31": "207.70000"}, "Cash Flow From Operating Activities": {"2020-12-31": -1278.8, "2020-09-30": 426.4, "2020-06-30": 632.5, "2020-03-31": "219.90000", "2019-12-31": 484.8, "2019-09-30": 314.1, "2019-06-30": 425.9, "2019-03-31": "516.80000", "2018-12-31": 453, "2018-09-30": 387.3, "2018-06-30": 396.3, "2018-03-31": "299.90000", "2017-12-31": 287.5, "2017-09-30": 227.3, "2017-06-30": 339.1, "2017-03-31": "310.20000", "2016-12-31": 366.7, "2016-09-30": 193.5, "2016-06-30": 268.1, "2016-03-31": "293.30000", "2015-12-31": 292.7, "2015-09-30": 273, "2015-06-30": 326.3, "2015-03-31": "400.10000", "2014-12-31": 279.6, "2014-09-30": 218.2, "2014-06-30": 379.1, "2014-03-31": "346.70000", "2013-12-31": 322, "2013-09-30": 261.2, "2013-06-30": 183.2, "2013-03-31": "265.10000", "2012-12-31": 425.8, "2012-09-30": 274.7, "2012-06-30": 349.8, "2012-03-31": "329.30000", "2011-12-31": 405, "2011-09-30": 173, "2011-06-30": 314.7, "2011-03-31": "301.00000", "2010-12-31": 283, "2010-09-30": 245.4, "2010-06-30": 386.8, "2010-03-31": "281.60000", "2009-12-31": 383.4, "2009-09-30": 245.5, "2009-06-30": 317.2, "2009-03-31": "290.90000", "2008-12-31": 304.5, "2008-09-30": 320.3, "2008-06-30": 426.9, "2008-03-31": "274.40000", "2007-12-31": 495, "2007-09-30": 638.6, "2007-06-30": 336.5, "2007-03-31": "280.20000", "2006-12-31": 580.7, "2006-09-30": 191.8, "2006-06-30": 395.7, "2006-03-31": "263.70000", "2005-12-31": 557.1, "2005-09-30": 316.9, "2005-06-30": 342.4, "2005-03-31": "287.20000"}, "Net Change In Property, Plant, And Equipment": {"2020-12-31": 99.5, "2020-09-30": -22, "2020-06-30": -38.4, "2020-03-31": "-39.10000", "2019-12-31": -43.4, "2019-09-30": -42.6, "2019-06-30": -36.8, "2019-03-31": "-28.10000", "2018-12-31": -48.5, "2018-09-30": -36, "2018-06-30": -30.5, "2018-03-31": "-29.10000", "2017-12-31": -40.6, "2017-09-30": -16.9, "2017-06-30": -20.5, "2017-03-31": "-27.30000", "2016-12-31": -24.9, "2016-09-30": -18.5, "2016-06-30": -24.4, "2016-03-31": "-17.20000", "2015-12-31": -26.9, "2015-09-30": -20.2, "2015-06-30": -21.7, "2015-03-31": "-31.40000", "2014-12-31": -27.7, "2014-09-30": -28.4, "2014-06-30": -30.3, "2014-03-31": "-28.10000", "2013-12-31": -105.5, "2013-09-30": 0, "2013-06-30": 0, "2013-03-31": "", "2012-12-31": -105.4, "2012-09-30": 0, "2012-06-30": 0, "2012-03-31": "", "2011-12-31": -98.2, "2011-09-30": 0, "2011-06-30": 0, "2011-03-31": "", "2010-12-31": 0, "2010-09-30": 0, "2010-06-30": 0, "2010-03-31": "", "2009-12-31": 0, "2009-09-30": 0, "2009-06-30": 0, "2009-03-31": "", "2008-12-31": 0, "2008-09-30": 0, "2008-06-30": 0, "2008-03-31": "", "2007-12-31": 0, "2007-09-30": 0, "2007-06-30": 0, "2007-03-31": "", "2006-12-31": 0, "2006-09-30": 0, "2006-06-30": 0, "2006-03-31": "", "2005-12-31": 0, "2005-09-30": 0, "2005-06-30": 0, "2005-03-31": ""}, "Net Change In Intangible Assets": {"2020-12-31": 0, "2020-09-30": 0, "2020-06-30": 0, "2020-03-31": "", "2019-12-31": 0, "2019-09-30": 0, "2019-06-30": 0, "2019-03-31": "", "2018-12-31": 0, "2018-09-30": 0, "2018-06-30": 0, "2018-03-31": "", "2017-12-31": 0, "2017-09-30": 0, "2017-06-30": 0, "2017-03-31": "", "2016-12-31": 0, "2016-09-30": 0, "2016-06-30": 0, "2016-03-31": "", "2015-12-31": 0, "2015-09-30": 0, "2015-06-30": 0, "2015-03-31": "", "2014-12-31": 0, "2014-09-30": 0, "2014-06-30": 0, "2014-03-31": "", "2013-12-31": 0, "2013-09-30": 0, "2013-06-30": 0, "2013-03-31": "", "2012-12-31": 0, "2012-09-30": 0, "2012-06-30": 0, "2012-03-31": "", "2011-12-31": 0, "2011-09-30": 0, "2011-06-30": 0, "2011-03-31": "", "2010-12-31": 0, "2010-09-30": 0, "2010-06-30": 0, "2010-03-31": "", "2009-12-31": 0, "2009-09-30": 0, "2009-06-30": 0, "2009-03-31": "", "2008-12-31": 0, "2008-09-30": 0, "2008-06-30": 0, "2008-03-31": "", "2007-12-31": 0, "2007-09-30": 0, "2007-06-30": 0, "2007-03-31": "", "2006-12-31": 0, "2006-09-30": 0, "2006-06-30": 0, "2006-03-31": "", "2005-12-31": 0, "2005-09-30": 0, "2005-06-30": 0, "2005-03-31": ""}, "Net Acquisitions/Divestitures": {"2020-12-31": 0, "2020-09-30": 0, "2020-06-30": 0, "2020-03-31": "", "2019-12-31": 0, "2019-09-30": 0, "2019-06-30": 0, "2019-03-31": "", "2018-12-31": -145.4, "2018-09-30": 0, "2018-06-30": 0, "2018-03-31": "", "2017-12-31": 0, "2017-09-30": 0, "2017-06-30": 0, "2017-03-31": "", "2016-12-31": -0.7, "2016-09-30": -128.5, "2016-06-30": 0, "2016-03-31": "", "2015-12-31": 0, "2015-09-30": -54.3, "2015-06-30": 0, "2015-03-31": "", "2014-12-31": 0, "2014-09-30": 0, "2014-06-30": 0, "2014-03-31": "", "2013-12-31": 0, "2013-09-30": 0, "2013-06-30": 0, "2013-03-31": "", "2012-12-31": 0, "2012-09-30": 0, "2012-06-30": 0, "2012-03-31": "", "2011-12-31": 0, "2011-09-30": 0, "2011-06-30": 0, "2011-03-31": "", "2010-12-31": 0, "2010-09-30": 0, "2010-06-30": 0, "2010-03-31": "", "2009-12-31": 0, "2009-09-30": 0, "2009-06-30": 0, "2009-03-31": "", "2008-12-31": 0, "2008-09-30": 0, "2008-06-30": 48.8, "2008-03-31": "", "2007-12-31": 0, "2007-09-30": 0, "2007-06-30": 0, "2007-03-31": "98.80000", "2006-12-31": 0, "2006-09-30": 0, "2006-06-30": 0, "2006-03-31": "", "2005-12-31": 0, "2005-09-30": 5.3, "2005-06-30": 0, "2005-03-31": ""}, "Net Change In Short-term Investments": {"2020-12-31": 769.8, "2020-09-30": 481.2, "2020-06-30": -1266.5, "2020-03-31": "15.50000", "2019-12-31": 38.6, "2019-09-30": 82.1, "2019-06-30": -170.4, "2019-03-31": "-217.90000", "2018-12-31": 287.5, "2018-09-30": 194.5, "2018-06-30": -732.4, "2018-03-31": "450.90000", "2017-12-31": -103.8, "2017-09-30": 77.7, "2017-06-30": -340.7, "2017-03-31": "10.40000", "2016-12-31": -32.3, "2016-09-30": 642.8, "2016-06-30": -675.1, "2016-03-31": "70.90000", "2015-12-31": -210.9, "2015-09-30": 167.8, "2015-06-30": -46.1, "2015-03-31": "259.80000", "2014-12-31": -38.1, "2014-09-30": 97.9, "2014-06-30": 145.9, "2014-03-31": "-275.00000", "2013-12-31": 28.6, "2013-09-30": -66.7, "2013-06-30": 333.1, "2013-03-31": "256.30000", "2012-12-31": 160.1, "2012-09-30": -165.8, "2012-06-30": -11.6, "2012-03-31": "-17.20000", "2011-12-31": -340.9, "2011-09-30": -109.9, "2011-06-30": -328.2, "2011-03-31": "524.40000", "2010-12-31": -217.8, "2010-09-30": -27.5, "2010-06-30": -251, "2010-03-31": "208.20000", "2009-12-31": 178.5, "2009-09-30": -199.5, "2009-06-30": -206.3, "2009-03-31": "426.30000", "2008-12-31": -88.7, "2008-09-30": 107.7, "2008-06-30": 322.3, "2008-03-31": "91.50000", "2007-12-31": -482.3, "2007-09-30": -249.4, "2007-06-30": -132.5, "2007-03-31": "28.00000", "2006-12-31": -159.5, "2006-09-30": -38.5, "2006-06-30": -311.2, "2006-03-31": "283.80000", "2005-12-31": -107.5, "2005-09-30": -63, "2005-06-30": 18.7, "2005-03-31": "157.20000"}, "Net Change In Long-Term Investments": {"2020-12-31": 261.3003, "2020-09-30": -312.1002, "2020-06-30": 391.9999, "2020-03-31": "-341.20000", "2019-12-31": -176.2, "2019-09-30": -240.9999, "2019-06-30": -442.7, "2019-03-31": "-11.30010", "2018-12-31": -326.2002, "2018-09-30": -74.7998, "2018-06-30": 116.5001, "2018-03-31": "-288.50010", "2017-12-31": 35.6999, "2017-09-30": -159.1, "2017-06-30": 196.9, "2017-03-31": "-101.30000", "2016-12-31": -102.9, "2016-09-30": -153.8, "2016-06-30": -66.8, "2016-03-31": "-174.70000", "2015-12-31": -25.4, "2015-09-30": -195.9001, "2015-06-30": -381.2999, "2015-03-31": "-468.10000", "2014-12-31": -121.5, "2014-09-30": -200.6001, "2014-06-30": -137.8, "2014-03-31": "-239.20000", "2013-12-31": -112.1003, "2013-09-30": -14.7998, "2013-06-30": -314.0001, "2013-03-31": "-46.10000", "2012-12-31": -326.4003, "2012-09-30": -154.0998, "2012-06-30": -306.6001, "2012-03-31": "-140.90000", "2011-12-31": 93.6999, "2011-09-30": 41.6001, "2011-06-30": 118.8, "2011-03-31": "-311.80000", "2010-12-31": -3.2998, "2010-09-30": -425.6999, "2010-06-30": 188.3999, "2010-03-31": "-434.90000", "2009-12-31": -622.1, "2009-09-30": -105.4999, "2009-06-30": 100.1999, "2009-03-31": "-678.90000", "2008-12-31": -108.3997, "2008-09-30": -40.9, "2008-06-30": -604.7, "2008-03-31": "-61.20000", "2007-12-31": -96.4999, "2007-09-30": -323.8002, "2007-06-30": -429.9999, "2007-03-31": "-180.10000", "2006-12-31": -373, "2006-09-30": -140.1003, "2006-06-30": -304.1997, "2006-03-31": "-116.10010", "2005-12-31": -835.4, "2005-09-30": -99.1999, "2005-06-30": -315.8002, "2005-03-31": "-463.79990"}, "Net Change In Investments - Total": {"2020-12-31": 1031.1, "2020-09-30": 169.1, "2020-06-30": -874.5, "2020-03-31": "-325.70000", "2019-12-31": -137.6, "2019-09-30": -158.8999, "2019-06-30": -613.1001, "2019-03-31": "-229.20000", "2018-12-31": -38.7002, "2018-09-30": 119.7003, "2018-06-30": -615.9, "2018-03-31": "162.39990", "2017-12-31": -68.1, "2017-09-30": -81.4, "2017-06-30": -143.7999, "2017-03-31": "-90.90010", "2016-12-31": -135.2, "2016-09-30": 489, "2016-06-30": -741.9, "2016-03-31": "-103.80000", "2015-12-31": -236.2994, "2015-09-30": -28.1004, "2015-06-30": -427.3999, "2015-03-31": "-208.30000", "2014-12-31": -159.6, "2014-09-30": -102.7001, "2014-06-30": 8.1, "2014-03-31": "-514.20000", "2013-12-31": -83.5004, "2013-09-30": -81.4998, "2013-06-30": 19.0999, "2013-03-31": "210.20000", "2012-12-31": -166.3004, "2012-09-30": -319.8997, "2012-06-30": -318.2001, "2012-03-31": "-158.10000", "2011-12-31": -247.2001, "2011-09-30": -68.2999, "2011-06-30": -209.4, "2011-03-31": "212.60000", "2010-12-31": -221.0998, "2010-09-30": -453.1998, "2010-06-30": -62.6001, "2010-03-31": "-226.70000", "2009-12-31": -443.6, "2009-09-30": -304.9999, "2009-06-30": -106.1001, "2009-03-31": "-252.60000", "2008-12-31": -197.0997, "2008-09-30": 66.8, "2008-06-30": -282.4, "2008-03-31": "30.30000", "2007-12-31": -578.8, "2007-09-30": -573.2001, "2007-06-30": -562.4999, "2007-03-31": "-152.10000", "2006-12-31": -532.4998, "2006-09-30": -178.6004, "2006-06-30": -615.3997, "2006-03-31": "167.69990", "2005-12-31": -942.9, "2005-09-30": -162.1999, "2005-06-30": -297.1002, "2005-03-31": "-306.59990"}, "Investing Activities - Other": {"2020-12-31": -40.5, "2020-09-30": -146.5, "2020-06-30": -300.4, "2020-03-31": "487.40000", "2019-12-31": -6.6, "2019-09-30": 2.8, "2019-06-30": 7.9, "2019-03-31": "-107.90000", "2018-12-31": -110.1, "2018-09-30": -69.5, "2018-06-30": -74.5, "2018-03-31": "-14.00000", "2017-12-31": -2.1, "2017-09-30": -6.5, "2017-06-30": 7.2, "2017-03-31": "-8.40000", "2016-12-31": -34.1, "2016-09-30": -10.1, "2016-06-30": 24.3, "2016-03-31": "10.50000", "2015-12-31": 5, "2015-09-30": 0.5, "2015-06-30": 330, "2015-03-31": "6.10000", "2014-12-31": -4.4, "2014-09-30": 17.3, "2014-06-30": -3.4, "2014-03-31": "-13.20000", "2013-12-31": -301, "2013-09-30": -22.5, "2013-06-30": -28.4, "2013-03-31": "-26.10000", "2012-12-31": 171.7, "2012-09-30": -29.1, "2012-06-30": -20.9, "2012-03-31": "-23.70000", "2011-12-31": 76.1, "2011-09-30": -26.5, "2011-06-30": -24.8, "2011-03-31": "-24.60000", "2010-12-31": -9.7, "2010-09-30": 39.4, "2010-06-30": -116.6, "2010-03-31": "-23.20000", "2009-12-31": -31.4, "2009-09-30": -27.3, "2009-06-30": -23, "2009-03-31": "-24.90000", "2008-12-31": -26.8, "2008-09-30": -22.2, "2008-06-30": -23.6, "2008-03-31": "-18.50000", "2007-12-31": -22.6, "2007-09-30": -19, "2007-06-30": -21.7, "2007-03-31": "-23.90000", "2006-12-31": -15.4, "2006-09-30": -18.6, "2006-06-30": -15.1, "2006-03-31": "-14.10000", "2005-12-31": 13.3, "2005-09-30": 34.9, "2005-06-30": 18.3, "2005-03-31": "1.40000"}, "Cash Flow From Investing Activities": {"2020-12-31": 1090.1, "2020-09-30": 0.6, "2020-06-30": -1213.3, "2020-03-31": "122.60000", "2019-12-31": -187.6, "2019-09-30": -198.7, "2019-06-30": -642, "2019-03-31": "-365.20000", "2018-12-31": -342.7, "2018-09-30": 14.2, "2018-06-30": -720.9, "2018-03-31": "119.30000", "2017-12-31": -110.8, "2017-09-30": -104.8, "2017-06-30": -157.1, "2017-03-31": "-126.60000", "2016-12-31": -194.9, "2016-09-30": 331.9, "2016-06-30": -742, "2016-03-31": "-110.50000", "2015-12-31": -258.2, "2015-09-30": -102.1, "2015-06-30": -119.1, "2015-03-31": "-233.60000", "2014-12-31": -191.7, "2014-09-30": -113.8, "2014-06-30": -25.6, "2014-03-31": "-555.50000", "2013-12-31": -490, "2013-09-30": -104, "2013-06-30": -9.3, "2013-03-31": "184.10000", "2012-12-31": -100, "2012-09-30": -349, "2012-06-30": -339.1, "2012-03-31": "-181.80000", "2011-12-31": -269.3, "2011-09-30": -94.8, "2011-06-30": -234.2, "2011-03-31": "188.00000", "2010-12-31": -230.8, "2010-09-30": -413.8, "2010-06-30": -179.2, "2010-03-31": "-249.90000", "2009-12-31": -475, "2009-09-30": -332.3, "2009-06-30": -129.1, "2009-03-31": "-277.50000", "2008-12-31": -223.9, "2008-09-30": 44.6, "2008-06-30": -257.2, "2008-03-31": "11.80000", "2007-12-31": -601.4, "2007-09-30": -592.2, "2007-06-30": -584.2, "2007-03-31": "-77.20000", "2006-12-31": -547.9, "2006-09-30": -197.2, "2006-06-30": -630.5, "2006-03-31": "153.60000", "2005-12-31": -929.6, "2005-09-30": -122, "2005-06-30": -278.8, "2005-03-31": "-305.20000"}, "Net Long-Term Debt": {"2020-12-31": -449.1, "2020-09-30": -15, "2020-06-30": 479.1, "2020-03-31": "-15.00000", "2019-12-31": -111.6, "2019-09-30": 94.5, "2019-06-30": 380.9, "2019-03-31": "-15.00000", "2018-12-31": -15, "2018-09-30": -15, "2018-06-30": 275.7, "2018-03-31": "-15.00000", "2017-12-31": -15, "2017-09-30": -15, "2017-06-30": -18.3, "2017-03-31": "-15.20000", "2016-12-31": -15, "2016-09-30": -375, "2016-06-30": 598.3, "2016-03-31": "-13.20000", "2015-12-31": 107.7, "2015-09-30": -14.2, "2015-06-30": -19.3, "2015-03-31": "-29.10000", "2014-12-31": -6.4, "2014-09-30": -5.2, "2014-06-30": -160, "2014-03-31": "332.20000", "2013-12-31": -15, "2013-09-30": -15, "2013-06-30": -15, "2013-03-31": "-71.20000", "2012-12-31": -24.4, "2012-09-30": 235, "2012-06-30": -16.7, "2012-03-31": "-17.50000", "2011-12-31": -17.5, "2011-09-30": -17.5, "2011-06-30": -25.2, "2011-03-31": "-24.20000", "2010-12-31": -15.6, "2010-09-30": 391.9, "2010-06-30": -24.4, "2010-03-31": "-33.30000", "2009-12-31": -30.6, "2009-09-30": 326.4, "2009-06-30": -4.1, "2009-03-31": "-4.70000", "2008-12-31": -26.1, "2008-09-30": -12.8, "2008-06-30": -49.5, "2008-03-31": "-17.50000", "2007-12-31": 230, "2007-09-30": -2.5, "2007-06-30": -37, "2007-03-31": "-160.00000", "2006-12-31": 98, "2006-09-30": 0, "2006-06-30": -300, "2006-03-31": "-400.00000", "2005-12-31": 399.6, "2005-09-30": 0, "2005-06-30": 0, "2005-03-31": ""}, "Net Current Debt": {"2020-12-31": 400, "2020-09-30": -400, "2020-06-30": 0, "2020-03-31": "", "2019-12-31": 0, "2019-09-30": 0, "2019-06-30": 0, "2019-03-31": "", "2018-12-31": 0, "2018-09-30": -200, "2018-06-30": 0, "2018-03-31": "", "2017-12-31": 0, "2017-09-30": 0, "2017-06-30": 0, "2017-03-31": "", "2016-12-31": 0, "2016-09-30": 0, "2016-06-30": 0, "2016-03-31": "", "2015-12-31": 0, "2015-09-30": 0, "2015-06-30": 0, "2015-03-31": "", "2014-12-31": 0, "2014-09-30": 0, "2014-06-30": 0, "2014-03-31": "", "2013-12-31": 315.3, "2013-09-30": -13.1, "2013-06-30": -82.7, "2013-03-31": "-219.50000", "2012-12-31": -146, "2012-09-30": -8.8, "2012-06-30": 94.9, "2012-03-31": "59.90000", "2011-12-31": -30.1, "2011-09-30": 202, "2011-06-30": 140.4, "2011-03-31": "-225.10000", "2010-12-31": 0, "2010-09-30": 0, "2010-06-30": 0, "2010-03-31": "", "2009-12-31": 0, "2009-09-30": -45, "2009-06-30": -161.9, "2009-03-31": "16.40000", "2008-12-31": -84.5, "2008-09-30": 35, "2008-06-30": -85, "2008-03-31": "", "2007-12-31": 0, "2007-09-30": 0, "2007-06-30": 0, "2007-03-31": "", "2006-12-31": 0, "2006-09-30": 0, "2006-06-30": 0, "2006-03-31": "", "2005-12-31": 0, "2005-09-30": -200, "2005-06-30": -2, "2005-03-31": "-25.00000"}, "Debt Issuance/Retirement Net - Total": {"2020-12-31": -49.1, "2020-09-30": -415, "2020-06-30": 479.1, "2020-03-31": "-15.00000", "2019-12-31": -111.6, "2019-09-30": 94.5, "2019-06-30": 380.9, "2019-03-31": "-15.00000", "2018-12-31": -15, "2018-09-30": -215, "2018-06-30": 275.7, "2018-03-31": "-15.00000", "2017-12-31": -15, "2017-09-30": -15, "2017-06-30": -18.3, "2017-03-31": "-15.20000", "2016-12-31": -15, "2016-09-30": -375, "2016-06-30": 598.3, "2016-03-31": "-13.20000", "2015-12-31": 107.7, "2015-09-30": -14.2, "2015-06-30": -19.3, "2015-03-31": "-29.10000", "2014-12-31": -6.4, "2014-09-30": -5.2, "2014-06-30": -160, "2014-03-31": "332.20000", "2013-12-31": 300.3, "2013-09-30": -28.1, "2013-06-30": -97.7, "2013-03-31": "-290.70000", "2012-12-31": -170.4, "2012-09-30": 226.2, "2012-06-30": 78.2, "2012-03-31": "42.40000", "2011-12-31": -47.6, "2011-09-30": 184.5, "2011-06-30": 115.2, "2011-03-31": "-249.30000", "2010-12-31": -15.6, "2010-09-30": 391.9, "2010-06-30": -24.4, "2010-03-31": "-33.30000", "2009-12-31": -30.6, "2009-09-30": 281.4, "2009-06-30": -166, "2009-03-31": "11.70000", "2008-12-31": -110.6, "2008-09-30": 22.2, "2008-06-30": -134.5, "2008-03-31": "-17.50000", "2007-12-31": 230, "2007-09-30": -2.5, "2007-06-30": -37, "2007-03-31": "-160.00000", "2006-12-31": 98, "2006-09-30": 0, "2006-06-30": -300, "2006-03-31": "-400.00000", "2005-12-31": 399.6, "2005-09-30": -200, "2005-06-30": -2, "2005-03-31": "-25.00000"}, "Net Common Equity Issued/Repurchased": {"2020-12-31": -3.3, "2020-09-30": 1, "2020-06-30": 1, "2020-03-31": "1.30000", "2019-12-31": -101.7, "2019-09-30": -95.8, "2019-06-30": -98.1, "2019-03-31": "-98.60000", "2018-12-31": -149.4, "2018-09-30": 1, "2018-06-30": -98.8, "2018-03-31": "-104.40000", "2017-12-31": -93.3, "2017-09-30": -92.2, "2017-06-30": -99.6, "2017-03-31": "-105.90000", "2016-12-31": -91.2, "2016-09-30": -99.3, "2016-06-30": -99.1, "2016-03-31": "-107.10000", "2015-12-31": -88.3, "2015-09-30": -114.2, "2015-06-30": -101.7, "2015-03-31": "-107.30000", "2014-12-31": 6.6, "2014-09-30": -100.6, "2014-06-30": -100.8, "2014-03-31": "-98.90000", "2013-12-31": -37.7, "2013-09-30": -74, "2013-06-30": -95.8, "2013-03-31": "-98.30000", "2012-12-31": -95.5, "2012-09-30": -98.9, "2012-06-30": -123.1, "2012-03-31": "-174.30000", "2011-12-31": 7.2, "2011-09-30": -249.5, "2011-06-30": -152.6, "2011-03-31": "-210.20000", "2010-12-31": -31.4, "2010-09-30": -195.7, "2010-06-30": -125.9, "2010-03-31": "7.00000", "2009-12-31": 1.7, "2009-09-30": 4.6, "2009-06-30": 1, "2009-03-31": "0.70000", "2008-12-31": 0.8, "2008-09-30": -348.6, "2008-06-30": 1.3, "2008-03-31": "-349.10000", "2007-12-31": 0.4, "2007-09-30": 0.5, "2007-06-30": 304.5, "2007-03-31": "2.40000", "2006-12-31": 0.8, "2006-09-30": 1.6, "2006-06-30": 576, "2006-03-31": "1.60000", "2005-12-31": 10.1, "2005-09-30": 2.1, "2005-06-30": 5.9, "2005-03-31": ""}, "Net Total Equity Issued/Repurchased": {"2020-12-31": -3.3, "2020-09-30": 1, "2020-06-30": 1, "2020-03-31": "1.30000", "2019-12-31": -101.7, "2019-09-30": -95.8, "2019-06-30": -98.1, "2019-03-31": "-98.60000", "2018-12-31": -149.4, "2018-09-30": 1, "2018-06-30": -98.8, "2018-03-31": "-104.40000", "2017-12-31": -93.3, "2017-09-30": -92.2, "2017-06-30": -99.6, "2017-03-31": "-105.90000", "2016-12-31": -91.2, "2016-09-30": -99.3, "2016-06-30": -99.1, "2016-03-31": "-107.10000", "2015-12-31": -88.3, "2015-09-30": -114.2, "2015-06-30": -101.7, "2015-03-31": "-107.30000", "2014-12-31": 6.6, "2014-09-30": -100.6, "2014-06-30": -100.8, "2014-03-31": "-98.90000", "2013-12-31": -37.7, "2013-09-30": -74, "2013-06-30": -95.8, "2013-03-31": "-98.30000", "2012-12-31": -95.5, "2012-09-30": -98.9, "2012-06-30": -123.1, "2012-03-31": "-174.30000", "2011-12-31": 7.2, "2011-09-30": -249.5, "2011-06-30": -152.6, "2011-03-31": "-210.20000", "2010-12-31": -31.4, "2010-09-30": -195.7, "2010-06-30": -125.9, "2010-03-31": "7.00000", "2009-12-31": 1.7, "2009-09-30": 4.6, "2009-06-30": 1, "2009-03-31": "0.70000", "2008-12-31": 0.8, "2008-09-30": -348.6, "2008-06-30": 1.3, "2008-03-31": "-349.10000", "2007-12-31": 0.4, "2007-09-30": 0.5, "2007-06-30": 304.5, "2007-03-31": "2.40000", "2006-12-31": 0.8, "2006-09-30": 1.6, "2006-06-30": 576, "2006-03-31": "1.60000", "2005-12-31": 10.1, "2005-09-30": 2.1, "2005-06-30": 5.9, "2005-03-31": ""}, "Total Common And Preferred Stock Dividends Paid": {"2020-12-31": 173.8, "2020-09-30": -58, "2020-06-30": -58, "2020-03-31": "-57.80000", "2019-12-31": -58.9, "2019-09-30": -59.4, "2019-06-30": -55.2, "2019-03-31": "-55.70000", "2018-12-31": -55.4, "2018-09-30": -56.9, "2018-06-30": -50.9, "2018-03-31": "-52.40000", "2017-12-31": -51.9, "2017-09-30": -51.8, "2017-06-30": -45.8, "2017-03-31": "-46.50000", "2016-12-31": -46.4, "2016-09-30": -46.8, "2016-06-30": -44.2, "2016-03-31": "-45.20000", "2015-12-31": -45, "2015-09-30": -45.7, "2015-06-30": -41.2, "2015-03-31": "-42.30000", "2014-12-31": -41.7, "2014-09-30": -42, "2014-06-30": -37.4, "2014-03-31": "-38.30000", "2013-12-31": -37.7, "2013-09-30": -38.4, "2013-06-30": -34.7, "2013-03-31": "-35.70000", "2012-12-31": -35.7, "2012-09-30": -36.5, "2012-06-30": -30.2, "2012-03-31": "-31.40000", "2011-12-31": -30.7, "2011-09-30": -32, "2011-06-30": -28.4, "2011-03-31": "-29.90000", "2010-12-31": -29.4, "2010-09-30": -30.2, "2010-06-30": -27.5, "2010-03-31": "-27.70000", "2009-12-31": -27.4, "2009-09-30": -27.2, "2009-06-30": -24.9, "2009-03-31": "-25.00000", "2008-12-31": -24.8, "2008-09-30": -26.1, "2008-06-30": -25.9, "2008-03-31": "-26.70000", "2007-12-31": -27, "2007-09-30": -27, "2007-06-30": -25.6, "2007-03-31": "-25.60000", "2006-12-31": -25.5, "2006-09-30": -25.6, "2006-06-30": -22.3, "2006-03-31": "-22.20000", "2005-12-31": -22.2, "2005-09-30": -22.2, "2005-06-30": -22.1, "2005-03-31": "-22.20000"}, "Financial Activities - Other": {"2020-12-31": 47.6, "2020-09-30": -16.8, "2020-06-30": -12.9, "2020-03-31": "-17.90000", "2019-12-31": -17.9, "2019-09-30": -38.5, "2019-06-30": -12.8, "2019-03-31": "-14.20000", "2018-12-31": -10.7, "2018-09-30": -15.9, "2018-06-30": -10.8, "2018-03-31": "-15.90000", "2017-12-31": -9.2, "2017-09-30": -10.4, "2017-06-30": -8.3, "2017-03-31": "-9.40000", "2016-12-31": -6.7, "2016-09-30": -10.2, "2016-06-30": -8, "2016-03-31": "-9.50000", "2015-12-31": -5.3, "2015-09-30": -10.1, "2015-06-30": -6.5, "2015-03-31": "-6.20000", "2014-12-31": -4.5, "2014-09-30": -8, "2014-06-30": -19.5, "2014-03-31": "-4.10000", "2013-12-31": -25.8, "2013-09-30": -1.5, "2013-06-30": 0.1, "2013-03-31": "0.20000", "2012-12-31": -0.5, "2012-09-30": -0.9, "2012-06-30": -0.1, "2012-03-31": "1.70000", "2011-12-31": -0.3, "2011-09-30": -0.1, "2011-06-30": -0.1, "2011-03-31": "3.40000", "2010-12-31": -0.8, "2010-09-30": -0.4, "2010-06-30": -0.1, "2010-03-31": "2.40000", "2009-12-31": -1, "2009-09-30": 0, "2009-06-30": 0, "2009-03-31": "-0.50000", "2008-12-31": -0.5, "2008-09-30": -0.8, "2008-06-30": -1.5, "2008-03-31": "-7.20000", "2007-12-31": -42.4, "2007-09-30": -0.1, "2007-06-30": -3.7, "2007-03-31": "-5.70000", "2006-12-31": -9, "2006-09-30": -2.4, "2006-06-30": -22.3, "2006-03-31": "-5.70000", "2005-12-31": -11, "2005-09-30": -5.5, "2005-06-30": -9.8, "2005-03-31": "-4.70000"}, "Cash Flow From Financial Activities": {"2020-12-31": 169, "2020-09-30": -488.8, "2020-06-30": 409.2, "2020-03-31": "-89.40000", "2019-12-31": -290.1, "2019-09-30": -99.2, "2019-06-30": 214.8, "2019-03-31": "-183.50000", "2018-12-31": -230.5, "2018-09-30": -286.8, "2018-06-30": 115.2, "2018-03-31": "-187.70000", "2017-12-31": -169.4, "2017-09-30": -169.4, "2017-06-30": -172, "2017-03-31": "-177.00000", "2016-12-31": -159.3, "2016-09-30": -531.3, "2016-06-30": 447, "2016-03-31": "-175.00000", "2015-12-31": -30.9, "2015-09-30": -184.2, "2015-06-30": -168.7, "2015-03-31": "-184.90000", "2014-12-31": -46, "2014-09-30": -155.8, "2014-06-30": -317.7, "2014-03-31": "190.90000", "2013-12-31": 199.1, "2013-09-30": -142, "2013-06-30": -228.1, "2013-03-31": "-424.50000", "2012-12-31": -302.1, "2012-09-30": 89.9, "2012-06-30": -75.2, "2012-03-31": "-161.60000", "2011-12-31": -71.4, "2011-09-30": -97.1, "2011-06-30": -65.9, "2011-03-31": "-486.00000", "2010-12-31": -77.2, "2010-09-30": 165.6, "2010-06-30": -177.9, "2010-03-31": "-51.60000", "2009-12-31": -57.3, "2009-09-30": 258.8, "2009-06-30": -189.9, "2009-03-31": "-13.10000", "2008-12-31": -135.1, "2008-09-30": -353.3, "2008-06-30": -160.6, "2008-03-31": "-400.50000", "2007-12-31": 161, "2007-09-30": -29.1, "2007-06-30": 238.2, "2007-03-31": "-188.90000", "2006-12-31": 64.3, "2006-09-30": -26.4, "2006-06-30": 231.4, "2006-03-31": "-426.30000", "2005-12-31": 376.5, "2005-09-30": -225.6, "2005-06-30": -28, "2005-03-31": "-51.90000"}, "Net Cash Flow": {"2020-12-31": -19.7, "2020-09-30": -61.8, "2020-06-30": -171.6, "2020-03-31": "253.10000", "2019-12-31": 7.1, "2019-09-30": 16.2, "2019-06-30": -1.3, "2019-03-31": "-31.90000", "2018-12-31": -120.2, "2018-09-30": 114.7, "2018-06-30": -209.4, "2018-03-31": "231.50000", "2017-12-31": 7.3, "2017-09-30": -46.9, "2017-06-30": 10, "2017-03-31": "6.60000", "2016-12-31": 12.5, "2016-09-30": -5.9, "2016-06-30": -26.9, "2016-03-31": "7.80000", "2015-12-31": 3.6, "2015-09-30": -13.3, "2015-06-30": 38.5, "2015-03-31": "-18.40000", "2014-12-31": 41.9, "2014-09-30": -51.4, "2014-06-30": 35.8, "2014-03-31": "-17.90000", "2013-12-31": 31.1, "2013-09-30": 15.2, "2013-06-30": -54.2, "2013-03-31": "24.70000", "2012-12-31": 23.7, "2012-09-30": 15.6, "2012-06-30": -64.5, "2012-03-31": "-14.10000", "2011-12-31": 64.4, "2011-09-30": -19, "2011-06-30": 14.6, "2011-03-31": "3.00000", "2010-12-31": -25, "2010-09-30": -2.7, "2010-06-30": 29.6, "2010-03-31": "-19.90000", "2009-12-31": -149, "2009-09-30": 171.9, "2009-06-30": -1.4, "2009-03-31": "0.20000", "2008-12-31": -49.4, "2008-09-30": 5.2, "2008-06-30": 9.3, "2008-03-31": "-114.30000", "2007-12-31": 54.5, "2007-09-30": 17.8, "2007-06-30": -8.7, "2007-03-31": "14.20000", "2006-12-31": 98.2, "2006-09-30": -32.3, "2006-06-30": -2.8, "2006-03-31": "-8.90000", "2005-12-31": 3.4, "2005-09-30": -31.2, "2005-06-30": 34.4, "2005-03-31": "-70.20000"}, "Stock-Based Compensation": {"2020-12-31": 0, "2020-09-30": 0, "2020-06-30": 0, "2020-03-31": "", "2019-12-31": 0, "2019-09-30": 0, "2019-06-30": 0, "2019-03-31": "", "2018-12-31": 0, "2018-09-30": 0, "2018-06-30": 0, "2018-03-31": "", "2017-12-31": 0, "2017-09-30": 0, "2017-06-30": 0, "2017-03-31": "", "2016-12-31": 0, "2016-09-30": 0, "2016-06-30": 0, "2016-03-31": "", "2015-12-31": 0, "2015-09-30": 0, "2015-06-30": 0, "2015-03-31": "", "2014-12-31": 0, "2014-09-30": 0, "2014-06-30": 0, "2014-03-31": "", "2013-12-31": 0, "2013-09-30": 0, "2013-06-30": 0, "2013-03-31": "", "2012-12-31": 0, "2012-09-30": 0, "2012-06-30": 0, "2012-03-31": "", "2011-12-31": 0, "2011-09-30": 0, "2011-06-30": 0, "2011-03-31": "", "2010-12-31": 0, "2010-09-30": 0, "2010-06-30": 0, "2010-03-31": "", "2009-12-31": 0, "2009-09-30": 0, "2009-06-30": 0, "2009-03-31": "", "2008-12-31": 0, "2008-09-30": 0, "2008-06-30": 0, "2008-03-31": "", "2007-12-31": 0, "2007-09-30": 0, "2007-06-30": 0, "2007-03-31": "", "2006-12-31": 0, "2006-09-30": 0, "2006-06-30": 0, "2006-03-31": "", "2005-12-31": 0, "2005-09-30": 0, "2005-06-30": 0, "2005-03-31": ""}, "Common Stock Dividends Paid": {"2020-12-31": 173.8, "2020-09-30": -58, "2020-06-30": -58, "2020-03-31": "-57.80000", "2019-12-31": -58.9, "2019-09-30": -59.4, "2019-06-30": -55.2, "2019-03-31": "-55.70000", "2018-12-31": -55.4, "2018-09-30": -56.9, "2018-06-30": -50.9, "2018-03-31": "-52.40000", "2017-12-31": -51.9, "2017-09-30": -51.8, "2017-06-30": -45.8, "2017-03-31": "-46.50000", "2016-12-31": -46.4, "2016-09-30": -46.8, "2016-06-30": -44.2, "2016-03-31": "-45.20000", "2015-12-31": -45, "2015-09-30": -45.7, "2015-06-30": -41.2, "2015-03-31": "-42.30000", "2014-12-31": -41.7, "2014-09-30": -42, "2014-06-30": -37.4, "2014-03-31": "-38.30000", "2013-12-31": -37.7, "2013-09-30": -38.4, "2013-06-30": -34.7, "2013-03-31": "-35.70000", "2012-12-31": -35.7, "2012-09-30": -36.5, "2012-06-30": -30.2, "2012-03-31": "-31.40000", "2011-12-31": -30.7, "2011-09-30": -32, "2011-06-30": -28.4, "2011-03-31": "-29.90000", "2010-12-31": -29.4, "2010-09-30": -30.2, "2010-06-30": -27.5, "2010-03-31": "-27.70000", "2009-12-31": -27.4, "2009-09-30": -27.2, "2009-06-30": -24.9, "2009-03-31": "-25.00000", "2008-12-31": -24.8, "2008-09-30": -26.1, "2008-06-30": -25.9, "2008-03-31": "-26.70000", "2007-12-31": -27, "2007-09-30": -27, "2007-06-30": -25.6, "2007-03-31": "-25.60000", "2006-12-31": -25.5, "2006-09-30": -25.6, "2006-06-30": -22.3, "2006-03-31": "-22.20000", "2005-12-31": -22.2, "2005-09-30": -22.2, "2005-06-30": -22.1, "2005-03-31": "-22.20000"}}, "financial ratios": {"Current Ratio": {"2019-12-31": "", "2018-12-31": "", "2017-12-31": "", "2016-12-31": "", "2015-12-31": "", "2014-12-31": "", "2013-12-31": "", "2012-12-31": "", "2011-12-31": "", "2010-12-31": "", "2009-12-31": "", "2008-12-31": "", "2007-12-31": "", "2006-12-31": "", "2005-12-31": ""}, "Long-term Debt / Capital": {"2019-12-31": "0.22700", "2018-12-31": "0.25630", "2017-12-31": "0.22240", "2016-12-31": "0.25060", "2015-12-31": "0.22040", "2014-12-31": "0.23570", "2013-12-31": "0.23170", "2012-12-31": "0.24240", "2011-12-31": "0.23930", "2010-12-31": "0.22730", "2009-12-31": "0.23070", "2008-12-31": "0.26100", "2007-12-31": "0.23830", "2006-12-31": "0.25630", "2005-12-31": "0.30700"}, "Debt/Equity Ratio": {"2019-12-31": "0.33380", "2018-12-31": "0.34460", "2017-12-31": "0.30690", "2016-12-31": "0.33450", "2015-12-31": "0.32330", "2014-12-31": "0.32630", "2013-12-31": "0.30160", "2012-12-31": "0.37280", "2011-12-31": "0.35280", "2010-12-31": "0.31940", "2009-12-31": "0.29990", "2008-12-31": "0.38290", "2007-12-31": "0.33460", "2006-12-31": "0.34460", "2005-12-31": "0.44290"}, "Gross Margin": {"2019-12-31": "", "2018-12-31": "", "2017-12-31": "", "2016-12-31": "", "2015-12-31": "", "2014-12-31": "", "2013-12-31": "", "2012-12-31": "", "2011-12-31": "", "2010-12-31": "", "2009-12-31": "", "2008-12-31": "", "2007-12-31": "", "2006-12-31": "", "2005-12-31": ""}, "Operating Margin": {"2019-12-31": "11.51860", "2018-12-31": "5.41280", "2017-12-31": "12.43930", "2016-12-31": "12.20030", "2015-12-31": "11.53910", "2014-12-31": "5.14990", "2013-12-31": "11.76630", "2012-12-31": "11.88260", "2011-12-31": "3.24280", "2010-12-31": "12.94880", "2009-12-31": "12.80650", "2008-12-31": "8.25460", "2007-12-31": "9.47920", "2006-12-31": "4.41750", "2005-12-31": "6.76360"}, "EBIT Margin": {"2019-12-31": "12.99700", "2018-12-31": "6.85520", "2017-12-31": "13.85600", "2016-12-31": "13.70300", "2015-12-31": "12.96300", "2014-12-31": "6.74140", "2013-12-31": "13.20720", "2012-12-31": "13.26530", "2011-12-31": "4.63710", "2010-12-31": "14.34000", "2009-12-31": "14.04920", "2008-12-31": "9.82440", "2007-12-31": "11.77860", "2006-12-31": "6.48300", "2005-12-31": "8.79100"}, "EBITDA Margin": {"2019-12-31": "13.91460", "2018-12-31": "7.72940", "2017-12-31": "14.77210", "2016-12-31": "14.62370", "2015-12-31": "13.89020", "2014-12-31": "7.57660", "2013-12-31": "14.02500", "2012-12-31": "14.06700", "2011-12-31": "5.42620", "2010-12-31": "15.07970", "2009-12-31": "14.78740", "2008-12-31": "10.51360", "2007-12-31": "12.40790", "2006-12-31": "7.17110", "2005-12-31": "9.49970"}, "Pre-Tax Profit Margin": {"2019-12-31": "11.51860", "2018-12-31": "5.41280", "2017-12-31": "12.43930", "2016-12-31": "12.20020", "2015-12-31": "11.53910", "2014-12-31": "5.14990", "2013-12-31": "11.76630", "2012-12-31": "11.88260", "2011-12-31": "3.24280", "2010-12-31": "12.94880", "2009-12-31": "12.80650", "2008-12-31": "8.25460", "2007-12-31": "9.47920", "2006-12-31": "4.41750", "2005-12-31": "6.76360"}, "Net Profit Margin": {"2019-12-31": "9.17000", "2018-12-31": "4.51270", "2017-12-31": "8.80850", "2016-12-31": "8.43160", "2015-12-31": "8.08010", "2014-12-31": "3.82060", "2013-12-31": "8.16890", "2012-12-31": "8.50560", "2011-12-31": "2.76510", "2010-12-31": "8.62050", "2009-12-31": "8.44910", "2008-12-31": "5.54180", "2007-12-31": "6.45730", "2006-12-31": "3.90120", "2005-12-31": "5.00620"}, "Asset Turnover": {"2019-12-31": "0.17910", "2018-12-31": "0.18740", "2017-12-31": "0.17630", "2016-12-31": "0.17830", "2015-12-31": "0.17720", "2014-12-31": "0.16850", "2013-12-31": "0.17450", "2012-12-31": "0.16900", "2011-12-31": "0.17260", "2010-12-31": "0.17790", "2009-12-31": "0.18520", "2008-12-31": "0.20200", "2007-12-31": "0.19960", "2006-12-31": "0.19940", "2005-12-31": "0.19780"}, "Inventory Turnover Ratio": {"2019-12-31": "", "2018-12-31": "", "2017-12-31": "", "2016-12-31": "", "2015-12-31": "", "2014-12-31": "", "2013-12-31": "", "2012-12-31": "", "2011-12-31": "", "2010-12-31": "", "2009-12-31": "", "2008-12-31": "", "2007-12-31": "", "2006-12-31": "", "2005-12-31": ""}, "Receiveable Turnover": {"2019-12-31": "", "2018-12-31": "", "2017-12-31": "", "2016-12-31": "", "2015-12-31": "", "2014-12-31": "", "2013-12-31": "", "2012-12-31": "", "2011-12-31": "", "2010-12-31": "", "2009-12-31": "", "2008-12-31": "", "2007-12-31": "", "2006-12-31": "", "2005-12-31": ""}, "Days Sales In Receivables": {"2019-12-31": "", "2018-12-31": "", "2017-12-31": "", "2016-12-31": "", "2015-12-31": "", "2014-12-31": "", "2013-12-31": "", "2012-12-31": "", "2011-12-31": "", "2010-12-31": "", "2009-12-31": "", "2008-12-31": "", "2007-12-31": "", "2006-12-31": "", "2005-12-31": ""}, "ROE - Return On Equity": {"2019-12-31": "11.04170", "2018-12-31": "6.07070", "2017-12-31": "10.38340", "2016-12-31": "10.38580", "2015-12-31": "10.00820", "2014-12-31": "4.71840", "2013-12-31": "9.78160", "2012-12-31": "10.38480", "2011-12-31": "3.47870", "2010-12-31": "9.82400", "2009-12-31": "10.03050", "2008-12-31": "8.64660", "2007-12-31": "8.36330", "2006-12-31": "5.22880", "2005-12-31": "6.84420"}, "Return On Tangible Equity": {"2019-12-31": "11.44560", "2018-12-31": "6.32780", "2017-12-31": "10.76410", "2016-12-31": "10.78900", "2015-12-31": "10.28220", "2014-12-31": "4.83110", "2013-12-31": "10.01400", "2012-12-31": "10.63380", "2011-12-31": "3.56650", "2010-12-31": "10.05010", "2009-12-31": "10.27410", "2008-12-31": "8.92630", "2007-12-31": "8.58130", "2006-12-31": "5.37080", "2005-12-31": "7.11560"}, "ROA - Return On Assets": {"2019-12-31": "1.64190", "2018-12-31": "0.84590", "2017-12-31": "1.55310", "2016-12-31": "1.50370", "2015-12-31": "1.43170", "2014-12-31": "0.64390", "2013-12-31": "1.42580", "2012-12-31": "1.43710", "2011-12-31": "0.47720", "2010-12-31": "1.53330", "2009-12-31": "1.56510", "2008-12-31": "1.11940", "2007-12-31": "1.27590", "2006-12-31": "0.76410", "2005-12-31": "0.97170"}, "ROI - Return On Investment": {"2019-12-31": "8.53480", "2018-12-31": "4.51480", "2017-12-31": "8.07420", "2016-12-31": "7.78280", "2015-12-31": "7.80240", "2014-12-31": "3.60610", "2013-12-31": "7.51480", "2012-12-31": "7.86770", "2011-12-31": "2.64620", "2010-12-31": "7.59090", "2009-12-31": "7.71600", "2008-12-31": "6.39000", "2007-12-31": "6.37040", "2006-12-31": "3.88880", "2005-12-31": "4.74330"}, "Book Value Per Share": {"2019-12-31": "49.10390", "2018-12-31": "40.18490", "2017-12-31": "43.02420", "2016-12-31": "39.02130", "2015-12-31": "35.96220", "2014-12-31": "33.77550", "2013-12-31": "33.30210", "2012-12-31": "31.87430", "2011-12-31": "27.91000", "2010-12-31": "28.25380", "2009-12-31": "25.61750", "2008-12-31": "19.32200", "2007-12-31": "22.27780", "2006-12-31": "22.52820", "2005-12-31": "24.66490"}, "Operating Cash Flow Per Share": {"2019-12-31": 1.3169, "2018-12-31": 1.8616, "2017-12-31": 0.3676, "2016-12-31": -0.4601, "2015-12-31": 0.4456, "2014-12-31": 0.8889, "2013-12-31": -1.0178, "2012-12-31": 0.9642, "2011-12-31": 0.2747, "2010-12-31": -0.0669, "2009-12-31": -0.1581, "2008-12-31": -1.0372, "2007-12-31": 0.6372, "2006-12-31": -0.5288, "2005-12-31": 4.8113}, "Free Cash Flow Per Share": {"2019-12-31": 1.2526, "2018-12-31": 1.67, "2017-12-31": 0.2646, "2016-12-31": -0.4161, "2015-12-31": 0.4875, "2014-12-31": 0.8395, "2013-12-31": -1.0404, "2012-12-31": 0.9136, "2011-12-31": -0.0488, "2010-12-31": -0.0669, "2009-12-31": -0.1581, "2008-12-31": -1.0372, "2007-12-31": 0.6372, "2006-12-31": -0.5288, "2005-12-31": 4.8113}}, "financial ratios, quarterly": {"Current Ratio": {"2020-09-30": "", "2020-06-30": "", "2020-03-31": "", "2019-12-31": "", "2019-09-30": "", "2019-06-30": "", "2019-03-31": "", "2018-12-31": "", "2018-09-30": "", "2018-06-30": "", "2018-03-31": "", "2017-12-31": "", "2017-09-30": "", "2017-06-30": "", "2017-03-31": "", "2016-12-31": "", "2016-09-30": "", "2016-06-30": "", "2016-03-31": "", "2015-12-31": "", "2015-09-30": "", "2015-06-30": "", "2015-03-31": "", "2014-12-31": "", "2014-09-30": "", "2014-06-30": "", "2014-03-31": "", "2013-12-31": "", "2013-09-30": "", "2013-06-30": "", "2013-03-31": "", "2012-12-31": "", "2012-09-30": "", "2012-06-30": "", "2012-03-31": "", "2011-12-31": "", "2011-09-30": "", "2011-06-30": "", "2011-03-31": "", "2010-12-31": "", "2010-09-30": "", "2010-06-30": "", "2010-03-31": "", "2009-12-31": "", "2009-09-30": "", "2009-06-30": "", "2009-03-31": "", "2008-12-31": "", "2008-09-30": "", "2008-06-30": "", "2008-03-31": "", "2007-12-31": "", "2007-09-30": "", "2007-06-30": "", "2007-03-31": "", "2006-12-31": "", "2006-09-30": "", "2006-06-30": "", "2006-03-31": "", "2005-12-31": "", "2005-09-30": "", "2005-06-30": "", "2005-03-31": ""}, "Long-term Debt / Capital": {"2020-09-30": "0.23670", "2020-06-30": "0.24320", "2020-03-31": "0.22920", "2019-12-31": "0.22700", "2019-09-30": "0.23980", "2019-06-30": "0.26110", "2019-03-31": "0.24620", "2018-12-31": "0.25630", "2018-09-30": "0.25940", "2018-06-30": "0.24090", "2018-03-31": "0.22270", "2017-12-31": "0.22240", "2017-09-30": "0.22570", "2017-06-30": "0.24160", "2017-03-31": "0.24680", "2016-12-31": "0.25060", "2016-09-30": "0.24390", "2016-06-30": "0.24940", "2016-03-31": "0.21500", "2015-12-31": "0.22040", "2015-09-30": "0.20530", "2015-06-30": "0.23260", "2015-03-31": "0.23060", "2014-12-31": "0.23570", "2014-09-30": "0.23140", "2014-06-30": "0.23200", "2014-03-31": "0.24770", "2013-12-31": "0.23170", "2013-09-30": "0.23280", "2013-06-30": "0.23980", "2013-03-31": "0.23810", "2012-12-31": "0.24240", "2012-09-30": "0.24280", "2012-06-30": "0.23250", "2012-03-31": "0.23790", "2011-12-31": "0.23930", "2011-09-30": "0.21470", "2011-06-30": "0.22180", "2011-03-31": "0.22480", "2010-12-31": "0.22730", "2010-09-30": "0.22970", "2010-06-30": "0.20350", "2010-03-31": "0.20690", "2009-12-31": "0.23070", "2009-09-30": "0.23840", "2009-06-30": "0.23130", "2009-03-31": "0.25980", "2008-12-31": "0.26100", "2008-09-30": "0.25330", "2008-06-30": "0.23070", "2008-03-31": "0.24640", "2007-12-31": "0.23830", "2007-09-30": "0.22590", "2007-06-30": "0.23680", "2007-03-31": "0.25310", "2006-12-31": "0.25630", "2006-09-30": "0.25220", "2006-06-30": "0.26830", "2006-03-31": "0.30350", "2005-12-31": "0.30700", "2005-09-30": "0.28340", "2005-06-30": "0.26710", "2005-03-31": "0.28870"}, "Debt/Equity Ratio": {"2020-09-30": "0.31020", "2020-06-30": "0.35910", "2020-03-31": "0.33810", "2019-12-31": "0.33380", "2019-09-30": "0.35690", "2019-06-30": "0.35350", "2019-03-31": "0.32650", "2018-12-31": "0.34460", "2018-09-30": "0.35030", "2018-06-30": "0.33850", "2018-03-31": "0.30760", "2017-12-31": "0.30690", "2017-09-30": "0.31260", "2017-06-30": "0.31860", "2017-03-31": "0.32770", "2016-12-31": "0.33450", "2016-09-30": "0.32260", "2016-06-30": "0.37060", "2016-03-31": "0.31320", "2015-12-31": "0.32330", "2015-09-30": "0.31730", "2015-06-30": "0.32090", "2015-03-31": "0.31710", "2014-12-31": "0.32630", "2014-09-30": "0.30870", "2014-06-30": "0.30830", "2014-03-31": "0.33610", "2013-12-31": "0.30160", "2013-09-30": "0.31970", "2013-06-30": "0.33380", "2013-03-31": "0.34010", "2012-12-31": "0.37280", "2012-09-30": "0.37350", "2012-06-30": "0.35860", "2012-03-31": "0.35760", "2011-12-31": "0.35280", "2011-09-30": "0.30960", "2011-06-30": "0.30050", "2011-03-31": "0.29000", "2010-12-31": "0.31940", "2010-09-30": "0.32340", "2010-06-30": "0.28090", "2010-03-31": "0.28660", "2009-12-31": "0.29990", "2009-09-30": "0.31300", "2009-06-30": "0.30700", "2009-03-31": "0.38330", "2008-12-31": "0.38290", "2008-09-30": "0.38010", "2008-06-30": "0.33120", "2008-03-31": "0.34990", "2007-12-31": "0.33460", "2007-09-30": "0.31420", "2007-06-30": "0.33410", "2007-03-31": "0.33890", "2006-12-31": "0.34460", "2006-09-30": "0.33730", "2006-06-30": "0.36660", "2006-03-31": "0.43570", "2005-12-31": "0.44290", "2005-09-30": "0.39540", "2005-06-30": "0.38980", "2005-03-31": "0.43450"}, "Gross Margin": {"2020-09-30": "", "2020-06-30": "", "2020-03-31": "", "2019-12-31": "", "2019-09-30": "", "2019-06-30": "", "2019-03-31": "", "2018-12-31": "", "2018-09-30": "", "2018-06-30": "", "2018-03-31": "", "2017-12-31": "", "2017-09-30": "", "2017-06-30": "", "2017-03-31": "", "2016-12-31": "", "2016-09-30": "", "2016-06-30": "", "2016-03-31": "", "2015-12-31": "", "2015-09-30": "", "2015-06-30": "", "2015-03-31": "", "2014-12-31": "", "2014-09-30": "", "2014-06-30": "", "2014-03-31": "", "2013-12-31": "", "2013-09-30": "", "2013-06-30": "", "2013-03-31": "", "2012-12-31": "", "2012-09-30": "", "2012-06-30": "", "2012-03-31": "", "2011-12-31": "", "2011-09-30": "", "2011-06-30": "", "2011-03-31": "", "2010-12-31": "", "2010-09-30": "", "2010-06-30": "", "2010-03-31": "", "2009-12-31": "", "2009-09-30": "", "2009-06-30": "", "2009-03-31": "", "2008-12-31": "", "2008-09-30": "", "2008-06-30": "", "2008-03-31": "", "2007-12-31": "", "2007-09-30": "", "2007-06-30": "", "2007-03-31": "", "2006-12-31": "", "2006-09-30": "", "2006-06-30": "", "2006-03-31": "", "2005-12-31": "", "2005-09-30": "", "2005-06-30": "", "2005-03-31": ""}, "Operating Margin": {"2020-09-30": "9.99900", "2020-06-30": "11.17440", "2020-03-31": "7.03910", "2019-12-31": "12.43650", "2019-09-30": "10.11490", "2019-06-30": "11.66840", "2019-03-31": "11.82560", "2018-12-31": "10.75050", "2018-09-30": "-12.90390", "2018-06-30": "12.27550", "2018-03-31": "11.76370", "2017-12-31": "12.16190", "2017-09-30": "13.01130", "2017-06-30": "12.81360", "2017-03-31": "11.76910", "2016-12-31": "13.27380", "2016-09-30": "12.01820", "2016-06-30": "12.32030", "2016-03-31": "11.16170", "2015-12-31": "11.62950", "2015-09-30": "11.24610", "2015-06-30": "11.82820", "2015-03-31": "11.44520", "2014-12-31": "-17.22620", "2014-09-30": "12.12560", "2014-06-30": "13.16620", "2014-03-31": "12.61470", "2013-12-31": "12.32600", "2013-09-30": "11.18110", "2013-06-30": "11.97200", "2013-03-31": "11.57420", "2012-12-31": "12.13980", "2012-09-30": "12.19180", "2012-06-30": "11.32210", "2012-03-31": "11.87150", "2011-12-31": "-23.69860", "2011-09-30": "11.34110", "2011-06-30": "13.04350", "2011-03-31": "12.77360", "2010-12-31": "12.49860", "2010-09-30": "12.91590", "2010-06-30": "12.27200", "2010-03-31": "14.10060", "2009-12-31": "11.85210", "2009-09-30": "13.29100", "2009-06-30": "15.64690", "2009-03-31": "10.23320", "2008-12-31": "2.25930", "2008-09-30": "6.54190", "2008-06-30": "13.71810", "2008-03-31": "9.63160", "2007-12-31": "8.52660", "2007-09-30": "10.68880", "2007-06-30": "8.73720", "2007-03-31": "9.99390", "2006-12-31": "9.85130", "2006-09-30": "-3.72120", "2006-06-30": "7.23190", "2006-03-31": "4.13830", "2005-12-31": "7.16580", "2005-09-30": "2.68480", "2005-06-30": "10.00490", "2005-03-31": "7.06090"}, "EBIT Margin": {"2020-09-30": "11.64770", "2020-06-30": "12.74660", "2020-03-31": "8.63080", "2019-12-31": "13.97220", "2019-09-30": "11.67230", "2019-06-30": "13.08050", "2019-03-31": "13.23470", "2018-12-31": "12.20840", "2018-09-30": "-11.44550", "2018-06-30": "13.74250", "2018-03-31": "13.15010", "2017-12-31": "13.57420", "2017-09-30": "14.43370", "2017-06-30": "14.22750", "2017-03-31": "13.18720", "2016-12-31": "14.69700", "2016-09-30": "13.65400", "2016-06-30": "13.85580", "2016-03-31": "12.57800", "2015-12-31": "13.05840", "2015-09-30": "12.67970", "2015-06-30": "13.23370", "2015-03-31": "12.87300", "2014-12-31": "-15.76730", "2014-09-30": "13.59450", "2014-06-30": "15.14980", "2014-03-31": "14.06440", "2013-12-31": "13.77160", "2013-09-30": "12.65300", "2013-06-30": "13.40560", "2013-03-31": "12.98770", "2012-12-31": "13.57310", "2012-09-30": "13.58450", "2012-06-30": "12.66670", "2012-03-31": "13.23100", "2011-12-31": "-22.34720", "2011-09-30": "12.72000", "2011-06-30": "14.41220", "2011-03-31": "14.25230", "2010-12-31": "14.00640", "2010-09-30": "14.30830", "2010-06-30": "13.63020", "2010-03-31": "15.40440", "2009-12-31": "13.23400", "2009-09-30": "14.39920", "2009-06-30": "16.80370", "2009-03-31": "11.56440", "2008-12-31": "3.75690", "2008-09-30": "8.06480", "2008-06-30": "15.24320", "2008-03-31": "11.35950", "2007-12-31": "12.59690", "2007-09-30": "12.37070", "2007-06-30": "10.40670", "2007-03-31": "11.75880", "2006-12-31": "12.50700", "2006-09-30": "-2.03250", "2006-06-30": "9.08950", "2006-03-31": "6.18050", "2005-12-31": "9.27700", "2005-09-30": "4.64250", "2005-06-30": "11.99610", "2005-03-31": "9.11390"}, "EBITDA Margin": {"2020-09-30": "", "2020-06-30": "", "2020-03-31": "", "2019-12-31": "", "2019-09-30": "", "2019-06-30": "", "2019-03-31": "", "2018-12-31": "", "2018-09-30": "", "2018-06-30": "", "2018-03-31": "", "2017-12-31": "", "2017-09-30": "", "2017-06-30": "", "2017-03-31": "", "2016-12-31": "", "2016-09-30": "", "2016-06-30": "", "2016-03-31": "", "2015-12-31": "", "2015-09-30": "", "2015-06-30": "", "2015-03-31": "", "2014-12-31": "", "2014-09-30": "", "2014-06-30": "", "2014-03-31": "", "2013-12-31": "", "2013-09-30": "", "2013-06-30": "", "2013-03-31": "", "2012-12-31": "", "2012-09-30": "", "2012-06-30": "", "2012-03-31": "", "2011-12-31": "", "2011-09-30": "", "2011-06-30": "", "2011-03-31": "", "2010-12-31": "", "2010-09-30": "", "2010-06-30": "", "2010-03-31": "", "2009-12-31": "", "2009-09-30": "", "2009-06-30": "", "2009-03-31": "", "2008-12-31": "", "2008-09-30": "", "2008-06-30": "", "2008-03-31": "", "2007-12-31": "", "2007-09-30": "", "2007-06-30": "", "2007-03-31": "", "2006-12-31": "", "2006-09-30": "", "2006-06-30": "", "2006-03-31": "", "2005-12-31": "", "2005-09-30": "", "2005-06-30": "", "2005-03-31": ""}, "Pre-Tax Profit Margin": {"2020-09-30": "9.99900", "2020-06-30": "11.17440", "2020-03-31": "7.03910", "2019-12-31": "12.43660", "2019-09-30": "10.11490", "2019-06-30": "11.66840", "2019-03-31": "11.82560", "2018-12-31": "10.75050", "2018-09-30": "-12.90390", "2018-06-30": "12.27550", "2018-03-31": "11.76370", "2017-12-31": "12.16190", "2017-09-30": "13.01120", "2017-06-30": "12.81360", "2017-03-31": "11.76910", "2016-12-31": "13.27370", "2016-09-30": "12.01820", "2016-06-30": "12.32030", "2016-03-31": "11.16170", "2015-12-31": "11.62950", "2015-09-30": "11.24610", "2015-06-30": "11.82820", "2015-03-31": "11.44520", "2014-12-31": "-17.22620", "2014-09-30": "12.12560", "2014-06-30": "13.16620", "2014-03-31": "12.61480", "2013-12-31": "12.32600", "2013-09-30": "11.18110", "2013-06-30": "11.97200", "2013-03-31": "11.57420", "2012-12-31": "12.13980", "2012-09-30": "12.19180", "2012-06-30": "11.32210", "2012-03-31": "11.87150", "2011-12-31": "-23.69860", "2011-09-30": "11.34110", "2011-06-30": "13.04350", "2011-03-31": "12.77360", "2010-12-31": "12.49860", "2010-09-30": "12.91590", "2010-06-30": "12.27200", "2010-03-31": "14.10060", "2009-12-31": "11.85210", "2009-09-30": "13.29100", "2009-06-30": "15.64690", "2009-03-31": "10.23320", "2008-12-31": "2.25930", "2008-09-30": "6.54190", "2008-06-30": "13.71810", "2008-03-31": "9.63160", "2007-12-31": "8.52660", "2007-09-30": "10.68880", "2007-06-30": "8.73720", "2007-03-31": "9.99380", "2006-12-31": "9.85130", "2006-09-30": "-3.72130", "2006-06-30": "7.23190", "2006-03-31": "4.13830", "2005-12-31": "7.16580", "2005-09-30": "2.68490", "2005-06-30": "10.00490", "2005-03-31": "7.06090"}, "Net Profit Margin": {"2020-09-30": "7.71280", "2020-06-30": "8.78790", "2020-03-31": "5.60760", "2019-12-31": "9.76080", "2019-09-30": "8.17570", "2019-06-30": "9.32140", "2019-03-31": "9.40220", "2018-12-31": "8.64690", "2018-09-30": "-9.72400", "2018-06-30": "9.87790", "2018-03-31": "9.43230", "2017-12-31": "9.40050", "2017-09-30": "8.94970", "2017-06-30": "8.68530", "2017-03-31": "8.19170", "2016-12-31": "8.86820", "2016-09-30": "8.54050", "2016-06-30": "8.57570", "2016-03-31": "7.72730", "2015-12-31": "8.30520", "2015-09-30": "7.66800", "2015-06-30": "8.29600", "2015-03-31": "8.04190", "2014-12-31": "-10.69340", "2014-09-30": "8.38080", "2014-06-30": "9.01080", "2014-03-31": "8.63680", "2013-12-31": "8.07770", "2013-09-30": "8.09560", "2013-06-30": "8.40160", "2013-03-31": "8.09970", "2012-12-31": "8.79920", "2012-09-30": "8.75950", "2012-06-30": "8.26620", "2012-03-31": "8.19130", "2011-12-31": "-14.16620", "2011-09-30": "7.93530", "2011-06-30": "8.87500", "2011-03-31": "8.72380", "2010-12-31": "8.42240", "2010-09-30": "8.73450", "2010-06-30": "8.35260", "2010-03-31": "8.97100", "2009-12-31": "7.98690", "2009-09-30": "8.78250", "2009-06-30": "10.16740", "2009-03-31": "6.73360", "2008-12-31": "1.79890", "2008-09-30": "4.42130", "2008-06-30": "8.98220", "2008-03-31": "6.41970", "2007-12-31": "6.07150", "2007-09-30": "7.16420", "2007-06-30": "5.75860", "2007-03-31": "6.85610", "2006-12-31": "10.24070", "2006-09-30": "-2.43370", "2006-06-30": "4.77550", "2006-03-31": "2.82300", "2005-12-31": "5.52920", "2005-09-30": "2.06770", "2005-06-30": "6.44780", "2005-03-31": "5.91780"}, "Asset Turnover": {"2020-09-30": "0.04300", "2020-06-30": "0.04360", "2020-03-31": "0.04390", "2019-12-31": "0.04530", "2019-09-30": "0.04420", "2019-06-30": "0.04580", "2019-03-31": "0.04670", "2018-12-31": "0.04660", "2018-09-30": "0.04700", "2018-06-30": "0.04630", "2018-03-31": "0.04600", "2017-12-31": "0.04440", "2017-09-30": "0.04420", "2017-06-30": "0.04450", "2017-03-31": "0.04490", "2016-12-31": "0.04510", "2016-09-30": "0.04320", "2016-06-30": "0.04320", "2016-03-31": "0.04400", "2015-12-31": "0.04500", "2015-09-30": "0.04320", "2015-06-30": "0.04380", "2015-03-31": "0.04200", "2014-12-31": "0.04230", "2014-09-30": "0.04220", "2014-06-30": "0.04270", "2014-03-31": "0.04280", "2013-12-31": "0.04380", "2013-09-30": "0.04260", "2013-06-30": "0.04380", "2013-03-31": "0.04260", "2012-12-31": "0.04270", "2012-09-30": "0.04230", "2012-06-30": "0.04310", "2012-03-31": "0.04380", "2011-12-31": "0.04370", "2011-09-30": "0.04240", "2011-06-30": "0.04420", "2011-03-31": "0.04490", "2010-12-31": "0.04520", "2010-09-30": "0.04280", "2010-06-30": "0.04420", "2010-03-31": "0.04660", "2009-12-31": "0.04580", "2009-09-30": "0.04620", "2009-06-30": "0.05120", "2009-03-31": "0.04980", "2008-12-31": "0.04700", "2008-09-30": "0.04890", "2008-06-30": "0.05170", "2008-03-31": "0.04880", "2007-12-31": "0.05020", "2007-09-30": "0.04970", "2007-06-30": "0.05120", "2007-03-31": "0.04970", "2006-12-31": "0.05100", "2006-09-30": "0.05020", "2006-06-30": "0.05200", "2006-03-31": "0.05150", "2005-12-31": "0.04790", "2005-09-30": "0.04970", "2005-06-30": "0.05070", "2005-03-31": "0.05060"}, "Inventory Turnover Ratio": {"2020-09-30": "", "2020-06-30": "", "2020-03-31": "", "2019-12-31": "", "2019-09-30": "", "2019-06-30": "", "2019-03-31": "", "2018-12-31": "", "2018-09-30": "", "2018-06-30": "", "2018-03-31": "", "2017-12-31": "", "2017-09-30": "", "2017-06-30": "", "2017-03-31": "", "2016-12-31": "", "2016-09-30": "", "2016-06-30": "", "2016-03-31": "", "2015-12-31": "", "2015-09-30": "", "2015-06-30": "", "2015-03-31": "", "2014-12-31": "", "2014-09-30": "", "2014-06-30": "", "2014-03-31": "", "2013-12-31": "", "2013-09-30": "", "2013-06-30": "", "2013-03-31": "", "2012-12-31": "", "2012-09-30": "", "2012-06-30": "", "2012-03-31": "", "2011-12-31": "", "2011-09-30": "", "2011-06-30": "", "2011-03-31": "", "2010-12-31": "", "2010-09-30": "", "2010-06-30": "", "2010-03-31": "", "2009-12-31": "", "2009-09-30": "", "2009-06-30": "", "2009-03-31": "", "2008-12-31": "", "2008-09-30": "", "2008-06-30": "", "2008-03-31": "", "2007-12-31": "", "2007-09-30": "", "2007-06-30": "", "2007-03-31": "", "2006-12-31": "", "2006-09-30": "", "2006-06-30": "", "2006-03-31": "", "2005-12-31": "", "2005-09-30": "", "2005-06-30": "", "2005-03-31": ""}, "Receiveable Turnover": {"2020-09-30": "", "2020-06-30": "", "2020-03-31": "", "2019-12-31": "", "2019-09-30": "", "2019-06-30": "", "2019-03-31": "", "2018-12-31": "", "2018-09-30": "", "2018-06-30": "", "2018-03-31": "", "2017-12-31": "", "2017-09-30": "", "2017-06-30": "", "2017-03-31": "", "2016-12-31": "", "2016-09-30": "", "2016-06-30": "", "2016-03-31": "", "2015-12-31": "", "2015-09-30": "", "2015-06-30": "", "2015-03-31": "", "2014-12-31": "", "2014-09-30": "", "2014-06-30": "", "2014-03-31": "", "2013-12-31": "", "2013-09-30": "", "2013-06-30": "", "2013-03-31": "", "2012-12-31": "", "2012-09-30": "", "2012-06-30": "", "2012-03-31": "", "2011-12-31": "", "2011-09-30": "", "2011-06-30": "", "2011-03-31": "", "2010-12-31": "", "2010-09-30": "", "2010-06-30": "", "2010-03-31": "", "2009-12-31": "", "2009-09-30": "", "2009-06-30": "", "2009-03-31": "", "2008-12-31": "", "2008-09-30": "", "2008-06-30": "", "2008-03-31": "", "2007-12-31": "", "2007-09-30": "", "2007-06-30": "", "2007-03-31": "", "2006-12-31": "", "2006-09-30": "", "2006-06-30": "", "2006-03-31": "", "2005-12-31": "", "2005-09-30": "", "2005-06-30": "", "2005-03-31": ""}, "Days Sales In Receivables": {"2020-09-30": "", "2020-06-30": "", "2020-03-31": "", "2019-12-31": "", "2019-09-30": "", "2019-06-30": "", "2019-03-31": "", "2018-12-31": "", "2018-09-30": "", "2018-06-30": "", "2018-03-31": "", "2017-12-31": "", "2017-09-30": "", "2017-06-30": "", "2017-03-31": "", "2016-12-31": "", "2016-09-30": "", "2016-06-30": "", "2016-03-31": "", "2015-12-31": "", "2015-09-30": "", "2015-06-30": "", "2015-03-31": "", "2014-12-31": "", "2014-09-30": "", "2014-06-30": "", "2014-03-31": "", "2013-12-31": "", "2013-09-30": "", "2013-06-30": "", "2013-03-31": "", "2012-12-31": "", "2012-09-30": "", "2012-06-30": "", "2012-03-31": "", "2011-12-31": "", "2011-09-30": "", "2011-06-30": "", "2011-03-31": "", "2010-12-31": "", "2010-09-30": "", "2010-06-30": "", "2010-03-31": "", "2009-12-31": "", "2009-09-30": "", "2009-06-30": "", "2009-03-31": "", "2008-12-31": "", "2008-09-30": "", "2008-06-30": "", "2008-03-31": "", "2007-12-31": "", "2007-09-30": "", "2007-06-30": "", "2007-03-31": "", "2006-12-31": "", "2006-09-30": "", "2006-06-30": "", "2006-03-31": "", "2005-12-31": "", "2005-09-30": "", "2005-06-30": "", "2005-03-31": ""}, "ROE - Return On Equity": {"2020-09-30": "2.12170", "2020-06-30": "2.51390", "2020-03-31": "1.64230", "2019-12-31": "2.97240", "2019-09-30": "2.51260", "2019-06-30": "2.97470", "2019-03-31": "3.10030", "2018-12-31": "2.88920", "2018-09-30": "-3.34230", "2018-06-30": "3.02230", "2018-03-31": "2.87910", "2017-12-31": "2.78750", "2017-09-30": "2.67020", "2017-06-30": "2.63080", "2017-03-31": "2.52430", "2016-12-31": "2.76540", "2016-09-30": "2.52100", "2016-06-30": "2.58600", "2016-03-31": "2.36090", "2015-12-31": "2.60970", "2015-09-30": "2.37500", "2015-06-30": "2.63400", "2015-03-31": "2.45050", "2014-12-31": "-3.31150", "2014-09-30": "2.37020", "2014-06-30": "2.58990", "2014-03-31": "2.52130", "2013-12-31": "2.42630", "2013-09-30": "2.37260", "2013-06-30": "2.60840", "2013-03-31": "2.48430", "2012-12-31": "2.71580", "2012-09-30": "2.65410", "2012-06-30": "2.58050", "2012-03-31": "2.61490", "2011-12-31": "-4.51670", "2011-09-30": "2.13530", "2011-06-30": "2.50580", "2011-03-31": "2.48890", "2010-12-31": "2.44180", "2010-09-30": "2.47420", "2010-06-30": "2.36370", "2010-03-31": "2.61730", "2009-12-31": "2.34590", "2009-09-30": "2.68230", "2009-06-30": "3.57300", "2009-03-31": "2.56750", "2008-12-31": "0.65330", "2008-09-30": "1.60330", "2008-06-30": "3.13530", "2008-03-31": "2.13530", "2007-12-31": "1.99630", "2007-09-30": "2.38800", "2007-06-30": "2.08230", "2007-03-31": "2.32360", "2006-12-31": "3.55240", "2006-09-30": "-0.85980", "2006-06-30": "1.76470", "2006-03-31": "1.08710", "2005-12-31": "1.73690", "2005-09-30": "0.72680", "2005-06-30": "2.18090", "2005-03-31": "2.15810"}, "Return On Tangible Equity": {"2020-09-30": "2.19230", "2020-06-30": "2.59980", "2020-03-31": "1.70290", "2019-12-31": "3.08110", "2019-09-30": "2.60690", "2019-06-30": "3.08910", "2019-03-31": "3.22520", "2018-12-31": "3.01150", "2018-09-30": "-3.48380", "2018-06-30": "3.13740", "2018-03-31": "2.98890", "2017-12-31": "2.88970", "2017-09-30": "2.76940", "2017-06-30": "2.72960", "2017-03-31": "2.62090", "2016-12-31": "2.87270", "2016-09-30": "2.61510", "2016-06-30": "2.65160", "2016-03-31": "2.42330", "2015-12-31": "2.68110", "2015-09-30": "2.44100", "2015-06-30": "2.69690", "2015-03-31": "2.50770", "2014-12-31": "-3.39050", "2014-09-30": "2.42280", "2014-06-30": "2.64750", "2014-03-31": "2.57920", "2013-12-31": "2.48400", "2013-09-30": "2.42910", "2013-06-30": "2.67250", "2013-03-31": "2.54400", "2012-12-31": "2.78090", "2012-09-30": "2.71730", "2012-06-30": "2.64400", "2012-03-31": "2.68100", "2011-12-31": "-4.63070", "2011-09-30": "2.18170", "2011-06-30": "2.56270", "2011-03-31": "2.54600", "2010-12-31": "2.49790", "2010-09-30": "2.53130", "2010-06-30": "2.41840", "2010-03-31": "2.67850", "2009-12-31": "2.40280", "2009-09-30": "2.74950", "2009-06-30": "3.67200", "2009-03-31": "2.65010", "2008-12-31": "0.67450", "2008-09-30": "1.65310", "2008-06-30": "3.22120", "2008-03-31": "2.19390", "2007-12-31": "2.04830", "2007-09-30": "2.45210", "2007-06-30": "2.14170", "2007-03-31": "2.38970", "2006-12-31": "3.64880", "2006-09-30": "-0.90160", "2006-06-30": "1.85860", "2006-03-31": "1.14830", "2005-12-31": "1.80570", "2005-09-30": "0.76440", "2005-06-30": "2.28520", "2005-03-31": "2.27670"}, "ROA - Return On Assets": {"2020-09-30": "0.33200", "2020-06-30": "0.38310", "2020-03-31": "0.24640", "2019-12-31": "0.44200", "2019-09-30": "0.36140", "2019-06-30": "0.42710", "2019-03-31": "0.43940", "2018-12-31": "0.40260", "2018-09-30": "-0.45740", "2018-06-30": "0.45780", "2018-03-31": "0.43400", "2017-12-31": "0.41690", "2017-09-30": "0.39540", "2017-06-30": "0.38670", "2017-03-31": "0.36770", "2016-12-31": "0.40040", "2016-09-30": "0.36930", "2016-06-30": "0.37090", "2016-03-31": "0.33990", "2015-12-31": "0.37330", "2015-09-30": "0.33140", "2015-06-30": "0.36350", "2015-03-31": "0.33790", "2014-12-31": "-0.45190", "2014-09-30": "0.35360", "2014-06-30": "0.38480", "2014-03-31": "0.36970", "2013-12-31": "0.35370", "2013-09-30": "0.34520", "2013-06-30": "0.36820", "2013-03-31": "0.34510", "2012-12-31": "0.37580", "2012-09-30": "0.37060", "2012-06-30": "0.35660", "2012-03-31": "0.35910", "2011-12-31": "-0.61960", "2011-09-30": "0.33640", "2011-06-30": "0.39230", "2011-03-31": "0.39150", "2010-12-31": "0.38110", "2010-09-30": "0.37390", "2010-06-30": "0.36920", "2010-03-31": "0.41780", "2009-12-31": "0.36600", "2009-09-30": "0.40590", "2009-06-30": "0.52050", "2009-03-31": "0.33530", "2008-12-31": "0.08460", "2008-09-30": "0.21630", "2008-06-30": "0.46420", "2008-03-31": "0.31320", "2007-12-31": "0.30450", "2007-09-30": "0.35570", "2007-06-30": "0.29480", "2007-03-31": "0.32760", "2006-12-31": "0.51910", "2006-09-30": "-0.12520", "2006-06-30": "0.24460", "2006-03-31": "0.14150", "2005-12-31": "0.24660", "2005-09-30": "0.10280", "2005-06-30": "0.32670", "2005-03-31": "0.29940"}, "ROI - Return On Investment": {"2020-09-30": "1.61940", "2020-06-30": "1.90260", "2020-03-31": "1.26600", "2019-12-31": "2.29760", "2019-09-30": "1.91010", "2019-06-30": "2.19790", "2019-03-31": "2.33710", "2018-12-31": "2.14870", "2018-09-30": "-2.47530", "2018-06-30": "2.29430", "2018-03-31": "2.23790", "2017-12-31": "2.16760", "2017-09-30": "2.06760", "2017-06-30": "1.99510", "2017-03-31": "1.90130", "2016-12-31": "2.07230", "2016-09-30": "1.90610", "2016-06-30": "1.94100", "2016-03-31": "1.85340", "2015-12-31": "2.03450", "2015-09-30": "1.88740", "2015-06-30": "2.02140", "2015-03-31": "1.88550", "2014-12-31": "-2.53080", "2014-09-30": "1.82170", "2014-06-30": "1.98910", "2014-03-31": "1.89690", "2013-12-31": "1.86410", "2013-09-30": "1.82020", "2013-06-30": "1.98280", "2013-03-31": "1.89290", "2012-12-31": "2.05750", "2012-09-30": "2.00960", "2012-06-30": "1.98060", "2012-03-31": "1.99300", "2011-12-31": "-3.43580", "2011-09-30": "1.67680", "2011-06-30": "1.95000", "2011-03-31": "1.92940", "2010-12-31": "1.88670", "2010-09-30": "1.90580", "2010-06-30": "1.88270", "2010-03-31": "2.07560", "2009-12-31": "1.80460", "2009-09-30": "2.04280", "2009-06-30": "2.74640", "2009-03-31": "1.90040", "2008-12-31": "0.48280", "2008-09-30": "1.19720", "2008-06-30": "2.41200", "2008-03-31": "1.60910", "2007-12-31": "1.52060", "2007-09-30": "1.84860", "2007-06-30": "1.58910", "2007-03-31": "1.73550", "2006-12-31": "2.64200", "2006-09-30": "-0.64300", "2006-06-30": "1.29130", "2006-03-31": "0.75720", "2005-12-31": "1.20370", "2005-09-30": "0.52080", "2005-06-30": "1.59850", "2005-03-31": "1.53510"}, "Book Value Per Share": {"2020-09-30": "53.50090", "2020-06-30": "51.90260", "2020-03-31": "48.21390", "2019-12-31": "49.10390", "2019-09-30": "46.70370", "2019-06-30": "45.10610", "2019-03-31": "42.67980", "2018-12-31": "40.18490", "2018-09-30": "38.94520", "2018-06-30": "43.19720", "2018-03-31": "42.95130", "2017-12-31": "43.02420", "2017-09-30": "42.11230", "2017-06-30": "41.20530", "2017-03-31": "39.91060", "2016-12-31": "39.02130", "2016-09-30": "40.33350", "2016-06-30": "38.96410", "2016-03-31": "37.52220", "2015-12-31": "35.96220", "2015-09-30": "35.25200", "2015-06-30": "34.52590", "2015-03-31": "34.82380", "2014-12-31": "33.77550", "2014-09-30": "36.69260", "2014-06-30": "36.28500", "2014-03-31": "34.77110", "2013-12-31": "33.30210", "2013-09-30": "33.20020", "2013-06-30": "31.79710", "2013-03-31": "32.05550", "2012-12-31": "31.87430", "2012-09-30": "31.52950", "2012-06-30": "29.94460", "2012-03-31": "28.61990", "2011-12-31": "27.91000", "2011-09-30": "32.36030", "2011-06-30": "29.93800", "2011-03-31": "29.07700", "2010-12-31": "28.25380", "2010-09-30": "28.08180", "2010-06-30": "27.11880", "2010-03-31": "26.38480", "2009-12-31": "25.61750", "2009-09-30": "24.85590", "2009-06-30": "22.57100", "2009-03-31": "19.39140", "2008-12-31": "19.32200", "2008-09-30": "20.22430", "2008-06-30": "22.18620", "2008-03-31": "22.05760", "2007-12-31": "22.27780", "2007-09-30": "21.70220", "2007-06-30": "20.43140", "2007-03-31": "21.51850", "2006-12-31": "22.52820", "2006-09-30": "22.17070", "2006-06-30": "20.39860", "2006-03-31": "21.93590", "2005-12-31": "24.66490", "2005-09-30": "24.28600", "2005-06-30": "26.36770", "2005-03-31": "23.68160"}, "Operating Cash Flow Per Share": {"2020-09-30": 2.0871, "2020-06-30": 3.1038, "2020-03-31": "1.08140", "2019-12-31": 2.2602, "2019-09-30": 1.5735, "2019-06-30": 2.0553, "2019-03-31": "2.41010", "2018-12-31": 2.0323, "2018-09-30": 1.8006, "2018-06-30": 1.8019, "2018-03-31": "1.34740", "2017-12-31": 1.2424, "2017-09-30": 1.0326, "2017-06-30": 1.4991, "2017-03-31": "1.34650", "2016-12-31": 1.5299, "2016-09-30": 0.8575, "2016-06-30": 1.1432, "2016-03-31": "1.22240", "2015-12-31": 1.1558, "2015-09-30": 1.1423, "2015-06-30": 1.3288, "2015-03-31": "1.58620", "2014-12-31": 1.0626, "2014-09-30": 0.8907, "2014-06-30": 1.4844, "2014-03-31": "1.32980", "2013-12-31": 1.1937, "2013-09-30": 1.0042, "2013-06-30": 0.7001, "2013-03-31": "0.98060", "2012-12-31": 1.4718, "2012-09-30": 1.0312, "2012-06-30": 1.2629, "2012-03-31": "1.13050", "2011-12-31": 1.2959, "2011-09-30": 0.6334, "2011-06-30": 1.0453, "2011-03-31": "0.95760", "2010-12-31": 0.8412, "2010-09-30": 0.8069, "2010-06-30": 1.1651, "2010-03-31": "0.84430", "2009-12-31": 1.1581, "2009-09-30": 0.7344, "2009-06-30": 0.953, "2009-03-31": "0.87890", "2008-12-31": 0.8592, "2008-09-30": 0.9966, "2008-06-30": 1.246, "2008-03-31": "0.78070", "2007-12-31": 1.4415, "2007-09-30": 1.7402, "2007-06-30": 0.9291, "2007-03-31": "0.80890", "2006-12-31": 1.7843, "2006-09-30": 0.4994, "2006-06-30": 1.1738, "2006-03-31": "0.82500", "2005-12-31": 1.8032, "2005-09-30": 0.9713, "2005-06-30": 1.1032, "2005-03-31": "0.93360"}, "Free Cash Flow Per Share": {"2020-09-30": 1.9796, "2020-06-30": 2.9156, "2020-03-31": "0.88910", "2019-12-31": 2.0576, "2019-09-30": 1.3644, "2019-06-30": 1.8789, "2019-03-31": "2.27910", "2018-12-31": 1.8142, "2018-09-30": 1.6335, "2018-06-30": 1.663, "2018-03-31": "1.21670", "2017-12-31": 1.0654, "2017-09-30": 0.9559, "2017-06-30": 1.4081, "2017-03-31": "1.22800", "2016-12-31": 1.4263, "2016-09-30": 0.7762, "2016-06-30": 1.0395, "2016-03-31": "1.15080", "2015-12-31": 1.0492, "2015-09-30": 1.0578, "2015-06-30": 1.2402, "2015-03-31": "1.46170", "2014-12-31": 0.9571, "2014-09-30": 0.7766, "2014-06-30": 1.3656, "2014-03-31": "1.22210", "2013-12-31": 0.797, "2013-09-30": 1.0042, "2013-06-30": 0.7001, "2013-03-31": "0.98060", "2012-12-31": 1.0977, "2012-09-30": 1.0312, "2012-06-30": 1.2629, "2012-03-31": "1.13050", "2011-12-31": 0.9724, "2011-09-30": 0.6334, "2011-06-30": 1.0453, "2011-03-31": "0.95760", "2010-12-31": 0.8412, "2010-09-30": 0.8069, "2010-06-30": 1.1651, "2010-03-31": "0.84430", "2009-12-31": 1.1581, "2009-09-30": 0.7344, "2009-06-30": 0.953, "2009-03-31": "0.87890", "2008-12-31": 0.8592, "2008-09-30": 0.9966, "2008-06-30": 1.246, "2008-03-31": "0.78070", "2007-12-31": 1.4415, "2007-09-30": 1.7402, "2007-06-30": 0.9291, "2007-03-31": "0.80890", "2006-12-31": 1.7843, "2006-09-30": 0.4994, "2006-06-30": 1.1738, "2006-03-31": "0.82500", "2005-12-31": 1.8032, "2005-09-30": 0.9713, "2005-06-30": 1.1032, "2005-03-31": "0.93360"}}, "revenue": {"Unum Group Annual Revenue (Millions of US $)": {"2020": "$13,162", "2019": "$11,999", "2018": "$11,599", "2017": "$11,287", "2016": "$11,047", "2015": "$10,731", "2014": "$10,525", "2013": "$10,369", "2012": "$10,515", "2011": "$10,278", "2010": "$10,193", "2009": "$10,091", "2008": "$9,982", "2007": "$10,520", "2006": "$10,535", "2005": "$10,259"}, "Unum Group Quarterly Revenue (Millions of US $)": {"2020-12-31": "$4,274", "2020-09-30": "$2,996", "2020-06-30": "$3,021", "2020-03-31": "$2,871", "2019-12-31": "$3,035", "2019-09-30": "$2,960", "2019-06-30": "$3,017", "2019-03-31": "$2,988", "2018-12-31": "$2,881", "2018-09-30": "$2,928", "2018-06-30": "$2,890", "2018-03-31": "$2,900", "2017-12-31": "$2,839", "2017-09-30": "$2,819", "2017-06-30": "$2,822", "2017-03-31": "$2,807", "2016-12-31": "$2,797", "2016-09-30": "$2,763", "2016-06-30": "$2,761", "2016-03-31": "$2,725", "2015-12-31": "$2,722", "2015-09-30": "$2,658", "2015-06-30": "$2,704", "2015-03-31": "$2,647", "2014-12-31": "$2,639", "2014-09-30": "$2,614", "2014-06-30": "$2,657", "2014-03-31": "$2,614", "2013-12-31": "$2,601", "2013-09-30": "$2,541", "2013-06-30": "$2,602", "2013-03-31": "$2,625", "2012-12-31": "$2,658", "2012-09-30": "$2,628", "2012-06-30": "$2,618", "2012-03-31": "$2,611", "2011-12-31": "$2,605", "2011-09-30": "$2,546", "2011-06-30": "$2,565", "2011-03-31": "$2,563", "2010-12-31": "$2,593", "2010-09-30": "$2,528", "2010-06-30": "$2,511", "2010-03-31": "$2,562", "2009-12-31": "$2,497", "2009-09-30": "$2,518", "2009-06-30": "$2,628", "2009-03-31": "$2,449", "2008-12-31": "$2,324", "2008-09-30": "$2,443", "2008-06-30": "$2,675", "2008-03-31": "$2,541", "2007-12-31": "$2,644", "2007-09-30": "$2,610", "2007-06-30": "$2,666", "2007-03-31": "$2,601", "2006-12-31": "$2,696", "2006-09-30": "$2,617", "2006-06-30": "$2,622", "2006-03-31": "$2,600", "2005-12-31": "$2,487", "2005-09-30": "$2,544", "2005-06-30": "$2,657", "2005-03-31": "$2,572"}}, "gross-profit": {"Unum Group Annual Gross Profit (Millions of US $)": {"2020": "$3,708", "2019": "$4,039", "2018": "$3,138", "2017": "$3,798", "2016": "$3,670", "2015": "$3,522", "2014": "$2,802", "2013": "$3,330", "2012": "$3,343", "2011": "$2,632", "2010": "$3,406", "2009": "$3,556", "2008": "$3,094", "2007": "$3,247", "2006": "$2,667", "2005": "$2,891"}, "Unum Group Quarterly Gross Profit (Millions of US $)": {"2020-12-31": "$809", "2020-09-30": "$984", "2020-06-30": "$1,015", "2020-03-31": "$899", "2019-12-31": "$1,037", "2019-09-30": "$971", "2019-06-30": "$1,000", "2019-03-31": "$1,030", "2018-12-31": "$1,109", "2018-09-30": "$72", "2018-06-30": "$978", "2018-03-31": "$979", "2017-12-31": "$941", "2017-09-30": "$946", "2017-06-30": "$962", "2017-03-31": "$949", "2016-12-31": "$951", "2016-09-30": "$912", "2016-06-30": "$920", "2016-03-31": "$888", "2015-12-31": "$883", "2015-09-30": "$860", "2015-06-30": "$897", "2015-03-31": "$882", "2014-12-31": "$171", "2014-09-30": "$857", "2014-06-30": "$899", "2014-03-31": "$876", "2013-12-31": "$847", "2013-09-30": "$795", "2013-06-30": "$833", "2013-03-31": "$856", "2012-12-31": "$862", "2012-09-30": "$824", "2012-06-30": "$823", "2012-03-31": "$834", "2011-12-31": "$115", "2011-09-30": "$800", "2011-06-30": "$860", "2011-03-31": "$858", "2010-12-31": "$727", "2010-09-30": "$877", "2010-06-30": "$873", "2010-03-31": "$929", "2009-12-31": "$873", "2009-09-30": "$892", "2009-06-30": "$980", "2009-03-31": "$811", "2008-12-31": "$613", "2008-09-30": "$729", "2008-06-30": "$941", "2008-03-31": "$810", "2007-12-31": "$860", "2007-09-30": "$814", "2007-06-30": "$777", "2007-03-31": "$796", "2006-12-31": "$813", "2006-09-30": "$457", "2006-06-30": "$740", "2006-03-31": "$658", "2005-12-31": "$606", "2005-09-30": "$660", "2005-06-30": "$861", "2005-03-31": "$764"}}, "operating-income": {"Unum Group Annual Operating Income (Millions of US $)": {"2020": "$964", "2019": "$1,382", "2018": "$628", "2017": "$1,404", "2016": "$1,348", "2015": "$1,238", "2014": "$542", "2013": "$1,220", "2012": "$1,250", "2011": "$333", "2010": "$1,320", "2009": "$1,292", "2008": "$824", "2007": "$997", "2006": "$465", "2005": "$694"}, "Unum Group Quarterly Operating Income (Millions of US $)": {"2020-12-31": "$125", "2020-09-30": "$300", "2020-06-30": "$338", "2020-03-31": "$202", "2019-12-31": "$377", "2019-09-30": "$299", "2019-06-30": "$352", "2019-03-31": "$353", "2018-12-31": "$310", "2018-09-30": "$-378", "2018-06-30": "$355", "2018-03-31": "$341", "2017-12-31": "$345", "2017-09-30": "$367", "2017-06-30": "$362", "2017-03-31": "$330", "2016-12-31": "$371", "2016-09-30": "$332", "2016-06-30": "$340", "2016-03-31": "$304", "2015-12-31": "$317", "2015-09-30": "$299", "2015-06-30": "$320", "2015-03-31": "$303", "2014-12-31": "$-455", "2014-09-30": "$317", "2014-06-30": "$350", "2014-03-31": "$330", "2013-12-31": "$321", "2013-09-30": "$284", "2013-06-30": "$312", "2013-03-31": "$304", "2012-12-31": "$323", "2012-09-30": "$320", "2012-06-30": "$296", "2012-03-31": "$310", "2011-12-31": "$-617", "2011-09-30": "$289", "2011-06-30": "$335", "2011-03-31": "$327", "2010-12-31": "$324", "2010-09-30": "$327", "2010-06-30": "$308", "2010-03-31": "$361", "2009-12-31": "$296", "2009-09-30": "$335", "2009-06-30": "$411", "2009-03-31": "$251", "2008-12-31": "$53", "2008-09-30": "$160", "2008-06-30": "$367", "2008-03-31": "$245", "2007-12-31": "$225", "2007-09-30": "$279", "2007-06-30": "$233", "2007-03-31": "$260", "2006-12-31": "$266", "2006-09-30": "$-97", "2006-06-30": "$190", "2006-03-31": "$108", "2005-12-31": "$178", "2005-09-30": "$68", "2005-06-30": "$266", "2005-03-31": "$182"}}, "ebitda": {"Unum Group Annual EBITDA (Millions of US $)": {"2019": "$1,670", "2018": "$897", "2017": "$1,667", "2016": "$1,615", "2015": "$1,491", "2014": "$797", "2013": "$1,454", "2012": "$1,479", "2011": "$558", "2010": "$1,537", "2009": "$1,492", "2008": "$1,050", "2007": "$1,305", "2006": "$756", "2005": "$975"}, "Unum Group Quarterly EBITDA (Millions of US $)": {"2020-09-30": "$399", "2020-06-30": "$412", "2020-03-31": "$276", "2019-12-31": "$488", "2019-09-30": "$337", "2019-06-30": "$422", "2019-03-31": "$423", "2018-12-31": "$378", "2018-09-30": "$-310", "2018-06-30": "$422", "2018-03-31": "$406", "2017-12-31": "$410", "2017-09-30": "$432", "2017-06-30": "$428", "2017-03-31": "$397", "2016-12-31": "$437", "2016-09-30": "$403", "2016-06-30": "$408", "2016-03-31": "$368", "2015-12-31": "$381", "2015-09-30": "$362", "2015-06-30": "$383", "2015-03-31": "$364", "2014-12-31": "$-394", "2014-09-30": "$379", "2014-06-30": "$425", "2014-03-31": "$389", "2013-12-31": "$380", "2013-09-30": "$342", "2013-06-30": "$370", "2013-03-31": "$362", "2012-12-31": "$382", "2012-09-30": "$379", "2012-06-30": "$352", "2012-03-31": "$366", "2011-12-31": "$-561", "2011-09-30": "$344", "2011-06-30": "$390", "2011-03-31": "$385", "2010-12-31": "$383", "2010-09-30": "$381", "2010-06-30": "$361", "2010-03-31": "$413", "2009-12-31": "$350", "2009-09-30": "$381", "2009-06-30": "$460", "2009-03-31": "$301", "2008-12-31": "$106", "2008-09-30": "$213", "2008-06-30": "$426", "2008-03-31": "$305", "2007-12-31": "$351", "2007-09-30": "$339", "2007-06-30": "$293", "2007-03-31": "$323", "2006-12-31": "$357", "2006-09-30": "$-35", "2006-06-30": "$254", "2006-03-31": "$180", "2005-12-31": "$242", "2005-09-30": "$139", "2005-06-30": "$343", "2005-03-31": "$251"}}, "net-income": {"Unum Group Annual Net Income (Millions of US $)": {"2020": "$793", "2019": "$1,100", "2018": "$523", "2017": "$994", "2016": "$931", "2015": "$867", "2014": "$402", "2013": "$847", "2012": "$894", "2011": "$284", "2010": "$879", "2009": "$853", "2008": "$553", "2007": "$679", "2006": "$411", "2005": "$514"}, "Unum Group Quarterly Net Income (Millions of US $)": {"2020-12-31": "$135", "2020-09-30": "$231", "2020-06-30": "$266", "2020-03-31": "$161", "2019-12-31": "$296", "2019-09-30": "$242", "2019-06-30": "$281", "2019-03-31": "$281", "2018-12-31": "$249", "2018-09-30": "$-285", "2018-06-30": "$286", "2018-03-31": "$274", "2017-12-31": "$267", "2017-09-30": "$252", "2017-06-30": "$245", "2017-03-31": "$230", "2016-12-31": "$248", "2016-09-30": "$236", "2016-06-30": "$237", "2016-03-31": "$211", "2015-12-31": "$226", "2015-09-30": "$204", "2015-06-30": "$224", "2015-03-31": "$213", "2014-12-31": "$-282", "2014-09-30": "$219", "2014-06-30": "$239", "2014-03-31": "$226", "2013-12-31": "$210", "2013-09-30": "$206", "2013-06-30": "$219", "2013-03-31": "$213", "2012-12-31": "$234", "2012-09-30": "$230", "2012-06-30": "$216", "2012-03-31": "$214", "2011-12-31": "$-369", "2011-09-30": "$202", "2011-06-30": "$228", "2011-03-31": "$224", "2010-12-31": "$218", "2010-09-30": "$221", "2010-06-30": "$210", "2010-03-31": "$230", "2009-12-31": "$199", "2009-09-30": "$221", "2009-06-30": "$267", "2009-03-31": "$165", "2008-12-31": "$42", "2008-09-30": "$108", "2008-06-30": "$240", "2008-03-31": "$163", "2007-12-31": "$161", "2007-09-30": "$187", "2007-06-30": "$154", "2007-03-31": "$178", "2006-12-31": "$276", "2006-09-30": "$-64", "2006-06-30": "$125", "2006-03-31": "$73", "2005-12-31": "$138", "2005-09-30": "$53", "2005-06-30": "$171", "2005-03-31": "$152"}}, "eps-earnings-per-share-diluted": {"Unum Group Annual EPS": {"2020": "$3.89", "2019": "$5.24", "2018": "$2.38", "2017": "$4.37", "2016": "$3.95", "2015": "$3.50", "2014": "$1.57", "2013": "$3.19", "2012": "$3.17", "2011": "$0.94", "2010": "$2.69", "2009": "$2.57", "2008": "$1.62", "2007": "$1.91", "2006": "$1.23", "2005": "$1.64"}, "Unum Group Quarterly EPS": {"2020-12-31": "$0.66", "2020-09-30": "$1.13", "2020-06-30": "$1.30", "2020-03-31": "$0.79", "2019-12-31": "$1.44", "2019-09-30": "$1.16", "2019-06-30": "$1.33", "2019-03-31": "$1.31", "2018-12-31": "$1.16", "2018-09-30": "$-1.30", "2018-06-30": "$1.29", "2018-03-31": "$1.23", "2017-12-31": "$1.18", "2017-09-30": "$1.12", "2017-06-30": "$1.07", "2017-03-31": "$1.00", "2016-12-31": "$1.06", "2016-09-30": "$1.01", "2016-06-30": "$1.00", "2016-03-31": "$0.88", "2015-12-31": "$0.93", "2015-09-30": "$0.83", "2015-06-30": "$0.90", "2015-03-31": "$0.84", "2014-12-31": "$-1.08", "2014-09-30": "$0.86", "2014-06-30": "$0.93", "2014-03-31": "$0.86", "2013-12-31": "$0.80", "2013-09-30": "$0.78", "2013-06-30": "$0.82", "2013-03-31": "$0.79", "2012-12-31": "$0.85", "2012-09-30": "$0.83", "2012-06-30": "$0.76", "2012-03-31": "$0.73", "2011-12-31": "$-1.19", "2011-09-30": "$0.68", "2011-06-30": "$0.74", "2011-03-31": "$0.71", "2010-12-31": "$0.69", "2010-09-30": "$0.68", "2010-06-30": "$0.63", "2010-03-31": "$0.69", "2009-12-31": "$0.61", "2009-09-30": "$0.66", "2009-06-30": "$0.80", "2009-03-31": "$0.50", "2008-12-31": "$0.15", "2008-09-30": "$0.32", "2008-06-30": "$0.69", "2008-03-31": "$0.46", "2007-12-31": "$0.45", "2007-09-30": "$0.52", "2007-06-30": "$0.43", "2007-03-31": "$0.51", "2006-12-31": "$0.81", "2006-09-30": "$-0.19", "2006-06-30": "$0.38", "2006-03-31": "$0.23", "2005-12-31": "$0.43", "2005-09-30": "$0.17", "2005-06-30": "$0.55", "2005-03-31": "$0.49"}}, "shares-outstanding": {"Unum Group Annual Shares Outstanding (Millions of Shares)": {"2020": "204", "2019": "210", "2018": "220", "2017": "227", "2016": "236", "2015": "248", "2014": "257", "2013": "266", "2012": "282", "2011": "304", "2010": "327", "2009": "332", "2008": "342", "2007": "356", "2006": "334", "2005": "313"}, "Unum Group Quarterly Shares Outstanding (Millions of Shares)": {"2020-12-31": "204", "2020-09-30": "204", "2020-06-30": "204", "2020-03-31": "203", "2019-12-31": "210", "2019-09-30": "208", "2019-06-30": "211", "2019-03-31": "214", "2018-12-31": "220", "2018-09-30": "219", "2018-06-30": "221", "2018-03-31": "223", "2017-12-31": "227", "2017-09-30": "226", "2017-06-30": "228", "2017-03-31": "230", "2016-12-31": "236", "2016-09-30": "234", "2016-06-30": "237", "2016-03-31": "240", "2015-12-31": "248", "2015-09-30": "246", "2015-06-30": "249", "2015-03-31": "252", "2014-12-31": "257", "2014-09-30": "255", "2014-06-30": "258", "2014-03-31": "261", "2013-12-31": "266", "2013-09-30": "264", "2013-06-30": "267", "2013-03-31": "270", "2012-12-31": "282", "2012-09-30": "279", "2012-06-30": "284", "2012-03-31": "291", "2011-12-31": "304", "2011-09-30": "299", "2011-06-30": "307", "2011-03-31": "314", "2010-12-31": "327", "2010-09-30": "324", "2010-06-30": "333", "2010-03-31": "334", "2009-12-31": "332", "2009-09-30": "333", "2009-06-30": "332", "2009-03-31": "331", "2008-12-31": "342", "2008-09-30": "338", "2008-06-30": "346", "2008-03-31": "351", "2007-12-31": "356", "2007-09-30": "361", "2007-06-30": "355", "2007-03-31": "346", "2006-12-31": "334", "2006-09-30": "341", "2006-06-30": "330", "2006-03-31": "320", "2005-12-31": "313", "2005-09-30": "315", "2005-06-30": "309", "2005-03-31": "308"}}, "total-assets": {"Unum Group Annual Total Assets (Millions of US $)": {"2019": "$67,013", "2018": "$61,876", "2017": "$64,013", "2016": "$61,942", "2015": "$60,564", "2014": "$62,450", "2013": "$59,404", "2012": "$62,236", "2011": "$59,555", "2010": "$57,308", "2009": "$54,477", "2008": "$49,417", "2007": "$52,702", "2006": "$52,823", "2005": "$51,867"}, "Unum Group Quarterly Total Assets (Millions of US $)": {"2020-09-30": "$69,616", "2020-06-30": "$69,305", "2020-03-31": "$65,336", "2019-12-31": "$67,013", "2019-09-30": "$66,956", "2019-06-30": "$65,844", "2019-03-31": "$63,922", "2018-12-31": "$61,876", "2018-09-30": "$62,250", "2018-06-30": "$62,367", "2018-03-31": "$63,012", "2017-12-31": "$64,013", "2017-09-30": "$63,806", "2017-06-30": "$63,382", "2017-03-31": "$62,525", "2016-12-31": "$61,942", "2016-09-30": "$63,905", "2016-06-30": "$63,853", "2016-03-31": "$61,968", "2015-12-31": "$60,564", "2015-09-30": "$61,504", "2015-06-30": "$61,707", "2015-03-31": "$63,015", "2014-12-31": "$62,450", "2014-09-30": "$61,961", "2014-06-30": "$62,218", "2014-03-31": "$61,079", "2013-12-31": "$59,404", "2013-09-30": "$59,586", "2013-06-30": "$59,366", "2013-03-31": "$61,611", "2012-12-31": "$62,236", "2012-09-30": "$62,120", "2012-06-30": "$60,679", "2012-03-31": "$59,572", "2011-12-31": "$59,555", "2011-09-30": "$60,041", "2011-06-30": "$58,016", "2011-03-31": "$57,117", "2010-12-31": "$57,308", "2010-09-30": "$59,055", "2010-06-30": "$56,792", "2010-03-31": "$54,997", "2009-12-31": "$54,477", "2009-09-30": "$54,475", "2009-06-30": "$51,340", "2009-03-31": "$49,180", "2008-12-31": "$49,417", "2008-09-30": "$49,938", "2008-06-30": "$51,768", "2008-03-31": "$52,069", "2007-12-31": "$52,702", "2007-09-30": "$52,567", "2007-06-30": "$52,071", "2007-03-31": "$52,325", "2006-12-31": "$52,823", "2006-09-30": "$52,172", "2006-06-30": "$50,402", "2006-03-31": "$50,471", "2005-12-31": "$51,867", "2005-09-30": "$51,147", "2005-06-30": "$52,430", "2005-03-31": "$50,837"}}, "cash-on-hand": {"Unum Group Annual Cash on Hand (Millions of US $)": {"2019": "$84", "2018": "$94", "2017": "$77", "2016": "$100", "2015": "$113", "2014": "$103", "2013": "$94", "2012": "$77", "2011": "$117", "2010": "$54", "2009": "$72", "2008": "$50", "2007": "$199", "2006": "$121", "2005": "$67"}, "Unum Group Quarterly Cash on Hand (Millions of US $)": {"2020-09-30": "$104", "2020-06-30": "$166", "2020-03-31": "$337", "2019-12-31": "$84", "2019-09-30": "$77", "2019-06-30": "$61", "2019-03-31": "$62", "2018-12-31": "$94", "2018-09-30": "$214", "2018-06-30": "$100", "2018-03-31": "$309", "2017-12-31": "$77", "2017-09-30": "$70", "2017-06-30": "$117", "2017-03-31": "$107", "2016-12-31": "$100", "2016-09-30": "$88", "2016-06-30": "$94", "2016-03-31": "$121", "2015-12-31": "$113", "2015-09-30": "$109", "2015-06-30": "$123", "2015-03-31": "$84", "2014-12-31": "$103", "2014-09-30": "$61", "2014-06-30": "$112", "2014-03-31": "$76", "2013-12-31": "$94", "2013-09-30": "$63", "2013-06-30": "$48", "2013-03-31": "$102", "2012-12-31": "$77", "2012-09-30": "$54", "2012-06-30": "$38", "2012-03-31": "$103", "2011-12-31": "$117", "2011-09-30": "$52", "2011-06-30": "$71", "2011-03-31": "$57", "2010-12-31": "$54", "2010-09-30": "$79", "2010-06-30": "$81", "2010-03-31": "$52", "2009-12-31": "$72", "2009-09-30": "$221", "2009-06-30": "$49", "2009-03-31": "$50", "2008-12-31": "$50", "2008-09-30": "$99", "2008-06-30": "$94", "2008-03-31": "$85", "2007-12-31": "$199", "2007-09-30": "$145", "2007-06-30": "$127", "2007-03-31": "$136", "2006-12-31": "$121", "2006-09-30": "$32", "2006-06-30": "$63", "2006-03-31": "$61", "2005-12-31": "$67", "2005-09-30": "$64", "2005-06-30": "$95", "2005-03-31": "$61"}}, "long-term-debt": {"Unum Group Annual Long Term Debt (Millions of US $)": {"2019": "$2,927", "2018": "$2,971", "2017": "$2,738", "2016": "$2,999", "2015": "$2,449", "2014": "$2,629", "2013": "$2,612", "2012": "$2,755", "2011": "$2,570", "2010": "$2,631", "2009": "$2,550", "2008": "$2,259", "2007": "$2,515", "2006": "$2,660", "2005": "$3,262"}, "Unum Group Quarterly Long Term Debt (Millions of US $)": {"2020-09-30": "$3,379", "2020-06-30": "$3,393", "2020-03-31": "$2,914", "2019-12-31": "$2,927", "2019-09-30": "$3,038", "2019-06-30": "$3,341", "2019-03-31": "$2,959", "2018-12-31": "$2,971", "2018-09-30": "$2,984", "2018-06-30": "$2,998", "2018-03-31": "$2,722", "2017-12-31": "$2,738", "2017-09-30": "$2,754", "2017-06-30": "$2,968", "2017-03-31": "$2,985", "2016-12-31": "$2,999", "2016-09-30": "$3,020", "2016-06-30": "$3,043", "2016-03-31": "$2,443", "2015-12-31": "$2,449", "2015-09-30": "$2,217", "2015-06-30": "$2,581", "2015-03-31": "$2,603", "2014-12-31": "$2,629", "2014-09-30": "$2,783", "2014-06-30": "$2,792", "2014-03-31": "$2,948", "2013-12-31": "$2,612", "2013-09-30": "$2,631", "2013-06-30": "$2,644", "2013-03-31": "$2,674", "2012-12-31": "$2,755", "2012-09-30": "$2,782", "2012-06-30": "$2,540", "2012-03-31": "$2,553", "2011-12-31": "$2,570", "2011-09-30": "$2,587", "2011-06-30": "$2,589", "2011-03-31": "$2,605", "2010-12-31": "$2,631", "2010-09-30": "$2,661", "2010-06-30": "$2,267", "2010-03-31": "$2,291", "2009-12-31": "$2,550", "2009-09-30": "$2,580", "2009-06-30": "$2,251", "2009-03-31": "$2,255", "2008-12-31": "$2,259", "2008-09-30": "$2,285", "2008-06-30": "$2,298", "2008-03-31": "$2,498", "2007-12-31": "$2,515", "2007-09-30": "$2,285", "2007-06-30": "$2,288", "2007-03-31": "$2,500", "2006-12-31": "$2,660", "2006-09-30": "$2,562", "2006-06-30": "$2,562", "2006-03-31": "$2,862", "2005-12-31": "$3,262", "2005-09-30": "$2,862", "2005-06-30": "$2,862", "2005-03-31": "$2,862"}}, "total-liabilities": {"Unum Group Annual Total Liabilities (Millions of US $)": {"2019": "$57,048", "2018": "$53,254", "2017": "$54,438", "2016": "$52,974", "2015": "$51,900", "2014": "$53,928", "2013": "$50,745", "2012": "$53,624", "2011": "$51,386", "2010": "$48,363", "2009": "$45,977", "2008": "$43,020", "2007": "$44,662", "2006": "$45,105", "2005": "$44,503"}, "Unum Group Quarterly Total Liabilities (Millions of US $)": {"2020-09-30": "$58,724", "2020-06-30": "$58,744", "2020-03-31": "$55,533", "2019-12-31": "$57,048", "2019-09-30": "$57,324", "2019-06-30": "$56,391", "2019-03-31": "$54,861", "2018-12-31": "$53,254", "2018-09-30": "$53,732", "2018-06-30": "$52,920", "2018-03-31": "$53,513", "2017-12-31": "$54,438", "2017-09-30": "$54,357", "2017-06-30": "$54,065", "2017-03-31": "$53,417", "2016-12-31": "$52,974", "2016-09-30": "$54,544", "2016-06-30": "$54,696", "2016-03-31": "$53,048", "2015-12-31": "$51,900", "2015-09-30": "$52,923", "2015-06-30": "$53,191", "2015-03-31": "$54,327", "2014-12-31": "$53,928", "2014-09-30": "$52,717", "2014-06-30": "$52,974", "2014-03-31": "$52,123", "2013-12-31": "$50,745", "2013-09-30": "$50,916", "2013-06-30": "$50,986", "2013-03-31": "$53,054", "2012-12-31": "$53,624", "2012-09-30": "$53,446", "2012-06-30": "$52,293", "2012-03-31": "$51,392", "2011-12-31": "$51,386", "2011-09-30": "$50,581", "2011-06-30": "$48,933", "2011-03-31": "$48,133", "2010-12-31": "$48,363", "2010-09-30": "$50,131", "2010-06-30": "$47,921", "2010-03-31": "$46,217", "2009-12-31": "$45,977", "2009-09-30": "$46,232", "2009-06-30": "$43,861", "2009-03-31": "$42,757", "2008-12-31": "$43,020", "2008-09-30": "$43,202", "2008-06-30": "$44,104", "2008-03-31": "$44,431", "2007-12-31": "$44,662", "2007-09-30": "$44,736", "2007-06-30": "$44,700", "2007-03-31": "$44,948", "2006-12-31": "$45,105", "2006-09-30": "$44,577", "2006-06-30": "$43,415", "2006-03-31": "$43,903", "2005-12-31": "$44,503", "2005-09-30": "$43,909", "2005-06-30": "$44,576", "2005-03-31": "$43,784"}}, "total-share-holder-equity": {"Unum Group Annual Share Holder Equity (Millions of US $)": {"2019": "$9,965", "2018": "$8,622", "2017": "$9,575", "2016": "$8,968", "2015": "$8,664", "2014": "$8,522", "2013": "$8,659", "2012": "$8,613", "2011": "$8,170", "2010": "$8,944", "2009": "$8,500", "2008": "$6,398", "2007": "$8,040", "2006": "$7,719", "2005": "$7,364"}, "Unum Group Quarterly Share Holder Equity (Millions of US $)": {"2020-09-30": "$10,892", "2020-06-30": "$10,561", "2020-03-31": "$9,803", "2019-12-31": "$9,965", "2019-09-30": "$9,632", "2019-06-30": "$9,453", "2019-03-31": "$9,061", "2018-12-31": "$8,622", "2018-09-30": "$8,518", "2018-06-30": "$9,446", "2018-03-31": "$9,500", "2017-12-31": "$9,575", "2017-09-30": "$9,449", "2017-06-30": "$9,317", "2017-03-31": "$9,107", "2016-12-31": "$8,968", "2016-09-30": "$9,361", "2016-06-30": "$9,157", "2016-03-31": "$8,920", "2015-12-31": "$8,664", "2015-09-30": "$8,581", "2015-06-30": "$8,516", "2015-03-31": "$8,688", "2014-12-31": "$8,522", "2014-09-30": "$9,244", "2014-06-30": "$9,244", "2014-03-31": "$8,956", "2013-12-31": "$8,659", "2013-09-30": "$8,670", "2013-06-30": "$8,381", "2013-03-31": "$8,558", "2012-12-31": "$8,613", "2012-09-30": "$8,673", "2012-06-30": "$8,386", "2012-03-31": "$8,180", "2011-12-31": "$8,170", "2011-09-30": "$9,460", "2011-06-30": "$9,083", "2011-03-31": "$8,984", "2010-12-31": "$8,944", "2010-09-30": "$8,924", "2010-06-30": "$8,872", "2010-03-31": "$8,780", "2009-12-31": "$8,500", "2009-09-30": "$8,243", "2009-06-30": "$7,478", "2009-03-31": "$6,423", "2008-12-31": "$6,398", "2008-09-30": "$6,736", "2008-06-30": "$7,664", "2008-03-31": "$7,638", "2007-12-31": "$8,040", "2007-09-30": "$7,831", "2007-06-30": "$7,372", "2007-03-31": "$7,377", "2006-12-31": "$7,719", "2006-09-30": "$7,594", "2006-06-30": "$6,987", "2006-03-31": "$6,568", "2005-12-31": "$7,364", "2005-09-30": "$7,238", "2005-06-30": "$7,855", "2005-03-31": "$7,052"}}, "profit-margins": {"current": "6.02%"}, "gross margin": {"2020-12-31": "28.16%", "2020-09-30": "33.00%", "2020-06-30": "32.99%", "2020-03-31": "32.88%", "2019-12-31": "33.65%", "2019-09-30": "34.70%", "2019-06-30": "27.18%", "2019-03-31": "27.29%", "2018-12-31": "27.05%", "2018-09-30": "25.70%", "2018-06-30": "33.58%", "2018-03-31": "33.64%", "2017-12-31": "33.65%", "2017-09-30": "33.86%", "2017-06-30": "33.73%", "2017-03-31": "33.54%", "2016-12-31": "33.23%", "2016-09-30": "32.84%", "2016-06-30": "32.68%", "2016-03-31": "32.64%", "2015-12-31": "32.82%", "2015-09-30": "26.39%", "2015-06-30": "26.47%", "2015-03-31": "26.61%", "2014-12-31": "26.63%", "2014-09-30": "33.18%", "2014-06-30": "32.81%", "2014-03-31": "32.34%", "2013-12-31": "32.11%", "2013-09-30": "32.08%", "2013-06-30": "32.10%", "2013-03-31": "31.96%", "2012-12-31": "31.79%", "2012-09-30": "24.81%", "2012-06-30": "24.78%", "2012-03-31": "25.26%", "2011-12-31": "25.62%", "2011-09-30": "31.61%", "2011-06-30": "32.41%", "2011-03-31": "32.71%", "2010-12-31": "33.41%", "2010-09-30": "35.18%", "2010-06-30": "35.36%", "2010-03-31": "36.00%", "2009-12-31": "35.24%", "2009-09-30": "33.23%", "2009-06-30": "31.83%", "2009-03-31": "31.28%", "2008-12-31": "30.98%", "2008-09-30": "32.42%", "2008-06-30": "32.71%", "2008-03-31": "31.17%", "2007-12-31": "30.86%", "2007-09-30": "30.27%", "2007-06-30": "26.87%", "2007-03-31": "26.62%", "2006-12-31": "25.32%", "2006-09-30": "23.82%", "2006-06-30": "25.97%", "2006-03-31": "27.07%", "2005-12-31": "28.18%"}, "operating margin": {"2020-12-31": "7.33%", "2020-09-30": "10.21%", "2020-06-30": "10.23%", "2020-03-31": "10.35%", "2019-12-31": "11.51%", "2019-09-30": "11.09%", "2019-06-30": "5.39%", "2019-03-31": "5.48%", "2018-12-31": "5.41%", "2018-09-30": "5.74%", "2018-06-30": "12.30%", "2018-03-31": "12.43%", "2017-12-31": "12.44%", "2017-09-30": "12.72%", "2017-06-30": "12.47%", "2017-03-31": "12.34%", "2016-12-31": "12.19%", "2016-09-30": "11.79%", "2016-06-30": "11.60%", "2016-03-31": "11.47%", "2015-12-31": "11.55%", "2015-09-30": "4.39%", "2015-06-30": "4.57%", "2015-03-31": "4.88%", "2014-12-31": "5.15%", "2014-09-30": "12.57%", "2014-06-30": "12.34%", "2014-03-31": "12.03%", "2013-12-31": "11.77%", "2013-09-30": "11.72%", "2013-06-30": "11.97%", "2013-03-31": "11.81%", "2012-12-31": "11.88%", "2012-09-30": "2.95%", "2012-06-30": "2.68%", "2012-03-31": "3.07%", "2011-12-31": "3.25%", "2011-09-30": "12.42%", "2011-06-30": "12.81%", "2011-03-31": "12.61%", "2010-12-31": "12.95%", "2010-09-30": "12.79%", "2010-06-30": "12.89%", "2010-03-31": "13.75%", "2009-12-31": "12.81%", "2009-09-30": "10.59%", "2009-06-30": "8.89%", "2009-03-31": "8.40%", "2008-12-31": "8.26%", "2008-09-30": "9.68%", "2008-06-30": "10.66%", "2008-03-31": "9.39%", "2007-12-31": "9.48%", "2007-09-30": "9.82%", "2007-06-30": "6.26%", "2007-03-31": "5.88%", "2006-12-31": "4.43%", "2006-09-30": "3.67%", "2006-06-30": "5.31%", "2006-03-31": "6.03%", "2005-12-31": "6.76%"}, "ebitda margin": {"2020-09-30": "13.21%", "2020-06-30": "12.73%", "2020-03-31": "12.82%", "2019-12-31": "13.92%", "2019-09-30": "13.17%", "2019-06-30": "7.73%", "2019-03-31": "7.81%", "2018-12-31": "7.72%", "2018-09-30": "8.03%", "2018-06-30": "14.59%", "2018-03-31": "14.73%", "2017-12-31": "14.77%", "2017-09-30": "15.06%", "2017-06-30": "14.88%", "2017-03-31": "14.78%", "2016-12-31": "14.63%", "2016-09-30": "14.22%", "2016-06-30": "13.98%", "2016-03-31": "13.82%", "2015-12-31": "13.89%", "2015-09-30": "6.71%", "2015-06-30": "6.90%", "2015-03-31": "7.33%", "2014-12-31": "7.58%", "2014-09-30": "14.99%", "2014-06-30": "14.74%", "2014-03-31": "14.29%", "2013-12-31": "14.02%", "2013-09-30": "13.97%", "2013-06-30": "14.20%", "2013-03-31": "14.01%", "2012-12-31": "14.07%", "2012-09-30": "5.12%", "2012-06-30": "4.83%", "2012-03-31": "5.22%", "2011-12-31": "5.43%", "2011-09-30": "14.63%", "2011-06-30": "15.02%", "2011-03-31": "14.81%", "2010-12-31": "15.09%", "2010-09-30": "14.90%", "2010-06-30": "14.92%", "2010-03-31": "15.72%", "2009-12-31": "14.78%", "2009-09-30": "12.58%", "2009-06-30": "10.97%", "2009-03-31": "10.58%", "2008-12-31": "10.52%", "2008-09-30": "12.57%", "2008-06-30": "13.57%", "2008-03-31": "12.31%", "2007-12-31": "12.41%", "2007-09-30": "12.41%", "2007-06-30": "8.87%", "2007-03-31": "8.52%", "2006-12-31": "7.16%", "2006-09-30": "6.19%", "2006-06-30": "7.93%", "2006-03-31": "8.78%", "2005-12-31": "9.50%"}, "pre tax profit margin": {"2020-12-31": "7.33%", "2020-09-30": "10.21%", "2020-06-30": "10.23%", "2020-03-31": "10.35%", "2019-12-31": "11.51%", "2019-09-30": "11.09%", "2019-06-30": "5.39%", "2019-03-31": "5.48%", "2018-12-31": "5.41%", "2018-09-30": "5.74%", "2018-06-30": "12.30%", "2018-03-31": "12.43%", "2017-12-31": "12.44%", "2017-09-30": "12.72%", "2017-06-30": "12.47%", "2017-03-31": "12.34%", "2016-12-31": "12.19%", "2016-09-30": "11.79%", "2016-06-30": "11.60%", "2016-03-31": "11.47%", "2015-12-31": "11.55%", "2015-09-30": "4.39%", "2015-06-30": "4.57%", "2015-03-31": "4.88%", "2014-12-31": "5.15%", "2014-09-30": "12.57%", "2014-06-30": "12.34%", "2014-03-31": "12.04%", "2013-12-31": "11.78%", "2013-09-30": "11.73%", "2013-06-30": "11.98%", "2013-03-31": "11.81%", "2012-12-31": "11.88%", "2012-09-30": "2.95%", "2012-06-30": "2.68%", "2012-03-31": "3.07%", "2011-12-31": "3.25%", "2011-09-30": "12.42%", "2011-06-30": "12.81%", "2011-03-31": "12.61%", "2010-12-31": "12.95%", "2010-09-30": "12.79%", "2010-06-30": "12.89%", "2010-03-31": "13.75%", "2009-12-31": "12.81%", "2009-09-30": "10.59%", "2009-06-30": "8.89%", "2009-03-31": "8.40%", "2008-12-31": "8.26%", "2008-09-30": "9.68%", "2008-06-30": "10.66%", "2008-03-31": "9.39%", "2007-12-31": "9.48%", "2007-09-30": "9.82%", "2007-06-30": "6.26%", "2007-03-31": "5.88%", "2006-12-31": "4.43%", "2006-09-30": "3.67%", "2006-06-30": "5.31%", "2006-03-31": "6.03%", "2005-12-31": "6.76%"}, "net profit margin": {"2020-12-31": "6.02%", "2020-09-30": "8.00%", "2020-06-30": "8.12%", "2020-03-31": "8.25%", "2019-12-31": "9.17%", "2019-09-30": "8.89%", "2019-06-30": "4.45%", "2019-03-31": "4.54%", "2018-12-31": "4.52%", "2018-09-30": "4.69%", "2018-06-30": "9.43%", "2018-03-31": "9.12%", "2017-12-31": "8.81%", "2017-09-30": "8.67%", "2017-06-30": "8.57%", "2017-03-31": "8.55%", "2016-12-31": "8.44%", "2016-09-30": "8.29%", "2016-06-30": "8.08%", "2016-03-31": "8.00%", "2015-12-31": "8.08%", "2015-09-30": "3.37%", "2015-06-30": "3.53%", "2015-03-31": "3.68%", "2014-12-31": "3.82%", "2014-09-30": "8.53%", "2014-06-30": "8.46%", "2014-03-31": "8.31%", "2013-12-31": "8.18%", "2013-09-30": "8.36%", "2013-06-30": "8.52%", "2013-03-31": "8.48%", "2012-12-31": "8.50%", "2012-09-30": "2.78%", "2012-06-30": "2.53%", "2012-03-31": "2.66%", "2011-12-31": "2.77%", "2011-09-30": "8.49%", "2011-06-30": "8.69%", "2011-03-31": "8.56%", "2010-12-31": "8.62%", "2010-09-30": "8.52%", "2010-06-30": "8.52%", "2010-03-31": "8.99%", "2009-12-31": "8.44%", "2009-09-30": "7.01%", "2009-06-30": "5.91%", "2009-03-31": "5.61%", "2008-12-31": "5.54%", "2008-09-30": "6.52%", "2008-06-30": "7.17%", "2008-03-31": "6.36%", "2007-12-31": "6.46%", "2007-09-30": "7.52%", "2007-06-30": "5.14%", "2007-03-31": "4.89%", "2006-12-31": "3.89%", "2006-09-30": "2.63%", "2006-06-30": "3.79%", "2006-03-31": "4.23%", "2005-12-31": "5.01%"}, "pe ratio": {"current": "4.73", "2021-02-05": "7.25", "2020-12-31": "7.04", "2020-09-30": "3.51", "2020-06-30": "3.38", "2020-03-31": "2.99", "2019-12-31": "5.17", "2019-09-30": "5.52", "2019-06-30": "12.29", "2019-03-31": "12.51", "2018-12-31": "11.14", "2018-09-30": "14.57", "2018-06-30": "6.84", "2018-03-31": "9.18", "2017-12-31": "11.09", "2017-09-30": "10.58", "2017-06-30": "9.85", "2017-03-31": "10.04", "2016-12-31": "9.65", "2016-09-30": "7.99", "2016-06-30": "7.51", "2016-03-31": "7.47", "2015-12-31": "8.08", "2015-09-30": "18.56", "2015-06-30": "20.03", "2015-03-31": "18.32", "2014-12-31": "18.37", "2014-09-30": "8.06", "2014-06-30": "8.33", "2014-03-31": "8.73", "2013-12-31": "8.87", "2013-09-30": "7.64", "2013-06-30": "7.22", "2013-03-31": "7.05", "2012-12-31": "5.26", "2012-09-30": "17.58", "2012-06-30": "20.71", "2012-03-31": "26.76", "2011-12-31": "23.25", "2011-09-30": "5.70", "2011-06-30": "6.92", "2011-03-31": "7.41", "2010-12-31": "6.89", "2010-09-30": "6.54", "2010-06-30": "6.43", "2010-03-31": "6.87", "2009-12-31": "5.79", "2009-09-30": "7.76", "2009-06-30": "6.83", "2009-03-31": "5.71", "2008-12-31": "8.67", "2008-09-30": "9.75", "2008-06-30": "7.17", "2008-03-31": "8.77", "2007-12-31": "9.15", "2007-09-30": "7.89", "2007-06-30": "12.21", "2007-03-31": "11.09", "2006-12-31": "12.34"}, "price sales": {"2021-02-05": "0.36", "2020-12-31": "0.35", "2020-09-30": "0.28", "2020-06-30": "0.28", "2020-03-31": "0.25", "2019-12-31": "0.48", "2019-09-30": "0.49", "2019-06-30": "0.56", "2019-03-31": "0.57", "2018-12-31": "0.50", "2018-09-30": "0.68", "2018-06-30": "0.65", "2018-03-31": "0.84", "2017-12-31": "0.98", "2017-09-30": "0.92", "2017-06-30": "0.85", "2017-03-31": "0.86", "2016-12-31": "0.82", "2016-09-30": "0.67", "2016-06-30": "0.61", "2016-03-31": "0.60", "2015-12-31": "0.66", "2015-09-30": "0.64", "2015-06-30": "0.72", "2015-03-31": "0.68", "2014-12-31": "0.71", "2014-09-30": "0.71", "2014-06-30": "0.72", "2014-03-31": "0.74", "2013-12-31": "0.74", "2013-09-30": "0.64", "2013-06-30": "0.62", "2013-03-31": "0.60", "2012-12-31": "0.45", "2012-09-30": "0.42", "2012-06-30": "0.43", "2012-03-31": "0.56", "2011-12-31": "0.49", "2011-09-30": "0.50", "2011-06-30": "0.61", "2011-03-31": "0.65", "2010-12-31": "0.60", "2010-09-30": "0.56", "2010-06-30": "0.55", "2010-03-31": "0.62", "2009-12-31": "0.49", "2009-09-30": "0.55", "2009-06-30": "0.41", "2009-03-31": "0.32", "2008-12-31": "0.48", "2008-09-30": "0.63", "2008-06-30": "0.51", "2008-03-31": "0.55", "2007-12-31": "0.59", "2007-09-30": "0.59", "2007-06-30": "0.62", "2007-03-31": "0.54", "2006-12-31": "0.47"}, "price book": {"current": "0.44", "2021-02-05": "0.44", "2020-09-30": "0.31", "2020-06-30": "0.31", "2020-03-31": "0.29", "2019-12-31": "0.55", "2019-09-30": "0.59", "2019-06-30": "0.68", "2019-03-31": "0.72", "2018-12-31": "0.66", "2018-09-30": "0.90", "2018-06-30": "0.76", "2018-03-31": "0.99", "2017-12-31": "1.13", "2017-09-30": "1.07", "2017-06-30": "0.99", "2017-03-31": "1.03", "2016-12-31": "0.98", "2016-09-30": "0.76", "2016-06-30": "0.70", "2016-03-31": "0.70", "2015-12-31": "0.79", "2015-09-30": "0.77", "2015-06-30": "0.87", "2015-03-31": "0.81", "2014-12-31": "0.86", "2014-09-30": "0.78", "2014-06-30": "0.79", "2014-03-31": "0.83", "2013-12-31": "0.86", "2013-09-30": "0.75", "2013-06-30": "0.75", "2013-03-31": "0.71", "2012-12-31": "0.52", "2012-09-30": "0.49", "2012-06-30": "0.50", "2012-03-31": "0.67", "2011-12-31": "0.59", "2011-09-30": "0.51", "2011-06-30": "0.66", "2011-03-31": "0.70", "2010-12-31": "0.66", "2010-09-30": "0.61", "2010-06-30": "0.61", "2010-03-31": "0.72", "2009-12-31": "0.58", "2009-09-30": "0.65", "2009-06-30": "0.53", "2009-03-31": "0.48", "2008-12-31": "0.72", "2008-09-30": "0.92", "2008-06-30": "0.68", "2008-03-31": "0.74", "2007-12-31": "0.78", "2007-09-30": "0.83", "2007-06-30": "0.93", "2007-03-31": "0.78", "2006-12-31": "0.67", "2006-09-30": "0.63", "2006-06-30": "0.64", "2006-03-31": "0.67"}, "price fcf": {"2021-02-05": "", "2020-09-30": "$7.84", "2020-06-30": "$7.23", "2020-03-31": "$6.19", "2019-12-31": "$7.58", "2019-09-30": "$7.34", "2019-06-30": "$7.61", "2019-03-31": "$7.39", "2018-12-31": "$6.33", "2018-09-30": "$5.58", "2018-06-30": "$4.90", "2018-03-31": "$4.65", "2017-12-31": "$4.66", "2017-09-30": "$5.02", "2017-06-30": "$4.84", "2017-03-31": "$4.47", "2016-12-31": "$4.39", "2016-09-30": "$4.02", "2016-06-30": "$4.30", "2016-03-31": "$4.50", "2015-12-31": "$4.81", "2015-09-30": "$4.72", "2015-06-30": "$4.44", "2015-03-31": "$4.56", "2014-12-31": "$4.32", "2014-09-30": "$4.16", "2014-06-30": "$4.39", "2014-03-31": "$3.72", "2013-12-31": "$3.48", "2013-09-30": "$3.78", "2013-06-30": "$3.81", "2013-03-31": "$4.37", "2012-12-31": "$4.52", "2012-09-30": "$4.40", "2012-06-30": "$4.00", "2012-03-31": "$3.78", "2011-12-31": "$3.61", "2011-09-30": "$3.48", "2011-06-30": "$3.65", "2011-03-31": "$3.77", "2010-12-31": "$3.66", "2010-09-30": "$3.97", "2010-06-30": "$3.90", "2010-03-31": "$3.69", "2009-12-31": "$3.72", "2009-09-30": "$3.43", "2009-06-30": "$3.69", "2009-03-31": "$3.98", "2008-12-31": "$3.88", "2008-09-30": "$4.46", "2008-06-30": "$5.21", "2008-03-31": "$4.89", "2007-12-31": "$4.92", "2007-09-30": "$5.26", "2007-06-30": "$4.02", "2007-03-31": "$4.27", "2006-12-31": "$4.28"}, "net worth": {"value": "$4.76B"}, "current ratio": {"2020-12-31": "0.23", "2020-09-30": "0.13", "2020-06-30": "0.13", "2020-03-31": "0.13", "2019-12-31": "0.13", "2019-09-30": "0.13", "2019-06-30": "0.13", "2019-03-31": "0.13", "2018-12-31": "0.13", "2018-09-30": "0.14", "2018-06-30": "0.14", "2018-03-31": "0.14", "2017-12-31": "0.13", "2017-09-30": "0.14", "2017-06-30": "0.14", "2017-03-31": "0.14", "2016-12-31": "0.14", "2016-09-30": "0.13", "2016-06-30": "0.13", "2016-03-31": "0.14", "2015-12-31": "0.14", "2015-09-30": "0.13", "2015-06-30": "0.14", "2015-03-31": "0.13", "2014-12-31": "0.14", "2014-09-30": "0.14", "2014-06-30": "0.14", "2014-03-31": "0.14", "2013-12-31": "0.14", "2013-09-30": "0.14", "2013-06-30": "0.14", "2013-03-31": "0.14", "2012-12-31": "0.14", "2012-09-30": "0.14", "2012-06-30": "0.14", "2012-03-31": "0.14", "2011-12-31": "0.14", "2011-09-30": "0.15", "2011-06-30": "0.15", "2011-03-31": "0.15", "2010-12-31": "0.15", "2010-09-30": "0.15", "2010-06-30": "0.16", "2010-03-31": "0.16", "2009-12-31": "0.16", "2009-09-30": "0.17", "2009-06-30": "0.17", "2009-03-31": "0.18", "2008-12-31": "0.18", "2008-09-30": "0.18", "2008-06-30": "0.18", "2008-03-31": "0.18", "2007-12-31": "0.18", "2007-09-30": "0.18", "2007-06-30": "0.19", "2007-03-31": "0.19", "2006-12-31": "0.19", "2006-09-30": "0.19", "2006-06-30": "0.20", "2006-03-31": "0.20", "2005-12-31": "0.20", "2005-09-30": "0.20", "2005-06-30": "0.24", "2005-03-31": "0.24"}, "quick ratio": {"2020-12-31": "0.00", "2020-09-30": "0.00", "2020-06-30": "0.00", "2020-03-31": "0.00", "2019-12-31": "0.00", "2019-09-30": "0.00", "2019-06-30": "0.00", "2019-03-31": "0.00", "2018-12-31": "0.00", "2018-09-30": "0.00", "2018-06-30": "0.00", "2018-03-31": "0.00", "2017-12-31": "0.00", "2017-09-30": "0.00", "2017-06-30": "0.00", "2017-03-31": "0.00", "2016-12-31": "0.00", "2016-09-30": "0.00", "2016-06-30": "0.00", "2016-03-31": "0.00", "2015-12-31": "0.00", "2015-09-30": "0.00", "2015-06-30": "0.00", "2015-03-31": "0.00", "2014-12-31": "0.00", "2014-09-30": "0.00", "2014-06-30": "0.00", "2014-03-31": "0.00", "2013-12-31": "0.00", "2013-09-30": "0.00", "2013-06-30": "0.00", "2013-03-31": "0.00", "2012-12-31": "0.00", "2012-09-30": "0.00", "2012-06-30": "0.00", "2012-03-31": "0.00", "2011-12-31": "0.00", "2011-09-30": "0.00", "2011-06-30": "0.00", "2011-03-31": "0.00", "2010-12-31": "0.00", "2010-09-30": "0.00", "2010-06-30": "0.00", "2010-03-31": "0.00", "2009-12-31": "0.00", "2009-09-30": "0.00", "2009-06-30": "0.00", "2009-03-31": "0.00", "2008-12-31": "0.00", "2008-09-30": "0.00", "2008-06-30": "0.00", "2008-03-31": "0.00", "2007-12-31": "0.00", "2007-09-30": "0.00", "2007-06-30": "0.00", "2007-03-31": "0.00", "2006-12-31": "0.00", "2006-09-30": "0.00", "2006-06-30": "0.00", "2006-03-31": "0.00", "2005-12-31": "0.00", "2005-09-30": "0.00", "2005-06-30": "0.00", "2005-03-31": "0.00"}, "debt equity ratio": {"current": "0.31", "2020-12-31": "5.50", "2020-09-30": "5.39", "2020-06-30": "5.56", "2020-03-31": "5.67", "2019-12-31": "5.73", "2019-09-30": "5.95", "2019-06-30": "5.97", "2019-03-31": "6.06", "2018-12-31": "6.18", "2018-09-30": "6.31", "2018-06-30": "5.60", "2018-03-31": "5.63", "2017-12-31": "5.69", "2017-09-30": "5.75", "2017-06-30": "5.80", "2017-03-31": "5.87", "2016-12-31": "5.91", "2016-09-30": "5.83", "2016-06-30": "5.97", "2016-03-31": "5.95", "2015-12-31": "5.99", "2015-09-30": "6.17", "2015-06-30": "6.25", "2015-03-31": "6.25", "2014-12-31": "6.33", "2014-09-30": "5.70", "2014-06-30": "5.73", "2014-03-31": "5.82", "2013-12-31": "5.86", "2013-09-30": "5.87", "2013-06-30": "6.08", "2013-03-31": "6.20", "2012-12-31": "6.23", "2012-09-30": "6.16", "2012-06-30": "6.24", "2012-03-31": "6.28", "2011-12-31": "6.29", "2011-09-30": "5.35", "2011-06-30": "5.39", "2011-03-31": "5.36", "2010-12-31": "5.41", "2010-09-30": "5.62", "2010-06-30": "5.40", "2010-03-31": "5.26", "2009-12-31": "5.41", "2009-09-30": "5.61", "2009-06-30": "5.87", "2009-03-31": "6.66", "2008-12-31": "6.72", "2008-09-30": "6.41", "2008-06-30": "5.75", "2008-03-31": "5.82", "2007-12-31": "5.56", "2007-09-30": "5.71", "2007-06-30": "6.06", "2007-03-31": "6.09", "2006-12-31": "5.84", "2006-09-30": "5.87", "2006-06-30": "6.21", "2006-03-31": "6.68", "2005-12-31": "6.04", "2005-09-30": "6.07", "2005-06-30": "5.68", "2005-03-31": "6.21"}, "return on equity": {"2020-12-31": "7.53%", "2020-09-30": "9.26%", "2020-06-30": "9.66%", "2020-03-31": "10.09%", "2019-12-31": "11.55%", "2019-09-30": "11.46%", "2019-06-30": "5.90%", "2019-03-31": "5.96%", "2018-12-31": "5.81%", "2018-09-30": "5.85%", "2018-06-30": "11.37%", "2018-03-31": "10.97%", "2017-12-31": "10.62%", "2017-09-30": "10.59%", "2017-06-30": "10.44%", "2017-03-31": "10.40%", "2016-12-31": "10.24%", "2016-09-30": "10.08%", "2016-06-30": "9.94%", "2016-03-31": "9.98%", "2015-12-31": "10.07%", "2015-09-30": "4.19%", "2015-06-30": "4.28%", "2015-03-31": "4.36%", "2014-12-31": "4.47%", "2014-09-30": "9.90%", "2014-06-30": "9.92%", "2014-03-31": "9.93%", "2013-12-31": "9.90%", "2013-09-30": "10.19%", "2013-06-30": "10.47%", "2013-03-31": "10.44%", "2012-12-31": "10.56%", "2012-09-30": "3.48%", "2012-06-30": "3.08%", "2012-03-31": "3.15%", "2011-12-31": "3.19%", "2011-09-30": "9.56%", "2011-06-30": "9.92%", "2011-03-31": "9.77%", "2010-12-31": "9.90%", "2010-09-30": "9.81%", "2010-06-30": "10.00%", "2010-03-31": "11.11%", "2009-12-31": "11.12%", "2009-09-30": "9.74%", "2009-06-30": "8.61%", "2009-03-31": "8.16%", "2008-12-31": "7.78%", "2008-09-30": "8.94%", "2008-06-30": "9.64%", "2008-03-31": "8.61%", "2007-12-31": "8.88%", "2007-09-30": "10.50%", "2007-06-30": "7.24%", "2007-03-31": "6.94%", "2006-12-31": "5.68%", "2006-09-30": "3.82%", "2006-06-30": "5.53%", "2006-03-31": "5.99%", "2005-12-31": "6.97%"}, "return on assets": {"2020-12-31": "1.15%", "2020-09-30": "1.41%", "2020-06-30": "1.44%", "2020-03-31": "1.48%", "2019-12-31": "1.67%", "2019-09-30": "1.63%", "2019-06-30": "0.83%", "2019-03-31": "0.85%", "2018-12-31": "0.84%", "2018-09-30": "0.86%", "2018-06-30": "1.70%", "2018-03-31": "1.63%", "2017-12-31": "1.57%", "2017-09-30": "1.55%", "2017-06-30": "1.52%", "2017-03-31": "1.51%", "2016-12-31": "1.48%", "2016-09-30": "1.45%", "2016-06-30": "1.42%", "2016-03-31": "1.41%", "2015-12-31": "1.41%", "2015-09-30": "0.58%", "2015-06-30": "0.60%", "2015-03-31": "0.62%", "2014-12-31": "0.65%", "2014-09-30": "1.46%", "2014-06-30": "1.45%", "2014-03-31": "1.44%", "2013-12-31": "1.41%", "2013-09-30": "1.44%", "2013-06-30": "1.46%", "2013-03-31": "1.45%", "2012-12-31": "1.46%", "2012-09-30": "0.48%", "2012-06-30": "0.44%", "2012-03-31": "0.46%", "2011-12-31": "0.49%", "2011-09-30": "1.50%", "2011-06-30": "1.54%", "2011-03-31": "1.52%", "2010-12-31": "1.54%", "2010-09-30": "1.53%", "2010-06-30": "1.56%", "2010-03-31": "1.70%", "2009-12-31": "1.63%", "2009-09-30": "1.36%", "2009-06-30": "1.16%", "2009-03-31": "1.11%", "2008-12-31": "1.09%", "2008-09-30": "1.30%", "2008-06-30": "1.44%", "2008-03-31": "1.27%", "2007-12-31": "1.30%", "2007-09-30": "1.52%", "2007-06-30": "1.04%", "2007-03-31": "0.99%", "2006-12-31": "0.80%", "2006-09-30": "0.53%", "2006-06-30": "0.76%", "2006-03-31": "0.85%", "2005-12-31": "1.00%"}, "return on investments": {"2020-12-31": "7.00%", "2020-09-30": "9.04%", "2020-06-30": "9.31%", "2020-03-31": "9.63%", "2019-12-31": "10.97%", "2019-09-30": "10.71%", "2019-06-30": "5.32%", "2019-03-31": "5.38%", "2018-12-31": "5.26%", "2018-09-30": "5.47%", "2018-06-30": "11.45%", "2018-03-31": "11.55%", "2017-12-31": "11.49%", "2017-09-30": "11.78%", "2017-06-30": "11.45%", "2017-03-31": "11.29%", "2016-12-31": "11.25%", "2016-09-30": "10.99%", "2016-06-30": "11.08%", "2016-03-31": "11.18%", "2015-12-31": "11.19%", "2015-09-30": "4.21%", "2015-06-30": "4.26%", "2015-03-31": "4.43%", "2014-12-31": "4.60%", "2014-09-30": "11.16%", "2014-06-30": "11.05%", "2014-03-31": "10.95%", "2013-12-31": "10.89%", "2013-09-30": "10.88%", "2013-06-30": "11.16%", "2013-03-31": "11.05%", "2012-12-31": "11.23%", "2012-09-30": "2.82%", "2012-06-30": "2.50%", "2012-03-31": "2.81%", "2011-12-31": "2.90%", "2011-09-30": "10.88%", "2011-06-30": "11.31%", "2011-03-31": "11.21%", "2010-12-31": "11.64%", "2010-09-30": "11.52%", "2010-06-30": "11.80%", "2010-03-31": "13.15%", "2009-12-31": "12.84%", "2009-09-30": "11.09%", "2009-06-30": "9.70%", "2009-03-31": "9.15%", "2008-12-31": "8.74%", "2008-09-30": "10.05%", "2008-06-30": "10.95%", "2008-03-31": "9.71%", "2007-12-31": "9.92%", "2007-09-30": "10.37%", "2007-06-30": "6.61%", "2007-03-31": "6.20%", "2006-12-31": "4.73%", "2006-09-30": "3.81%", "2006-06-30": "5.48%", "2006-03-31": "6.07%", "2005-12-31": "6.71%"}, "return on tangible equity": {"2020-09-30": "9.58%", "2020-06-30": "10.01%", "2020-03-31": "10.47%", "2019-12-31": "11.99%", "2019-09-30": "11.91%", "2019-06-30": "6.14%", "2019-03-31": "6.20%", "2018-12-31": "6.04%", "2018-09-30": "6.08%", "2018-06-30": "11.79%", "2018-03-31": "11.38%", "2017-12-31": "11.01%", "2017-09-30": "10.99%", "2017-06-30": "10.83%", "2017-03-31": "10.76%", "2016-12-31": "10.57%", "2016-09-30": "10.38%", "2016-06-30": "10.21%", "2016-03-31": "10.24%", "2015-12-31": "10.32%", "2015-09-30": "4.29%", "2015-06-30": "4.38%", "2015-03-31": "4.46%", "2014-12-31": "4.57%", "2014-09-30": "10.13%", "2014-06-30": "10.15%", "2014-03-31": "10.17%", "2013-12-31": "10.14%", "2013-09-30": "10.44%", "2013-06-30": "10.72%", "2013-03-31": "10.69%", "2012-12-31": "10.82%", "2012-09-30": "3.57%", "2012-06-30": "3.15%", "2012-03-31": "3.23%", "2011-12-31": "3.27%", "2011-09-30": "9.78%", "2011-06-30": "10.15%", "2011-03-31": "10.00%", "2010-12-31": "10.13%", "2010-09-30": "10.04%", "2010-06-30": "10.24%", "2010-03-31": "11.39%", "2009-12-31": "11.42%", "2009-09-30": "10.02%", "2009-06-30": "8.88%", "2009-03-31": "8.41%", "2008-12-31": "8.01%", "2008-09-30": "9.19%", "2008-06-30": "9.90%", "2008-03-31": "8.85%", "2007-12-31": "9.13%", "2007-09-30": "10.79%", "2007-06-30": "7.48%", "2007-03-31": "7.21%", "2006-12-31": "5.94%", "2006-09-30": "4.00%", "2006-06-30": "5.80%", "2006-03-31": "6.29%", "2005-12-31": "7.31%"}, "dividend yield history": {"last payout": "$1.14", "last yield": "4.88%"}}