{"ticker": "URBN", "price": {"title": "Urban Outfitters Historical Annual Stock Price Data", "value": 28.95, "historical": {"2021": {"Average Stock Price": "27.5994", "Year Open": "24.5500", "Year High": "30.3100", "Year Low": "24.5500", "Year Close": "28.9500", "Annual % Change": "13.09%"}, "2020": {"Average Stock Price": "21.4391", "Year Open": "27.8300", "Year High": "31.6600", "Year Low": "12.7700", "Year Close": "25.6000", "Annual % Change": "-7.81%"}, "2019": {"Average Stock Price": "27.2095", "Year Open": "33.1900", "Year High": "33.9500", "Year Low": "19.8600", "Year Close": "27.7700", "Annual % Change": "-16.36%"}, "2018": {"Average Stock Price": "39.8494", "Year Open": "35.8400", "Year High": "48.7400", "Year Low": "31.7300", "Year Close": "33.2000", "Annual % Change": "-5.31%"}, "2017": {"Average Stock Price": "23.6439", "Year Open": "28.5800", "Year High": "35.6300", "Year Low": "16.3500", "Year Close": "35.0600", "Annual % Change": "23.10%"}, "2016": {"Average Stock Price": "30.4475", "Year Open": "22.7500", "Year High": "39.3700", "Year Low": "20.7900", "Year Close": "28.4800", "Annual % Change": "25.19%"}, "2015": {"Average Stock Price": "33.8081", "Year Open": "35.1000", "Year High": "47.0100", "Year Low": "20.9800", "Year Close": "22.7500", "Annual % Change": "-35.24%"}, "2014": {"Average Stock Price": "35.1517", "Year Open": "37.7800", "Year High": "40.2600", "Year Low": "28.7900", "Year Close": "35.1300", "Annual % Change": "-5.31%"}, "2013": {"Average Stock Price": "40.2716", "Year Open": "40.9800", "Year High": "44.5400", "Year Low": "35.0600", "Year Close": "37.1000", "Annual % Change": "-5.74%"}, "2012": {"Average Stock Price": "31.6638", "Year Open": "27.7500", "Year High": "40.4200", "Year Low": "23.9300", "Year Close": "39.3600", "Annual % Change": "42.82%"}, "2011": {"Average Stock Price": "29.7521", "Year Open": "35.4500", "Year High": "38.5000", "Year Low": "21.9000", "Year Close": "27.5600", "Annual % Change": "-23.04%"}, "2010": {"Average Stock Price": "34.5418", "Year Open": "34.9100", "Year High": "40.5600", "Year Low": "29.2800", "Year Close": "35.8100", "Annual % Change": "2.34%"}, "2009": {"Average Stock Price": "23.6964", "Year Open": "15.8100", "Year High": "35.6400", "Year Low": "14.0000", "Year Close": "34.9900", "Annual % Change": "133.58%"}, "2008": {"Average Stock Price": "28.3465", "Year Open": "27.3900", "Year High": "37.2000", "Year Low": "12.8200", "Year Close": "14.9800", "Annual % Change": "-45.05%"}, "2007": {"Average Stock Price": "24.4219", "Year Open": "23.7200", "Year High": "28.6300", "Year Low": "19.4100", "Year Close": "27.2600", "Annual % Change": "18.37%"}, "2006": {"Average Stock Price": "20.8529", "Year Open": "24.9600", "Year High": "29.0700", "Year Low": "14.0100", "Year Close": "23.0300", "Annual % Change": "-9.01%"}, "2005": {"Average Stock Price": "26.4675", "Year Open": "21.9250", "Year High": "33.4300", "Year Low": "19.3250", "Year Close": "25.3100", "Annual % Change": "14.01%"}, "2004": {"Average Stock Price": "14.8758", "Year Open": "9.1800", "Year High": "23.5450", "Year Low": "9.1800", "Year Close": "22.2000", "Annual % Change": "139.68%"}, "2003": {"Average Stock Price": "5.2063", "Year Open": "3.0113", "Year High": "10.0875", "Year Low": "2.1250", "Year Close": "9.2625", "Annual % Change": "214.38%"}, "2002": {"Average Stock Price": "3.3200", "Year Open": "3.0688", "Year High": "4.5950", "Year Low": "2.3588", "Year Close": "2.9463", "Annual % Change": "-2.28%"}, "2001": {"Average Stock Price": "1.6565", "Year Open": "1.0156", "Year High": "3.0563", "Year Low": "1.0079", "Year Close": "3.0150", "Annual % Change": "203.84%"}, "2000": {"Average Stock Price": "1.3396", "Year Open": "3.4375", "Year High": "3.4375", "Year Low": "0.8673", "Year Close": "0.9923", "Annual % Change": "-72.75%"}, "1999": {"Average Stock Price": "2.6441", "Year Open": "2.0000", "Year High": "3.7813", "Year Low": "1.5313", "Year Close": "3.6413", "Annual % Change": "72.57%"}, "1998": {"Average Stock Price": "2.0193", "Year Open": "2.2038", "Year High": "3.0625", "Year Low": "1.3750", "Year Close": "2.1100", "Annual % Change": "-7.51%"}, "1997": {"Average Stock Price": "1.8415", "Year Open": "1.6100", "Year High": "2.4225", "Year Low": "1.3125", "Year Close": "2.2813", "Annual % Change": "40.39%"}, "1996": {"Average Stock Price": "2.1874", "Year Open": "1.4688", "Year High": "3.3125", "Year Low": "1.4063", "Year Close": "1.6250", "Annual % Change": "11.83%"}, "1995": {"Average Stock Price": "1.4250", "Year Open": "1.7031", "Year High": "1.7269", "Year Low": "1.1288", "Year Close": "1.4531", "Annual % Change": "-14.68%"}, "1994": {"Average Stock Price": "1.5870", "Year Open": "1.5781", "Year High": "1.9063", "Year Low": "1.2188", "Year Close": "1.7031", "Annual % Change": "1.87%"}}}, "market cap": {"value": "$2.83B"}, "income statement": {"Revenue": {"2020-01-31": "3983.78900", "2019-01-31": "3950.62300", "2018-01-31": "3616.01400", "2017-01-31": "3545.79400", "2016-01-31": "3445.13400", "2015-01-31": "3323.07700", "2014-01-31": "3086.60800", "2013-01-31": "2794.92500", "2012-01-31": "2473.80100", "2011-01-31": "2274.10200", "2010-01-31": "1937.81500", "2009-01-31": "1834.61800", "2008-01-31": "1507.72400", "2007-01-31": "1224.71700", "2006-01-31": "1092.10700", "2005-01-31": "827.75000"}, "Cost Of Goods Sold": {"2020-01-31": "2743.96300", "2019-01-31": "2603.91100", "2018-01-31": "2440.50700", "2017-01-31": "2301.18100", "2016-01-31": "2243.23200", "2015-01-31": "2148.14700", "2014-01-31": "1925.26600", "2013-01-31": "1763.39400", "2012-01-31": "1613.26500", "2011-01-31": "1337.48200", "2010-01-31": "1151.67000", "2009-01-31": "1121.14000", "2008-01-31": "930.95200", "2007-01-31": "772.79600", "2006-01-31": "643.50100", "2005-01-31": "489.00000"}, "Gross Profit": {"2020-01-31": "1239.82600", "2019-01-31": "1346.71200", "2018-01-31": "1175.50700", "2017-01-31": "1244.61300", "2016-01-31": "1201.90200", "2015-01-31": "1174.93000", "2014-01-31": "1161.34200", "2013-01-31": "1031.53100", "2012-01-31": "860.53600", "2011-01-31": "936.62000", "2010-01-31": "786.14490", "2009-01-31": "713.47800", "2008-01-31": "576.77200", "2007-01-31": "451.92100", "2006-01-31": "448.60610", "2005-01-31": "338.75000"}, "Research And Development Expenses": {"2020-01-31": "", "2019-01-31": "", "2018-01-31": "", "2017-01-31": "", "2016-01-31": "", "2015-01-31": "", "2014-01-31": "", "2013-01-31": "", "2012-01-31": "", "2011-01-31": "", "2010-01-31": "", "2009-01-31": "", "2008-01-31": "", "2007-01-31": "", "2006-01-31": "", "2005-01-31": ""}, "SG&A Expenses": {"2020-01-31": "993.99000", "2019-01-31": "965.39900", "2018-01-31": "915.61500", "2017-01-31": "906.08600", "2016-01-31": "848.32300", "2015-01-31": "809.54500", "2014-01-31": "734.51100", "2013-01-31": "657.24600", "2012-01-31": "575.81100", "2011-01-31": "522.41700", "2010-01-31": "447.16100", "2009-01-31": "414.04300", "2008-01-31": "351.82700", "2007-01-31": "287.93200", "2006-01-31": "240.90700", "2005-01-31": "190.38400"}, "Other Operating Income Or Expenses": {"2020-01-31": "", "2019-01-31": "", "2018-01-31": "", "2017-01-31": "", "2016-01-31": "", "2015-01-31": "", "2014-01-31": "", "2013-01-31": "", "2012-01-31": "", "2011-01-31": "", "2010-01-31": "", "2009-01-31": "", "2008-01-31": "", "2007-01-31": "", "2006-01-31": "", "2005-01-31": ""}, "Operating Expenses": {"2020-01-31": "3751.86400", "2019-01-31": "3569.31000", "2018-01-31": "3356.12200", "2017-01-31": "3207.26700", "2016-01-31": "3091.55500", "2015-01-31": "2957.69200", "2014-01-31": "2659.77700", "2013-01-31": "2420.64000", "2012-01-31": "2189.07600", "2011-01-31": "1859.89900", "2010-01-31": "1598.83100", "2009-01-31": "1535.18300", "2008-01-31": "1282.77900", "2007-01-31": "1060.72800", "2006-01-31": "884.40800", "2005-01-31": "679.38400"}, "Operating Income": {"2020-01-31": "231.92500", "2019-01-31": "381.31320", "2018-01-31": "259.89210", "2017-01-31": "338.52710", "2016-01-31": "353.57910", "2015-01-31": "365.38500", "2014-01-31": "426.83110", "2013-01-31": "374.28490", "2012-01-31": "284.72510", "2011-01-31": "414.20300", "2010-01-31": "338.98390", "2009-01-31": "299.43510", "2008-01-31": "224.94490", "2007-01-31": "163.98900", "2006-01-31": "207.69910", "2005-01-31": "148.36600"}, "Total Non-Operating Income/Expense": {"2020-01-31": "7.79500", "2019-01-31": "4.24000", "2018-01-31": "1.47400", "2017-01-31": "-0.42800", "2016-01-31": "-3.54800", "2015-01-31": "-1.93500", "2014-01-31": "0.68700", "2013-01-31": "1.28700", "2012-01-31": "4.10600", "2011-01-31": "3.00500", "2010-01-31": "5.42200", "2009-01-31": "10.05500", "2008-01-31": "9.45000", "2007-01-31": "6.16900", "2006-01-31": "4.69800", "2005-01-31": "1.82600"}, "Pre-Tax Income": {"2020-01-31": "239.72000", "2019-01-31": "385.55300", "2018-01-31": "261.36600", "2017-01-31": "338.09900", "2016-01-31": "350.03100", "2015-01-31": "363.45000", "2014-01-31": "427.51800", "2013-01-31": "375.57200", "2012-01-31": "288.83100", "2011-01-31": "417.20800", "2010-01-31": "344.40600", "2009-01-31": "309.49000", "2008-01-31": "234.39500", "2007-01-31": "170.15800", "2006-01-31": "212.39700", "2005-01-31": "150.19200"}, "Income Taxes": {"2020-01-31": "71.62400", "2019-01-31": "87.55000", "2018-01-31": "153.10300", "2017-01-31": "119.97900", "2016-01-31": "125.54200", "2015-01-31": "131.02200", "2014-01-31": "145.15800", "2013-01-31": "138.25800", "2012-01-31": "103.58000", "2011-01-31": "144.25000", "2010-01-31": "124.51300", "2009-01-31": "110.12600", "2008-01-31": "74.16400", "2007-01-31": "53.95200", "2006-01-31": "81.60100", "2005-01-31": "59.70300"}, "Income After Taxes": {"2020-01-31": "168.09600", "2019-01-31": "298.00300", "2018-01-31": "108.26300", "2017-01-31": "218.12000", "2016-01-31": "224.48900", "2015-01-31": "232.42800", "2014-01-31": "282.36000", "2013-01-31": "237.31400", "2012-01-31": "185.25100", "2011-01-31": "272.95800", "2010-01-31": "219.89300", "2009-01-31": "199.36400", "2008-01-31": "160.23100", "2007-01-31": "116.20600", "2006-01-31": "130.79600", "2005-01-31": "90.48900"}, "Other Income": {"2020-01-31": "", "2019-01-31": "", "2018-01-31": "", "2017-01-31": "", "2016-01-31": "", "2015-01-31": "", "2014-01-31": "", "2013-01-31": "", "2012-01-31": "", "2011-01-31": "", "2010-01-31": "", "2009-01-31": "", "2008-01-31": "", "2007-01-31": "", "2006-01-31": "", "2005-01-31": ""}, "Income From Continuous Operations": {"2020-01-31": "168.09600", "2019-01-31": "298.00300", "2018-01-31": "108.26300", "2017-01-31": "218.12000", "2016-01-31": "224.48900", "2015-01-31": "232.42800", "2014-01-31": "282.36000", "2013-01-31": "237.31400", "2012-01-31": "185.25100", "2011-01-31": "272.95800", "2010-01-31": "219.89300", "2009-01-31": "199.36400", "2008-01-31": "160.23100", "2007-01-31": "116.20600", "2006-01-31": "130.79600", "2005-01-31": "90.48900"}, "Income From Discontinued Operations": {"2020-01-31": "", "2019-01-31": "", "2018-01-31": "", "2017-01-31": "", "2016-01-31": "", "2015-01-31": "", "2014-01-31": "", "2013-01-31": "", "2012-01-31": "", "2011-01-31": "", "2010-01-31": "", "2009-01-31": "", "2008-01-31": "", "2007-01-31": "", "2006-01-31": "", "2005-01-31": ""}, "Net Income": {"2020-01-31": "168.09600", "2019-01-31": "298.00300", "2018-01-31": "108.26300", "2017-01-31": "218.12000", "2016-01-31": "224.48900", "2015-01-31": "232.42800", "2014-01-31": "282.36000", "2013-01-31": "237.31400", "2012-01-31": "185.25100", "2011-01-31": "272.95800", "2010-01-31": "219.89300", "2009-01-31": "199.36400", "2008-01-31": "160.23100", "2007-01-31": "116.20600", "2006-01-31": "130.79600", "2005-01-31": "90.48900"}, "EBITDA": {"2020-01-31": "358.09200", "2019-01-31": "499.29920", "2018-01-31": "388.30010", "2017-01-31": "473.85710", "2016-01-31": "496.30110", "2015-01-31": "503.49500", "2014-01-31": "559.49510", "2013-01-31": "492.94890", "2012-01-31": "392.83710", "2011-01-31": "515.30800", "2010-01-31": "431.33390", "2009-01-31": "381.38410", "2008-01-31": "294.96190", "2007-01-31": "219.70200", "2006-01-31": "247.03910", "2005-01-31": "180.22400"}, "EBIT": {"2020-01-31": "231.92500", "2019-01-31": "381.31320", "2018-01-31": "259.89210", "2017-01-31": "338.52710", "2016-01-31": "353.57910", "2015-01-31": "365.38500", "2014-01-31": "426.83110", "2013-01-31": "374.28490", "2012-01-31": "284.72510", "2011-01-31": "414.20300", "2010-01-31": "338.98390", "2009-01-31": "299.43510", "2008-01-31": "224.94490", "2007-01-31": "163.98900", "2006-01-31": "207.69910", "2005-01-31": "148.36600"}, "Basic Shares Outstanding": {"2020-01-31": "99.83300", "2019-01-31": "108.30360", "2018-01-31": "111.88730", "2017-01-31": "116.87300", "2016-01-31": "125.23250", "2015-01-31": "136.65190", "2014-01-31": "147.01500", "2013-01-31": "145.25400", "2012-01-31": "154.02600", "2011-01-31": "166.89600", "2010-01-31": "168.05350", "2009-01-31": "166.79300", "2008-01-31": "165.30500", "2007-01-31": "164.68000", "2006-01-31": "163.71800", "2005-01-31": "161.42000"}, "Shares Outstanding": {"2020-01-31": "100.58870", "2019-01-31": "109.70600", "2018-01-31": "112.36790", "2017-01-31": "117.29110", "2016-01-31": "126.01340", "2015-01-31": "138.19270", "2014-01-31": "149.22600", "2013-01-31": "146.66400", "2012-01-31": "156.19100", "2011-01-31": "170.33400", "2010-01-31": "171.23020", "2009-01-31": "170.86100", "2008-01-31": "169.64100", "2007-01-31": "168.65200", "2006-01-31": "169.93600", "2005-01-31": "167.30300"}, "Basic EPS": {"2020-01-31": "1.68000", "2019-01-31": "2.75000", "2018-01-31": "0.97000", "2017-01-31": "1.87000", "2016-01-31": "1.79000", "2015-01-31": "1.70000", "2014-01-31": "1.92000", "2013-01-31": "1.63000", "2012-01-31": "1.20000", "2011-01-31": "1.64000", "2010-01-31": "1.31000", "2009-01-31": "1.20000", "2008-01-31": "0.97000", "2007-01-31": "0.71000", "2006-01-31": "0.80000", "2005-01-31": "0.56000"}, "EPS - Earnings Per Share": {"2020-01-31": "1.67000", "2019-01-31": "2.72000", "2018-01-31": "0.96000", "2017-01-31": "1.86000", "2016-01-31": "1.78000", "2015-01-31": "1.68000", "2014-01-31": "1.89000", "2013-01-31": "1.62000", "2012-01-31": "1.19000", "2011-01-31": "1.60000", "2010-01-31": "1.28000", "2009-01-31": "1.17000", "2008-01-31": "0.94000", "2007-01-31": "0.69000", "2006-01-31": "0.77000", "2005-01-31": "0.54000"}}, "income statement, quarterly": {"Revenue": {"2020-10-31": "969.60700", "2020-07-31": "803.26600", "2020-04-30": "588.48300", "2020-01-31": "1169.57800", "2019-10-31": "987.46900", "2019-07-31": "962.32900", "2019-04-30": "864.41300", "2019-01-31": "1128.94800", "2018-10-31": "973.53300", "2018-07-31": "992.45400", "2018-04-30": "855.68800", "2018-01-31": "1089.11900", "2017-10-31": "892.77400", "2017-07-31": "872.93100", "2017-04-30": "761.19000", "2017-01-31": "1030.15800", "2016-10-31": "862.49100", "2016-07-31": "890.56800", "2016-04-30": "762.57700", "2016-01-31": "1013.40600", "2015-10-31": "825.25800", "2015-07-31": "867.46000", "2015-04-30": "739.01000", "2015-01-31": "1011.04400", "2014-10-31": "814.47000", "2014-07-31": "811.25300", "2014-04-30": "686.31000", "2014-01-31": "905.85790", "2013-10-31": "774.04900", "2013-07-31": "758.52400", "2013-04-30": "648.17700", "2013-01-31": "856.83200", "2012-10-31": "692.89400", "2012-07-31": "676.26900", "2012-04-30": "568.93000", "2012-01-31": "730.64800", "2011-10-31": "609.95300", "2011-07-31": "609.18100", "2011-04-30": "524.01900", "2011-01-31": "668.39010", "2010-10-31": "573.59200", "2010-07-31": "552.15900", "2010-04-30": "479.96100", "2010-01-31": "588.49290", "2009-10-31": "505.90000", "2009-07-31": "458.62600", "2009-04-30": "384.79600", "2009-01-31": "508.07800", "2008-10-31": "477.95300", "2008-07-31": "454.29500", "2008-04-30": "394.29200", "2008-01-31": "465.41110", "2007-10-31": "379.32000", "2007-07-31": "348.44900", "2007-04-30": "314.54400", "2007-01-31": "360.79610", "2006-10-31": "308.35500", "2006-07-31": "285.55900", "2006-04-30": "270.00700", "2006-01-31": "318.58910", "2005-10-31": "288.80100", "2005-07-31": "253.39200", "2005-04-30": "231.32500", "2005-01-31": "251.62300"}, "Cost Of Goods Sold": {"2020-10-31": "646.66600", "2020-07-31": "565.22800", "2020-04-30": "576.64000", "2020-01-31": "835.78520", "2019-10-31": "666.36700", "2019-07-31": "646.45400", "2019-04-30": "595.35700", "2019-01-31": "756.43790", "2018-10-31": "635.83500", "2018-07-31": "636.61000", "2018-04-30": "575.02800", "2018-01-31": "748.48080", "2017-10-31": "595.02800", "2017-07-31": "575.58800", "2017-04-30": "521.41000", "2017-01-31": "689.84390", "2016-10-31": "562.59400", "2016-07-31": "548.05700", "2016-04-30": "500.68600", "2016-01-31": "664.21790", "2015-10-31": "537.07000", "2015-07-31": "549.35500", "2015-04-30": "492.58900", "2015-01-31": "661.40690", "2014-10-31": "530.94600", "2014-07-31": "507.99500", "2014-04-30": "447.79900", "2014-01-31": "573.85290", "2013-10-31": "481.76400", "2013-07-31": "460.28100", "2013-04-30": "409.36800", "2013-01-31": "543.14510", "2012-10-31": "432.04300", "2012-07-31": "421.75500", "2012-04-30": "366.45100", "2012-01-31": "510.67000", "2011-10-31": "393.85000", "2011-07-31": "378.09100", "2011-04-30": "330.65400", "2011-01-31": "403.33010", "2010-10-31": "337.59900", "2010-07-31": "317.37800", "2010-04-30": "279.17500", "2010-01-31": "342.83200", "2009-10-31": "295.81200", "2009-07-31": "271.53500", "2009-04-30": "241.49100", "2009-01-31": "335.18600", "2008-10-31": "282.55700", "2008-07-31": "267.78500", "2008-04-30": "235.61200", "2008-01-31": "281.21900", "2007-10-31": "229.38200", "2007-07-31": "218.42200", "2007-04-30": "201.92900", "2007-01-31": "228.34300", "2006-10-31": "190.40700", "2006-07-31": "180.80700", "2006-04-30": "173.23900", "2006-01-31": "192.68700", "2005-10-31": "168.55000", "2005-07-31": "148.55600", "2005-04-30": "133.70800", "2005-01-31": "151.24300"}, "Gross Profit": {"2020-10-31": "322.94100", "2020-07-31": "238.03800", "2020-04-30": "11.84300", "2020-01-31": "333.79290", "2019-10-31": "321.10200", "2019-07-31": "315.87500", "2019-04-30": "269.05600", "2019-01-31": "372.51020", "2018-10-31": "337.69800", "2018-07-31": "355.84400", "2018-04-30": "280.66000", "2018-01-31": "340.63810", "2017-10-31": "297.74600", "2017-07-31": "297.34300", "2017-04-30": "239.78000", "2017-01-31": "340.31410", "2016-10-31": "299.89700", "2016-07-31": "342.51100", "2016-04-30": "261.89100", "2016-01-31": "349.18810", "2015-10-31": "288.18800", "2015-07-31": "318.10500", "2015-04-30": "246.42100", "2015-01-31": "349.63710", "2014-10-31": "283.52400", "2014-07-31": "303.25800", "2014-04-30": "238.51100", "2014-01-31": "332.00500", "2013-10-31": "292.28500", "2013-07-31": "298.24300", "2013-04-30": "238.80900", "2013-01-31": "313.68690", "2012-10-31": "260.85100", "2012-07-31": "254.51400", "2012-04-30": "202.47900", "2012-01-31": "219.97800", "2011-10-31": "216.10300", "2011-07-31": "231.09000", "2011-04-30": "193.36500", "2011-01-31": "265.06000", "2010-10-31": "235.99300", "2010-07-31": "234.78100", "2010-04-30": "200.78600", "2010-01-31": "245.66090", "2009-10-31": "210.08800", "2009-07-31": "187.09100", "2009-04-30": "143.30500", "2009-01-31": "172.89200", "2008-10-31": "195.39600", "2008-07-31": "186.51000", "2008-04-30": "158.68000", "2008-01-31": "184.19210", "2007-10-31": "149.93800", "2007-07-31": "130.02700", "2007-04-30": "112.61500", "2007-01-31": "132.45310", "2006-10-31": "117.94800", "2006-07-31": "104.75200", "2006-04-30": "96.76800", "2006-01-31": "125.90210", "2005-10-31": "120.25100", "2005-07-31": "104.83600", "2005-04-30": "97.61700", "2005-01-31": "100.38000"}, "Research And Development Expenses": {"2020-10-31": "", "2020-07-31": "", "2020-04-30": "", "2020-01-31": "", "2019-10-31": "", "2019-07-31": "", "2019-04-30": "", "2019-01-31": "", "2018-10-31": "", "2018-07-31": "", "2018-04-30": "", "2018-01-31": "", "2017-10-31": "", "2017-07-31": "", "2017-04-30": "", "2017-01-31": "", "2016-10-31": "", "2016-07-31": "", "2016-04-30": "", "2016-01-31": "", "2015-10-31": "", "2015-07-31": "", "2015-04-30": "", "2015-01-31": "", "2014-10-31": "", "2014-07-31": "", "2014-04-30": "", "2014-01-31": "", "2013-10-31": "", "2013-07-31": "", "2013-04-30": "", "2013-01-31": "", "2012-10-31": "", "2012-07-31": "", "2012-04-30": "", "2012-01-31": "", "2011-10-31": "", "2011-07-31": "", "2011-04-30": "", "2011-01-31": "", "2010-10-31": "", "2010-07-31": "", "2010-04-30": "", "2010-01-31": "", "2009-10-31": "", "2009-07-31": "", "2009-04-30": "", "2009-01-31": "", "2008-10-31": "", "2008-07-31": "", "2008-04-30": "", "2008-01-31": "", "2007-10-31": "", "2007-07-31": "", "2007-04-30": "", "2007-01-31": "", "2006-10-31": "", "2006-07-31": "", "2006-04-30": "", "2006-01-31": "", "2005-10-31": "", "2005-07-31": "", "2005-04-30": "", "2005-01-31": ""}, "SG&A Expenses": {"2020-10-31": "224.43300", "2020-07-31": "168.61900", "2020-04-30": "210.57800", "2020-01-31": "281.30700", "2019-10-31": "245.83300", "2019-07-31": "237.81400", "2019-04-30": "229.03600", "2019-01-31": "258.30200", "2018-10-31": "241.34100", "2018-07-31": "238.99200", "2018-04-30": "226.76400", "2018-01-31": "249.85000", "2017-10-31": "224.85800", "2017-07-31": "222.16300", "2017-04-30": "218.74400", "2017-01-31": "240.78700", "2016-10-31": "229.59200", "2016-07-31": "224.29900", "2016-04-30": "211.40800", "2016-01-31": "232.73900", "2015-10-31": "207.86300", "2015-07-31": "214.35400", "2015-04-30": "193.36700", "2015-01-31": "225.65500", "2014-10-31": "207.05900", "2014-07-31": "198.14100", "2014-04-30": "178.69000", "2014-01-31": "202.91600", "2013-10-31": "186.82600", "2013-07-31": "178.92600", "2013-04-30": "165.84300", "2013-01-31": "181.76500", "2012-10-31": "167.34100", "2012-07-31": "158.57600", "2012-04-30": "149.56400", "2012-01-31": "155.44500", "2011-10-31": "142.74200", "2011-07-31": "143.09500", "2011-04-30": "134.52900", "2011-01-31": "144.73700", "2010-10-31": "131.19300", "2010-07-31": "127.91200", "2010-04-30": "118.57500", "2010-01-31": "126.99900", "2009-10-31": "114.32700", "2009-07-31": "108.65000", "2009-04-30": "97.18500", "2009-01-31": "109.69800", "2008-10-31": "105.01700", "2008-07-31": "103.59000", "2008-04-30": "95.73800", "2008-01-31": "103.86100", "2007-10-31": "88.61100", "2007-07-31": "82.75600", "2007-04-30": "76.59900", "2007-01-31": "84.18800", "2006-10-31": "72.48400", "2006-07-31": "66.04300", "2006-04-30": "65.21700", "2006-01-31": "73.10500", "2005-10-31": "59.59200", "2005-07-31": "55.37100", "2005-04-30": "52.83900", "2005-01-31": "57.71200"}, "Other Operating Income Or Expenses": {"2020-10-31": "", "2020-07-31": "", "2020-04-30": "", "2020-01-31": "", "2019-10-31": "", "2019-07-31": "", "2019-04-30": "", "2019-01-31": "", "2018-10-31": "", "2018-07-31": "", "2018-04-30": "", "2018-01-31": "", "2017-10-31": "", "2017-07-31": "", "2017-04-30": "", "2017-01-31": "", "2016-10-31": "", "2016-07-31": "", "2016-04-30": "", "2016-01-31": "", "2015-10-31": "", "2015-07-31": "", "2015-04-30": "", "2015-01-31": "", "2014-10-31": "", "2014-07-31": "", "2014-04-30": "", "2014-01-31": "", "2013-10-31": "", "2013-07-31": "", "2013-04-30": "", "2013-01-31": "", "2012-10-31": "", "2012-07-31": "", "2012-04-30": "", "2012-01-31": "", "2011-10-31": "", "2011-07-31": "", "2011-04-30": "", "2011-01-31": "", "2010-10-31": "", "2010-07-31": "", "2010-04-30": "", "2010-01-31": "", "2009-10-31": "", "2009-07-31": "", "2009-04-30": "", "2009-01-31": "", "2008-10-31": "", "2008-07-31": "", "2008-04-30": "", "2008-01-31": "", "2007-10-31": "", "2007-07-31": "", "2007-04-30": "", "2007-01-31": "", "2006-10-31": "", "2006-07-31": "", "2006-04-30": "", "2006-01-31": "", "2005-10-31": "", "2005-07-31": "", "2005-04-30": "", "2005-01-31": ""}, "Operating Expenses": {"2020-10-31": "871.09900", "2020-07-31": "733.84700", "2020-04-30": "787.21800", "2020-01-31": "1131.00300", "2019-10-31": "912.20000", "2019-07-31": "884.26790", "2019-04-30": "824.39300", "2019-01-31": "1014.74000", "2018-10-31": "877.17600", "2018-07-31": "875.60200", "2018-04-30": "801.79200", "2018-01-31": "998.33090", "2017-10-31": "819.88600", "2017-07-31": "797.75100", "2017-04-30": "740.15400", "2017-01-31": "930.63090", "2016-10-31": "792.18600", "2016-07-31": "772.35600", "2016-04-30": "712.09400", "2016-01-31": "896.95710", "2015-10-31": "744.93300", "2015-07-31": "763.70900", "2015-04-30": "685.95600", "2015-01-31": "887.06200", "2014-10-31": "738.00500", "2014-07-31": "706.13600", "2014-04-30": "626.48900", "2014-01-31": "776.76870", "2013-10-31": "668.59000", "2013-07-31": "639.20700", "2013-04-30": "575.21100", "2013-01-31": "724.91000", "2012-10-31": "599.38400", "2012-07-31": "580.33100", "2012-04-30": "516.01500", "2012-01-31": "666.11490", "2011-10-31": "536.59200", "2011-07-31": "521.18600", "2011-04-30": "465.18300", "2011-01-31": "548.06710", "2010-10-31": "468.79200", "2010-07-31": "445.29000", "2010-04-30": "397.75000", "2010-01-31": "469.83100", "2009-10-31": "410.13900", "2009-07-31": "380.18500", "2009-04-30": "338.67600", "2009-01-31": "444.88400", "2008-10-31": "387.57400", "2008-07-31": "371.37500", "2008-04-30": "331.35000", "2008-01-31": "385.08000", "2007-10-31": "317.99300", "2007-07-31": "301.17800", "2007-04-30": "278.52800", "2007-01-31": "312.53110", "2006-10-31": "262.89100", "2006-07-31": "246.85000", "2006-04-30": "238.45600", "2006-01-31": "265.79200", "2005-10-31": "228.14200", "2005-07-31": "203.92700", "2005-04-30": "186.54700", "2005-01-31": "208.95500"}, "Operating Income": {"2020-10-31": "98.50800", "2020-07-31": "69.41900", "2020-04-30": "-198.73500", "2020-01-31": "38.57500", "2019-10-31": "75.26900", "2019-07-31": "78.06100", "2019-04-30": "40.02000", "2019-01-31": "114.20840", "2018-10-31": "96.35700", "2018-07-31": "116.85200", "2018-04-30": "53.89600", "2018-01-31": "90.78800", "2017-10-31": "72.88800", "2017-07-31": "75.18010", "2017-04-30": "21.03600", "2017-01-31": "99.52710", "2016-10-31": "70.30510", "2016-07-31": "118.21200", "2016-04-30": "50.48300", "2016-01-31": "116.44890", "2015-10-31": "80.32500", "2015-07-31": "103.75100", "2015-04-30": "53.05400", "2015-01-31": "123.98200", "2014-10-31": "76.46500", "2014-07-31": "105.11700", "2014-04-30": "59.82100", "2014-01-31": "129.08920", "2013-10-31": "105.45900", "2013-07-31": "119.31700", "2013-04-30": "72.96600", "2013-01-31": "131.92190", "2012-10-31": "93.51000", "2012-07-31": "95.93800", "2012-04-30": "52.91500", "2012-01-31": "64.53310", "2011-10-31": "73.36100", "2011-07-31": "87.99500", "2011-04-30": "58.83600", "2011-01-31": "120.32300", "2010-10-31": "104.80000", "2010-07-31": "106.86900", "2010-04-30": "82.21100", "2010-01-31": "118.66190", "2009-10-31": "95.76100", "2009-07-31": "78.44100", "2009-04-30": "46.12000", "2009-01-31": "63.19400", "2008-10-31": "90.37900", "2008-07-31": "82.92000", "2008-04-30": "62.94200", "2008-01-31": "80.33110", "2007-10-31": "61.32700", "2007-07-31": "47.27100", "2007-04-30": "36.01600", "2007-01-31": "48.26510", "2006-10-31": "45.46400", "2006-07-31": "38.70900", "2006-04-30": "31.55100", "2006-01-31": "52.79710", "2005-10-31": "60.65900", "2005-07-31": "49.46500", "2005-04-30": "44.77800", "2005-01-31": "42.66790"}, "Total Non-Operating Income/Expense": {"2020-10-31": "-0.89000", "2020-07-31": "-0.53300", "2020-04-30": "0.16200", "2020-01-31": "1.04100", "2019-10-31": "0.57600", "2019-07-31": "3.49800", "2019-04-30": "2.68000", "2019-01-31": "1.17900", "2018-10-31": "1.23500", "2018-07-31": "1.74600", "2018-04-30": "0.08000", "2018-01-31": "0.30100", "2017-10-31": "-0.88200", "2017-07-31": "1.73600", "2017-04-30": "0.31900", "2017-01-31": "-0.77600", "2016-10-31": "0.85400", "2016-07-31": "1.07100", "2016-04-30": "-1.57700", "2016-01-31": "-0.89400", "2015-10-31": "0.06300", "2015-07-31": "-0.59600", "2015-04-30": "-2.12100", "2015-01-31": "-0.37500", "2014-10-31": "-0.69300", "2014-07-31": "-0.52300", "2014-04-30": "-0.34400", "2014-01-31": "0.79500", "2013-10-31": "-0.18600", "2013-07-31": "0.20700", "2013-04-30": "-0.12900", "2013-01-31": "0.71600", "2012-10-31": "0.12800", "2012-07-31": "0.14400", "2012-04-30": "0.29900", "2012-01-31": "-0.21200", "2011-10-31": "2.01800", "2011-07-31": "0.93500", "2011-04-30": "1.36500", "2011-01-31": "1.09000", "2010-10-31": "0.87600", "2010-07-31": "0.61600", "2010-04-30": "0.42300", "2010-01-31": "0.57500", "2009-10-31": "1.81700", "2009-07-31": "0.93900", "2009-04-30": "2.09100", "2009-01-31": "2.95300", "2008-10-31": "1.43700", "2008-07-31": "2.44500", "2008-04-30": "3.22000", "2008-01-31": "3.46000", "2007-10-31": "2.15100", "2007-07-31": "2.03700", "2007-04-30": "1.80200", "2007-01-31": "1.64200", "2006-10-31": "1.36500", "2006-07-31": "1.75000", "2006-04-30": "1.41200", "2006-01-31": "1.58700", "2005-10-31": "1.02100", "2005-07-31": "1.32600", "2005-04-30": "0.76400", "2005-01-31": "0.94800"}, "Pre-Tax Income": {"2020-10-31": "97.61800", "2020-07-31": "68.88600", "2020-04-30": "-198.57300", "2020-01-31": "39.61600", "2019-10-31": "75.84500", "2019-07-31": "81.55900", "2019-04-30": "42.70000", "2019-01-31": "115.38700", "2018-10-31": "97.59200", "2018-07-31": "118.59800", "2018-04-30": "53.97600", "2018-01-31": "91.08900", "2017-10-31": "72.00600", "2017-07-31": "76.91600", "2017-04-30": "21.35500", "2017-01-31": "98.75100", "2016-10-31": "71.15900", "2016-07-31": "119.28300", "2016-04-30": "48.90600", "2016-01-31": "115.55500", "2015-10-31": "80.38800", "2015-07-31": "103.15500", "2015-04-30": "50.93300", "2015-01-31": "123.60700", "2014-10-31": "75.77200", "2014-07-31": "104.59400", "2014-04-30": "59.47700", "2014-01-31": "129.88400", "2013-10-31": "105.27300", "2013-07-31": "119.52400", "2013-04-30": "72.83700", "2013-01-31": "132.63800", "2012-10-31": "93.63800", "2012-07-31": "96.08200", "2012-04-30": "53.21400", "2012-01-31": "64.32100", "2011-10-31": "75.37900", "2011-07-31": "88.93000", "2011-04-30": "60.20100", "2011-01-31": "121.41300", "2010-10-31": "105.67600", "2010-07-31": "107.48500", "2010-04-30": "82.63400", "2010-01-31": "119.23700", "2009-10-31": "97.57800", "2009-07-31": "79.38000", "2009-04-30": "48.21100", "2009-01-31": "66.14700", "2008-10-31": "91.81600", "2008-07-31": "85.36500", "2008-04-30": "66.16200", "2008-01-31": "83.79100", "2007-10-31": "63.47800", "2007-07-31": "49.30800", "2007-04-30": "37.81800", "2007-01-31": "49.90700", "2006-10-31": "46.82900", "2006-07-31": "40.45900", "2006-04-30": "32.96300", "2006-01-31": "54.38400", "2005-10-31": "61.68000", "2005-07-31": "50.79100", "2005-04-30": "45.54200", "2005-01-31": "43.61600"}, "Income Taxes": {"2020-10-31": "20.91400", "2020-07-31": "34.48600", "2020-04-30": "-60.13100", "2020-01-31": "20.07700", "2019-10-31": "20.19300", "2019-07-31": "21.23900", "2019-04-30": "10.11500", "2019-01-31": "28.97300", "2018-10-31": "20.07200", "2018-07-31": "25.78900", "2018-04-30": "12.71600", "2018-01-31": "89.77100", "2017-10-31": "26.91400", "2017-07-31": "27.00100", "2017-04-30": "9.41700", "2017-01-31": "34.46300", "2016-10-31": "23.80400", "2016-07-31": "42.36800", "2016-04-30": "19.34400", "2016-01-31": "42.67700", "2015-10-31": "28.39400", "2015-07-31": "36.31400", "2015-04-30": "18.15700", "2015-01-31": "43.30900", "2014-10-31": "28.62900", "2014-07-31": "37.08500", "2014-04-30": "21.99900", "2014-01-31": "41.20200", "2013-10-31": "35.01600", "2013-07-31": "43.16100", "2013-04-30": "25.77900", "2013-01-31": "50.09100", "2012-10-31": "34.12000", "2012-07-31": "34.79000", "2012-04-30": "19.25700", "2012-01-31": "25.06600", "2011-10-31": "24.70000", "2011-07-31": "32.23700", "2011-04-30": "21.57700", "2011-01-31": "46.17500", "2010-10-31": "32.57000", "2010-07-31": "35.82800", "2010-04-30": "29.67700", "2010-01-31": "41.56200", "2009-10-31": "35.18600", "2009-07-31": "30.35900", "2009-04-30": "17.40600", "2009-01-31": "25.60200", "2008-10-31": "32.54200", "2008-07-31": "28.37700", "2008-04-30": "23.60500", "2008-01-31": "30.17500", "2007-10-31": "18.09600", "2007-07-31": "17.44200", "2007-04-30": "8.45100", "2007-01-31": "14.17600", "2006-10-31": "12.31500", "2006-07-31": "14.79700", "2006-04-30": "12.66400", "2006-01-31": "18.79100", "2005-10-31": "24.51800", "2005-07-31": "20.19000", "2005-04-30": "18.10200", "2005-01-31": "16.54000"}, "Income After Taxes": {"2020-10-31": "76.70400", "2020-07-31": "34.40000", "2020-04-30": "-138.44200", "2020-01-31": "19.53900", "2019-10-31": "55.65200", "2019-07-31": "60.32000", "2019-04-30": "32.58500", "2019-01-31": "86.41400", "2018-10-31": "77.52000", "2018-07-31": "92.80900", "2018-04-30": "41.26000", "2018-01-31": "1.31800", "2017-10-31": "45.09200", "2017-07-31": "49.91500", "2017-04-30": "11.93800", "2017-01-31": "64.28800", "2016-10-31": "47.35500", "2016-07-31": "76.91500", "2016-04-30": "29.56200", "2016-01-31": "72.87800", "2015-10-31": "51.99400", "2015-07-31": "66.84100", "2015-04-30": "32.77600", "2015-01-31": "80.29800", "2014-10-31": "47.14300", "2014-07-31": "67.50900", "2014-04-30": "37.47800", "2014-01-31": "88.68200", "2013-10-31": "70.25700", "2013-07-31": "76.36300", "2013-04-30": "47.05800", "2013-01-31": "82.54700", "2012-10-31": "59.51800", "2012-07-31": "61.29200", "2012-04-30": "33.95700", "2012-01-31": "39.25500", "2011-10-31": "50.67900", "2011-07-31": "56.69300", "2011-04-30": "38.62400", "2011-01-31": "75.23800", "2010-10-31": "73.10600", "2010-07-31": "71.65700", "2010-04-30": "52.95700", "2010-01-31": "77.67500", "2009-10-31": "62.39200", "2009-07-31": "49.02100", "2009-04-30": "30.80500", "2009-01-31": "40.54500", "2008-10-31": "59.27400", "2008-07-31": "56.98800", "2008-04-30": "42.55700", "2008-01-31": "53.61600", "2007-10-31": "45.38200", "2007-07-31": "31.86600", "2007-04-30": "29.36700", "2007-01-31": "35.73100", "2006-10-31": "34.51400", "2006-07-31": "25.66200", "2006-04-30": "20.29900", "2006-01-31": "35.59300", "2005-10-31": "37.16200", "2005-07-31": "30.60100", "2005-04-30": "27.44000", "2005-01-31": "27.07600"}, "Other Income": {"2020-10-31": "", "2020-07-31": "", "2020-04-30": "", "2020-01-31": "", "2019-10-31": "", "2019-07-31": "", "2019-04-30": "", "2019-01-31": "", "2018-10-31": "", "2018-07-31": "", "2018-04-30": "", "2018-01-31": "", "2017-10-31": "", "2017-07-31": "", "2017-04-30": "", "2017-01-31": "", "2016-10-31": "", "2016-07-31": "", "2016-04-30": "", "2016-01-31": "", "2015-10-31": "", "2015-07-31": "", "2015-04-30": "", "2015-01-31": "", "2014-10-31": "", "2014-07-31": "", "2014-04-30": "", "2014-01-31": "", "2013-10-31": "", "2013-07-31": "", "2013-04-30": "", "2013-01-31": "", "2012-10-31": "", "2012-07-31": "", "2012-04-30": "", "2012-01-31": "", "2011-10-31": "", "2011-07-31": "", "2011-04-30": "", "2011-01-31": "", "2010-10-31": "", "2010-07-31": "", "2010-04-30": "", "2010-01-31": "", "2009-10-31": "", "2009-07-31": "", "2009-04-30": "", "2009-01-31": "", "2008-10-31": "", "2008-07-31": "", "2008-04-30": "", "2008-01-31": "", "2007-10-31": "", "2007-07-31": "", "2007-04-30": "", "2007-01-31": "", "2006-10-31": "", "2006-07-31": "", "2006-04-30": "", "2006-01-31": "", "2005-10-31": "", "2005-07-31": "", "2005-04-30": "", "2005-01-31": ""}, "Income From Continuous Operations": {"2020-10-31": "76.70400", "2020-07-31": "34.40000", "2020-04-30": "-138.44200", "2020-01-31": "19.53900", "2019-10-31": "55.65200", "2019-07-31": "60.32000", "2019-04-30": "32.58500", "2019-01-31": "86.41400", "2018-10-31": "77.52000", "2018-07-31": "92.80900", "2018-04-30": "41.26000", "2018-01-31": "1.31800", "2017-10-31": "45.09200", "2017-07-31": "49.91500", "2017-04-30": "11.93800", "2017-01-31": "64.28800", "2016-10-31": "47.35500", "2016-07-31": "76.91500", "2016-04-30": "29.56200", "2016-01-31": "72.87800", "2015-10-31": "51.99400", "2015-07-31": "66.84100", "2015-04-30": "32.77600", "2015-01-31": "80.29800", "2014-10-31": "47.14300", "2014-07-31": "67.50900", "2014-04-30": "37.47800", "2014-01-31": "88.68200", "2013-10-31": "70.25700", "2013-07-31": "76.36300", "2013-04-30": "47.05800", "2013-01-31": "82.54700", "2012-10-31": "59.51800", "2012-07-31": "61.29200", "2012-04-30": "33.95700", "2012-01-31": "39.25500", "2011-10-31": "50.67900", "2011-07-31": "56.69300", "2011-04-30": "38.62400", "2011-01-31": "75.23800", "2010-10-31": "73.10600", "2010-07-31": "71.65700", "2010-04-30": "52.95700", "2010-01-31": "77.67500", "2009-10-31": "62.39200", "2009-07-31": "49.02100", "2009-04-30": "30.80500", "2009-01-31": "40.54500", "2008-10-31": "59.27400", "2008-07-31": "56.98800", "2008-04-30": "42.55700", "2008-01-31": "53.61600", "2007-10-31": "45.38200", "2007-07-31": "31.86600", "2007-04-30": "29.36700", "2007-01-31": "35.73100", "2006-10-31": "34.51400", "2006-07-31": "25.66200", "2006-04-30": "20.29900", "2006-01-31": "35.59300", "2005-10-31": "37.16200", "2005-07-31": "30.60100", "2005-04-30": "27.44000", "2005-01-31": "27.07600"}, "Income From Discontinued Operations": {"2020-10-31": "", "2020-07-31": "", "2020-04-30": "", "2020-01-31": "", "2019-10-31": "", "2019-07-31": "", "2019-04-30": "", "2019-01-31": "", "2018-10-31": "", "2018-07-31": "", "2018-04-30": "", "2018-01-31": "", "2017-10-31": "", "2017-07-31": "", "2017-04-30": "", "2017-01-31": "", "2016-10-31": "", "2016-07-31": "", "2016-04-30": "", "2016-01-31": "", "2015-10-31": "", "2015-07-31": "", "2015-04-30": "", "2015-01-31": "", "2014-10-31": "", "2014-07-31": "", "2014-04-30": "", "2014-01-31": "", "2013-10-31": "", "2013-07-31": "", "2013-04-30": "", "2013-01-31": "", "2012-10-31": "", "2012-07-31": "", "2012-04-30": "", "2012-01-31": "", "2011-10-31": "", "2011-07-31": "", "2011-04-30": "", "2011-01-31": "", "2010-10-31": "", "2010-07-31": "", "2010-04-30": "", "2010-01-31": "", "2009-10-31": "", "2009-07-31": "", "2009-04-30": "", "2009-01-31": "", "2008-10-31": "", "2008-07-31": "", "2008-04-30": "", "2008-01-31": "", "2007-10-31": "", "2007-07-31": "", "2007-04-30": "", "2007-01-31": "", "2006-10-31": "", "2006-07-31": "", "2006-04-30": "", "2006-01-31": "", "2005-10-31": "", "2005-07-31": "", "2005-04-30": "", "2005-01-31": ""}, "Net Income": {"2020-10-31": "76.70400", "2020-07-31": "34.40000", "2020-04-30": "-138.44200", "2020-01-31": "19.53900", "2019-10-31": "55.65200", "2019-07-31": "60.32000", "2019-04-30": "32.58500", "2019-01-31": "86.41400", "2018-10-31": "77.52000", "2018-07-31": "92.80900", "2018-04-30": "41.26000", "2018-01-31": "1.31800", "2017-10-31": "45.09200", "2017-07-31": "49.91500", "2017-04-30": "11.93800", "2017-01-31": "64.28800", "2016-10-31": "47.35500", "2016-07-31": "76.91500", "2016-04-30": "29.56200", "2016-01-31": "72.87800", "2015-10-31": "51.99400", "2015-07-31": "66.84100", "2015-04-30": "32.77600", "2015-01-31": "80.29800", "2014-10-31": "47.14300", "2014-07-31": "67.50900", "2014-04-30": "37.47800", "2014-01-31": "88.68200", "2013-10-31": "70.25700", "2013-07-31": "76.36300", "2013-04-30": "47.05800", "2013-01-31": "82.54700", "2012-10-31": "59.51800", "2012-07-31": "61.29200", "2012-04-30": "33.95700", "2012-01-31": "39.25500", "2011-10-31": "50.67900", "2011-07-31": "56.69300", "2011-04-30": "38.62400", "2011-01-31": "75.23800", "2010-10-31": "73.10600", "2010-07-31": "71.65700", "2010-04-30": "52.95700", "2010-01-31": "77.67500", "2009-10-31": "62.39200", "2009-07-31": "49.02100", "2009-04-30": "30.80500", "2009-01-31": "40.54500", "2008-10-31": "59.27400", "2008-07-31": "56.98800", "2008-04-30": "42.55700", "2008-01-31": "53.61600", "2007-10-31": "45.38200", "2007-07-31": "31.86600", "2007-04-30": "29.36700", "2007-01-31": "35.73100", "2006-10-31": "34.51400", "2006-07-31": "25.66200", "2006-04-30": "20.29900", "2006-01-31": "35.59300", "2005-10-31": "37.16200", "2005-07-31": "30.60100", "2005-04-30": "27.44000", "2005-01-31": "27.07600"}, "EBITDA": {"2020-10-31": "123.42800", "2020-07-31": "94.88300", "2020-04-30": "-170.81110", "2020-01-31": "81.12500", "2019-10-31": "103.49100", "2019-07-31": "105.64700", "2019-04-30": "67.82900", "2019-01-31": "142.87540", "2018-10-31": "125.51800", "2018-07-31": "146.54600", "2018-04-30": "84.36000", "2018-01-31": "122.23000", "2017-10-31": "105.13500", "2017-07-31": "107.76310", "2017-04-30": "53.17200", "2017-01-31": "133.67610", "2016-10-31": "103.09310", "2016-07-31": "151.76100", "2016-04-30": "85.32700", "2016-01-31": "152.41990", "2015-10-31": "116.22800", "2015-07-31": "139.55600", "2015-04-30": "88.09700", "2015-01-31": "158.71500", "2014-10-31": "110.93900", "2014-07-31": "139.54300", "2014-04-30": "94.29800", "2014-01-31": "163.96720", "2013-10-31": "138.67700", "2013-07-31": "151.80700", "2013-04-30": "105.04400", "2013-01-31": "163.20190", "2012-10-31": "123.80200", "2012-07-31": "124.91700", "2012-04-30": "81.02800", "2012-01-31": "91.93710", "2011-10-31": "100.76500", "2011-07-31": "114.74800", "2011-04-30": "85.38700", "2011-01-31": "146.57200", "2010-10-31": "130.60500", "2010-07-31": "131.57300", "2010-04-30": "106.55800", "2010-01-31": "142.29090", "2009-10-31": "119.38900", "2009-07-31": "101.44400", "2009-04-30": "68.21000", "2009-01-31": "84.25000", "2008-10-31": "111.45800", "2008-07-31": "103.39100", "2008-04-30": "82.28500", "2008-01-31": "99.05710", "2007-10-31": "78.97000", "2007-07-31": "64.37900", "2007-04-30": "52.55600", "2007-01-31": "64.73900", "2006-10-31": "59.66900", "2006-07-31": "51.80600", "2006-04-30": "43.48800", "2006-01-31": "63.65410", "2005-10-31": "70.57100", "2005-07-31": "59.23700", "2005-04-30": "53.57700", "2005-01-31": "53.17590"}, "EBIT": {"2020-10-31": "98.50800", "2020-07-31": "69.41900", "2020-04-30": "-198.73500", "2020-01-31": "38.57500", "2019-10-31": "75.26900", "2019-07-31": "78.06100", "2019-04-30": "40.02000", "2019-01-31": "114.20830", "2018-10-31": "96.35700", "2018-07-31": "116.85200", "2018-04-30": "53.89600", "2018-01-31": "90.78800", "2017-10-31": "72.88800", "2017-07-31": "75.18010", "2017-04-30": "21.03600", "2017-01-31": "99.52700", "2016-10-31": "70.30510", "2016-07-31": "118.21200", "2016-04-30": "50.48300", "2016-01-31": "116.44900", "2015-10-31": "80.32500", "2015-07-31": "103.75100", "2015-04-30": "53.05400", "2015-01-31": "123.98210", "2014-10-31": "76.46500", "2014-07-31": "105.11700", "2014-04-30": "59.82100", "2014-01-31": "129.08910", "2013-10-31": "105.45900", "2013-07-31": "119.31700", "2013-04-30": "72.96600", "2013-01-31": "131.92200", "2012-10-31": "93.51000", "2012-07-31": "95.93800", "2012-04-30": "52.91500", "2012-01-31": "64.53310", "2011-10-31": "73.36100", "2011-07-31": "87.99500", "2011-04-30": "58.83600", "2011-01-31": "120.32300", "2010-10-31": "104.80000", "2010-07-31": "106.86900", "2010-04-30": "82.21100", "2010-01-31": "118.66190", "2009-10-31": "95.76100", "2009-07-31": "78.44100", "2009-04-30": "46.12000", "2009-01-31": "63.19410", "2008-10-31": "90.37900", "2008-07-31": "82.92000", "2008-04-30": "62.94200", "2008-01-31": "80.33090", "2007-10-31": "61.32700", "2007-07-31": "47.27100", "2007-04-30": "36.01600", "2007-01-31": "48.26500", "2006-10-31": "45.46400", "2006-07-31": "38.70900", "2006-04-30": "31.55100", "2006-01-31": "52.79710", "2005-10-31": "60.65900", "2005-07-31": "49.46500", "2005-04-30": "44.77800", "2005-01-31": "42.66800"}, "Basic Shares Outstanding": {"2020-10-31": "97.78470", "2020-07-31": "97.77880", "2020-04-30": "97.91030", "2020-01-31": "99.83300", "2019-10-31": "97.97290", "2019-07-31": "99.09560", "2019-04-30": "104.43750", "2019-01-31": "108.30360", "2018-10-31": "108.77850", "2018-07-31": "108.83140", "2018-04-30": "108.49090", "2018-01-31": "111.88730", "2017-10-31": "109.66720", "2017-07-31": "113.50040", "2017-04-30": "116.27630", "2017-01-31": "116.87300", "2016-10-31": "116.83000", "2016-07-31": "117.13320", "2016-04-30": "117.30470", "2016-01-31": "125.23250", "2015-10-31": "123.44290", "2015-07-31": "127.91000", "2015-04-30": "131.20270", "2015-01-31": "136.65190", "2014-10-31": "134.26700", "2014-07-31": "136.45400", "2014-04-30": "144.07600", "2014-01-31": "147.01500", "2013-10-31": "147.40600", "2013-07-31": "147.03800", "2013-04-30": "146.29000", "2013-01-31": "145.25400", "2012-10-31": "145.54000", "2012-07-31": "144.81770", "2012-04-30": "144.70900", "2012-01-31": "154.02600", "2011-10-31": "151.17000", "2011-07-31": "158.58200", "2011-04-30": "162.40700", "2011-01-31": "166.89600", "2010-10-31": "165.70000", "2010-07-31": "168.90860", "2010-04-30": "168.85200", "2010-01-31": "168.05350", "2009-10-31": "168.32000", "2009-07-31": "167.92000", "2009-04-30": "167.45600", "2009-01-31": "166.79300", "2008-10-31": "167.03000", "2008-07-31": "166.69900", "2008-04-30": "166.11900", "2008-01-31": "165.30500", "2007-10-31": "165.43100", "2007-07-31": "165.31600", "2007-04-30": "164.82600", "2007-01-31": "164.68000", "2006-10-31": "164.70700", "2006-07-31": "164.99400", "2006-04-30": "164.57600", "2006-01-31": "163.71800", "2005-10-31": "163.95300", "2005-07-31": "163.61300", "2005-04-30": "162.95600", "2005-01-31": "161.42000"}, "Shares Outstanding": {"2020-10-31": "98.58300", "2020-07-31": "98.10490", "2020-04-30": "97.91030", "2020-01-31": "100.58870", "2019-10-31": "98.62820", "2019-07-31": "99.60250", "2019-04-30": "105.34010", "2019-01-31": "109.70600", "2018-10-31": "110.26290", "2018-07-31": "110.43380", "2018-04-30": "109.74370", "2018-01-31": "112.36790", "2017-10-31": "110.10030", "2017-07-31": "113.76070", "2017-04-30": "116.53930", "2017-01-31": "117.29110", "2016-10-31": "117.39400", "2016-07-31": "117.38310", "2016-04-30": "117.58700", "2016-01-31": "126.01340", "2015-10-31": "123.72560", "2015-07-31": "129.08060", "2015-04-30": "132.83620", "2015-01-31": "138.19270", "2014-10-31": "135.94800", "2014-07-31": "138.17700", "2014-04-30": "145.90700", "2014-01-31": "149.22600", "2013-10-31": "149.51700", "2013-07-31": "149.36100", "2013-04-30": "148.79900", "2013-01-31": "146.66400", "2012-10-31": "147.08700", "2012-07-31": "145.61480", "2012-04-30": "145.56900", "2012-01-31": "156.19100", "2011-10-31": "153.43500", "2011-07-31": "160.74400", "2011-04-30": "165.29400", "2011-01-31": "170.33400", "2010-10-31": "168.57600", "2010-07-31": "172.32600", "2010-04-30": "172.81900", "2010-01-31": "171.23020", "2009-10-31": "171.44400", "2009-07-31": "170.71900", "2009-04-30": "170.31700", "2009-01-31": "170.86100", "2008-10-31": "171.06500", "2008-07-31": "171.68800", "2008-04-30": "170.60300", "2008-01-31": "169.64100", "2007-10-31": "169.93400", "2007-07-31": "169.71000", "2007-04-30": "168.80000", "2007-01-31": "168.65200", "2006-10-31": "168.30700", "2006-07-31": "168.59500", "2006-04-30": "168.02100", "2006-01-31": "169.93600", "2005-10-31": "170.32900", "2005-07-31": "169.83300", "2005-04-30": "169.05800", "2005-01-31": "167.30300"}, "Basic EPS": {"2020-10-31": "0.78000", "2020-07-31": "0.35000", "2020-04-30": "-1.41000", "2020-01-31": "0.19000", "2019-10-31": "0.57000", "2019-07-31": "0.61000", "2019-04-30": "0.31000", "2019-01-31": "0.81000", "2018-10-31": "0.71000", "2018-07-31": "0.85000", "2018-04-30": "0.38000", "2018-01-31": "0.02000", "2017-10-31": "0.41000", "2017-07-31": "0.44000", "2017-04-30": "0.10000", "2017-01-31": "0.55000", "2016-10-31": "0.41000", "2016-07-31": "0.66000", "2016-04-30": "0.25000", "2016-01-31": "0.60000", "2015-10-31": "0.42000", "2015-07-31": "0.52000", "2015-04-30": "0.25000", "2015-01-31": "0.60000", "2014-10-31": "0.35000", "2014-07-31": "0.49000", "2014-04-30": "0.26000", "2014-01-31": "0.60000", "2013-10-31": "0.48000", "2013-07-31": "0.52000", "2013-04-30": "0.32000", "2013-01-31": "0.56000", "2012-10-31": "0.41000", "2012-07-31": "0.42000", "2012-04-30": "0.24000", "2012-01-31": "0.26000", "2011-10-31": "0.34000", "2011-07-31": "0.36000", "2011-04-30": "0.24000", "2011-01-31": "0.47000", "2010-10-31": "0.44000", "2010-07-31": "0.42000", "2010-04-30": "0.31000", "2010-01-31": "0.47000", "2009-10-31": "0.37000", "2009-07-31": "0.29000", "2009-04-30": "0.18000", "2009-01-31": "0.25000", "2008-10-31": "0.35000", "2008-07-31": "0.34000", "2008-04-30": "0.26000", "2008-01-31": "0.33000", "2007-10-31": "0.27000", "2007-07-31": "0.19000", "2007-04-30": "0.18000", "2007-01-31": "0.22000", "2006-10-31": "0.21000", "2006-07-31": "0.16000", "2006-04-30": "0.12000", "2006-01-31": "0.21000", "2005-10-31": "0.23000", "2005-07-31": "0.19000", "2005-04-30": "0.17000", "2005-01-31": "0.17000"}, "EPS - Earnings Per Share": {"2020-10-31": "0.78000", "2020-07-31": "0.35000", "2020-04-30": "-1.41000", "2020-01-31": "0.19000", "2019-10-31": "0.56000", "2019-07-31": "0.61000", "2019-04-30": "0.31000", "2019-01-31": "0.80000", "2018-10-31": "0.70000", "2018-07-31": "0.84000", "2018-04-30": "0.38000", "2018-01-31": "0.01000", "2017-10-31": "0.41000", "2017-07-31": "0.44000", "2017-04-30": "0.10000", "2017-01-31": "0.55000", "2016-10-31": "0.40000", "2016-07-31": "0.66000", "2016-04-30": "0.25000", "2016-01-31": "0.59000", "2015-10-31": "0.42000", "2015-07-31": "0.52000", "2015-04-30": "0.25000", "2015-01-31": "0.58000", "2014-10-31": "0.35000", "2014-07-31": "0.49000", "2014-04-30": "0.26000", "2014-01-31": "0.59000", "2013-10-31": "0.47000", "2013-07-31": "0.51000", "2013-04-30": "0.32000", "2013-01-31": "0.57000", "2012-10-31": "0.40000", "2012-07-31": "0.42000", "2012-04-30": "0.23000", "2012-01-31": "0.28000", "2011-10-31": "0.33000", "2011-07-31": "0.35000", "2011-04-30": "0.23000", "2011-01-31": "0.44000", "2010-10-31": "0.43000", "2010-07-31": "0.42000", "2010-04-30": "0.31000", "2010-01-31": "0.45000", "2009-10-31": "0.36000", "2009-07-31": "0.29000", "2009-04-30": "0.18000", "2009-01-31": "0.24000", "2008-10-31": "0.35000", "2008-07-31": "0.33000", "2008-04-30": "0.25000", "2008-01-31": "0.31000", "2007-10-31": "0.27000", "2007-07-31": "0.19000", "2007-04-30": "0.17000", "2007-01-31": "0.21000", "2006-10-31": "0.21000", "2006-07-31": "0.15000", "2006-04-30": "0.12000", "2006-01-31": "0.21000", "2005-10-31": "0.22000", "2005-07-31": "0.18000", "2005-04-30": "0.16000", "2005-01-31": "0.16500"}}, "balance sheet": {"Cash On Hand": {"2020-01-31": "433.29200", "2019-01-31": "637.49200", "2018-01-31": "447.34500", "2017-01-31": "359.20700", "2016-01-31": "326.33700", "2015-01-31": "258.80400", "2014-01-31": "523.87100", "2013-01-31": "473.81300", "2012-01-31": "235.12700", "2011-01-31": "456.67700", "2010-01-31": "501.53600", "2009-01-31": "365.98300", "2008-01-31": "185.39800", "2007-01-31": "159.27800", "2006-01-31": "191.79500", "2005-01-31": "155.68400"}, "Receivables": {"2020-01-31": "88.28800", "2019-01-31": "80.46100", "2018-01-31": "76.96200", "2017-01-31": "54.50500", "2016-01-31": "75.72300", "2015-01-31": "70.45800", "2014-01-31": "55.16100", "2013-01-31": "39.51900", "2012-01-31": "36.67300", "2011-01-31": "36.50200", "2010-01-31": "38.40500", "2009-01-31": "36.39000", "2008-01-31": "26.36500", "2007-01-31": "20.87100", "2006-01-31": "14.32400", "2005-01-31": "8.36400"}, "Inventory": {"2020-01-31": "409.53400", "2019-01-31": "370.50700", "2018-01-31": "351.39500", "2017-01-31": "338.59000", "2016-01-31": "330.22300", "2015-01-31": "358.23700", "2014-01-31": "311.20700", "2013-01-31": "282.41100", "2012-01-31": "250.07300", "2011-01-31": "229.56100", "2010-01-31": "186.13000", "2009-01-31": "169.69800", "2008-01-31": "171.92500", "2007-01-31": "154.38700", "2006-01-31": "140.37700", "2005-01-31": "98.99600"}, "Pre-Paid Expenses": {"2020-01-31": "122.28200", "2019-01-31": "114.29600", "2018-01-31": "103.05500", "2017-01-31": "129.09500", "2016-01-31": "102.07800", "2015-01-31": "102.86300", "2014-01-31": "75.96800", "2013-01-31": "61.82700", "2012-01-31": "69.87600", "2011-01-31": "66.88600", "2010-01-31": "67.86500", "2009-01-31": "46.41200", "2008-01-31": "46.23800", "2007-01-31": "27.28600", "2006-01-31": "33.99300", "2005-01-31": "20.12300"}, "Other Current Assets": {"2020-01-31": "", "2019-01-31": "", "2018-01-31": "", "2017-01-31": "", "2016-01-31": "", "2015-01-31": "", "2014-01-31": "", "2013-01-31": "", "2012-01-31": "", "2011-01-31": "", "2010-01-31": "", "2009-01-31": "", "2008-01-31": "", "2007-01-31": "", "2006-01-31": "", "2005-01-31": ""}, "Total Current Assets": {"2020-01-31": "1053.39600", "2019-01-31": "1202.75600", "2018-01-31": "978.75700", "2017-01-31": "881.39700", "2016-01-31": "834.36100", "2015-01-31": "809.11700", "2014-01-31": "994.98000", "2013-01-31": "872.28400", "2012-01-31": "596.99200", "2011-01-31": "803.97700", "2010-01-31": "806.21300", "2009-01-31": "624.40200", "2008-01-31": "433.61000", "2007-01-31": "366.40500", "2006-01-31": "385.18300", "2005-01-31": "287.86800"}, "Property, Plant, And Equipment": {"2020-01-31": "890.03200", "2019-01-31": "796.02900", "2018-01-31": "813.76800", "2017-01-31": "867.78600", "2016-01-31": "863.13700", "2015-01-31": "889.23200", "2014-01-31": "806.90900", "2013-01-31": "733.41600", "2012-01-31": "684.97900", "2011-01-31": "586.34600", "2010-01-31": "539.96100", "2009-01-31": "505.40700", "2008-01-31": "488.88900", "2007-01-31": "445.69800", "2006-01-31": "299.29100", "2005-01-31": "192.79200"}, "Long-Term Investments": {"2020-01-31": "97.09600", "2019-01-31": "57.29200", "2018-01-31": "58.68800", "2017-01-31": "44.28800", "2016-01-31": "36.60000", "2015-01-31": "104.44800", "2014-01-31": "366.42200", "2013-01-31": "149.58500", "2012-01-31": "126.91300", "2011-01-31": "351.98800", "2010-01-31": "243.44500", "2009-01-31": "155.22600", "2008-01-31": "188.25200", "2007-01-31": "62.32200", "2006-01-31": "64.74800", "2005-01-31": "63.45700"}, "Goodwill And Intangible Assets": {"2020-01-31": "", "2019-01-31": "", "2018-01-31": "", "2017-01-31": "", "2016-01-31": "", "2015-01-31": "", "2014-01-31": "", "2013-01-31": "", "2012-01-31": "", "2011-01-31": "", "2010-01-31": "", "2009-01-31": "", "2008-01-31": "", "2007-01-31": "", "2006-01-31": "", "2005-01-31": ""}, "Other Long-Term Assets": {"2020-01-31": "", "2019-01-31": "", "2018-01-31": "", "2017-01-31": "", "2016-01-31": "", "2015-01-31": "", "2014-01-31": "", "2013-01-31": "", "2012-01-31": "", "2011-01-31": "", "2010-01-31": "", "2009-01-31": "", "2008-01-31": "", "2007-01-31": "", "2006-01-31": "", "2005-01-31": ""}, "Total Long-Term Assets": {"2020-01-31": "2262.23700", "2019-01-31": "957.75900", "2018-01-31": "974.02300", "2017-01-31": "1021.24000", "2016-01-31": "998.94000", "2015-01-31": "1079.62400", "2014-01-31": "1226.23400", "2013-01-31": "924.92710", "2012-01-31": "886.71600", "2011-01-31": "990.34400", "2010-01-31": "829.88000", "2009-01-31": "704.60700", "2008-01-31": "709.18100", "2007-01-31": "532.84600", "2006-01-31": "384.02200", "2005-01-31": "268.81600"}, "Total Assets": {"2020-01-31": "3315.63300", "2019-01-31": "2160.51500", "2018-01-31": "1952.78000", "2017-01-31": "1902.63700", "2016-01-31": "1833.30100", "2015-01-31": "1888.74100", "2014-01-31": "2221.21400", "2013-01-31": "1797.21100", "2012-01-31": "1483.70800", "2011-01-31": "1794.32100", "2010-01-31": "1636.09300", "2009-01-31": "1329.00900", "2008-01-31": "1142.79100", "2007-01-31": "899.25100", "2006-01-31": "769.20500", "2005-01-31": "556.68400"}, "Total Current Liabilities": {"2020-01-31": "638.77000", "2019-01-31": "386.64400", "2018-01-31": "360.21400", "2017-01-31": "352.92800", "2016-01-31": "329.23100", "2015-01-31": "353.74000", "2014-01-31": "331.83000", "2013-01-31": "250.19500", "2012-01-31": "233.46600", "2011-01-31": "211.02400", "2010-01-31": "188.54900", "2009-01-31": "141.15000", "2008-01-31": "167.37800", "2007-01-31": "135.31800", "2006-01-31": "133.50800", "2005-01-31": "98.27100"}, "Long Term Debt": {"2020-01-31": "", "2019-01-31": "", "2018-01-31": "", "2017-01-31": "", "2016-01-31": "150.00000", "2015-01-31": "", "2014-01-31": "", "2013-01-31": "", "2012-01-31": "", "2011-01-31": "", "2010-01-31": "", "2009-01-31": "", "2008-01-31": "", "2007-01-31": "", "2006-01-31": "", "2005-01-31": ""}, "Other Non-Current Liabilities": {"2020-01-31": "", "2019-01-31": "", "2018-01-31": "", "2017-01-31": "", "2016-01-31": "", "2015-01-31": "", "2014-01-31": "", "2013-01-31": "", "2012-01-31": "", "2011-01-31": "", "2010-01-31": "", "2009-01-31": "", "2008-01-31": "", "2007-01-31": "", "2006-01-31": "", "2005-01-31": ""}, "Total Long Term Liabilities": {"2020-01-31": "1221.50800", "2019-01-31": "284.77300", "2018-01-31": "291.66300", "2017-01-31": "236.62500", "2016-01-31": "366.84300", "2015-01-31": "207.03200", "2014-01-31": "195.21400", "2013-01-31": "192.42800", "2012-01-31": "183.97400", "2011-01-31": "171.74900", "2010-01-31": "150.76900", "2009-01-31": "134.08400", "2008-01-31": "121.98200", "2007-01-31": "88.65000", "2006-01-31": "74.81700", "2005-01-31": "56.16900"}, "Total Liabilities": {"2020-01-31": "1860.27800", "2019-01-31": "671.41700", "2018-01-31": "651.87700", "2017-01-31": "589.55300", "2016-01-31": "696.07400", "2015-01-31": "560.77200", "2014-01-31": "527.04400", "2013-01-31": "442.62300", "2012-01-31": "417.44000", "2011-01-31": "382.77300", "2010-01-31": "339.31800", "2009-01-31": "275.23400", "2008-01-31": "289.36000", "2007-01-31": "223.96800", "2006-01-31": "208.32500", "2005-01-31": "154.44000"}, "Common Stock Net": {"2020-01-31": "0.01000", "2019-01-31": "0.01100", "2018-01-31": "0.01100", "2017-01-31": "0.01200", "2016-01-31": "0.01200", "2015-01-31": "0.01300", "2014-01-31": "0.01500", "2013-01-31": "0.01500", "2012-01-31": "0.01500", "2011-01-31": "0.01700", "2010-01-31": "0.01700", "2009-01-31": "0.01700", "2008-01-31": "0.01700", "2007-01-31": "0.01700", "2006-01-31": "0.01600", "2005-01-31": "0.01600"}, "Retained Earnings (Accumulated Deficit)": {"2020-01-31": "1473.87200", "2019-01-31": "1516.19000", "2018-01-31": "1310.85900", "2017-01-31": "1347.14100", "2016-01-31": "1160.66600", "2015-01-31": "1343.38300", "2014-01-31": "1597.43900", "2013-01-31": "1315.07900", "2012-01-31": "1077.76500", "2011-01-31": "1394.19000", "2010-01-31": "1121.23200", "2009-01-31": "901.33900", "2008-01-31": "701.97500", "2007-01-31": "542.39600", "2006-01-31": "426.19000", "2005-01-31": "295.39400"}, "Comprehensive Income": {"2020-01-31": "-28.00400", "2019-01-31": "-27.10300", "2018-01-31": "-10.65100", "2017-01-31": "-34.06900", "2016-01-31": "-23.45100", "2015-01-31": "-15.42700", "2014-01-31": "-0.96800", "2013-01-31": "-8.78200", "2012-01-31": "-11.51200", "2011-01-31": "-10.26200", "2010-01-31": "-9.09400", "2009-01-31": "-17.74700", "2008-01-31": "7.23500", "2007-01-31": "4.28400", "2006-01-31": "0.52800", "2005-01-31": "2.47000"}, "Other Share Holders Equity": {"2020-01-31": "", "2019-01-31": "", "2018-01-31": "", "2017-01-31": "", "2016-01-31": "", "2015-01-31": "", "2014-01-31": "", "2013-01-31": "", "2012-01-31": "", "2011-01-31": "", "2010-01-31": "", "2009-01-31": "", "2008-01-31": "", "2007-01-31": "", "2006-01-31": "", "2005-01-31": ""}, "Share Holder Equity": {"2020-01-31": "1455.35500", "2019-01-31": "1489.09800", "2018-01-31": "1300.90300", "2017-01-31": "1313.08400", "2016-01-31": "1137.22700", "2015-01-31": "1327.96900", "2014-01-31": "1694.17000", "2013-01-31": "1354.58800", "2012-01-31": "1066.26800", "2011-01-31": "1411.54800", "2010-01-31": "1296.77500", "2009-01-31": "1053.77500", "2008-01-31": "853.43100", "2007-01-31": "675.28300", "2006-01-31": "560.88000", "2005-01-31": "402.24400"}, "Total Liabilities And Share Holders Equity": {"2020-01-31": "3315.63300", "2019-01-31": "2160.51500", "2018-01-31": "1952.78000", "2017-01-31": "1902.63700", "2016-01-31": "1833.30100", "2015-01-31": "1888.74100", "2014-01-31": "2221.21400", "2013-01-31": "1797.21100", "2012-01-31": "1483.70800", "2011-01-31": "1794.32100", "2010-01-31": "1636.09300", "2009-01-31": "1329.00900", "2008-01-31": "1142.79100", "2007-01-31": "899.25100", "2006-01-31": "769.20500", "2005-01-31": "556.68400"}}, "balance sheet, quarterly": {"Cash On Hand": {"2020-10-31": "624.94700", "2020-07-31": "663.36100", "2020-04-30": "653.86100", "2020-01-31": "433.29200", "2019-10-31": "337.76700", "2019-07-31": "333.41600", "2019-04-30": "520.36200", "2019-01-31": "637.49200", "2018-10-31": "566.41200", "2018-07-31": "603.89300", "2018-04-30": "480.08000", "2018-01-31": "447.34500", "2017-10-31": "327.95400", "2017-07-31": "386.95400", "2017-04-30": "370.97700", "2017-01-31": "359.20700", "2016-10-31": "259.53000", "2016-07-31": "302.34700", "2016-04-30": "287.70800", "2016-01-31": "326.33700", "2015-10-31": "219.14200", "2015-07-31": "266.36700", "2015-04-30": "273.55700", "2015-01-31": "258.80400", "2014-10-31": "243.19600", "2014-07-31": "251.99400", "2014-04-30": "341.62100", "2014-01-31": "523.87100", "2013-10-31": "422.47600", "2013-07-31": "524.34500", "2013-04-30": "488.40200", "2013-01-31": "473.81300", "2012-10-31": "362.71300", "2012-07-31": "271.37100", "2012-04-30": "247.51800", "2012-01-31": "235.12700", "2011-10-31": "130.01900", "2011-07-31": "285.72800", "2011-04-30": "312.62700", "2011-01-31": "456.67700", "2010-10-31": "503.62400", "2010-07-31": "591.06100", "2010-04-30": "583.25800", "2010-01-31": "501.53600", "2009-10-31": "418.39500", "2009-07-31": "288.76000", "2009-04-30": "297.62500", "2009-01-31": "365.98300", "2008-10-31": "199.04900", "2008-07-31": "237.29600", "2008-04-30": "219.13100", "2008-01-31": "185.39800", "2007-10-31": "190.80300", "2007-07-31": "173.13500", "2007-04-30": "164.67900", "2007-01-31": "159.27800", "2006-10-31": "126.59200", "2006-07-31": "152.53100", "2006-04-30": "174.83100", "2006-01-31": "191.79500", "2005-10-31": "156.34000", "2005-07-31": "165.03800", "2005-04-30": "156.80500", "2005-01-31": "155.68400"}, "Receivables": {"2020-10-31": "87.18700", "2020-07-31": "60.44100", "2020-04-30": "55.91000", "2020-01-31": "88.28800", "2019-10-31": "99.97100", "2019-07-31": "95.13100", "2019-04-30": "88.39000", "2019-01-31": "80.46100", "2018-10-31": "90.95400", "2018-07-31": "90.64600", "2018-04-30": "88.93600", "2018-01-31": "76.96200", "2017-10-31": "78.34800", "2017-07-31": "75.53000", "2017-04-30": "83.94900", "2017-01-31": "54.50500", "2016-10-31": "68.89600", "2016-07-31": "95.00300", "2016-04-30": "72.16500", "2016-01-31": "75.72300", "2015-10-31": "68.33200", "2015-07-31": "70.01400", "2015-04-30": "54.28300", "2015-01-31": "70.45800", "2014-10-31": "70.80300", "2014-07-31": "72.81300", "2014-04-30": "59.26700", "2014-01-31": "55.16100", "2013-10-31": "54.71700", "2013-07-31": "53.80700", "2013-04-30": "48.86800", "2013-01-31": "39.51900", "2012-10-31": "43.91300", "2012-07-31": "48.22200", "2012-04-30": "43.88200", "2012-01-31": "36.67300", "2011-10-31": "46.83000", "2011-07-31": "52.56000", "2011-04-30": "46.53900", "2011-01-31": "36.50200", "2010-10-31": "47.65300", "2010-07-31": "42.47400", "2010-04-30": "35.44800", "2010-01-31": "38.40500", "2009-10-31": "37.59200", "2009-07-31": "32.03900", "2009-04-30": "30.07900", "2009-01-31": "36.39000", "2008-10-31": "33.82200", "2008-07-31": "32.46800", "2008-04-30": "25.59300", "2008-01-31": "26.36500", "2007-10-31": "24.87900", "2007-07-31": "24.51600", "2007-04-30": "22.03700", "2007-01-31": "20.87100", "2006-10-31": "19.55300", "2006-07-31": "22.29900", "2006-04-30": "23.68600", "2006-01-31": "14.32400", "2005-10-31": "18.50900", "2005-07-31": "19.19500", "2005-04-30": "13.75400", "2005-01-31": "8.36400"}, "Inventory": {"2020-10-31": "489.23400", "2020-07-31": "351.77100", "2020-04-30": "335.64000", "2020-01-31": "409.53400", "2019-10-31": "531.56500", "2019-07-31": "440.08700", "2019-04-30": "408.36200", "2019-01-31": "370.50700", "2018-10-31": "451.65900", "2018-07-31": "375.65700", "2018-04-30": "404.61700", "2018-01-31": "351.39500", "2017-10-31": "449.95700", "2017-07-31": "365.17600", "2017-04-30": "359.49300", "2017-01-31": "338.59000", "2016-10-31": "453.82600", "2016-07-31": "367.19700", "2016-04-30": "359.86500", "2016-01-31": "330.22300", "2015-10-31": "441.55000", "2015-07-31": "384.40400", "2015-04-30": "397.99800", "2015-01-31": "358.23700", "2014-10-31": "467.09700", "2014-07-31": "362.02800", "2014-04-30": "349.04500", "2014-01-31": "311.20700", "2013-10-31": "406.71200", "2013-07-31": "347.06400", "2013-04-30": "325.47100", "2013-01-31": "282.41100", "2012-10-31": "395.40600", "2012-07-31": "322.82300", "2012-04-30": "299.75000", "2012-01-31": "250.07300", "2011-10-31": "367.40700", "2011-07-31": "303.15900", "2011-04-30": "264.27800", "2011-01-31": "229.56100", "2010-10-31": "289.25600", "2010-07-31": "243.20300", "2010-04-30": "221.98400", "2010-01-31": "186.13000", "2009-10-31": "234.52100", "2009-07-31": "217.05000", "2009-04-30": "189.88100", "2009-01-31": "169.69800", "2008-10-31": "252.30800", "2008-07-31": "211.20500", "2008-04-30": "191.28700", "2008-01-31": "171.92500", "2007-10-31": "212.69600", "2007-07-31": "185.61900", "2007-04-30": "168.13100", "2007-01-31": "154.38700", "2006-10-31": "179.59200", "2006-07-31": "148.52800", "2006-04-30": "140.72600", "2006-01-31": "140.37700", "2005-10-31": "170.23200", "2005-07-31": "132.59600", "2005-04-30": "113.47700", "2005-01-31": "98.99600"}, "Pre-Paid Expenses": {"2020-10-31": "170.19300", "2020-07-31": "195.39300", "2020-04-30": "131.51700", "2020-01-31": "122.28200", "2019-10-31": "143.71000", "2019-07-31": "131.76300", "2019-04-30": "122.18300", "2019-01-31": "114.29600", "2018-10-31": "139.77400", "2018-07-31": "131.57200", "2018-04-30": "123.50500", "2018-01-31": "103.05500", "2017-10-31": "111.05000", "2017-07-31": "110.01700", "2017-04-30": "110.43100", "2017-01-31": "129.09500", "2016-10-31": "107.76700", "2016-07-31": "94.66300", "2016-04-30": "89.79300", "2016-01-31": "102.07800", "2015-10-31": "118.20200", "2015-07-31": "118.67800", "2015-04-30": "119.08300", "2015-01-31": "102.86300", "2014-10-31": "116.96900", "2014-07-31": "105.12900", "2014-04-30": "103.09700", "2014-01-31": "75.96800", "2013-10-31": "92.87600", "2013-07-31": "72.32200", "2013-04-30": "91.82900", "2013-01-31": "61.82700", "2012-10-31": "64.23300", "2012-07-31": "61.61200", "2012-04-30": "84.73800", "2012-01-31": "69.87600", "2011-10-31": "64.07400", "2011-07-31": "57.12100", "2011-04-30": "77.84600", "2011-01-31": "66.88600", "2010-10-31": "59.07300", "2010-07-31": "85.87500", "2010-04-30": "79.84000", "2010-01-31": "67.86500", "2009-10-31": "46.98700", "2009-07-31": "46.00500", "2009-04-30": "45.51300", "2009-01-31": "46.41200", "2008-10-31": "64.07900", "2008-07-31": "47.76200", "2008-04-30": "46.22800", "2008-01-31": "46.23800", "2007-10-31": "38.25900", "2007-07-31": "28.98100", "2007-04-30": "33.92700", "2007-01-31": "27.28600", "2006-10-31": "33.19700", "2006-07-31": "37.41900", "2006-04-30": "38.29900", "2006-01-31": "33.99300", "2005-10-31": "27.17000", "2005-07-31": "29.09700", "2005-04-30": "21.82000", "2005-01-31": "20.12300"}, "Other Current Assets": {"2020-10-31": "", "2020-07-31": "", "2020-04-30": "", "2020-01-31": "", "2019-10-31": "", "2019-07-31": "", "2019-04-30": "", "2019-01-31": "", "2018-10-31": "", "2018-07-31": "", "2018-04-30": "", "2018-01-31": "", "2017-10-31": "", "2017-07-31": "", "2017-04-30": "", "2017-01-31": "", "2016-10-31": "", "2016-07-31": "", "2016-04-30": "", "2016-01-31": "", "2015-10-31": "", "2015-07-31": "", "2015-04-30": "", "2015-01-31": "", "2014-10-31": "", "2014-07-31": "", "2014-04-30": "", "2014-01-31": "", "2013-10-31": "", "2013-07-31": "", "2013-04-30": "", "2013-01-31": "", "2012-10-31": "", "2012-07-31": "", "2012-04-30": "", "2012-01-31": "", "2011-10-31": "", "2011-07-31": "", "2011-04-30": "", "2011-01-31": "", "2010-10-31": "", "2010-07-31": "", "2010-04-30": "", "2010-01-31": "", "2009-10-31": "", "2009-07-31": "", "2009-04-30": "", "2009-01-31": "", "2008-10-31": "", "2008-07-31": "", "2008-04-30": "", "2008-01-31": "", "2007-10-31": "", "2007-07-31": "", "2007-04-30": "", "2007-01-31": "", "2006-10-31": "", "2006-07-31": "", "2006-04-30": "", "2006-01-31": "", "2005-10-31": "", "2005-07-31": "", "2005-04-30": "", "2005-01-31": ""}, "Total Current Assets": {"2020-10-31": "1371.56100", "2020-07-31": "1270.96600", "2020-04-30": "1176.92800", "2020-01-31": "1053.39600", "2019-10-31": "1113.01300", "2019-07-31": "1000.39700", "2019-04-30": "1139.29700", "2019-01-31": "1202.75600", "2018-10-31": "1248.79900", "2018-07-31": "1201.76800", "2018-04-30": "1097.13800", "2018-01-31": "978.75700", "2017-10-31": "967.30900", "2017-07-31": "937.67700", "2017-04-30": "924.85000", "2017-01-31": "881.39700", "2016-10-31": "890.01900", "2016-07-31": "859.21000", "2016-04-30": "809.53100", "2016-01-31": "834.36100", "2015-10-31": "847.22600", "2015-07-31": "839.46300", "2015-04-30": "844.92100", "2015-01-31": "809.11700", "2014-10-31": "898.06500", "2014-07-31": "791.96400", "2014-04-30": "853.03000", "2014-01-31": "994.98000", "2013-10-31": "976.78100", "2013-07-31": "997.53800", "2013-04-30": "954.57000", "2013-01-31": "872.28400", "2012-10-31": "866.26500", "2012-07-31": "704.02800", "2012-04-30": "675.88800", "2012-01-31": "596.99200", "2011-10-31": "608.33000", "2011-07-31": "698.56800", "2011-04-30": "701.29000", "2011-01-31": "803.97700", "2010-10-31": "899.60600", "2010-07-31": "962.61300", "2010-04-30": "920.53000", "2010-01-31": "806.21300", "2009-10-31": "737.49500", "2009-07-31": "583.85400", "2009-04-30": "563.09800", "2009-01-31": "624.40200", "2008-10-31": "549.25800", "2008-07-31": "528.73100", "2008-04-30": "482.23900", "2008-01-31": "433.61000", "2007-10-31": "466.63700", "2007-07-31": "412.25100", "2007-04-30": "388.77400", "2007-01-31": "366.40500", "2006-10-31": "358.93400", "2006-07-31": "360.77700", "2006-04-30": "377.54200", "2006-01-31": "385.18300", "2005-10-31": "372.25100", "2005-07-31": "345.92600", "2005-04-30": "305.85600", "2005-01-31": "287.86800"}, "Property, Plant, And Equipment": {"2020-10-31": "930.56400", "2020-07-31": "889.12600", "2020-04-30": "880.35300", "2020-01-31": "890.03200", "2019-10-31": "890.53800", "2019-07-31": "867.43400", "2019-04-30": "829.07200", "2019-01-31": "796.02900", "2018-10-31": "808.88300", "2018-07-31": "807.08400", "2018-04-30": "819.72500", "2018-01-31": "813.76800", "2017-10-31": "829.10600", "2017-07-31": "843.05800", "2017-04-30": "851.25900", "2017-01-31": "867.78600", "2016-10-31": "872.30900", "2016-07-31": "878.60700", "2016-04-30": "871.50400", "2016-01-31": "863.13700", "2015-10-31": "891.87100", "2015-07-31": "900.30200", "2015-04-30": "899.32400", "2015-01-31": "889.23200", "2014-10-31": "886.81000", "2014-07-31": "868.64200", "2014-04-30": "836.24400", "2014-01-31": "806.90900", "2013-10-31": "783.66200", "2013-07-31": "731.42100", "2013-04-30": "721.87200", "2013-01-31": "733.41600", "2012-10-31": "734.79300", "2012-07-31": "722.05800", "2012-04-30": "711.93200", "2012-01-31": "684.97900", "2011-10-31": "670.75200", "2011-07-31": "626.18800", "2011-04-30": "601.24900", "2011-01-31": "586.34600", "2010-10-31": "582.78600", "2010-07-31": "559.94500", "2010-04-30": "548.57500", "2010-01-31": "539.96100", "2009-10-31": "534.26000", "2009-07-31": "528.29500", "2009-04-30": "520.94500", "2009-01-31": "505.40700", "2008-10-31": "513.63900", "2008-07-31": "507.39900", "2008-04-30": "498.78900", "2008-01-31": "488.88900", "2007-10-31": "489.43400", "2007-07-31": "468.97200", "2007-04-30": "455.60100", "2007-01-31": "445.69800", "2006-10-31": "426.43000", "2006-07-31": "394.70600", "2006-04-30": "335.30700", "2006-01-31": "299.29100", "2005-10-31": "255.09100", "2005-07-31": "216.68300", "2005-04-30": "203.16300", "2005-01-31": "192.79200"}, "Long-Term Investments": {"2020-10-31": "9.35000", "2020-07-31": "9.21600", "2020-04-30": "13.27200", "2020-01-31": "97.09600", "2019-10-31": "83.12100", "2019-07-31": "78.85700", "2019-04-30": "93.89400", "2019-01-31": "57.29200", "2018-10-31": "36.03300", "2018-07-31": "45.51400", "2018-04-30": "35.07900", "2018-01-31": "58.68800", "2017-10-31": "41.25400", "2017-07-31": "25.96000", "2017-04-30": "38.45100", "2017-01-31": "44.28800", "2016-10-31": "5.60500", "2016-07-31": "26.00000", "2016-04-30": "18.71000", "2016-01-31": "36.60000", "2015-10-31": "54.13800", "2015-07-31": "72.76400", "2015-04-30": "83.34800", "2015-01-31": "104.44800", "2014-10-31": "114.60000", "2014-07-31": "157.14600", "2014-04-30": "175.69400", "2014-01-31": "366.42200", "2013-10-31": "303.20000", "2013-07-31": "216.76600", "2013-04-30": "149.77100", "2013-01-31": "149.58500", "2012-10-31": "93.76700", "2012-07-31": "91.66400", "2012-04-30": "91.23100", "2012-01-31": "126.91300", "2011-10-31": "129.14600", "2011-07-31": "322.90200", "2011-04-30": "333.94600", "2011-01-31": "351.98800", "2010-10-31": "186.20200", "2010-07-31": "157.60700", "2010-04-30": "189.46700", "2010-01-31": "243.44500", "2009-10-31": "233.52500", "2009-07-31": "294.51900", "2009-04-30": "262.16800", "2009-01-31": "155.22600", "2008-10-31": "225.36400", "2008-07-31": "191.12900", "2008-04-30": "187.54900", "2008-01-31": "188.25200", "2007-10-31": "78.51000", "2007-07-31": "68.35700", "2007-04-30": "62.86500", "2007-01-31": "62.32200", "2006-10-31": "58.63600", "2006-07-31": "60.19500", "2006-04-30": "63.71100", "2006-01-31": "64.74800", "2005-10-31": "65.94600", "2005-07-31": "62.11300", "2005-04-30": "66.62200", "2005-01-31": "63.45700"}, "Goodwill And Intangible Assets": {"2020-10-31": "", "2020-07-31": "", "2020-04-30": "", "2020-01-31": "", "2019-10-31": "", "2019-07-31": "", "2019-04-30": "", "2019-01-31": "", "2018-10-31": "", "2018-07-31": "", "2018-04-30": "", "2018-01-31": "", "2017-10-31": "", "2017-07-31": "", "2017-04-30": "", "2017-01-31": "", "2016-10-31": "", "2016-07-31": "", "2016-04-30": "", "2016-01-31": "", "2015-10-31": "", "2015-07-31": "", "2015-04-30": "", "2015-01-31": "", "2014-10-31": "", "2014-07-31": "", "2014-04-30": "", "2014-01-31": "", "2013-10-31": "", "2013-07-31": "", "2013-04-30": "", "2013-01-31": "", "2012-10-31": "", "2012-07-31": "", "2012-04-30": "", "2012-01-31": "", "2011-10-31": "", "2011-07-31": "", "2011-04-30": "", "2011-01-31": "", "2010-10-31": "", "2010-07-31": "", "2010-04-30": "", "2010-01-31": "", "2009-10-31": "", "2009-07-31": "", "2009-04-30": "", "2009-01-31": "", "2008-10-31": "", "2008-07-31": "", "2008-04-30": "", "2008-01-31": "", "2007-10-31": "", "2007-07-31": "", "2007-04-30": "", "2007-01-31": "", "2006-10-31": "", "2006-07-31": "", "2006-04-30": "", "2006-01-31": "", "2005-10-31": "", "2005-07-31": "", "2005-04-30": "", "2005-01-31": ""}, "Other Long-Term Assets": {"2020-10-31": "", "2020-07-31": "", "2020-04-30": "", "2020-01-31": "", "2019-10-31": "", "2019-07-31": "", "2019-04-30": "", "2019-01-31": "", "2018-10-31": "", "2018-07-31": "", "2018-04-30": "", "2018-01-31": "", "2017-10-31": "", "2017-07-31": "", "2017-04-30": "", "2017-01-31": "", "2016-10-31": "", "2016-07-31": "", "2016-04-30": "", "2016-01-31": "", "2015-10-31": "", "2015-07-31": "", "2015-04-30": "", "2015-01-31": "", "2014-10-31": "", "2014-07-31": "", "2014-04-30": "", "2014-01-31": "", "2013-10-31": "", "2013-07-31": "", "2013-04-30": "", "2013-01-31": "", "2012-10-31": "", "2012-07-31": "", "2012-04-30": "", "2012-01-31": "", "2011-10-31": "", "2011-07-31": "", "2011-04-30": "", "2011-01-31": "", "2010-10-31": "", "2010-07-31": "", "2010-04-30": "", "2010-01-31": "", "2009-10-31": "", "2009-07-31": "", "2009-04-30": "", "2009-01-31": "", "2008-10-31": "", "2008-07-31": "", "2008-04-30": "", "2008-01-31": "", "2007-10-31": "", "2007-07-31": "", "2007-04-30": "", "2007-01-31": "", "2006-10-31": "", "2006-07-31": "", "2006-04-30": "", "2006-01-31": "", "2005-10-31": "", "2005-07-31": "", "2005-04-30": "", "2005-01-31": ""}, "Total Long-Term Assets": {"2020-10-31": "2159.11400", "2020-07-31": "2154.31200", "2020-04-30": "2179.27600", "2020-01-31": "2262.23700", "2019-10-31": "2207.58000", "2019-07-31": "2137.64800", "2019-04-30": "2112.52300", "2019-01-31": "957.75900", "2018-10-31": "948.24300", "2018-07-31": "956.76700", "2018-04-30": "954.07700", "2018-01-31": "974.02300", "2017-10-31": "986.13810", "2017-07-31": "984.92400", "2017-04-30": "1003.22500", "2017-01-31": "1021.24000", "2016-10-31": "995.17200", "2016-07-31": "1014.88600", "2016-04-30": "1005.36300", "2016-01-31": "998.94000", "2015-10-31": "1029.30900", "2015-07-31": "1067.87000", "2015-04-30": "1072.43500", "2015-01-31": "1079.62400", "2014-10-31": "1090.70000", "2014-07-31": "1112.18200", "2014-04-30": "1092.23500", "2014-01-31": "1226.23400", "2013-10-31": "1141.53100", "2013-07-31": "996.15700", "2013-04-30": "914.83300", "2013-01-31": "924.92710", "2012-10-31": "889.33010", "2012-07-31": "890.55400", "2012-04-30": "879.45610", "2012-01-31": "886.71600", "2011-10-31": "869.77500", "2011-07-31": "1006.85600", "2011-04-30": "992.96910", "2011-01-31": "990.34400", "2010-10-31": "822.36510", "2010-07-31": "764.45400", "2010-04-30": "787.64800", "2010-01-31": "829.88000", "2009-10-31": "803.65200", "2009-07-31": "861.36690", "2009-04-30": "827.96300", "2009-01-31": "704.60700", "2008-10-31": "779.16800", "2008-07-31": "739.65800", "2008-04-30": "723.04600", "2008-01-31": "709.18100", "2007-10-31": "599.56490", "2007-07-31": "568.75500", "2007-04-30": "548.51200", "2007-01-31": "532.84600", "2006-10-31": "506.27000", "2006-07-31": "478.27600", "2006-04-30": "421.39300", "2006-01-31": "384.02200", "2005-10-31": "338.20200", "2005-07-31": "291.90700", "2005-04-30": "282.36600", "2005-01-31": "268.81600"}, "Total Assets": {"2020-10-31": "3530.67500", "2020-07-31": "3425.27800", "2020-04-30": "3356.20400", "2020-01-31": "3315.63300", "2019-10-31": "3320.59300", "2019-07-31": "3138.04500", "2019-04-30": "3251.82000", "2019-01-31": "2160.51500", "2018-10-31": "2197.04200", "2018-07-31": "2158.53500", "2018-04-30": "2051.21500", "2018-01-31": "1952.78000", "2017-10-31": "1953.44700", "2017-07-31": "1922.60100", "2017-04-30": "1928.07500", "2017-01-31": "1902.63700", "2016-10-31": "1885.19100", "2016-07-31": "1874.09600", "2016-04-30": "1814.89400", "2016-01-31": "1833.30100", "2015-10-31": "1876.53500", "2015-07-31": "1907.33300", "2015-04-30": "1917.35600", "2015-01-31": "1888.74100", "2014-10-31": "1988.76500", "2014-07-31": "1904.14600", "2014-04-30": "1945.26500", "2014-01-31": "2221.21400", "2013-10-31": "2118.31200", "2013-07-31": "1993.69500", "2013-04-30": "1869.40300", "2013-01-31": "1797.21100", "2012-10-31": "1755.59500", "2012-07-31": "1594.58200", "2012-04-30": "1555.34400", "2012-01-31": "1483.70800", "2011-10-31": "1478.10500", "2011-07-31": "1705.42400", "2011-04-30": "1694.25900", "2011-01-31": "1794.32100", "2010-10-31": "1721.97100", "2010-07-31": "1727.06700", "2010-04-30": "1708.17800", "2010-01-31": "1636.09300", "2009-10-31": "1541.14700", "2009-07-31": "1445.22100", "2009-04-30": "1391.06100", "2009-01-31": "1329.00900", "2008-10-31": "1328.42600", "2008-07-31": "1268.38900", "2008-04-30": "1205.28500", "2008-01-31": "1142.79100", "2007-10-31": "1066.20200", "2007-07-31": "981.00600", "2007-04-30": "937.28600", "2007-01-31": "899.25100", "2006-10-31": "865.20400", "2006-07-31": "839.05300", "2006-04-30": "798.93500", "2006-01-31": "769.20500", "2005-10-31": "710.45300", "2005-07-31": "637.83300", "2005-04-30": "588.22200", "2005-01-31": "556.68400"}, "Total Current Liabilities": {"2020-10-31": "946.89800", "2020-07-31": "771.21600", "2020-04-30": "663.57700", "2020-01-31": "638.77000", "2019-10-31": "711.05200", "2019-07-31": "626.13300", "2019-04-30": "648.17900", "2019-01-31": "386.64400", "2018-10-31": "454.97300", "2018-07-31": "429.93800", "2018-04-30": "415.09100", "2018-01-31": "360.21400", "2017-10-31": "423.07300", "2017-07-31": "370.15500", "2017-04-30": "353.48100", "2017-01-31": "352.92800", "2016-10-31": "405.23300", "2016-07-31": "357.17700", "2016-04-30": "342.36100", "2016-01-31": "329.23100", "2015-10-31": "377.88700", "2015-07-31": "353.27700", "2015-04-30": "320.63700", "2015-01-31": "353.74000", "2014-10-31": "409.07000", "2014-07-31": "368.19800", "2014-04-30": "362.10000", "2014-01-31": "331.83000", "2013-10-31": "325.91600", "2013-07-31": "281.13100", "2013-04-30": "250.03400", "2013-01-31": "250.19500", "2012-10-31": "295.08900", "2012-07-31": "231.74000", "2012-04-30": "255.20400", "2012-01-31": "233.46600", "2011-10-31": "265.07000", "2011-07-31": "228.51500", "2011-04-30": "212.00600", "2011-01-31": "211.02400", "2010-10-31": "238.02800", "2010-07-31": "198.41100", "2010-04-30": "197.17700", "2010-01-31": "188.54900", "2009-10-31": "182.21400", "2009-07-31": "160.10000", "2009-04-30": "169.44900", "2009-01-31": "141.15000", "2008-10-31": "176.27500", "2008-07-31": "171.99900", "2008-04-30": "173.42400", "2008-01-31": "167.37800", "2007-10-31": "160.14800", "2007-07-31": "133.10500", "2007-04-30": "133.87000", "2007-01-31": "135.31800", "2006-10-31": "150.00300", "2006-07-31": "144.41100", "2006-04-30": "135.10900", "2006-01-31": "133.50800", "2005-10-31": "127.70800", "2005-07-31": "101.72300", "2005-04-30": "90.98600", "2005-01-31": "98.27100"}, "Long Term Debt": {"2020-10-31": "", "2020-07-31": "120.00000", "2020-04-30": "220.00000", "2020-01-31": "", "2019-10-31": "", "2019-07-31": "", "2019-04-30": "", "2019-01-31": "", "2018-10-31": "", "2018-07-31": "", "2018-04-30": "", "2018-01-31": "", "2017-10-31": "", "2017-07-31": "", "2017-04-30": "", "2017-01-31": "", "2016-10-31": "", "2016-07-31": "50.00000", "2016-04-30": "75.00000", "2016-01-31": "150.00000", "2015-10-31": "115.00000", "2015-07-31": "115.00000", "2015-04-30": "", "2015-01-31": "", "2014-10-31": "", "2014-07-31": "", "2014-04-30": "", "2014-01-31": "", "2013-10-31": "", "2013-07-31": "", "2013-04-30": "", "2013-01-31": "", "2012-10-31": "", "2012-07-31": "", "2012-04-30": "", "2012-01-31": "", "2011-10-31": "", "2011-07-31": "", "2011-04-30": "", "2011-01-31": "", "2010-10-31": "", "2010-07-31": "", "2010-04-30": "", "2010-01-31": "", "2009-10-31": "", "2009-07-31": "", "2009-04-30": "", "2009-01-31": "", "2008-10-31": "", "2008-07-31": "", "2008-04-30": "", "2008-01-31": "", "2007-10-31": "", "2007-07-31": "", "2007-04-30": "", "2007-01-31": "", "2006-10-31": "", "2006-07-31": "", "2006-04-30": "", "2006-01-31": "", "2005-10-31": "", "2005-07-31": "", "2005-04-30": "", "2005-01-31": ""}, "Other Non-Current Liabilities": {"2020-10-31": "", "2020-07-31": "", "2020-04-30": "", "2020-01-31": "", "2019-10-31": "", "2019-07-31": "", "2019-04-30": "", "2019-01-31": "", "2018-10-31": "", "2018-07-31": "", "2018-04-30": "", "2018-01-31": "", "2017-10-31": "", "2017-07-31": "", "2017-04-30": "", "2017-01-31": "", "2016-10-31": "", "2016-07-31": "", "2016-04-30": "", "2016-01-31": "", "2015-10-31": "", "2015-07-31": "", "2015-04-30": "", "2015-01-31": "", "2014-10-31": "", "2014-07-31": "", "2014-04-30": "", "2014-01-31": "", "2013-10-31": "", "2013-07-31": "", "2013-04-30": "", "2013-01-31": "", "2012-10-31": "", "2012-07-31": "", "2012-04-30": "", "2012-01-31": "", "2011-10-31": "", "2011-07-31": "", "2011-04-30": "", "2011-01-31": "", "2010-10-31": "", "2010-07-31": "", "2010-04-30": "", "2010-01-31": "", "2009-10-31": "", "2009-07-31": "", "2009-04-30": "", "2009-01-31": "", "2008-10-31": "", "2008-07-31": "", "2008-04-30": "", "2008-01-31": "", "2007-10-31": "", "2007-07-31": "", "2007-04-30": "", "2007-01-31": "", "2006-10-31": "", "2006-07-31": "", "2006-04-30": "", "2006-01-31": "", "2005-10-31": "", "2005-07-31": "", "2005-04-30": "", "2005-01-31": ""}, "Total Long Term Liabilities": {"2020-10-31": "1152.45800", "2020-07-31": "1303.46900", "2020-04-30": "1394.51900", "2020-01-31": "1221.50800", "2019-10-31": "1179.68800", "2019-07-31": "1150.50800", "2019-04-30": "1155.67000", "2019-01-31": "284.77300", "2018-10-31": "281.46000", "2018-07-31": "284.92500", "2018-04-30": "289.70900", "2018-01-31": "291.66300", "2017-10-31": "245.56600", "2017-07-31": "243.63300", "2017-04-30": "241.90400", "2017-01-31": "236.62500", "2016-10-31": "232.32500", "2016-07-31": "271.90100", "2016-04-30": "298.48000", "2016-01-31": "366.84300", "2015-10-31": "326.97900", "2015-07-31": "322.80800", "2015-04-30": "208.27400", "2015-01-31": "207.03200", "2014-10-31": "201.71200", "2014-07-31": "199.89100", "2014-04-30": "196.76000", "2014-01-31": "195.21400", "2013-10-31": "196.11400", "2013-07-31": "193.48100", "2013-04-30": "193.46800", "2013-01-31": "192.42800", "2012-10-31": "190.64800", "2012-07-31": "188.64800", "2012-04-30": "187.81900", "2012-01-31": "183.97400", "2011-10-31": "179.22900", "2011-07-31": "172.58900", "2011-04-30": "169.77300", "2011-01-31": "171.74900", "2010-10-31": "164.04400", "2010-07-31": "155.36900", "2010-04-30": "150.85500", "2010-01-31": "150.76900", "2009-10-31": "143.67300", "2009-07-31": "136.90600", "2009-04-30": "132.81900", "2009-01-31": "134.08400", "2008-10-31": "130.75400", "2008-07-31": "128.25200", "2008-04-30": "123.46900", "2008-01-31": "121.98200", "2007-10-31": "110.41000", "2007-07-31": "102.62800", "2007-04-30": "91.62000", "2007-01-31": "88.65000", "2006-10-31": "80.62600", "2006-07-31": "79.80000", "2006-04-30": "78.01700", "2006-01-31": "74.81700", "2005-10-31": "66.39200", "2005-07-31": "58.80500", "2005-04-30": "57.60900", "2005-01-31": "56.16900"}, "Total Liabilities": {"2020-10-31": "2099.35600", "2020-07-31": "2074.68500", "2020-04-30": "2058.09600", "2020-01-31": "1860.27800", "2019-10-31": "1890.74000", "2019-07-31": "1776.64100", "2019-04-30": "1803.84900", "2019-01-31": "671.41700", "2018-10-31": "736.43300", "2018-07-31": "714.86300", "2018-04-30": "704.80000", "2018-01-31": "651.87700", "2017-10-31": "668.63900", "2017-07-31": "613.78800", "2017-04-30": "595.38500", "2017-01-31": "589.55300", "2016-10-31": "637.55800", "2016-07-31": "629.07800", "2016-04-30": "640.84100", "2016-01-31": "696.07400", "2015-10-31": "704.86600", "2015-07-31": "676.08500", "2015-04-30": "528.91100", "2015-01-31": "560.77200", "2014-10-31": "610.78200", "2014-07-31": "568.08900", "2014-04-30": "558.86000", "2014-01-31": "527.04400", "2013-10-31": "522.03000", "2013-07-31": "474.61200", "2013-04-30": "443.50200", "2013-01-31": "442.62300", "2012-10-31": "485.73700", "2012-07-31": "420.38800", "2012-04-30": "443.02300", "2012-01-31": "417.44000", "2011-10-31": "444.29900", "2011-07-31": "401.10400", "2011-04-30": "381.77900", "2011-01-31": "382.77300", "2010-10-31": "402.07200", "2010-07-31": "353.78000", "2010-04-30": "348.03200", "2010-01-31": "339.31800", "2009-10-31": "325.88700", "2009-07-31": "297.00600", "2009-04-30": "302.26800", "2009-01-31": "275.23400", "2008-10-31": "307.02900", "2008-07-31": "300.25100", "2008-04-30": "296.89300", "2008-01-31": "289.36000", "2007-10-31": "270.55800", "2007-07-31": "235.73300", "2007-04-30": "225.49000", "2007-01-31": "223.96800", "2006-10-31": "230.62900", "2006-07-31": "224.21100", "2006-04-30": "213.12600", "2006-01-31": "208.32500", "2005-10-31": "194.10000", "2005-07-31": "160.52800", "2005-04-30": "148.59500", "2005-01-31": "154.44000"}, "Common Stock Net": {"2020-10-31": "0.01000", "2020-07-31": "0.01000", "2020-04-30": "0.01000", "2020-01-31": "0.01000", "2019-10-31": "0.01000", "2019-07-31": "0.01000", "2019-04-30": "0.01000", "2019-01-31": "0.01100", "2018-10-31": "0.01100", "2018-07-31": "0.01100", "2018-04-30": "0.01100", "2018-01-31": "0.01100", "2017-10-31": "0.01100", "2017-07-31": "0.01100", "2017-04-30": "0.01200", "2017-01-31": "0.01200", "2016-10-31": "0.01200", "2016-07-31": "0.01200", "2016-04-30": "0.01200", "2016-01-31": "0.01200", "2015-10-31": "0.01200", "2015-07-31": "0.01300", "2015-04-30": "0.01300", "2015-01-31": "0.01300", "2014-10-31": "0.01300", "2014-07-31": "0.01300", "2014-04-30": "0.01400", "2014-01-31": "0.01500", "2013-10-31": "0.01500", "2013-07-31": "0.01500", "2013-04-30": "0.01500", "2013-01-31": "0.01500", "2012-10-31": "0.01500", "2012-07-31": "0.01500", "2012-04-30": "0.01500", "2012-01-31": "0.01500", "2011-10-31": "0.01500", "2011-07-31": "0.01600", "2011-04-30": "0.01600", "2011-01-31": "0.01700", "2010-10-31": "0.01700", "2010-07-31": "0.01700", "2010-04-30": "0.01700", "2010-01-31": "0.01700", "2009-10-31": "0.01700", "2009-07-31": "0.01700", "2009-04-30": "0.01700", "2009-01-31": "0.01700", "2008-10-31": "0.01700", "2008-07-31": "0.01700", "2008-04-30": "0.01700", "2008-01-31": "0.01700", "2007-10-31": "0.01700", "2007-07-31": "0.01700", "2007-04-30": "0.01700", "2007-01-31": "0.01700", "2006-10-31": "0.01700", "2006-07-31": "0.01700", "2006-04-30": "0.01700", "2006-01-31": "0.01600", "2005-10-31": "0.01600", "2005-07-31": "0.01600", "2005-04-30": "0.01600", "2005-01-31": "0.01600"}, "Retained Earnings (Accumulated Deficit)": {"2020-10-31": "1446.53400", "2020-07-31": "1369.83000", "2020-04-30": "1335.43000", "2020-01-31": "1473.87200", "2019-10-31": "1454.33300", "2019-07-31": "1398.68100", "2019-04-30": "1478.67800", "2019-01-31": "1516.19000", "2018-10-31": "1492.69100", "2018-07-31": "1451.49200", "2018-04-30": "1358.68300", "2018-01-31": "1310.85900", "2017-10-31": "1309.54100", "2017-07-31": "1332.14500", "2017-04-30": "1358.31900", "2017-01-31": "1347.14100", "2016-10-31": "1285.26800", "2016-07-31": "1264.82100", "2016-04-30": "1187.90600", "2016-01-31": "1160.66600", "2015-10-31": "1184.30800", "2015-07-31": "1241.22700", "2015-04-30": "1376.15900", "2015-01-31": "1343.38300", "2014-10-31": "1380.80100", "2014-07-31": "1333.65800", "2014-04-30": "1384.67100", "2014-01-31": "1597.43900", "2013-10-31": "1508.75700", "2013-07-31": "1438.50000", "2013-04-30": "1362.13700", "2013-01-31": "1315.07900", "2012-10-31": "1232.53100", "2012-07-31": "1173.01300", "2012-04-30": "1111.72200", "2012-01-31": "1077.76500", "2011-10-31": "1041.84700", "2011-07-31": "1309.96400", "2011-04-30": "1317.03600", "2011-01-31": "1394.19000", "2010-10-31": "1318.95200", "2010-07-31": "1245.84600", "2010-04-30": "1174.18900", "2010-01-31": "1121.23200", "2009-10-31": "1043.55700", "2009-07-31": "981.16500", "2009-04-30": "932.14400", "2009-01-31": "901.33900", "2008-10-31": "860.79400", "2008-07-31": "801.52000", "2008-04-30": "744.53200", "2008-01-31": "701.97500", "2007-10-31": "648.36000", "2007-07-31": "602.97700", "2007-04-30": "571.11100", "2007-01-31": "542.39600", "2006-10-31": "506.66500", "2006-07-31": "472.15100", "2006-04-30": "446.48900", "2006-01-31": "426.19000", "2005-10-31": "390.59700", "2005-07-31": "353.43500", "2005-04-30": "322.83400", "2005-01-31": "295.39400"}, "Comprehensive Income": {"2020-10-31": "-30.89400", "2020-07-31": "-29.20300", "2020-04-30": "-40.92500", "2020-01-31": "-28.00400", "2019-10-31": "-29.69100", "2019-07-31": "-37.28700", "2019-04-30": "-30.71700", "2019-01-31": "-27.10300", "2018-10-31": "-32.09300", "2018-07-31": "-26.60100", "2018-04-30": "-18.71300", "2018-01-31": "-10.65100", "2017-10-31": "-24.74400", "2017-07-31": "-23.34300", "2017-04-30": "-32.26900", "2017-01-31": "-34.06900", "2016-10-31": "-37.64700", "2016-07-31": "-26.92700", "2016-04-30": "-13.86500", "2016-01-31": "-23.45100", "2015-10-31": "-12.65100", "2015-07-31": "-9.99200", "2015-04-30": "-12.32000", "2015-01-31": "-15.42700", "2014-10-31": "-6.70100", "2014-07-31": "2.38600", "2014-04-30": "1.72000", "2014-01-31": "-0.96800", "2013-10-31": "-5.73500", "2013-07-31": "-13.01700", "2013-04-30": "-10.86900", "2013-01-31": "-8.78200", "2012-10-31": "-6.85600", "2012-07-31": "-9.41500", "2012-04-30": "-5.38700", "2012-01-31": "-11.51200", "2011-10-31": "-8.05600", "2011-07-31": "-5.66000", "2011-04-30": "-4.57200", "2011-01-31": "-10.26200", "2010-10-31": "-9.23500", "2010-07-31": "-10.98900", "2010-04-30": "-12.76200", "2010-01-31": "-9.09400", "2009-10-31": "-7.95600", "2009-07-31": "-8.80600", "2009-04-30": "-16.89500", "2009-01-31": "-17.74700", "2008-10-31": "-7.16600", "2008-07-31": "5.98600", "2008-04-30": "6.35300", "2008-01-31": "7.23500", "2007-10-31": "7.63000", "2007-07-31": "5.72800", "2007-04-30": "5.33400", "2007-01-31": "4.28400", "2006-10-31": "2.92300", "2006-07-31": "1.85800", "2006-04-30": "1.24900", "2006-01-31": "0.52800", "2005-10-31": "0.61400", "2005-07-31": "0.41000", "2005-04-30": "2.50100", "2005-01-31": "2.47000"}, "Other Share Holders Equity": {"2020-10-31": "", "2020-07-31": "", "2020-04-30": "", "2020-01-31": "", "2019-10-31": "", "2019-07-31": "", "2019-04-30": "", "2019-01-31": "", "2018-10-31": "", "2018-07-31": "", "2018-04-30": "", "2018-01-31": "", "2017-10-31": "", "2017-07-31": "", "2017-04-30": "", "2017-01-31": "", "2016-10-31": "", "2016-07-31": "", "2016-04-30": "", "2016-01-31": "", "2015-10-31": "", "2015-07-31": "", "2015-04-30": "", "2015-01-31": "", "2014-10-31": "", "2014-07-31": "", "2014-04-30": "", "2014-01-31": "", "2013-10-31": "", "2013-07-31": "", "2013-04-30": "", "2013-01-31": "", "2012-10-31": "", "2012-07-31": "", "2012-04-30": "", "2012-01-31": "", "2011-10-31": "", "2011-07-31": "", "2011-04-30": "", "2011-01-31": "", "2010-10-31": "", "2010-07-31": "", "2010-04-30": "", "2010-01-31": "", "2009-10-31": "", "2009-07-31": "", "2009-04-30": "", "2009-01-31": "", "2008-10-31": "", "2008-07-31": "", "2008-04-30": "", "2008-01-31": "", "2007-10-31": "", "2007-07-31": "", "2007-04-30": "", "2007-01-31": "", "2006-10-31": "", "2006-07-31": "", "2006-04-30": "", "2006-01-31": "", "2005-10-31": "", "2005-07-31": "", "2005-04-30": "", "2005-01-31": ""}, "Share Holder Equity": {"2020-10-31": "1431.31900", "2020-07-31": "1350.59300", "2020-04-30": "1298.10800", "2020-01-31": "1455.35500", "2019-10-31": "1429.85300", "2019-07-31": "1361.40400", "2019-04-30": "1447.97100", "2019-01-31": "1489.09800", "2018-10-31": "1460.60900", "2018-07-31": "1443.67200", "2018-04-30": "1346.41500", "2018-01-31": "1300.90300", "2017-10-31": "1284.80800", "2017-07-31": "1308.81300", "2017-04-30": "1332.69000", "2017-01-31": "1313.08400", "2016-10-31": "1247.63300", "2016-07-31": "1245.01800", "2016-04-30": "1174.05300", "2016-01-31": "1137.22700", "2015-10-31": "1171.66900", "2015-07-31": "1231.24800", "2015-04-30": "1388.44500", "2015-01-31": "1327.96900", "2014-10-31": "1377.98300", "2014-07-31": "1336.05700", "2014-04-30": "1386.40500", "2014-01-31": "1694.17000", "2013-10-31": "1596.28200", "2013-07-31": "1519.08300", "2013-04-30": "1425.90100", "2013-01-31": "1354.58800", "2012-10-31": "1269.85800", "2012-07-31": "1174.19400", "2012-04-30": "1112.32100", "2012-01-31": "1066.26800", "2011-10-31": "1033.80600", "2011-07-31": "1304.32000", "2011-04-30": "1312.48000", "2011-01-31": "1411.54800", "2010-10-31": "1319.89900", "2010-07-31": "1373.28700", "2010-04-30": "1360.14600", "2010-01-31": "1296.77500", "2009-10-31": "1215.26000", "2009-07-31": "1148.21500", "2009-04-30": "1088.79300", "2009-01-31": "1053.77500", "2008-10-31": "1021.39700", "2008-07-31": "968.13800", "2008-04-30": "908.39200", "2008-01-31": "853.43100", "2007-10-31": "795.64400", "2007-07-31": "745.27300", "2007-04-30": "711.79600", "2007-01-31": "675.28300", "2006-10-31": "634.57500", "2006-07-31": "614.84200", "2006-04-30": "585.80900", "2006-01-31": "560.88000", "2005-10-31": "516.35300", "2005-07-31": "477.30500", "2005-04-30": "439.62700", "2005-01-31": "402.24400"}, "Total Liabilities And Share Holders Equity": {"2020-10-31": "3530.67500", "2020-07-31": "3425.27800", "2020-04-30": "3356.20400", "2020-01-31": "3315.63300", "2019-10-31": "3320.59300", "2019-07-31": "3138.04500", "2019-04-30": "3251.82000", "2019-01-31": "2160.51500", "2018-10-31": "2197.04200", "2018-07-31": "2158.53500", "2018-04-30": "2051.21500", "2018-01-31": "1952.78000", "2017-10-31": "1953.44700", "2017-07-31": "1922.60100", "2017-04-30": "1928.07500", "2017-01-31": "1902.63700", "2016-10-31": "1885.19100", "2016-07-31": "1874.09600", "2016-04-30": "1814.89400", "2016-01-31": "1833.30100", "2015-10-31": "1876.53500", "2015-07-31": "1907.33300", "2015-04-30": "1917.35600", "2015-01-31": "1888.74100", "2014-10-31": "1988.76500", "2014-07-31": "1904.14600", "2014-04-30": "1945.26500", "2014-01-31": "2221.21400", "2013-10-31": "2118.31200", "2013-07-31": "1993.69500", "2013-04-30": "1869.40300", "2013-01-31": "1797.21100", "2012-10-31": "1755.59500", "2012-07-31": "1594.58200", "2012-04-30": "1555.34400", "2012-01-31": "1483.70800", "2011-10-31": "1478.10500", "2011-07-31": "1705.42400", "2011-04-30": "1694.25900", "2011-01-31": "1794.32100", "2010-10-31": "1721.97100", "2010-07-31": "1727.06700", "2010-04-30": "1708.17800", "2010-01-31": "1636.09300", "2009-10-31": "1541.14700", "2009-07-31": "1445.22100", "2009-04-30": "1391.06100", "2009-01-31": "1329.00900", "2008-10-31": "1328.42600", "2008-07-31": "1268.38900", "2008-04-30": "1205.28500", "2008-01-31": "1142.79100", "2007-10-31": "1066.20200", "2007-07-31": "981.00600", "2007-04-30": "937.28600", "2007-01-31": "899.25100", "2006-10-31": "865.20400", "2006-07-31": "839.05300", "2006-04-30": "798.93500", "2006-01-31": "769.20500", "2005-10-31": "710.45300", "2005-07-31": "637.83300", "2005-04-30": "588.22200", "2005-01-31": "556.68400"}}, "cash flow statement": {"Net Income/Loss": {"2020-01-31": "168.09600", "2019-01-31": "298.00300", "2018-01-31": "108.26300", "2017-01-31": "218.12000", "2016-01-31": "224.48900", "2015-01-31": "232.42800", "2014-01-31": "282.36000", "2013-01-31": "237.31400", "2012-01-31": "185.25100", "2011-01-31": "272.95800", "2010-01-31": "219.89300", "2009-01-31": "199.36400", "2008-01-31": "160.23100", "2007-01-31": "116.20600", "2006-01-31": "130.79600", "2005-01-31": "90.48900"}, "Total Depreciation And Amortization - Cash Flow": {"2020-01-31": "126.16700", "2019-01-31": "117.98600", "2018-01-31": "128.40800", "2017-01-31": "135.33000", "2016-01-31": "142.72200", "2015-01-31": "138.11000", "2014-01-31": "132.66400", "2013-01-31": "118.66400", "2012-01-31": "108.11200", "2011-01-31": "101.10500", "2010-01-31": "92.35000", "2009-01-31": "81.94900", "2008-01-31": "70.01700", "2007-01-31": "55.71300", "2006-01-31": "39.34000", "2005-01-31": "31.85800"}, "Other Non-Cash Items": {"2020-01-31": "229.46600", "2019-01-31": "13.72600", "2018-01-31": "38.29300", "2017-01-31": "21.49800", "2016-01-31": "39.61300", "2015-01-31": "13.88200", "2014-01-31": "-19.93500", "2013-01-31": "27.04300", "2012-01-31": "-17.22000", "2011-01-31": "-10.73000", "2010-01-31": "0.82800", "2009-01-31": "-19.08700", "2008-01-31": "-6.52900", "2007-01-31": "-5.46300", "2006-01-31": "7.05100", "2005-01-31": "11.29200"}, "Total Non-Cash Items": {"2020-01-31": "355.63300", "2019-01-31": "131.71200", "2018-01-31": "166.70100", "2017-01-31": "156.82800", "2016-01-31": "182.33500", "2015-01-31": "151.99200", "2014-01-31": "112.72900", "2013-01-31": "145.70700", "2012-01-31": "90.89200", "2011-01-31": "90.37500", "2010-01-31": "93.17800", "2009-01-31": "62.86200", "2008-01-31": "63.48800", "2007-01-31": "50.25000", "2006-01-31": "46.39100", "2005-01-31": "43.15000"}, "Change In Accounts Receivable": {"2020-01-31": "-7.82500", "2019-01-31": "-4.01200", "2018-01-31": "-21.74400", "2017-01-31": "20.93400", "2016-01-31": "-13.82000", "2015-01-31": "-18.39300", "2014-01-31": "-15.36800", "2013-01-31": "-2.91700", "2012-01-31": "-0.25100", "2011-01-31": "1.83500", "2010-01-31": "-1.82500", "2009-01-31": "-10.72600", "2008-01-31": "-5.46200", "2007-01-31": "-6.37100", "2006-01-31": "-6.00200", "2005-01-31": "-1.63500"}, "Change In Inventories": {"2020-01-31": "-39.10100", "2019-01-31": "-21.69600", "2018-01-31": "-8.64400", "2017-01-31": "-9.96300", "2016-01-31": "26.73900", "2015-01-31": "-68.99200", "2014-01-31": "-27.71300", "2013-01-31": "-32.23700", "2012-01-31": "-20.81700", "2011-01-31": "-43.37200", "2010-01-31": "-15.54400", "2009-01-31": "-0.27200", "2008-01-31": "-17.43000", "2007-01-31": "-13.41600", "2006-01-31": "-41.59700", "2005-01-31": "-35.65100"}, "Change In Accounts Payable": {"2020-01-31": "", "2019-01-31": "", "2018-01-31": "", "2017-01-31": "", "2016-01-31": "", "2015-01-31": "", "2014-01-31": "", "2013-01-31": "", "2012-01-31": "", "2011-01-31": "", "2010-01-31": "", "2009-01-31": "", "2008-01-31": "", "2007-01-31": "", "2006-01-31": "", "2005-01-31": ""}, "Change In Assets/Liabilities": {"2020-01-31": "-225.57100", "2019-01-31": "8.60500", "2018-01-31": "12.96700", "2017-01-31": "-10.35900", "2016-01-31": "3.81100", "2015-01-31": "-23.25700", "2014-01-31": "2.98500", "2013-01-31": "16.05700", "2012-01-31": "6.31700", "2011-01-31": "14.82500", "2010-01-31": "-25.61900", "2009-01-31": "9.21000", "2008-01-31": "-22.44100", "2007-01-31": "6.84800", "2006-01-31": "-14.20100", "2005-01-31": "-6.23100"}, "Total Change In Assets/Liabilities": {"2020-01-31": "-249.83600", "2019-01-31": "16.90900", "2018-01-31": "28.09500", "2017-01-31": "40.30400", "2016-01-31": "12.79000", "2015-01-31": "-62.09900", "2014-01-31": "28.06600", "2013-01-31": "12.65900", "2012-01-31": "6.55900", "2011-01-31": "21.78000", "2010-01-31": "12.32300", "2009-01-31": "-10.65600", "2008-01-31": "30.63400", "2007-01-31": "20.66100", "2006-01-31": "-27.99600", "2005-01-31": "16.35600"}, "Cash Flow From Operating Activities": {"2020-01-31": "273.89300", "2019-01-31": "446.62400", "2018-01-31": "303.05900", "2017-01-31": "415.25200", "2016-01-31": "419.61400", "2015-01-31": "322.32100", "2014-01-31": "423.15500", "2013-01-31": "395.68000", "2012-01-31": "282.70200", "2011-01-31": "385.11300", "2010-01-31": "325.39400", "2009-01-31": "251.57000", "2008-01-31": "254.35300", "2007-01-31": "187.11700", "2006-01-31": "149.19100", "2005-01-31": "149.99500"}, "Net Change In Property, Plant, And Equipment": {"2020-01-31": "-217.43300", "2019-01-31": "-114.92400", "2018-01-31": "-83.81300", "2017-01-31": "-143.71400", "2016-01-31": "-134.95000", "2015-01-31": "-229.80400", "2014-01-31": "-186.10100", "2013-01-31": "-168.87500", "2012-01-31": "-190.01000", "2011-01-31": "-143.64200", "2010-01-31": "-109.26000", "2009-01-31": "-112.55300", "2008-01-31": "-115.37000", "2007-01-31": "-212.02900", "2006-01-31": "-123.96100", "2005-01-31": "-75.14100"}, "Net Change In Intangible Assets": {"2020-01-31": "", "2019-01-31": "", "2018-01-31": "", "2017-01-31": "", "2016-01-31": "", "2015-01-31": "", "2014-01-31": "", "2013-01-31": "", "2012-01-31": "", "2011-01-31": "", "2010-01-31": "", "2009-01-31": "", "2008-01-31": "", "2007-01-31": "", "2006-01-31": "", "2005-01-31": ""}, "Net Acquisitions/Divestitures": {"2020-01-31": "", "2019-01-31": "", "2018-01-31": "", "2017-01-31": "-15.32500", "2016-01-31": "", "2015-01-31": "", "2014-01-31": "", "2013-01-31": "", "2012-01-31": "", "2011-01-31": "", "2010-01-31": "", "2009-01-31": "", "2008-01-31": "", "2007-01-31": "", "2006-01-31": "", "2005-01-31": ""}, "Net Change In Short-term Investments": {"2020-01-31": "31.28800", "2019-01-31": "-129.57400", "2018-01-31": "-37.56700", "2017-01-31": "-75.58300", "2016-01-31": "108.18500", "2015-01-31": "424.63800", "2014-01-31": "-276.12100", "2013-01-31": "-165.11300", "2012-01-31": "245.30200", "2011-01-31": "108.10700", "2010-01-31": "-385.50600", "2009-01-31": "55.64600", "2008-01-31": "-73.53200", "2007-01-31": "10.62100", "2006-01-31": "-19.71400", "2005-01-31": "-55.79200"}, "Net Change In Long-Term Investments": {"2020-01-31": "", "2019-01-31": "", "2018-01-31": "", "2017-01-31": "", "2016-01-31": "", "2015-01-31": "", "2014-01-31": "", "2013-01-31": "", "2012-01-31": "", "2011-01-31": "", "2010-01-31": "", "2009-01-31": "", "2008-01-31": "", "2007-01-31": "", "2006-01-31": "", "2005-01-31": ""}, "Net Change In Investments - Total": {"2020-01-31": "31.28800", "2019-01-31": "-129.57400", "2018-01-31": "-37.56700", "2017-01-31": "-75.58300", "2016-01-31": "108.18500", "2015-01-31": "424.63800", "2014-01-31": "-276.12100", "2013-01-31": "-165.11300", "2012-01-31": "245.30200", "2011-01-31": "108.10700", "2010-01-31": "-385.50600", "2009-01-31": "55.64600", "2008-01-31": "-73.53200", "2007-01-31": "10.62100", "2006-01-31": "-19.71400", "2005-01-31": "-55.79200"}, "Investing Activities - Other": {"2020-01-31": "", "2019-01-31": "", "2018-01-31": "", "2017-01-31": "", "2016-01-31": "", "2015-01-31": "", "2014-01-31": "", "2013-01-31": "", "2012-01-31": "", "2011-01-31": "", "2010-01-31": "", "2009-01-31": "", "2008-01-31": "", "2007-01-31": "", "2006-01-31": "", "2005-01-31": ""}, "Cash Flow From Investing Activities": {"2020-01-31": "-186.14500", "2019-01-31": "-244.49800", "2018-01-31": "-121.38000", "2017-01-31": "-234.62200", "2016-01-31": "-26.76500", "2015-01-31": "194.83400", "2014-01-31": "-462.22200", "2013-01-31": "-333.98800", "2012-01-31": "55.29200", "2011-01-31": "-35.53500", "2010-01-31": "-494.76600", "2009-01-31": "-56.90700", "2008-01-31": "-188.90200", "2007-01-31": "-201.40800", "2006-01-31": "-143.67500", "2005-01-31": "-130.93300"}, "Net Long-Term Debt": {"2020-01-31": "", "2019-01-31": "", "2018-01-31": "", "2017-01-31": "-150.00000", "2016-01-31": "150.00000", "2015-01-31": "", "2014-01-31": "", "2013-01-31": "", "2012-01-31": "", "2011-01-31": "", "2010-01-31": "", "2009-01-31": "", "2008-01-31": "", "2007-01-31": "", "2006-01-31": "", "2005-01-31": ""}, "Net Current Debt": {"2020-01-31": "", "2019-01-31": "", "2018-01-31": "", "2017-01-31": "", "2016-01-31": "", "2015-01-31": "", "2014-01-31": "", "2013-01-31": "", "2012-01-31": "", "2011-01-31": "", "2010-01-31": "", "2009-01-31": "", "2008-01-31": "", "2007-01-31": "", "2006-01-31": "", "2005-01-31": ""}, "Debt Issuance/Retirement Net - Total": {"2020-01-31": "", "2019-01-31": "", "2018-01-31": "", "2017-01-31": "-150.00000", "2016-01-31": "150.00000", "2015-01-31": "", "2014-01-31": "", "2013-01-31": "", "2012-01-31": "", "2011-01-31": "", "2010-01-31": "", "2009-01-31": "", "2008-01-31": "", "2007-01-31": "", "2006-01-31": "", "2005-01-31": ""}, "Net Common Equity Issued/Repurchased": {"2020-01-31": "-222.04700", "2019-01-31": "-118.02400", "2018-01-31": "-159.22600", "2017-01-31": "-43.74300", "2016-01-31": "-429.02400", "2015-01-31": "-604.72900", "2014-01-31": "24.12600", "2013-01-31": "30.67100", "2012-01-31": "-541.34200", "2011-01-31": "-180.58900", "2010-01-31": "3.25000", "2009-01-31": "8.89100", "2008-01-31": "5.00000", "2007-01-31": "-14.45000", "2006-01-31": "15.23000", "2005-01-31": "6.91700"}, "Net Total Equity Issued/Repurchased": {"2020-01-31": "-222.04700", "2019-01-31": "-118.02400", "2018-01-31": "-159.22600", "2017-01-31": "-43.74300", "2016-01-31": "-429.02400", "2015-01-31": "-604.72900", "2014-01-31": "24.12600", "2013-01-31": "30.67100", "2012-01-31": "-541.34200", "2011-01-31": "-180.58900", "2010-01-31": "3.25000", "2009-01-31": "8.89100", "2008-01-31": "5.00000", "2007-01-31": "-14.45000", "2006-01-31": "15.23000", "2005-01-31": "6.91700"}, "Total Common And Preferred Stock Dividends Paid": {"2020-01-31": "", "2019-01-31": "", "2018-01-31": "", "2017-01-31": "", "2016-01-31": "", "2015-01-31": "", "2014-01-31": "", "2013-01-31": "", "2012-01-31": "", "2011-01-31": "", "2010-01-31": "", "2009-01-31": "", "2008-01-31": "", "2007-01-31": "", "2006-01-31": "", "2005-01-31": ""}, "Financial Activities - Other": {"2020-01-31": "", "2019-01-31": "", "2018-01-31": "", "2017-01-31": "", "2016-01-31": "", "2015-01-31": "3.82200", "2014-01-31": "9.54000", "2013-01-31": "6.71300", "2012-01-31": "8.99500", "2011-01-31": "12.84700", "2010-01-31": "6.43800", "2009-01-31": "13.43400", "2008-01-31": "7.34100", "2007-01-31": "5.39400", "2006-01-31": "", "2005-01-31": ""}, "Cash Flow From Financial Activities": {"2020-01-31": "-222.04700", "2019-01-31": "-118.02400", "2018-01-31": "-159.22600", "2017-01-31": "-193.74300", "2016-01-31": "-279.02400", "2015-01-31": "-600.90700", "2014-01-31": "33.66600", "2013-01-31": "37.38400", "2012-01-31": "-532.34700", "2011-01-31": "-167.74200", "2010-01-31": "9.68800", "2009-01-31": "22.32500", "2008-01-31": "12.34100", "2007-01-31": "-9.05600", "2006-01-31": "15.23000", "2005-01-31": "6.91700"}, "Net Cash Flow": {"2020-01-31": "-136.42100", "2019-01-31": "76.04000", "2018-01-31": "34.08000", "2017-01-31": "-17.13600", "2016-01-31": "110.71800", "2015-01-31": "-87.50000", "2014-01-31": "-3.26900", "2013-01-31": "100.05400", "2012-01-31": "-194.98400", "2011-01-31": "181.23300", "2010-01-31": "-157.01100", "2009-01-31": "210.76400", "2008-01-31": "78.00400", "2007-01-31": "-22.64500", "2006-01-31": "20.18100", "2005-01-31": "26.41200"}, "Stock-Based Compensation": {"2020-01-31": "21.10900", "2019-01-31": "18.10400", "2018-01-31": "14.51700", "2017-01-31": "18.29100", "2016-01-31": "15.62300", "2015-01-31": "16.73600", "2014-01-31": "15.74200", "2013-01-31": "10.89200", "2012-01-31": "3.06800", "2011-01-31": "10.72500", "2010-01-31": "4.76600", "2009-01-31": "3.63700", "2008-01-31": "3.27700", "2007-01-31": "3.49700", "2006-01-31": "1.15300", "2005-01-31": "0.70800"}, "Common Stock Dividends Paid": {"2020-01-31": "", "2019-01-31": "", "2018-01-31": "", "2017-01-31": "", "2016-01-31": "", "2015-01-31": "", "2014-01-31": "", "2013-01-31": "", "2012-01-31": "", "2011-01-31": "", "2010-01-31": "", "2009-01-31": "", "2008-01-31": "", "2007-01-31": "", "2006-01-31": "", "2005-01-31": ""}}, "cash flow statement, quarterly": {"Net Income/Loss": {"2020-10-31": 76.704, "2020-07-31": 34.4, "2020-04-30": "-138.44200", "2020-01-31": 19.539, "2019-10-31": 55.652, "2019-07-31": 60.32, "2019-04-30": "32.58500", "2019-01-31": 86.414, "2018-10-31": 77.52, "2018-07-31": 92.809, "2018-04-30": "41.26000", "2018-01-31": 1.318, "2017-10-31": 45.092, "2017-07-31": 49.915, "2017-04-30": "11.93800", "2017-01-31": 64.288, "2016-10-31": 47.355, "2016-07-31": 76.915, "2016-04-30": "29.56200", "2016-01-31": 72.878, "2015-10-31": 51.994, "2015-07-31": 66.841, "2015-04-30": "32.77600", "2015-01-31": 80.298, "2014-10-31": 47.143, "2014-07-31": 67.509, "2014-04-30": "37.47800", "2014-01-31": 88.682, "2013-10-31": 70.257, "2013-07-31": 76.363, "2013-04-30": "47.05800", "2013-01-31": 82.548, "2012-10-31": 59.517, "2012-07-31": 61.292, "2012-04-30": "33.95700", "2012-01-31": 39.255, "2011-10-31": 50.679, "2011-07-31": 56.693, "2011-04-30": "38.62400", "2011-01-31": 75.238, "2010-10-31": 73.106, "2010-07-31": 71.657, "2010-04-30": "52.95700", "2010-01-31": 77.675, "2009-10-31": 62.392, "2009-07-31": 49.021, "2009-04-30": "30.80500", "2009-01-31": 40.545, "2008-10-31": 59.274, "2008-07-31": 56.988, "2008-04-30": "42.55700", "2008-01-31": 53.615, "2007-10-31": 45.383, "2007-07-31": 31.866, "2007-04-30": "29.36700", "2007-01-31": 35.731, "2006-10-31": 34.514, "2006-07-31": 25.662, "2006-04-30": "20.29900", "2006-01-31": 35.593, "2005-10-31": 37.162, "2005-07-31": 30.601, "2005-04-30": "27.44000", "2005-01-31": 90.489}, "Total Depreciation And Amortization - Cash Flow": {"2020-10-31": 24.92, "2020-07-31": 25.464, "2020-04-30": "27.92400", "2020-01-31": 42.55, "2019-10-31": 28.222, "2019-07-31": 27.586, "2019-04-30": "27.80900", "2019-01-31": 28.667, "2018-10-31": 29.161, "2018-07-31": 29.694, "2018-04-30": "30.46400", "2018-01-31": 31.442, "2017-10-31": 32.247, "2017-07-31": 32.583, "2017-04-30": "32.13600", "2017-01-31": 34.149, "2016-10-31": 32.788, "2016-07-31": 33.549, "2016-04-30": "34.84400", "2016-01-31": 35.971, "2015-10-31": 35.903, "2015-07-31": 35.805, "2015-04-30": "35.04300", "2015-01-31": 34.733, "2014-10-31": 34.474, "2014-07-31": 34.426, "2014-04-30": "34.47700", "2014-01-31": 34.878, "2013-10-31": 33.218, "2013-07-31": 32.49, "2013-04-30": "32.07800", "2013-01-31": 31.28, "2012-10-31": 30.292, "2012-07-31": 28.979, "2012-04-30": "28.11300", "2012-01-31": 27.404, "2011-10-31": 27.404, "2011-07-31": 26.753, "2011-04-30": "26.55100", "2011-01-31": 26.249, "2010-10-31": 25.805, "2010-07-31": 24.704, "2010-04-30": "24.34700", "2010-01-31": 23.629, "2009-10-31": 23.628, "2009-07-31": 23.003, "2009-04-30": "22.09000", "2009-01-31": 21.056, "2008-10-31": 21.079, "2008-07-31": 20.471, "2008-04-30": "19.34300", "2008-01-31": 18.726, "2007-10-31": 17.643, "2007-07-31": 17.108, "2007-04-30": "16.54000", "2007-01-31": 16.474, "2006-10-31": 14.205, "2006-07-31": 13.097, "2006-04-30": "11.93700", "2006-01-31": 10.857, "2005-10-31": 9.912, "2005-07-31": 9.772, "2005-04-30": "8.79900", "2005-01-31": 31.858}, "Other Non-Cash Items": {"2020-10-31": 57.124, "2020-07-31": 53.224, "2020-04-30": "53.82100", "2020-01-31": 69.419, "2019-10-31": 52.713, "2019-07-31": 50.44, "2019-04-30": "56.89400", "2019-01-31": 4.084, "2018-10-31": 5.706, "2018-07-31": 3.593, "2018-04-30": "0.34300", "2018-01-31": 25.957, "2017-10-31": 0.734, "2017-07-31": 8.783, "2017-04-30": "2.81900", "2017-01-31": 9.752, "2016-10-31": -3.302, "2016-07-31": 11.615, "2016-04-30": "3.43300", "2016-01-31": 32.533, "2015-10-31": 12.826, "2015-07-31": -3.571, "2015-04-30": "-2.17500", "2015-01-31": 25.481, "2014-10-31": -4.828, "2014-07-31": -5.055, "2014-04-30": "-1.71600", "2014-01-31": -7.348, "2013-10-31": -9.975, "2013-07-31": -2.199, "2013-04-30": "-0.41300", "2013-01-31": 28.464, "2012-10-31": 3.148, "2012-07-31": -0.244, "2012-04-30": "-4.32500", "2012-01-31": -23.587, "2011-10-31": 3.521, "2011-07-31": 4.248, "2011-04-30": "-1.40200", "2011-01-31": 6.03, "2010-10-31": -8.724, "2010-07-31": -0.886, "2010-04-30": "-7.15000", "2010-01-31": 4.433, "2009-10-31": -8.415, "2009-07-31": 5.644, "2009-04-30": "-0.83400", "2009-01-31": -4.768, "2008-10-31": -2.582, "2008-07-31": -4.2, "2008-04-30": "-7.53700", "2008-01-31": -4.999, "2007-10-31": 7.383, "2007-07-31": -4.603, "2007-04-30": "-4.31000", "2007-01-31": -4.534, "2006-10-31": 1.885, "2006-07-31": -1.972, "2006-04-30": "-0.84200", "2006-01-31": 7.751, "2005-10-31": -1.272, "2005-07-31": 0.291, "2005-04-30": "0.28100", "2005-01-31": 11.292}, "Total Non-Cash Items": {"2020-10-31": 82.044, "2020-07-31": 78.688, "2020-04-30": "81.74500", "2020-01-31": 111.969, "2019-10-31": 80.935, "2019-07-31": 78.026, "2019-04-30": "84.70300", "2019-01-31": 32.751, "2018-10-31": 34.867, "2018-07-31": 33.287, "2018-04-30": "30.80700", "2018-01-31": 57.399, "2017-10-31": 32.981, "2017-07-31": 41.366, "2017-04-30": "34.95500", "2017-01-31": 43.901, "2016-10-31": 29.486, "2016-07-31": 45.164, "2016-04-30": "38.27700", "2016-01-31": 68.504, "2015-10-31": 48.729, "2015-07-31": 32.234, "2015-04-30": "32.86800", "2015-01-31": 60.214, "2014-10-31": 29.646, "2014-07-31": 29.371, "2014-04-30": "32.76100", "2014-01-31": 27.53, "2013-10-31": 23.243, "2013-07-31": 30.291, "2013-04-30": "31.66500", "2013-01-31": 59.744, "2012-10-31": 33.44, "2012-07-31": 28.735, "2012-04-30": "23.78800", "2012-01-31": 3.817, "2011-10-31": 30.925, "2011-07-31": 31.001, "2011-04-30": "25.14900", "2011-01-31": 32.279, "2010-10-31": 17.081, "2010-07-31": 23.818, "2010-04-30": "17.19700", "2010-01-31": 28.062, "2009-10-31": 15.213, "2009-07-31": 28.647, "2009-04-30": "21.25600", "2009-01-31": 16.288, "2008-10-31": 18.497, "2008-07-31": 16.271, "2008-04-30": "11.80600", "2008-01-31": 13.727, "2007-10-31": 25.026, "2007-07-31": 12.505, "2007-04-30": "12.23000", "2007-01-31": 11.94, "2006-10-31": 16.09, "2006-07-31": 11.125, "2006-04-30": "11.09500", "2006-01-31": 18.608, "2005-10-31": 8.64, "2005-07-31": 10.063, "2005-04-30": "9.08000", "2005-01-31": 43.15}, "Change In Accounts Receivable": {"2020-10-31": -26.775, "2020-07-31": -4.206, "2020-04-30": "32.11800", "2020-01-31": 11.725, "2019-10-31": -4.518, "2019-07-31": -7.029, "2019-04-30": "-8.00300", "2019-01-31": 10.652, "2018-10-31": -0.468, "2018-07-31": -2.002, "2018-04-30": "-12.19400", "2018-01-31": 1.823, "2017-10-31": -2.784, "2017-07-31": 8.525, "2017-04-30": "-29.30800", "2017-01-31": 14.673, "2016-10-31": 25.83, "2016-07-31": -23.381, "2016-04-30": "3.81200", "2016-01-31": -7.603, "2015-10-31": 1.365, "2015-07-31": -15.663, "2015-04-30": "8.08100", "2015-01-31": -2.412, "2014-10-31": 1.494, "2014-07-31": -13.489, "2014-04-30": "-3.98600", "2014-01-31": -0.274, "2013-10-31": -0.736, "2013-07-31": -5.009, "2013-04-30": "-9.34900", "2013-01-31": 4.344, "2012-10-31": 4.392, "2012-07-31": -4.528, "2012-04-30": "-7.12500", "2012-01-31": 10.053, "2011-10-31": 5.674, "2011-07-31": -6.063, "2011-04-30": "-9.91500", "2011-01-31": 11.121, "2010-10-31": -5.174, "2010-07-31": -7.274, "2010-04-30": "3.16200", "2010-01-31": -0.836, "2009-10-31": -5.466, "2009-07-31": -1.85, "2009-04-30": "6.32700", "2009-01-31": -2.959, "2008-10-31": -1.794, "2008-07-31": -6.876, "2008-04-30": "0.90300", "2008-01-31": -1.583, "2007-10-31": -0.31, "2007-07-31": -2.458, "2007-04-30": "-1.11100", "2007-01-31": -1.193, "2006-10-31": 2.763, "2006-07-31": 1.389, "2006-04-30": "-9.33000", "2006-01-31": 4.185, "2005-10-31": 0.683, "2005-07-31": -5.486, "2005-04-30": "-5.38400", "2005-01-31": -1.635}, "Change In Inventories": {"2020-10-31": -137.464, "2020-07-31": -13.757, "2020-04-30": "71.75900", "2020-01-31": 122.154, "2019-10-31": -89.356, "2019-07-31": -33.348, "2019-04-30": "-38.55100", "2019-01-31": 82.873, "2018-10-31": -77.762, "2018-07-31": 27.572, "2018-04-30": "-54.37900", "2018-01-31": 100.614, "2017-10-31": -84.783, "2017-07-31": -4.11, "2017-04-30": "-20.36500", "2017-01-31": 116.971, "2016-10-31": -89.502, "2016-07-31": -10.075, "2016-04-30": "-27.35700", "2016-01-31": 109.519, "2015-10-31": -57.546, "2015-07-31": 13.761, "2015-04-30": "-38.99500", "2015-01-31": 107.939, "2014-10-31": -107.286, "2014-07-31": -12.884, "2014-04-30": "-56.76100", "2014-01-31": 95.636, "2013-10-31": -58.123, "2013-07-31": -21.995, "2013-04-30": "-43.23100", "2013-01-31": 112.366, "2012-10-31": -71.841, "2012-07-31": -23.986, "2012-04-30": "-48.77600", "2012-01-31": 116.84, "2011-10-31": -64.601, "2011-07-31": -39.254, "2011-04-30": "-33.80200", "2011-01-31": 59.239, "2010-10-31": -45.429, "2010-07-31": -20.838, "2010-04-30": "-36.34400", "2010-01-31": 47.593, "2009-10-31": -17.178, "2009-07-31": -26.075, "2009-04-30": "-19.88400", "2009-01-31": 82.757, "2008-10-31": -43.706, "2008-07-31": -19.918, "2008-04-30": "-19.40500", "2008-01-31": 40.32, "2007-10-31": -26.773, "2007-07-31": -17.392, "2007-04-30": "-13.58500", "2007-01-31": 25.278, "2006-10-31": -30.797, "2006-07-31": -7.751, "2006-04-30": "-0.14600", "2006-01-31": 29.949, "2005-10-31": -37.751, "2005-07-31": -19.355, "2005-04-30": "-14.44000", "2005-01-31": -35.651}, "Change In Accounts Payable": {"2020-10-31": 0, "2020-07-31": 0, "2020-04-30": "", "2020-01-31": 0, "2019-10-31": 0, "2019-07-31": 0, "2019-04-30": "", "2019-01-31": 0, "2018-10-31": 0, "2018-07-31": 0, "2018-04-30": "", "2018-01-31": 0, "2017-10-31": 0, "2017-07-31": 0, "2017-04-30": "", "2017-01-31": 0, "2016-10-31": 0, "2016-07-31": 0, "2016-04-30": "", "2016-01-31": 0, "2015-10-31": 0, "2015-07-31": 0, "2015-04-30": "", "2015-01-31": 0, "2014-10-31": 0, "2014-07-31": 0, "2014-04-30": "", "2014-01-31": 0, "2013-10-31": 0, "2013-07-31": 0, "2013-04-30": "", "2013-01-31": 0, "2012-10-31": 0, "2012-07-31": 0, "2012-04-30": "", "2012-01-31": 0, "2011-10-31": 0, "2011-07-31": 0, "2011-04-30": "", "2011-01-31": 0, "2010-10-31": 0, "2010-07-31": 0, "2010-04-30": "", "2010-01-31": 0, "2009-10-31": 0, "2009-07-31": 0, "2009-04-30": "", "2009-01-31": 0, "2008-10-31": 0, "2008-07-31": 0, "2008-04-30": "", "2008-01-31": 0, "2007-10-31": 0, "2007-07-31": 0, "2007-04-30": "", "2007-01-31": 0, "2006-10-31": 0, "2006-07-31": 0, "2006-04-30": "", "2006-01-31": 0, "2005-10-31": 0, "2005-07-31": 0, "2005-04-30": "", "2005-01-31": 0}, "Change In Assets/Liabilities": {"2020-10-31": -36.478, "2020-07-31": -43.524, "2020-04-30": "-77.76100", "2020-01-31": -35.023, "2019-10-31": -67.089, "2019-07-31": -63.537, "2019-04-30": "-59.92200", "2019-01-31": 26.353, "2018-10-31": -7.662, "2018-07-31": -11.685, "2018-04-30": "1.59900", "2018-01-31": 10.152, "2017-10-31": 0.057, "2017-07-31": 0.402, "2017-04-30": "2.35600", "2017-01-31": -3.028, "2016-10-31": -14.568, "2016-07-31": -6.003, "2016-04-30": "13.24000", "2016-01-31": -16.161, "2015-10-31": 6.463, "2015-07-31": -0.527, "2015-04-30": "14.03600", "2015-01-31": -17.748, "2014-10-31": -5.294, "2014-07-31": 0.947, "2014-04-30": "-1.16200", "2014-01-31": 2.638, "2013-10-31": -9.077, "2013-07-31": 20.901, "2013-04-30": "-11.47700", "2013-01-31": -21.087, "2012-10-31": 14.409, "2012-07-31": 8.339, "2012-04-30": "14.39600", "2012-01-31": 4.166, "2011-10-31": -18.958, "2011-07-31": 18.797, "2011-04-30": "2.31200", "2011-01-31": -23.431, "2010-10-31": 32.041, "2010-07-31": -0.086, "2010-04-30": "6.30100", "2010-01-31": -46.849, "2009-10-31": 11.361, "2009-07-31": 1.798, "2009-04-30": "8.07100", "2009-01-31": 25.079, "2008-10-31": -16.1, "2008-07-31": -2.492, "2008-04-30": "2.72300", "2008-01-31": -9.43, "2007-10-31": -16.814, "2007-07-31": 4.898, "2007-04-30": "-1.09500", "2007-01-31": 2.128, "2006-10-31": 6.738, "2006-07-31": -4.025, "2006-04-30": "2.00700", "2006-01-31": -6.573, "2005-10-31": -2.633, "2005-07-31": -8.001, "2005-04-30": "3.00600", "2005-01-31": -6.231}, "Total Change In Assets/Liabilities": {"2020-10-31": -59.295, "2020-07-31": 61.78, "2020-04-30": "-2.95500", "2020-01-31": 20.983, "2019-10-31": -76.438, "2019-07-31": -102.986, "2019-04-30": "-91.39500", "2019-01-31": 57.276, "2018-10-31": -61.006, "2018-07-31": 38.591, "2018-04-30": "-17.95200", "2018-01-31": 74.694, "2017-10-31": -31.727, "2017-07-31": 18.991, "2017-04-30": "-33.86300", "2017-01-31": 77.716, "2016-10-31": -8.464, "2016-07-31": -31.216, "2016-04-30": "2.26800", "2016-01-31": 49.627, "2015-10-31": -11.106, "2015-07-31": 32.046, "2015-04-30": "-57.77700", "2015-01-31": 51.37, "2014-10-31": -56.951, "2014-07-31": -10.764, "2014-04-30": "-45.75400", "2014-01-31": 96.316, "2013-10-31": -37.961, "2013-07-31": 22.63, "2013-04-30": "-52.91900", "2013-01-31": 62.996, "2012-10-31": 8.518, "2012-07-31": -43.178, "2012-04-30": "-15.67700", "2012-01-31": 110.566, "2011-10-31": -44.082, "2011-07-31": -16.192, "2011-04-30": "-43.73300", "2011-01-31": 36.585, "2010-10-31": 26.486, "2010-07-31": -23.168, "2010-04-30": "-18.12300", "2010-01-31": 9.88, "2009-10-31": 16.492, "2009-07-31": -31.796, "2009-04-30": "17.74700", "2009-01-31": 69.884, "2008-10-31": -48.911, "2008-07-31": -24.354, "2008-04-30": "-7.27500", "2008-01-31": 63.393, "2007-10-31": -16.451, "2007-07-31": -4.233, "2007-04-30": "-12.07500", "2007-01-31": 29.128, "2006-10-31": 2.111, "2006-07-31": -14.223, "2006-04-30": "3.64500", "2006-01-31": 27.289, "2005-10-31": -14.946, "2005-07-31": -20.555, "2005-04-30": "-19.78400", "2005-01-31": 16.356}, "Cash Flow From Operating Activities": {"2020-10-31": 99.453, "2020-07-31": 174.868, "2020-04-30": "-59.65200", "2020-01-31": 152.491, "2019-10-31": 60.149, "2019-07-31": 35.36, "2019-04-30": "25.89300", "2019-01-31": 176.441, "2018-10-31": 51.381, "2018-07-31": 164.687, "2018-04-30": "54.11500", "2018-01-31": 133.411, "2017-10-31": 46.346, "2017-07-31": 110.272, "2017-04-30": "13.03000", "2017-01-31": 185.905, "2016-10-31": 68.377, "2016-07-31": 90.863, "2016-04-30": "70.10700", "2016-01-31": 191.009, "2015-10-31": 89.617, "2015-07-31": 131.121, "2015-04-30": "7.86700", "2015-01-31": 191.882, "2014-10-31": 19.838, "2014-07-31": 86.116, "2014-04-30": "24.48500", "2014-01-31": 212.528, "2013-10-31": 55.539, "2013-07-31": 129.284, "2013-04-30": "25.80400", "2013-01-31": 205.288, "2012-10-31": 101.475, "2012-07-31": 46.849, "2012-04-30": "42.06800", "2012-01-31": 153.638, "2011-10-31": 37.522, "2011-07-31": 71.502, "2011-04-30": "20.04000", "2011-01-31": 144.102, "2010-10-31": 116.673, "2010-07-31": 72.307, "2010-04-30": "52.03100", "2010-01-31": 115.617, "2009-10-31": 94.097, "2009-07-31": 45.872, "2009-04-30": "69.80800", "2009-01-31": 126.717, "2008-10-31": 28.86, "2008-07-31": 48.905, "2008-04-30": "47.08800", "2008-01-31": 130.735, "2007-10-31": 53.958, "2007-07-31": 40.138, "2007-04-30": "29.52200", "2007-01-31": 76.799, "2006-10-31": 52.715, "2006-07-31": 22.564, "2006-04-30": "35.03900", "2006-01-31": 81.49, "2005-10-31": 30.856, "2005-07-31": 20.109, "2005-04-30": "16.73600", "2005-01-31": 149.995}, "Net Change In Property, Plant, And Equipment": {"2020-10-31": -17.05, "2020-07-31": -28.585, "2020-04-30": "-43.51800", "2020-01-31": -46.312, "2019-10-31": -54.656, "2019-07-31": -78.749, "2019-04-30": "-37.71600", "2019-01-31": -24.945, "2018-10-31": -34.337, "2018-07-31": -31.008, "2018-04-30": "-24.63400", "2018-01-31": -20.475, "2017-10-31": -20.334, "2017-07-31": -19.463, "2017-04-30": "-23.54100", "2017-01-31": -31.645, "2016-10-31": -37.666, "2016-07-31": -43.292, "2016-04-30": "-31.11100", "2016-01-31": -25.822, "2015-10-31": -39.791, "2015-07-31": -37.522, "2015-04-30": "-31.81500", "2015-01-31": -53.899, "2014-10-31": -69.748, "2014-07-31": -67.602, "2014-04-30": "-38.55500", "2014-01-31": -57.641, "2013-10-31": -61.694, "2013-07-31": -38.473, "2013-04-30": "-28.29300", "2013-01-31": -38.405, "2012-10-31": -37.316, "2012-07-31": -40.35, "2012-04-30": "-52.80400", "2012-01-31": -50.444, "2011-10-31": -62.019, "2011-07-31": -41.809, "2011-04-30": "-35.73800", "2011-01-31": -36.9, "2010-10-31": -42.172, "2010-07-31": -32.219, "2010-04-30": "-32.35100", "2010-01-31": -25.053, "2009-10-31": -26.767, "2009-07-31": -25.153, "2009-04-30": "-32.28700", "2009-01-31": -26.368, "2008-10-31": -32.264, "2008-07-31": -28.421, "2008-04-30": "-25.50000", "2008-01-31": -31.121, "2007-10-31": -28.792, "2007-07-31": -26.022, "2007-04-30": "-29.43500", "2007-01-31": -43.786, "2006-10-31": -62.542, "2006-07-31": -50.009, "2006-04-30": "-55.69200", "2006-01-31": -49.637, "2005-10-31": -36.243, "2005-07-31": -19.63, "2005-04-30": "-18.45100", "2005-01-31": -75.141}, "Net Change In Intangible Assets": {"2020-10-31": 0, "2020-07-31": 0, "2020-04-30": "", "2020-01-31": 0, "2019-10-31": 0, "2019-07-31": 0, "2019-04-30": "", "2019-01-31": 0, "2018-10-31": 0, "2018-07-31": 0, "2018-04-30": "", "2018-01-31": 0, "2017-10-31": 0, "2017-07-31": 0, "2017-04-30": "", "2017-01-31": 0, "2016-10-31": 0, "2016-07-31": 0, "2016-04-30": "", "2016-01-31": 0, "2015-10-31": 0, "2015-07-31": 0, "2015-04-30": "", "2015-01-31": 0, "2014-10-31": 0, "2014-07-31": 0, "2014-04-30": "", "2014-01-31": 0, "2013-10-31": 0, "2013-07-31": 0, "2013-04-30": "", "2013-01-31": 0, "2012-10-31": 0, "2012-07-31": 0, "2012-04-30": "", "2012-01-31": 0, "2011-10-31": 0, "2011-07-31": 0, "2011-04-30": "", "2011-01-31": 0, "2010-10-31": 0, "2010-07-31": 0, "2010-04-30": "", "2010-01-31": 0, "2009-10-31": 0, "2009-07-31": 0, "2009-04-30": "", "2009-01-31": 0, "2008-10-31": 0, "2008-07-31": 0, "2008-04-30": "", "2008-01-31": 0, "2007-10-31": 0, "2007-07-31": 0, "2007-04-30": "", "2007-01-31": 0, "2006-10-31": 0, "2006-07-31": 0, "2006-04-30": "", "2006-01-31": 0, "2005-10-31": 0, "2005-07-31": 0, "2005-04-30": "", "2005-01-31": 0}, "Net Acquisitions/Divestitures": {"2020-10-31": 0, "2020-07-31": 0, "2020-04-30": "", "2020-01-31": 0, "2019-10-31": 0, "2019-07-31": 0, "2019-04-30": "", "2019-01-31": 0, "2018-10-31": 0, "2018-07-31": 0, "2018-04-30": "", "2018-01-31": 0, "2017-10-31": 0, "2017-07-31": 0, "2017-04-30": "", "2017-01-31": 0, "2016-10-31": 0, "2016-07-31": 0, "2016-04-30": "-15.32500", "2016-01-31": 0, "2015-10-31": 0, "2015-07-31": 0, "2015-04-30": "", "2015-01-31": 0, "2014-10-31": 0, "2014-07-31": 0, "2014-04-30": "", "2014-01-31": 0, "2013-10-31": 0, "2013-07-31": 0, "2013-04-30": "", "2013-01-31": 0, "2012-10-31": 0, "2012-07-31": 0, "2012-04-30": "", "2012-01-31": 0, "2011-10-31": 0, "2011-07-31": 0, "2011-04-30": "", "2011-01-31": 0, "2010-10-31": 0, "2010-07-31": 0, "2010-04-30": "", "2010-01-31": 0, "2009-10-31": 0, "2009-07-31": 0, "2009-04-30": "", "2009-01-31": 0, "2008-10-31": 0, "2008-07-31": 0, "2008-04-30": "", "2008-01-31": 0, "2007-10-31": 0, "2007-07-31": 0, "2007-04-30": "", "2007-01-31": 0, "2006-10-31": 0, "2006-07-31": 0, "2006-04-30": "", "2006-01-31": 0, "2005-10-31": 0, "2005-07-31": 0, "2005-04-30": "", "2005-01-31": 0}, "Net Change In Short-term Investments": {"2020-10-31": 0.947, "2020-07-31": 24.366, "2020-04-30": "265.74100", "2020-01-31": -52.019, "2019-10-31": -2.01, "2019-07-31": 63.452, "2019-04-30": "21.86500", "2019-01-31": -60.595, "2018-10-31": -30.185, "2018-07-31": -43.957, "2018-04-30": "5.16300", "2018-01-31": -72.566, "2017-10-31": -1.164, "2017-07-31": 21.532, "2017-04-30": "14.63100", "2017-01-31": -141.643, "2016-10-31": 52.239, "2016-07-31": -6.07, "2016-04-30": "19.89100", "2016-01-31": 25.436, "2015-10-31": 19.617, "2015-07-31": 37.95, "2015-04-30": "25.18200", "2015-01-31": 15.907, "2014-10-31": 35.742, "2014-07-31": 57.321, "2014-04-30": "315.66800", "2014-01-31": -110.82, "2013-10-31": -93.685, "2013-07-31": -80.53, "2013-04-30": "8.91400", "2013-01-31": -142.374, "2012-10-31": -12.444, "2012-07-31": -2.472, "2012-04-30": "-7.82300", "2012-01-31": -42.112, "2011-10-31": 203.687, "2011-07-31": 19.404, "2011-04-30": "64.32300", "2011-01-31": -35.084, "2010-10-31": 65.116, "2010-07-31": 7.982, "2010-04-30": "70.09300", "2010-01-31": -137.592, "2009-10-31": -20.604, "2009-07-31": -95.914, "2009-04-30": "-131.39600", "2009-01-31": 145.549, "2008-10-31": -88.131, "2008-07-31": -26.198, "2008-04-30": "24.42600", "2008-01-31": -34.295, "2007-10-31": -33.739, "2007-07-31": -3.16, "2007-04-30": "-2.33800", "2007-01-31": -40.19, "2006-10-31": -1.815, "2006-07-31": 57.172, "2006-04-30": "-4.54600", "2006-01-31": -4.852, "2005-10-31": 2.393, "2005-07-31": -4.565, "2005-04-30": "-12.69000", "2005-01-31": -55.792}, "Net Change In Long-Term Investments": {"2020-10-31": 0, "2020-07-31": 0, "2020-04-30": "", "2020-01-31": 0, "2019-10-31": 0, "2019-07-31": 0, "2019-04-30": "", "2019-01-31": 0, "2018-10-31": 0, "2018-07-31": 0, "2018-04-30": "", "2018-01-31": 0, "2017-10-31": 0, "2017-07-31": 0, "2017-04-30": "", "2017-01-31": 0, "2016-10-31": 0, "2016-07-31": 0, "2016-04-30": "", "2016-01-31": 0, "2015-10-31": 0, "2015-07-31": 0, "2015-04-30": "", "2015-01-31": 0, "2014-10-31": 0, "2014-07-31": 0, "2014-04-30": "", "2014-01-31": 0, "2013-10-31": 0, "2013-07-31": 0, "2013-04-30": "", "2013-01-31": 0, "2012-10-31": 0, "2012-07-31": 0, "2012-04-30": "", "2012-01-31": 0, "2011-10-31": 0, "2011-07-31": 0, "2011-04-30": "", "2011-01-31": 0, "2010-10-31": 0, "2010-07-31": 0, "2010-04-30": "", "2010-01-31": 0, "2009-10-31": 0, "2009-07-31": 0, "2009-04-30": "", "2009-01-31": 0, "2008-10-31": 0, "2008-07-31": 0, "2008-04-30": "", "2008-01-31": 0, "2007-10-31": 0, "2007-07-31": 0, "2007-04-30": "", "2007-01-31": 0, "2006-10-31": 0, "2006-07-31": 0, "2006-04-30": "", "2006-01-31": 0, "2005-10-31": 0, "2005-07-31": 0, "2005-04-30": "", "2005-01-31": 0}, "Net Change In Investments - Total": {"2020-10-31": 0.947, "2020-07-31": 24.366, "2020-04-30": "265.74100", "2020-01-31": -52.019, "2019-10-31": -2.01, "2019-07-31": 63.452, "2019-04-30": "21.86500", "2019-01-31": -60.595, "2018-10-31": -30.185, "2018-07-31": -43.957, "2018-04-30": "5.16300", "2018-01-31": -72.566, "2017-10-31": -1.164, "2017-07-31": 21.532, "2017-04-30": "14.63100", "2017-01-31": -141.643, "2016-10-31": 52.239, "2016-07-31": -6.07, "2016-04-30": "19.89100", "2016-01-31": 25.436, "2015-10-31": 19.617, "2015-07-31": 37.95, "2015-04-30": "25.18200", "2015-01-31": 15.907, "2014-10-31": 35.742, "2014-07-31": 57.321, "2014-04-30": "315.66800", "2014-01-31": -110.82, "2013-10-31": -93.685, "2013-07-31": -80.53, "2013-04-30": "8.91400", "2013-01-31": -142.374, "2012-10-31": -12.444, "2012-07-31": -2.472, "2012-04-30": "-7.82300", "2012-01-31": -42.112, "2011-10-31": 203.687, "2011-07-31": 19.404, "2011-04-30": "64.32300", "2011-01-31": -35.084, "2010-10-31": 65.116, "2010-07-31": 7.982, "2010-04-30": "70.09300", "2010-01-31": -137.592, "2009-10-31": -20.604, "2009-07-31": -95.914, "2009-04-30": "-131.39600", "2009-01-31": 145.549, "2008-10-31": -88.131, "2008-07-31": -26.198, "2008-04-30": "24.42600", "2008-01-31": -34.295, "2007-10-31": -33.739, "2007-07-31": -3.16, "2007-04-30": "-2.33800", "2007-01-31": -40.19, "2006-10-31": -1.815, "2006-07-31": 57.172, "2006-04-30": "-4.54600", "2006-01-31": -4.852, "2005-10-31": 2.393, "2005-07-31": -4.565, "2005-04-30": "-12.69000", "2005-01-31": -55.792}, "Investing Activities - Other": {"2020-10-31": 0, "2020-07-31": 0, "2020-04-30": "", "2020-01-31": 0, "2019-10-31": 0, "2019-07-31": 0, "2019-04-30": "", "2019-01-31": 0, "2018-10-31": 0, "2018-07-31": 0, "2018-04-30": "", "2018-01-31": 0, "2017-10-31": 0, "2017-07-31": 0, "2017-04-30": "", "2017-01-31": 0, "2016-10-31": 0, "2016-07-31": 0, "2016-04-30": "", "2016-01-31": 0, "2015-10-31": 0, "2015-07-31": 0, "2015-04-30": "", "2015-01-31": 0, "2014-10-31": 0, "2014-07-31": 0, "2014-04-30": "", "2014-01-31": 0, "2013-10-31": 0, "2013-07-31": 0, "2013-04-30": "", "2013-01-31": 0, "2012-10-31": 0, "2012-07-31": 0, "2012-04-30": "", "2012-01-31": 0, "2011-10-31": 0, "2011-07-31": 0, "2011-04-30": "", "2011-01-31": 0, "2010-10-31": 0, "2010-07-31": 0, "2010-04-30": "", "2010-01-31": 0, "2009-10-31": 0, "2009-07-31": 0, "2009-04-30": "", "2009-01-31": 0, "2008-10-31": 0, "2008-07-31": 0, "2008-04-30": "", "2008-01-31": 0, "2007-10-31": 0, "2007-07-31": 0, "2007-04-30": "", "2007-01-31": 0, "2006-10-31": 0, "2006-07-31": 0, "2006-04-30": "", "2006-01-31": 0, "2005-10-31": 0, "2005-07-31": 0, "2005-04-30": "", "2005-01-31": 0}, "Cash Flow From Investing Activities": {"2020-10-31": -16.103, "2020-07-31": -4.219, "2020-04-30": "222.22300", "2020-01-31": -98.331, "2019-10-31": -56.666, "2019-07-31": -15.297, "2019-04-30": "-15.85100", "2019-01-31": -85.54, "2018-10-31": -64.522, "2018-07-31": -74.965, "2018-04-30": "-19.47100", "2018-01-31": -93.041, "2017-10-31": -21.498, "2017-07-31": 2.069, "2017-04-30": "-8.91000", "2017-01-31": -173.288, "2016-10-31": 14.573, "2016-07-31": -49.362, "2016-04-30": "-26.54500", "2016-01-31": -0.386, "2015-10-31": -20.174, "2015-07-31": 0.428, "2015-04-30": "-6.63300", "2015-01-31": -37.992, "2014-10-31": -34.006, "2014-07-31": -10.281, "2014-04-30": "277.11300", "2014-01-31": -168.461, "2013-10-31": -155.379, "2013-07-31": -119.003, "2013-04-30": "-19.37900", "2013-01-31": -180.779, "2012-10-31": -49.76, "2012-07-31": -42.822, "2012-04-30": "-60.62700", "2012-01-31": -92.556, "2011-10-31": 141.668, "2011-07-31": -22.405, "2011-04-30": "28.58500", "2011-01-31": -71.984, "2010-10-31": 22.944, "2010-07-31": -24.237, "2010-04-30": "37.74200", "2010-01-31": -162.645, "2009-10-31": -47.371, "2009-07-31": -121.067, "2009-04-30": "-163.68300", "2009-01-31": 119.181, "2008-10-31": -120.395, "2008-07-31": -54.619, "2008-04-30": "-1.07400", "2008-01-31": -65.416, "2007-10-31": -62.531, "2007-07-31": -29.182, "2007-04-30": "-31.77300", "2007-01-31": -83.976, "2006-10-31": -64.357, "2006-07-31": 7.163, "2006-04-30": "-60.23800", "2006-01-31": -54.489, "2005-10-31": -33.85, "2005-07-31": -24.195, "2005-04-30": "-31.14100", "2005-01-31": -130.933}, "Net Long-Term Debt": {"2020-10-31": -120, "2020-07-31": -100, "2020-04-30": "220.00000", "2020-01-31": 0, "2019-10-31": 0, "2019-07-31": 0, "2019-04-30": "", "2019-01-31": 0, "2018-10-31": 0, "2018-07-31": 0, "2018-04-30": "", "2018-01-31": 0, "2017-10-31": 0, "2017-07-31": 0, "2017-04-30": "", "2017-01-31": 0, "2016-10-31": -50, "2016-07-31": -25, "2016-04-30": "-75.00000", "2016-01-31": 35, "2015-10-31": 0, "2015-07-31": 115, "2015-04-30": "", "2015-01-31": 0, "2014-10-31": 0, "2014-07-31": 0, "2014-04-30": "", "2014-01-31": 0, "2013-10-31": 0, "2013-07-31": 0, "2013-04-30": "", "2013-01-31": 0, "2012-10-31": 0, "2012-07-31": 0, "2012-04-30": "", "2012-01-31": 0, "2011-10-31": 0, "2011-07-31": 0, "2011-04-30": "", "2011-01-31": 0, "2010-10-31": 0, "2010-07-31": 0, "2010-04-30": "", "2010-01-31": 0, "2009-10-31": 0, "2009-07-31": 0, "2009-04-30": "", "2009-01-31": 0, "2008-10-31": 0, "2008-07-31": 0, "2008-04-30": "", "2008-01-31": 0, "2007-10-31": 0, "2007-07-31": 0, "2007-04-30": "", "2007-01-31": 0, "2006-10-31": 0, "2006-07-31": 0, "2006-04-30": "", "2006-01-31": 0, "2005-10-31": 0, "2005-07-31": 0, "2005-04-30": "", "2005-01-31": 0}, "Net Current Debt": {"2020-10-31": 0, "2020-07-31": 0, "2020-04-30": "", "2020-01-31": 0, "2019-10-31": 0, "2019-07-31": 0, "2019-04-30": "", "2019-01-31": 0, "2018-10-31": 0, "2018-07-31": 0, "2018-04-30": "", "2018-01-31": 0, "2017-10-31": 0, "2017-07-31": 0, "2017-04-30": "", "2017-01-31": 0, "2016-10-31": 0, "2016-07-31": 0, "2016-04-30": "", "2016-01-31": 0, "2015-10-31": 0, "2015-07-31": 0, "2015-04-30": "", "2015-01-31": 0, "2014-10-31": 0, "2014-07-31": 0, "2014-04-30": "", "2014-01-31": 0, "2013-10-31": 0, "2013-07-31": 0, "2013-04-30": "", "2013-01-31": 0, "2012-10-31": 0, "2012-07-31": 0, "2012-04-30": "", "2012-01-31": 0, "2011-10-31": 0, "2011-07-31": 0, "2011-04-30": "", "2011-01-31": 0, "2010-10-31": 0, "2010-07-31": 0, "2010-04-30": "", "2010-01-31": 0, "2009-10-31": 0, "2009-07-31": 0, "2009-04-30": "", "2009-01-31": 0, "2008-10-31": 0, "2008-07-31": 0, "2008-04-30": "", "2008-01-31": 0, "2007-10-31": 0, "2007-07-31": 0, "2007-04-30": "", "2007-01-31": 0, "2006-10-31": 0, "2006-07-31": 0, "2006-04-30": "", "2006-01-31": 0, "2005-10-31": 0, "2005-07-31": 0, "2005-04-30": "", "2005-01-31": 0}, "Debt Issuance/Retirement Net - Total": {"2020-10-31": -120, "2020-07-31": -100, "2020-04-30": "220.00000", "2020-01-31": 0, "2019-10-31": 0, "2019-07-31": 0, "2019-04-30": "", "2019-01-31": 0, "2018-10-31": 0, "2018-07-31": 0, "2018-04-30": "", "2018-01-31": 0, "2017-10-31": 0, "2017-07-31": 0, "2017-04-30": "", "2017-01-31": 0, "2016-10-31": -50, "2016-07-31": -25, "2016-04-30": "-75.00000", "2016-01-31": 35, "2015-10-31": 0, "2015-07-31": 115, "2015-04-30": "", "2015-01-31": 0, "2014-10-31": 0, "2014-07-31": 0, "2014-04-30": "", "2014-01-31": 0, "2013-10-31": 0, "2013-07-31": 0, "2013-04-30": "", "2013-01-31": 0, "2012-10-31": 0, "2012-07-31": 0, "2012-04-30": "", "2012-01-31": 0, "2011-10-31": 0, "2011-07-31": 0, "2011-04-30": "", "2011-01-31": 0, "2010-10-31": 0, "2010-07-31": 0, "2010-04-30": "", "2010-01-31": 0, "2009-10-31": 0, "2009-07-31": 0, "2009-04-30": "", "2009-01-31": 0, "2008-10-31": 0, "2008-07-31": 0, "2008-04-30": "", "2008-01-31": 0, "2007-10-31": 0, "2007-07-31": 0, "2007-04-30": "", "2007-01-31": 0, "2006-10-31": 0, "2006-07-31": 0, "2006-04-30": "", "2006-01-31": 0, "2005-10-31": 0, "2005-07-31": 0, "2005-04-30": "", "2005-01-31": 0}, "Net Common Equity Issued/Repurchased": {"2020-10-31": -0.06, "2020-07-31": -0.022, "2020-04-30": "-10.75600", "2020-01-31": -0.026, "2019-10-31": -0.145, "2019-07-31": -146.225, "2019-04-30": "-75.65100", "2019-01-31": -63.943, "2018-10-31": -61.177, "2018-07-31": 6.87, "2018-04-30": "0.22600", "2018-01-31": -0.002, "2017-10-31": -67.571, "2017-07-31": -90.511, "2017-04-30": "-1.14200", "2017-01-31": -0.003, "2016-10-31": -35.937, "2016-07-31": 0.429, "2016-04-30": "-8.23200", "2016-01-31": -99.778, "2015-10-31": -114.011, "2015-07-31": -230.221, "2015-04-30": "14.98600", "2015-01-31": -126.522, "2014-10-31": -2.151, "2014-07-31": -123.478, "2014-04-30": "-352.57800", "2014-01-31": 1.005, "2013-10-31": -6.702, "2013-07-31": 12.319, "2013-04-30": "17.50400", "2013-01-31": 2.603, "2012-10-31": 25.423, "2012-07-31": 0.536, "2012-04-30": "2.10900", "2012-01-31": -6.542, "2011-10-31": -322.273, "2011-07-31": -66.206, "2011-04-30": "-146.32100", "2011-01-31": 12.755, "2010-10-31": -132.356, "2010-07-31": -65.197, "2010-04-30": "4.20900", "2010-01-31": 0.978, "2009-10-31": 1.047, "2009-07-31": 0.606, "2009-04-30": "0.61900", "2009-01-31": 0.027, "2008-10-31": 1.994, "2008-07-31": 0.758, "2008-04-30": "6.11200", "2008-01-31": 1.003, "2007-10-31": 0.933, "2007-07-31": 1.297, "2007-04-30": "1.76700", "2007-01-31": 1.92, "2006-10-31": -16.691, "2006-07-31": -1.089, "2006-04-30": "1.41000", "2006-01-31": 3.293, "2005-10-31": 0.803, "2005-07-31": 4.435, "2005-04-30": "6.69900", "2005-01-31": 6.917}, "Net Total Equity Issued/Repurchased": {"2020-10-31": -0.06, "2020-07-31": -0.022, "2020-04-30": "-10.75600", "2020-01-31": -0.026, "2019-10-31": -0.145, "2019-07-31": -146.225, "2019-04-30": "-75.65100", "2019-01-31": -63.943, "2018-10-31": -61.177, "2018-07-31": 6.87, "2018-04-30": "0.22600", "2018-01-31": -0.002, "2017-10-31": -67.571, "2017-07-31": -90.511, "2017-04-30": "-1.14200", "2017-01-31": -0.003, "2016-10-31": -35.937, "2016-07-31": 0.429, "2016-04-30": "-8.23200", "2016-01-31": -99.778, "2015-10-31": -114.011, "2015-07-31": -230.221, "2015-04-30": "14.98600", "2015-01-31": -126.522, "2014-10-31": -2.151, "2014-07-31": -123.478, "2014-04-30": "-352.57800", "2014-01-31": 1.005, "2013-10-31": -6.702, "2013-07-31": 12.319, "2013-04-30": "17.50400", "2013-01-31": 2.603, "2012-10-31": 25.423, "2012-07-31": 0.536, "2012-04-30": "2.10900", "2012-01-31": -6.542, "2011-10-31": -322.273, "2011-07-31": -66.206, "2011-04-30": "-146.32100", "2011-01-31": 12.755, "2010-10-31": -132.356, "2010-07-31": -65.197, "2010-04-30": "4.20900", "2010-01-31": 0.978, "2009-10-31": 1.047, "2009-07-31": 0.606, "2009-04-30": "0.61900", "2009-01-31": 0.027, "2008-10-31": 1.994, "2008-07-31": 0.758, "2008-04-30": "6.11200", "2008-01-31": 1.003, "2007-10-31": 0.933, "2007-07-31": 1.297, "2007-04-30": "1.76700", "2007-01-31": 1.92, "2006-10-31": -16.691, "2006-07-31": -1.089, "2006-04-30": "1.41000", "2006-01-31": 3.293, "2005-10-31": 0.803, "2005-07-31": 4.435, "2005-04-30": "6.69900", "2005-01-31": 6.917}, "Total Common And Preferred Stock Dividends Paid": {"2020-10-31": 0, "2020-07-31": 0, "2020-04-30": "", "2020-01-31": 0, "2019-10-31": 0, "2019-07-31": 0, "2019-04-30": "", "2019-01-31": 0, "2018-10-31": 0, "2018-07-31": 0, "2018-04-30": "", "2018-01-31": 0, "2017-10-31": 0, "2017-07-31": 0, "2017-04-30": "", "2017-01-31": 0, "2016-10-31": 0, "2016-07-31": 0, "2016-04-30": "", "2016-01-31": 0, "2015-10-31": 0, "2015-07-31": 0, "2015-04-30": "", "2015-01-31": 0, "2014-10-31": 0, "2014-07-31": 0, "2014-04-30": "", "2014-01-31": 0, "2013-10-31": 0, "2013-07-31": 0, "2013-04-30": "", "2013-01-31": 0, "2012-10-31": 0, "2012-07-31": 0, "2012-04-30": "", "2012-01-31": 0, "2011-10-31": 0, "2011-07-31": 0, "2011-04-30": "", "2011-01-31": 0, "2010-10-31": 0, "2010-07-31": 0, "2010-04-30": "", "2010-01-31": 0, "2009-10-31": 0, "2009-07-31": 0, "2009-04-30": "", "2009-01-31": 0, "2008-10-31": 0, "2008-07-31": 0, "2008-04-30": "", "2008-01-31": 0, "2007-10-31": 0, "2007-07-31": 0, "2007-04-30": "", "2007-01-31": 0, "2006-10-31": 0, "2006-07-31": 0, "2006-04-30": "", "2006-01-31": 0, "2005-10-31": 0, "2005-07-31": 0, "2005-04-30": "", "2005-01-31": 0}, "Financial Activities - Other": {"2020-10-31": 0, "2020-07-31": 0, "2020-04-30": "", "2020-01-31": 0, "2019-10-31": 0, "2019-07-31": 0, "2019-04-30": "", "2019-01-31": 0, "2018-10-31": 0, "2018-07-31": 0, "2018-04-30": "", "2018-01-31": 0, "2017-10-31": 0, "2017-07-31": 0, "2017-04-30": "", "2017-01-31": 0, "2016-10-31": 0, "2016-07-31": 0, "2016-04-30": "", "2016-01-31": -6.419, "2015-10-31": 0.628, "2015-07-31": 0.296, "2015-04-30": "5.49500", "2015-01-31": 1.808, "2014-10-31": 1.046, "2014-07-31": 0.898, "2014-04-30": "0.07000", "2014-01-31": 0.102, "2013-10-31": 1.377, "2013-07-31": 2.864, "2013-04-30": "5.19700", "2013-01-31": 1.275, "2012-10-31": 4.143, "2012-07-31": 0.324, "2012-04-30": "0.97100", "2012-01-31": 8.483, "2011-10-31": 0.014, "2011-07-31": 0.137, "2011-04-30": "0.36100", "2011-01-31": 1.39, "2010-10-31": 1.208, "2010-07-31": 2.576, "2010-04-30": "7.67300", "2010-01-31": 2.714, "2009-10-31": 1.547, "2009-07-31": 0.499, "2009-04-30": "1.67800", "2009-01-31": 1.501, "2008-10-31": 3.88, "2008-07-31": 1.552, "2008-04-30": "6.50100", "2008-01-31": 2.829, "2007-10-31": 1.242, "2007-07-31": -0.954, "2007-04-30": "4.22400", "2007-01-31": 0.714, "2006-10-31": -0.005, "2006-07-31": 2.877, "2006-04-30": "1.80800", "2006-01-31": 0, "2005-10-31": 0, "2005-07-31": 0, "2005-04-30": "", "2005-01-31": 0}, "Cash Flow From Financial Activities": {"2020-10-31": -120.06, "2020-07-31": -100.022, "2020-04-30": "209.24400", "2020-01-31": -0.026, "2019-10-31": -0.145, "2019-07-31": -146.225, "2019-04-30": "-75.65100", "2019-01-31": -63.943, "2018-10-31": -61.177, "2018-07-31": 6.87, "2018-04-30": "0.22600", "2018-01-31": -0.002, "2017-10-31": -67.571, "2017-07-31": -90.511, "2017-04-30": "-1.14200", "2017-01-31": -0.003, "2016-10-31": -85.937, "2016-07-31": -24.571, "2016-04-30": "-83.23200", "2016-01-31": -71.197, "2015-10-31": -113.383, "2015-07-31": -114.925, "2015-04-30": "20.48100", "2015-01-31": -124.714, "2014-10-31": -1.105, "2014-07-31": -122.58, "2014-04-30": "-352.50800", "2014-01-31": 1.107, "2013-10-31": -5.325, "2013-07-31": 15.183, "2013-04-30": "22.70100", "2013-01-31": 3.878, "2012-10-31": 29.566, "2012-07-31": 0.86, "2012-04-30": "3.08000", "2012-01-31": 1.941, "2011-10-31": -322.259, "2011-07-31": -66.069, "2011-04-30": "-145.96000", "2011-01-31": 14.145, "2010-10-31": -131.148, "2010-07-31": -62.621, "2010-04-30": "11.88200", "2010-01-31": 3.692, "2009-10-31": 2.594, "2009-07-31": 1.105, "2009-04-30": "2.29700", "2009-01-31": 1.528, "2008-10-31": 5.874, "2008-07-31": 2.31, "2008-04-30": "12.61300", "2008-01-31": 3.832, "2007-10-31": 2.175, "2007-07-31": 0.343, "2007-04-30": "5.99100", "2007-01-31": 2.634, "2006-10-31": -16.696, "2006-07-31": 1.788, "2006-04-30": "3.21800", "2006-01-31": 3.293, "2005-10-31": 0.803, "2005-07-31": 4.435, "2005-04-30": "6.69900", "2005-01-31": 6.917}, "Net Cash Flow": {"2020-10-31": -37.915, "2020-07-31": 74.12, "2020-04-30": "366.90100", "2020-01-31": 54.769, "2019-10-31": 5.052, "2019-07-31": -129.181, "2019-04-30": "-67.06100", "2019-01-31": 29.239, "2018-10-31": -76.706, "2018-07-31": 92.014, "2018-04-30": "31.49300", "2018-01-31": 47.494, "2017-10-31": -42.033, "2017-07-31": 24.275, "2017-04-30": "4.34400", "2017-01-31": 13.254, "2016-10-31": -8.23, "2016-07-31": 14.972, "2016-04-30": "-37.13200", "2016-01-31": 115.679, "2015-10-31": -44.844, "2015-07-31": 17.51, "2015-04-30": "22.37300", "2015-01-31": 26.367, "2014-10-31": -17.082, "2014-07-31": -46.552, "2014-04-30": "-50.23300", "2014-01-31": 47.129, "2013-10-31": -103.617, "2013-07-31": 25.082, "2013-04-30": "28.13700", "2013-01-31": 28.679, "2012-10-31": 81.167, "2012-07-31": 5.019, "2012-04-30": "-14.81100", "2012-01-31": 61.903, "2011-10-31": -143.011, "2011-07-31": -17.558, "2011-04-30": "-96.31800", "2011-01-31": 86.711, "2010-10-31": 8.592, "2010-07-31": -14.394, "2010-04-30": "100.32400", "2010-01-31": -43.292, "2009-10-31": 49.431, "2009-07-31": -71.847, "2009-04-30": "-91.30300", "2009-01-31": 244.321, "2008-10-31": -88.677, "2008-07-31": -3.639, "2008-04-30": "58.75900", "2008-01-31": 68.878, "2007-10-31": -5.994, "2007-07-31": 11.216, "2007-04-30": "3.90400", "2007-01-31": -3.277, "2006-10-31": -29.178, "2006-07-31": 31.616, "2006-04-30": "-21.80600", "2006-01-31": 29.845, "2005-10-31": -1.709, "2005-07-31": -0.348, "2005-04-30": "-7.60700", "2005-01-31": 26.412}, "Stock-Based Compensation": {"2020-10-31": 5.773, "2020-07-31": 6.385, "2020-04-30": "4.87200", "2020-01-31": 4.302, "2019-10-31": 5.346, "2019-07-31": 5.908, "2019-04-30": "5.55300", "2019-01-31": 1.028, "2018-10-31": 6.086, "2018-07-31": 5.466, "2018-04-30": "5.52400", "2018-01-31": 0.686, "2017-10-31": -0.125, "2017-07-31": 7.793, "2017-04-30": "6.16300", "2017-01-31": -1.741, "2016-10-31": 7.28, "2016-07-31": 6.992, "2016-04-30": "5.76000", "2016-01-31": 3.482, "2015-10-31": 4.469, "2015-07-31": 3.559, "2015-04-30": "4.11300", "2015-01-31": 3.128, "2014-10-31": 4.975, "2014-07-31": 4.057, "2014-04-30": "4.57600", "2014-01-31": 3.331, "2013-10-31": 4.986, "2013-07-31": 3.784, "2013-04-30": "3.64100", "2013-01-31": 0.229, "2012-10-31": 4.021, "2012-07-31": 3.751, "2012-04-30": "2.89100", "2012-01-31": -5.276, "2011-10-31": 3.46, "2011-07-31": 2.305, "2011-04-30": "2.57900", "2011-01-31": 3.299, "2010-10-31": 2.899, "2010-07-31": 2.327, "2010-04-30": "2.20000", "2010-01-31": 1.286, "2009-10-31": 1.209, "2009-07-31": 1.208, "2009-04-30": "1.06300", "2009-01-31": 0.885, "2008-10-31": 1.264, "2008-07-31": 0.817, "2008-04-30": "0.67100", "2008-01-31": 0.736, "2007-10-31": 0.91, "2007-07-31": 0.874, "2007-04-30": "0.75700", "2007-01-31": 0.982, "2006-10-31": 0.941, "2006-07-31": 0.883, "2006-04-30": "0.69100", "2006-01-31": 0.291, "2005-10-31": 0.29, "2005-07-31": 0.291, "2005-04-30": "0.28100", "2005-01-31": 0.708}, "Common Stock Dividends Paid": {"2020-10-31": 0, "2020-07-31": 0, "2020-04-30": "", "2020-01-31": 0, "2019-10-31": 0, "2019-07-31": 0, "2019-04-30": "", "2019-01-31": 0, "2018-10-31": 0, "2018-07-31": 0, "2018-04-30": "", "2018-01-31": 0, "2017-10-31": 0, "2017-07-31": 0, "2017-04-30": "", "2017-01-31": 0, "2016-10-31": 0, "2016-07-31": 0, "2016-04-30": "", "2016-01-31": 0, "2015-10-31": 0, "2015-07-31": 0, "2015-04-30": "", "2015-01-31": 0, "2014-10-31": 0, "2014-07-31": 0, "2014-04-30": "", "2014-01-31": 0, "2013-10-31": 0, "2013-07-31": 0, "2013-04-30": "", "2013-01-31": 0, "2012-10-31": 0, "2012-07-31": 0, "2012-04-30": "", "2012-01-31": 0, "2011-10-31": 0, "2011-07-31": 0, "2011-04-30": "", "2011-01-31": 0, "2010-10-31": 0, "2010-07-31": 0, "2010-04-30": "", "2010-01-31": 0, "2009-10-31": 0, "2009-07-31": 0, "2009-04-30": "", "2009-01-31": 0, "2008-10-31": 0, "2008-07-31": 0, "2008-04-30": "", "2008-01-31": 0, "2007-10-31": 0, "2007-07-31": 0, "2007-04-30": "", "2007-01-31": 0, "2006-10-31": 0, "2006-07-31": 0, "2006-04-30": "", "2006-01-31": 0, "2005-10-31": 0, "2005-07-31": 0, "2005-04-30": "", "2005-01-31": 0}}, "financial ratios": {"Current Ratio": {"2020-01-31": "1.64910", "2019-01-31": "3.11080", "2018-01-31": "2.71720", "2017-01-31": "2.49740", "2016-01-31": "2.53430", "2015-01-31": "2.28730", "2014-01-31": "2.99850", "2013-01-31": "3.48640", "2012-01-31": "2.55710", "2011-01-31": "3.80990", "2010-01-31": "4.27590", "2009-01-31": "4.42370", "2008-01-31": "2.59060", "2007-01-31": "2.70770", "2006-01-31": "2.88510", "2005-01-31": "2.92930"}, "Long-term Debt / Capital": {"2020-01-31": "", "2019-01-31": "", "2018-01-31": "", "2017-01-31": "", "2016-01-31": "0.11650", "2015-01-31": "", "2014-01-31": "", "2013-01-31": "", "2012-01-31": "", "2011-01-31": "", "2010-01-31": "", "2009-01-31": "", "2008-01-31": "", "2007-01-31": "", "2006-01-31": "", "2005-01-31": ""}, "Debt/Equity Ratio": {"2020-01-31": "", "2019-01-31": "", "2018-01-31": "", "2017-01-31": "", "2016-01-31": "0.13190", "2015-01-31": "", "2014-01-31": "", "2013-01-31": "", "2012-01-31": "", "2011-01-31": "", "2010-01-31": "", "2009-01-31": "", "2008-01-31": "", "2007-01-31": "", "2006-01-31": "", "2005-01-31": ""}, "Gross Margin": {"2020-01-31": "31.12180", "2019-01-31": "34.08860", "2018-01-31": "32.50840", "2017-01-31": "35.10110", "2016-01-31": "34.88690", "2015-01-31": "35.35670", "2014-01-31": "37.62520", "2013-01-31": "36.90730", "2012-01-31": "34.78600", "2011-01-31": "41.18640", "2010-01-31": "40.56860", "2009-01-31": "38.88970", "2008-01-31": "38.25450", "2007-01-31": "36.90000", "2006-01-31": "41.07710", "2005-01-31": "40.92420"}, "Operating Margin": {"2020-01-31": "5.82170", "2019-01-31": "9.65200", "2018-01-31": "7.18730", "2017-01-31": "9.54730", "2016-01-31": "10.26320", "2015-01-31": "10.99540", "2014-01-31": "13.82850", "2013-01-31": "13.39160", "2012-01-31": "11.50960", "2011-01-31": "18.21390", "2010-01-31": "17.49310", "2009-01-31": "16.32140", "2008-01-31": "14.91950", "2007-01-31": "13.39000", "2006-01-31": "19.01820", "2005-01-31": "17.92400"}, "EBIT Margin": {"2020-01-31": "5.82170", "2019-01-31": "9.65200", "2018-01-31": "7.18730", "2017-01-31": "9.54730", "2016-01-31": "10.26320", "2015-01-31": "10.99540", "2014-01-31": "13.82850", "2013-01-31": "13.39160", "2012-01-31": "11.50960", "2011-01-31": "18.21390", "2010-01-31": "17.49310", "2009-01-31": "16.32140", "2008-01-31": "14.91950", "2007-01-31": "13.39000", "2006-01-31": "19.01820", "2005-01-31": "17.92400"}, "EBITDA Margin": {"2020-01-31": "8.98870", "2019-01-31": "12.63850", "2018-01-31": "10.73840", "2017-01-31": "13.36390", "2016-01-31": "14.40590", "2015-01-31": "15.15150", "2014-01-31": "18.12650", "2013-01-31": "17.63730", "2012-01-31": "15.87990", "2011-01-31": "22.65980", "2010-01-31": "22.25880", "2009-01-31": "20.78820", "2008-01-31": "19.56340", "2007-01-31": "17.93900", "2006-01-31": "22.62040", "2005-01-31": "21.77280"}, "Pre-Tax Profit Margin": {"2020-01-31": "6.01740", "2019-01-31": "9.75930", "2018-01-31": "7.22800", "2017-01-31": "9.53520", "2016-01-31": "10.16020", "2015-01-31": "10.93720", "2014-01-31": "13.85070", "2013-01-31": "13.43760", "2012-01-31": "11.67560", "2011-01-31": "18.34610", "2010-01-31": "17.77290", "2009-01-31": "16.86950", "2008-01-31": "15.54630", "2007-01-31": "13.89370", "2006-01-31": "19.44840", "2005-01-31": "18.14460"}, "Net Profit Margin": {"2020-01-31": "4.21950", "2019-01-31": "7.54320", "2018-01-31": "2.99400", "2017-01-31": "6.15150", "2016-01-31": "6.51610", "2015-01-31": "6.99440", "2014-01-31": "9.14790", "2013-01-31": "8.49090", "2012-01-31": "7.48850", "2011-01-31": "12.00290", "2010-01-31": "11.34750", "2009-01-31": "10.86680", "2008-01-31": "10.62730", "2007-01-31": "9.48840", "2006-01-31": "11.97650", "2005-01-31": "10.93190"}, "Asset Turnover": {"2020-01-31": "1.20150", "2019-01-31": "1.82860", "2018-01-31": "1.85170", "2017-01-31": "1.86360", "2016-01-31": "1.87920", "2015-01-31": "1.75940", "2014-01-31": "1.38960", "2013-01-31": "1.55510", "2012-01-31": "1.66730", "2011-01-31": "1.26740", "2010-01-31": "1.18440", "2009-01-31": "1.38040", "2008-01-31": "1.31930", "2007-01-31": "1.36190", "2006-01-31": "1.41980", "2005-01-31": "1.48690"}, "Inventory Turnover Ratio": {"2020-01-31": "6.70020", "2019-01-31": "7.02800", "2018-01-31": "6.94520", "2017-01-31": "6.79640", "2016-01-31": "6.79310", "2015-01-31": "5.99640", "2014-01-31": "6.18640", "2013-01-31": "6.24410", "2012-01-31": "6.45120", "2011-01-31": "5.82630", "2010-01-31": "6.18750", "2009-01-31": "6.60670", "2008-01-31": "5.41490", "2007-01-31": "5.00560", "2006-01-31": "4.58410", "2005-01-31": "4.93960"}, "Receiveable Turnover": {"2020-01-31": "45.12270", "2019-01-31": "49.09990", "2018-01-31": "46.98440", "2017-01-31": "65.05450", "2016-01-31": "45.49650", "2015-01-31": "47.16390", "2014-01-31": "55.95630", "2013-01-31": "70.72360", "2012-01-31": "67.45570", "2011-01-31": "62.30080", "2010-01-31": "50.45740", "2009-01-31": "50.41550", "2008-01-31": "57.18660", "2007-01-31": "58.68030", "2006-01-31": "76.24320", "2005-01-31": "98.96580"}, "Days Sales In Receivables": {"2020-01-31": "8.08910", "2019-01-31": "7.43380", "2018-01-31": "7.76850", "2017-01-31": "5.61070", "2016-01-31": "8.02260", "2015-01-31": "7.73900", "2014-01-31": "6.52290", "2013-01-31": "5.16090", "2012-01-31": "5.41100", "2011-01-31": "5.85870", "2010-01-31": "7.23380", "2009-01-31": "7.23980", "2008-01-31": "6.38260", "2007-01-31": "6.22010", "2006-01-31": "4.78730", "2005-01-31": "3.68810"}, "ROE - Return On Equity": {"2020-01-31": "11.55020", "2019-01-31": "20.01230", "2018-01-31": "8.32210", "2017-01-31": "16.61130", "2016-01-31": "19.74000", "2015-01-31": "17.50250", "2014-01-31": "16.66660", "2013-01-31": "17.51930", "2012-01-31": "17.37380", "2011-01-31": "19.33750", "2010-01-31": "16.95690", "2009-01-31": "18.91900", "2008-01-31": "18.77490", "2007-01-31": "17.20850", "2006-01-31": "23.31980", "2005-01-31": "22.49610"}, "Return On Tangible Equity": {"2020-01-31": "11.55020", "2019-01-31": "20.01230", "2018-01-31": "8.32210", "2017-01-31": "16.61130", "2016-01-31": "19.74000", "2015-01-31": "17.50250", "2014-01-31": "16.66660", "2013-01-31": "17.51930", "2012-01-31": "17.37380", "2011-01-31": "19.33750", "2010-01-31": "16.95690", "2009-01-31": "18.91900", "2008-01-31": "18.77490", "2007-01-31": "17.20850", "2006-01-31": "23.31980", "2005-01-31": "22.49610"}, "ROA - Return On Assets": {"2020-01-31": "5.06980", "2019-01-31": "13.79320", "2018-01-31": "5.54400", "2017-01-31": "11.46410", "2016-01-31": "12.24510", "2015-01-31": "12.30600", "2014-01-31": "12.71200", "2013-01-31": "13.20460", "2012-01-31": "12.48570", "2011-01-31": "15.21230", "2010-01-31": "13.44010", "2009-01-31": "15.00100", "2008-01-31": "14.02100", "2007-01-31": "12.92250", "2006-01-31": "17.00410", "2005-01-31": "16.25500"}, "ROI - Return On Investment": {"2020-01-31": "11.55020", "2019-01-31": "20.01230", "2018-01-31": "8.32210", "2017-01-31": "16.61130", "2016-01-31": "17.43970", "2015-01-31": "17.50250", "2014-01-31": "16.66660", "2013-01-31": "17.51930", "2012-01-31": "17.37380", "2011-01-31": "19.33750", "2010-01-31": "16.95690", "2009-01-31": "18.91900", "2008-01-31": "18.77490", "2007-01-31": "17.20850", "2006-01-31": "23.31980", "2005-01-31": "22.49610"}, "Book Value Per Share": {"2020-01-31": "14.85410", "2019-01-31": "14.09570", "2018-01-31": "12.01770", "2017-01-31": "11.29690", "2016-01-31": "9.69330", "2015-01-31": "10.17580", "2014-01-31": "11.50070", "2013-01-31": "9.27700", "2012-01-31": "7.37220", "2011-01-31": "8.58540", "2010-01-31": "7.69330", "2009-01-31": "6.28320", "2008-01-31": "5.13790", "2007-01-31": "4.09290", "2006-01-31": "3.40280", "2005-01-31": "2.46930"}, "Operating Cash Flow Per Share": {"2020-01-31": -1.3482, "2019-01-31": 1.3741, "2018-01-31": -0.8434, "2017-01-31": 0.2105, "2016-01-31": 0.9975, "2015-01-31": -0.5033, "2014-01-31": 0.1378, "2013-01-31": 0.8879, "2012-01-31": -0.4509, "2011-01-31": 0.3606, "2010-01-31": 0.4279, "2009-01-31": -0.027, "2008-01-31": 0.3899, "2007-01-31": 0.2316, "2006-01-31": -0.0186, "2005-01-31": 0.8965}, "Free Cash Flow Per Share": {"2020-01-31": -2.4622, "2019-01-31": 1.0724, "2018-01-31": -0.364, "2017-01-31": 0.0561, "2016-01-31": 1.5895, "2015-01-31": -0.9191, "2014-01-31": 0.0422, "2013-01-31": 0.9529, "2012-01-31": -0.8241, "2011-01-31": 0.1554, "2010-01-31": 0.4486, "2009-01-31": -0.0057, "2008-01-31": 0.967, "2007-01-31": -0.2962, "2006-01-31": -0.2989, "2005-01-31": 0.4474}}, "financial ratios, quarterly": {"Current Ratio": {"2020-10-31": "1.44850", "2020-07-31": "1.64800", "2020-04-30": "1.77360", "2020-01-31": "1.64910", "2019-10-31": "1.56530", "2019-07-31": "1.59770", "2019-04-30": "1.75770", "2019-01-31": "3.11080", "2018-10-31": "2.74480", "2018-07-31": "2.79520", "2018-04-30": "2.64310", "2018-01-31": "2.71720", "2017-10-31": "2.28640", "2017-07-31": "2.53320", "2017-04-30": "2.61640", "2017-01-31": "2.49740", "2016-10-31": "2.19630", "2016-07-31": "2.40560", "2016-04-30": "2.36460", "2016-01-31": "2.53430", "2015-10-31": "2.24200", "2015-07-31": "2.37620", "2015-04-30": "2.63510", "2015-01-31": "2.28730", "2014-10-31": "2.19540", "2014-07-31": "2.15090", "2014-04-30": "2.35580", "2014-01-31": "2.99850", "2013-10-31": "2.99700", "2013-07-31": "3.54830", "2013-04-30": "3.81780", "2013-01-31": "3.48640", "2012-10-31": "2.93560", "2012-07-31": "3.03800", "2012-04-30": "2.64840", "2012-01-31": "2.55710", "2011-10-31": "2.29500", "2011-07-31": "3.05700", "2011-04-30": "3.30790", "2011-01-31": "3.80990", "2010-10-31": "3.77940", "2010-07-31": "4.85160", "2010-04-30": "4.66850", "2010-01-31": "4.27590", "2009-10-31": "4.04740", "2009-07-31": "3.64680", "2009-04-30": "3.32310", "2009-01-31": "4.42370", "2008-10-31": "3.11590", "2008-07-31": "3.07400", "2008-04-30": "2.78070", "2008-01-31": "2.59060", "2007-10-31": "2.91380", "2007-07-31": "3.09720", "2007-04-30": "2.90410", "2007-01-31": "2.70770", "2006-10-31": "2.39280", "2006-07-31": "2.49830", "2006-04-30": "2.79440", "2006-01-31": "2.88510", "2005-10-31": "2.91490", "2005-07-31": "3.40070", "2005-04-30": "3.36160", "2005-01-31": "2.92930"}, "Long-term Debt / Capital": {"2020-10-31": "", "2020-07-31": "0.08160", "2020-04-30": "0.14490", "2020-01-31": "", "2019-10-31": "", "2019-07-31": "", "2019-04-30": "", "2019-01-31": "", "2018-10-31": "", "2018-07-31": "", "2018-04-30": "", "2018-01-31": "", "2017-10-31": "", "2017-07-31": "", "2017-04-30": "", "2017-01-31": "", "2016-10-31": "", "2016-07-31": "0.03860", "2016-04-30": "0.06000", "2016-01-31": "0.11650", "2015-10-31": "0.08940", "2015-07-31": "0.08540", "2015-04-30": "", "2015-01-31": "", "2014-10-31": "", "2014-07-31": "", "2014-04-30": "", "2014-01-31": "", "2013-10-31": "", "2013-07-31": "", "2013-04-30": "", "2013-01-31": "", "2012-10-31": "", "2012-07-31": "", "2012-04-30": "", "2012-01-31": "", "2011-10-31": "", "2011-07-31": "", "2011-04-30": "", "2011-01-31": "", "2010-10-31": "", "2010-07-31": "", "2010-04-30": "", "2010-01-31": "", "2009-10-31": "", "2009-07-31": "", "2009-04-30": "", "2009-01-31": "", "2008-10-31": "", "2008-07-31": "", "2008-04-30": "", "2008-01-31": "", "2007-10-31": "", "2007-07-31": "", "2007-04-30": "", "2007-01-31": "", "2006-10-31": "", "2006-07-31": "", "2006-04-30": "", "2006-01-31": "", "2005-10-31": "", "2005-07-31": "", "2005-04-30": "", "2005-01-31": ""}, "Debt/Equity Ratio": {"2020-10-31": "", "2020-07-31": "0.08880", "2020-04-30": "0.16950", "2020-01-31": "", "2019-10-31": "", "2019-07-31": "", "2019-04-30": "", "2019-01-31": "", "2018-10-31": "", "2018-07-31": "", "2018-04-30": "", "2018-01-31": "", "2017-10-31": "", "2017-07-31": "", "2017-04-30": "", "2017-01-31": "", "2016-10-31": "", "2016-07-31": "0.04020", "2016-04-30": "0.06390", "2016-01-31": "0.13190", "2015-10-31": "0.09820", "2015-07-31": "0.09340", "2015-04-30": "", "2015-01-31": "", "2014-10-31": "", "2014-07-31": "", "2014-04-30": "", "2014-01-31": "", "2013-10-31": "", "2013-07-31": "", "2013-04-30": "", "2013-01-31": "", "2012-10-31": "", "2012-07-31": "", "2012-04-30": "", "2012-01-31": "", "2011-10-31": "", "2011-07-31": "", "2011-04-30": "", "2011-01-31": "", "2010-10-31": "", "2010-07-31": "", "2010-04-30": "", "2010-01-31": "", "2009-10-31": "", "2009-07-31": "", "2009-04-30": "", "2009-01-31": "", "2008-10-31": "", "2008-07-31": "", "2008-04-30": "", "2008-01-31": "", "2007-10-31": "", "2007-07-31": "", "2007-04-30": "", "2007-01-31": "", "2006-10-31": "", "2006-07-31": "", "2006-04-30": "", "2006-01-31": "", "2005-10-31": "", "2005-07-31": "", "2005-04-30": "", "2005-01-31": ""}, "Gross Margin": {"2020-10-31": "33.30640", "2020-07-31": "29.63380", "2020-04-30": "2.01250", "2020-01-31": "28.53960", "2019-10-31": "32.51770", "2019-07-31": "32.82400", "2019-04-30": "31.12590", "2019-01-31": "32.99620", "2018-10-31": "34.68790", "2018-07-31": "35.85500", "2018-04-30": "32.79930", "2018-01-31": "31.27650", "2017-10-31": "33.35070", "2017-07-31": "34.06260", "2017-04-30": "31.50070", "2017-01-31": "33.03510", "2016-10-31": "34.77100", "2016-07-31": "38.45980", "2016-04-30": "34.34290", "2016-01-31": "34.45690", "2015-10-31": "34.92100", "2015-07-31": "36.67090", "2015-04-30": "33.34480", "2015-01-31": "34.58180", "2014-10-31": "34.81090", "2014-07-31": "37.38140", "2014-04-30": "34.75270", "2014-01-31": "36.65090", "2013-10-31": "37.76050", "2013-07-31": "39.31890", "2013-04-30": "36.84320", "2013-01-31": "36.61010", "2012-10-31": "37.64660", "2012-07-31": "37.63500", "2012-04-30": "35.58940", "2012-01-31": "30.10720", "2011-10-31": "35.42950", "2011-07-31": "37.93450", "2011-04-30": "36.90040", "2011-01-31": "39.65650", "2010-10-31": "41.14300", "2010-07-31": "42.52050", "2010-04-30": "41.83380", "2010-01-31": "41.74410", "2009-10-31": "41.52760", "2009-07-31": "40.79380", "2009-04-30": "37.24180", "2009-01-31": "34.02860", "2008-10-31": "40.88180", "2008-07-31": "41.05480", "2008-04-30": "40.24430", "2008-01-31": "39.57620", "2007-10-31": "39.52810", "2007-07-31": "37.31590", "2007-04-30": "35.80260", "2007-01-31": "36.71130", "2006-10-31": "38.25070", "2006-07-31": "36.68310", "2006-04-30": "35.83910", "2006-01-31": "39.51860", "2005-10-31": "41.63800", "2005-07-31": "41.37310", "2005-04-30": "42.19910", "2005-01-31": "39.89300"}, "Operating Margin": {"2020-10-31": "10.15960", "2020-07-31": "8.64210", "2020-04-30": "-33.77070", "2020-01-31": "3.29820", "2019-10-31": "7.62240", "2019-07-31": "8.11170", "2019-04-30": "4.62970", "2019-01-31": "10.11640", "2018-10-31": "9.89770", "2018-07-31": "11.77410", "2018-04-30": "6.29860", "2018-01-31": "8.33590", "2017-10-31": "8.16420", "2017-07-31": "8.61240", "2017-04-30": "2.76360", "2017-01-31": "9.66130", "2016-10-31": "8.15140", "2016-07-31": "13.27380", "2016-04-30": "6.62010", "2016-01-31": "11.49080", "2015-10-31": "9.73330", "2015-07-31": "11.96030", "2015-04-30": "7.17910", "2015-01-31": "12.26280", "2014-10-31": "9.38830", "2014-07-31": "12.95740", "2014-04-30": "8.71630", "2014-01-31": "14.25050", "2013-10-31": "13.62430", "2013-07-31": "15.73020", "2013-04-30": "11.25710", "2013-01-31": "15.39650", "2012-10-31": "13.49560", "2012-07-31": "14.18640", "2012-04-30": "9.30080", "2012-01-31": "8.83230", "2011-10-31": "12.02730", "2011-07-31": "14.44480", "2011-04-30": "11.22780", "2011-01-31": "18.00190", "2010-10-31": "18.27080", "2010-07-31": "19.35480", "2010-04-30": "17.12870", "2010-01-31": "20.16370", "2009-10-31": "18.92880", "2009-07-31": "17.10350", "2009-04-30": "11.98560", "2009-01-31": "12.43790", "2008-10-31": "18.90960", "2008-07-31": "18.25250", "2008-04-30": "15.96330", "2008-01-31": "17.26020", "2007-10-31": "16.16760", "2007-07-31": "13.56610", "2007-04-30": "11.45020", "2007-01-31": "13.37740", "2006-10-31": "14.74410", "2006-07-31": "13.55550", "2006-04-30": "11.68530", "2006-01-31": "16.57220", "2005-10-31": "21.00370", "2005-07-31": "19.52110", "2005-04-30": "19.35720", "2005-01-31": "16.95710"}, "EBIT Margin": {"2020-10-31": "10.15960", "2020-07-31": "8.64210", "2020-04-30": "-33.77070", "2020-01-31": "3.29820", "2019-10-31": "7.62240", "2019-07-31": "8.11170", "2019-04-30": "4.62970", "2019-01-31": "10.11630", "2018-10-31": "9.89770", "2018-07-31": "11.77410", "2018-04-30": "6.29860", "2018-01-31": "8.33590", "2017-10-31": "8.16420", "2017-07-31": "8.61240", "2017-04-30": "2.76360", "2017-01-31": "9.66130", "2016-10-31": "8.15140", "2016-07-31": "13.27380", "2016-04-30": "6.62010", "2016-01-31": "11.49090", "2015-10-31": "9.73330", "2015-07-31": "11.96030", "2015-04-30": "7.17910", "2015-01-31": "12.26280", "2014-10-31": "9.38830", "2014-07-31": "12.95740", "2014-04-30": "8.71630", "2014-01-31": "14.25050", "2013-10-31": "13.62430", "2013-07-31": "15.73020", "2013-04-30": "11.25710", "2013-01-31": "15.39650", "2012-10-31": "13.49560", "2012-07-31": "14.18640", "2012-04-30": "9.30080", "2012-01-31": "8.83230", "2011-10-31": "12.02730", "2011-07-31": "14.44480", "2011-04-30": "11.22780", "2011-01-31": "18.00190", "2010-10-31": "18.27080", "2010-07-31": "19.35480", "2010-04-30": "17.12870", "2010-01-31": "20.16370", "2009-10-31": "18.92880", "2009-07-31": "17.10350", "2009-04-30": "11.98560", "2009-01-31": "12.43790", "2008-10-31": "18.90960", "2008-07-31": "18.25250", "2008-04-30": "15.96330", "2008-01-31": "17.26020", "2007-10-31": "16.16760", "2007-07-31": "13.56610", "2007-04-30": "11.45020", "2007-01-31": "13.37740", "2006-10-31": "14.74410", "2006-07-31": "13.55550", "2006-04-30": "11.68530", "2006-01-31": "16.57220", "2005-10-31": "21.00370", "2005-07-31": "19.52110", "2005-04-30": "19.35720", "2005-01-31": "16.95710"}, "EBITDA Margin": {"2020-10-31": "", "2020-07-31": "", "2020-04-30": "", "2020-01-31": "", "2019-10-31": "", "2019-07-31": "", "2019-04-30": "", "2019-01-31": "", "2018-10-31": "", "2018-07-31": "", "2018-04-30": "", "2018-01-31": "", "2017-10-31": "", "2017-07-31": "", "2017-04-30": "", "2017-01-31": "", "2016-10-31": "", "2016-07-31": "", "2016-04-30": "", "2016-01-31": "", "2015-10-31": "", "2015-07-31": "", "2015-04-30": "", "2015-01-31": "", "2014-10-31": "", "2014-07-31": "", "2014-04-30": "", "2014-01-31": "", "2013-10-31": "", "2013-07-31": "", "2013-04-30": "", "2013-01-31": "", "2012-10-31": "", "2012-07-31": "", "2012-04-30": "", "2012-01-31": "", "2011-10-31": "", "2011-07-31": "", "2011-04-30": "", "2011-01-31": "", "2010-10-31": "", "2010-07-31": "", "2010-04-30": "", "2010-01-31": "", "2009-10-31": "", "2009-07-31": "", "2009-04-30": "", "2009-01-31": "", "2008-10-31": "", "2008-07-31": "", "2008-04-30": "", "2008-01-31": "", "2007-10-31": "", "2007-07-31": "", "2007-04-30": "", "2007-01-31": "", "2006-10-31": "", "2006-07-31": "", "2006-04-30": "", "2006-01-31": "", "2005-10-31": "", "2005-07-31": "", "2005-04-30": "", "2005-01-31": ""}, "Pre-Tax Profit Margin": {"2020-10-31": "10.06780", "2020-07-31": "8.57570", "2020-04-30": "-33.74320", "2020-01-31": "3.38720", "2019-10-31": "7.68070", "2019-07-31": "8.47520", "2019-04-30": "4.93980", "2019-01-31": "10.22080", "2018-10-31": "10.02450", "2018-07-31": "11.95000", "2018-04-30": "6.30790", "2018-01-31": "8.36360", "2017-10-31": "8.06540", "2017-07-31": "8.81120", "2017-04-30": "2.80550", "2017-01-31": "9.58600", "2016-10-31": "8.25040", "2016-07-31": "13.39400", "2016-04-30": "6.41330", "2016-01-31": "11.40260", "2015-10-31": "9.74100", "2015-07-31": "11.89160", "2015-04-30": "6.89210", "2015-01-31": "12.22570", "2014-10-31": "9.30320", "2014-07-31": "12.89290", "2014-04-30": "8.66620", "2014-01-31": "14.33820", "2013-10-31": "13.60030", "2013-07-31": "15.75750", "2013-04-30": "11.23720", "2013-01-31": "15.48010", "2012-10-31": "13.51400", "2012-07-31": "14.20770", "2012-04-30": "9.35330", "2012-01-31": "8.80330", "2011-10-31": "12.35820", "2011-07-31": "14.59830", "2011-04-30": "11.48830", "2011-01-31": "18.16500", "2010-10-31": "18.42360", "2010-07-31": "19.46630", "2010-04-30": "17.21680", "2010-01-31": "20.26140", "2009-10-31": "19.28800", "2009-07-31": "17.30820", "2009-04-30": "12.52900", "2009-01-31": "13.01910", "2008-10-31": "19.21030", "2008-07-31": "18.79070", "2008-04-30": "16.78000", "2008-01-31": "18.00370", "2007-10-31": "16.73470", "2007-07-31": "14.15070", "2007-04-30": "12.02310", "2007-01-31": "13.83250", "2006-10-31": "15.18670", "2006-07-31": "14.16840", "2006-04-30": "12.20820", "2006-01-31": "17.07030", "2005-10-31": "21.35730", "2005-07-31": "20.04440", "2005-04-30": "19.68750", "2005-01-31": "17.33390"}, "Net Profit Margin": {"2020-10-31": "7.91080", "2020-07-31": "4.28250", "2020-04-30": "-23.52520", "2020-01-31": "1.67060", "2019-10-31": "5.63580", "2019-07-31": "6.26810", "2019-04-30": "3.76960", "2019-01-31": "7.65440", "2018-10-31": "7.96280", "2018-07-31": "9.35150", "2018-04-30": "4.82190", "2018-01-31": "0.12100", "2017-10-31": "5.05080", "2017-07-31": "5.71810", "2017-04-30": "1.56830", "2017-01-31": "6.24060", "2016-10-31": "5.49050", "2016-07-31": "8.63660", "2016-04-30": "3.87660", "2016-01-31": "7.19140", "2015-10-31": "6.30030", "2015-07-31": "7.70540", "2015-04-30": "4.43510", "2015-01-31": "7.94210", "2014-10-31": "5.78820", "2014-07-31": "8.32160", "2014-04-30": "5.46080", "2014-01-31": "9.78980", "2013-10-31": "9.07660", "2013-07-31": "10.06730", "2013-04-30": "7.26010", "2013-01-31": "9.63400", "2012-10-31": "8.58980", "2012-07-31": "9.06330", "2012-04-30": "5.96860", "2012-01-31": "5.37260", "2011-10-31": "8.30870", "2011-07-31": "9.30640", "2011-04-30": "7.37070", "2011-01-31": "11.25660", "2010-10-31": "12.74530", "2010-07-31": "12.97760", "2010-04-30": "11.03360", "2010-01-31": "13.19900", "2009-10-31": "12.33290", "2009-07-31": "10.68870", "2009-04-30": "8.00550", "2009-01-31": "7.98010", "2008-10-31": "12.40160", "2008-07-31": "12.54430", "2008-04-30": "10.79330", "2008-01-31": "11.52010", "2007-10-31": "11.96400", "2007-07-31": "9.14510", "2007-04-30": "9.33640", "2007-01-31": "9.90340", "2006-10-31": "11.19290", "2006-07-31": "8.98660", "2006-04-30": "7.51800", "2006-01-31": "11.17210", "2005-10-31": "12.86770", "2005-07-31": "12.07660", "2005-04-30": "11.86210", "2005-01-31": "10.76060"}, "Asset Turnover": {"2020-10-31": "0.27460", "2020-07-31": "0.23450", "2020-04-30": "0.17530", "2020-01-31": "0.35270", "2019-10-31": "0.29740", "2019-07-31": "0.30670", "2019-04-30": "0.26580", "2019-01-31": "0.52250", "2018-10-31": "0.44310", "2018-07-31": "0.45980", "2018-04-30": "0.41720", "2018-01-31": "0.55770", "2017-10-31": "0.45700", "2017-07-31": "0.45400", "2017-04-30": "0.39480", "2017-01-31": "0.54140", "2016-10-31": "0.45750", "2016-07-31": "0.47520", "2016-04-30": "0.42020", "2016-01-31": "0.55280", "2015-10-31": "0.43980", "2015-07-31": "0.45480", "2015-04-30": "0.38540", "2015-01-31": "0.53530", "2014-10-31": "0.40950", "2014-07-31": "0.42600", "2014-04-30": "0.35280", "2014-01-31": "0.40780", "2013-10-31": "0.36540", "2013-07-31": "0.38050", "2013-04-30": "0.34670", "2013-01-31": "0.47680", "2012-10-31": "0.39470", "2012-07-31": "0.42410", "2012-04-30": "0.36580", "2012-01-31": "0.49240", "2011-10-31": "0.41270", "2011-07-31": "0.35720", "2011-04-30": "0.30930", "2011-01-31": "0.37250", "2010-10-31": "0.33310", "2010-07-31": "0.31970", "2010-04-30": "0.28100", "2010-01-31": "0.35970", "2009-10-31": "0.32830", "2009-07-31": "0.31730", "2009-04-30": "0.27660", "2009-01-31": "0.38230", "2008-10-31": "0.35980", "2008-07-31": "0.35820", "2008-04-30": "0.32710", "2008-01-31": "0.40730", "2007-10-31": "0.35580", "2007-07-31": "0.35520", "2007-04-30": "0.33560", "2007-01-31": "0.40120", "2006-10-31": "0.35640", "2006-07-31": "0.34030", "2006-04-30": "0.33800", "2006-01-31": "0.41420", "2005-10-31": "0.40650", "2005-07-31": "0.39730", "2005-04-30": "0.39330", "2005-01-31": "0.45200"}, "Inventory Turnover Ratio": {"2020-10-31": "1.32180", "2020-07-31": "1.60680", "2020-04-30": "1.71800", "2020-01-31": "2.04080", "2019-10-31": "1.25360", "2019-07-31": "1.46890", "2019-04-30": "1.45790", "2019-01-31": "2.04160", "2018-10-31": "1.40780", "2018-07-31": "1.69470", "2018-04-30": "1.42120", "2018-01-31": "2.13000", "2017-10-31": "1.32240", "2017-07-31": "1.57620", "2017-04-30": "1.45040", "2017-01-31": "2.03740", "2016-10-31": "1.23970", "2016-07-31": "1.49250", "2016-04-30": "1.39130", "2016-01-31": "2.01140", "2015-10-31": "1.21630", "2015-07-31": "1.42910", "2015-04-30": "1.23770", "2015-01-31": "1.84630", "2014-10-31": "1.13670", "2014-07-31": "1.40320", "2014-04-30": "1.28290", "2014-01-31": "1.84400", "2013-10-31": "1.18450", "2013-07-31": "1.32620", "2013-04-30": "1.25780", "2013-01-31": "1.92320", "2012-10-31": "1.09270", "2012-07-31": "1.30650", "2012-04-30": "1.22250", "2012-01-31": "2.04210", "2011-10-31": "1.07200", "2011-07-31": "1.24720", "2011-04-30": "1.25120", "2011-01-31": "1.75700", "2010-10-31": "1.16710", "2010-07-31": "1.30500", "2010-04-30": "1.25760", "2010-01-31": "1.84190", "2009-10-31": "1.26130", "2009-07-31": "1.25100", "2009-04-30": "1.27180", "2009-01-31": "1.97520", "2008-10-31": "1.11990", "2008-07-31": "1.26790", "2008-04-30": "1.23170", "2008-01-31": "1.63570", "2007-10-31": "1.07850", "2007-07-31": "1.17670", "2007-04-30": "1.20100", "2007-01-31": "1.47900", "2006-10-31": "1.06020", "2006-07-31": "1.21730", "2006-04-30": "1.23100", "2006-01-31": "1.37260", "2005-10-31": "0.99010", "2005-07-31": "1.12040", "2005-04-30": "1.17830", "2005-01-31": "1.52780"}, "Receiveable Turnover": {"2020-10-31": "11.12100", "2020-07-31": "13.29010", "2020-04-30": "10.52550", "2020-01-31": "13.24730", "2019-10-31": "9.87760", "2019-07-31": "10.11580", "2019-04-30": "9.77950", "2019-01-31": "14.03100", "2018-10-31": "10.70360", "2018-07-31": "10.94870", "2018-04-30": "9.62140", "2018-01-31": "14.15140", "2017-10-31": "11.39500", "2017-07-31": "11.55740", "2017-04-30": "9.06730", "2017-01-31": "18.90030", "2016-10-31": "12.51870", "2016-07-31": "9.37410", "2016-04-30": "10.56710", "2016-01-31": "13.38310", "2015-10-31": "12.07720", "2015-07-31": "12.38980", "2015-04-30": "13.61400", "2015-01-31": "14.34960", "2014-10-31": "11.50330", "2014-07-31": "11.14160", "2014-04-30": "11.58000", "2014-01-31": "16.42210", "2013-10-31": "14.14640", "2013-07-31": "14.09710", "2013-04-30": "13.26380", "2013-01-31": "21.68150", "2012-10-31": "15.77880", "2012-07-31": "14.02410", "2012-04-30": "12.96500", "2012-01-31": "19.92330", "2011-10-31": "13.02480", "2011-07-31": "11.59020", "2011-04-30": "11.25980", "2011-01-31": "18.31110", "2010-10-31": "12.03690", "2010-07-31": "12.99990", "2010-04-30": "13.53990", "2010-01-31": "15.32330", "2009-10-31": "13.45770", "2009-07-31": "14.31460", "2009-04-30": "12.79280", "2009-01-31": "13.96200", "2008-10-31": "14.13140", "2008-07-31": "13.99210", "2008-04-30": "15.40620", "2008-01-31": "17.65260", "2007-10-31": "15.24660", "2007-07-31": "14.21310", "2007-04-30": "14.27350", "2007-01-31": "17.28700", "2006-10-31": "15.77020", "2006-07-31": "12.80590", "2006-04-30": "11.39940", "2006-01-31": "22.24160", "2005-10-31": "15.60330", "2005-07-31": "13.20090", "2005-04-30": "16.81870", "2005-01-31": "30.08410"}, "Days Sales In Receivables": {"2020-10-31": "8.09280", "2020-07-31": "6.77200", "2020-04-30": "8.55060", "2020-01-31": "6.79380", "2019-10-31": "9.11160", "2019-07-31": "8.89690", "2019-04-30": "9.20290", "2019-01-31": "6.41440", "2018-10-31": "8.40840", "2018-07-31": "8.22020", "2018-04-30": "9.35420", "2018-01-31": "6.35980", "2017-10-31": "7.89820", "2017-07-31": "7.78720", "2017-04-30": "9.92580", "2017-01-31": "4.76180", "2016-10-31": "7.18920", "2016-07-31": "9.60090", "2016-04-30": "8.51700", "2016-01-31": "6.72490", "2015-10-31": "7.45210", "2015-07-31": "7.26400", "2015-04-30": "6.61080", "2015-01-31": "6.27200", "2014-10-31": "7.82380", "2014-07-31": "8.07780", "2014-04-30": "7.77200", "2014-01-31": "5.48040", "2013-10-31": "6.36200", "2013-07-31": "6.38430", "2013-04-30": "6.78540", "2013-01-31": "4.15100", "2012-10-31": "5.70390", "2012-07-31": "6.41750", "2012-04-30": "6.94180", "2012-01-31": "4.51730", "2011-10-31": "6.90990", "2011-07-31": "7.76520", "2011-04-30": "7.99310", "2011-01-31": "4.91510", "2010-10-31": "7.47700", "2010-07-31": "6.92310", "2010-04-30": "6.64700", "2010-01-31": "5.87340", "2009-10-31": "6.68760", "2009-07-31": "6.28730", "2009-04-30": "7.03520", "2009-01-31": "6.44610", "2008-10-31": "6.36880", "2008-07-31": "6.43220", "2008-04-30": "5.84180", "2008-01-31": "5.09840", "2007-10-31": "5.90300", "2007-07-31": "6.33220", "2007-04-30": "6.30540", "2007-01-31": "5.20620", "2006-10-31": "5.70700", "2006-07-31": "7.02800", "2006-04-30": "7.89510", "2006-01-31": "4.04650", "2005-10-31": "5.76800", "2005-07-31": "6.81770", "2005-04-30": "5.35120", "2005-01-31": "2.99160"}, "ROE - Return On Equity": {"2020-10-31": "5.35900", "2020-07-31": "2.54700", "2020-04-30": "-10.66490", "2020-01-31": "1.34260", "2019-10-31": "3.89210", "2019-07-31": "4.43070", "2019-04-30": "2.25040", "2019-01-31": "5.80310", "2018-10-31": "5.30740", "2018-07-31": "6.42870", "2018-04-30": "3.06440", "2018-01-31": "0.10130", "2017-10-31": "3.50960", "2017-07-31": "3.81380", "2017-04-30": "0.89580", "2017-01-31": "4.89600", "2016-10-31": "3.79560", "2016-07-31": "6.17780", "2016-04-30": "2.51790", "2016-01-31": "6.40840", "2015-10-31": "4.43760", "2015-07-31": "5.42870", "2015-04-30": "2.36060", "2015-01-31": "6.04670", "2014-10-31": "3.42120", "2014-07-31": "5.05290", "2014-04-30": "2.70330", "2014-01-31": "5.23450", "2013-10-31": "4.40130", "2013-07-31": "5.02690", "2013-04-30": "3.30020", "2013-01-31": "6.09390", "2012-10-31": "4.68700", "2012-07-31": "5.21990", "2012-04-30": "3.05280", "2012-01-31": "3.68150", "2011-10-31": "4.90220", "2011-07-31": "4.34660", "2011-04-30": "2.94280", "2011-01-31": "5.33020", "2010-10-31": "5.53880", "2010-07-31": "5.21790", "2010-04-30": "3.89350", "2010-01-31": "5.98990", "2009-10-31": "5.13400", "2009-07-31": "4.26930", "2009-04-30": "2.82930", "2009-01-31": "3.84760", "2008-10-31": "5.80320", "2008-07-31": "5.88640", "2008-04-30": "4.68490", "2008-01-31": "6.28240", "2007-10-31": "5.70380", "2007-07-31": "4.27570", "2007-04-30": "4.12580", "2007-01-31": "5.29130", "2006-10-31": "5.43890", "2006-07-31": "4.17380", "2006-04-30": "3.46510", "2006-01-31": "6.34590", "2005-10-31": "7.19700", "2005-07-31": "6.41120", "2005-04-30": "6.24170", "2005-01-31": "6.73120"}, "Return On Tangible Equity": {"2020-10-31": "5.35900", "2020-07-31": "2.54700", "2020-04-30": "-10.66490", "2020-01-31": "1.34260", "2019-10-31": "3.89210", "2019-07-31": "4.43070", "2019-04-30": "2.25040", "2019-01-31": "5.80310", "2018-10-31": "5.30740", "2018-07-31": "6.42870", "2018-04-30": "3.06440", "2018-01-31": "0.10130", "2017-10-31": "3.50960", "2017-07-31": "3.81380", "2017-04-30": "0.89580", "2017-01-31": "4.89600", "2016-10-31": "3.79560", "2016-07-31": "6.17780", "2016-04-30": "2.51790", "2016-01-31": "6.40840", "2015-10-31": "4.43760", "2015-07-31": "5.42870", "2015-04-30": "2.36060", "2015-01-31": "6.04670", "2014-10-31": "3.42120", "2014-07-31": "5.05290", "2014-04-30": "2.70330", "2014-01-31": "5.23450", "2013-10-31": "4.40130", "2013-07-31": "5.02690", "2013-04-30": "3.30020", "2013-01-31": "6.09390", "2012-10-31": "4.68700", "2012-07-31": "5.21990", "2012-04-30": "3.05280", "2012-01-31": "3.68150", "2011-10-31": "4.90220", "2011-07-31": "4.34660", "2011-04-30": "2.94280", "2011-01-31": "5.33020", "2010-10-31": "5.53880", "2010-07-31": "5.21790", "2010-04-30": "3.89350", "2010-01-31": "5.98990", "2009-10-31": "5.13400", "2009-07-31": "4.26930", "2009-04-30": "2.82930", "2009-01-31": "3.84760", "2008-10-31": "5.80320", "2008-07-31": "5.88640", "2008-04-30": "4.68490", "2008-01-31": "6.28240", "2007-10-31": "5.70380", "2007-07-31": "4.27570", "2007-04-30": "4.12580", "2007-01-31": "5.29130", "2006-10-31": "5.43890", "2006-07-31": "4.17380", "2006-04-30": "3.46510", "2006-01-31": "6.34590", "2005-10-31": "7.19700", "2005-07-31": "6.41120", "2005-04-30": "6.24170", "2005-01-31": "6.73120"}, "ROA - Return On Assets": {"2020-10-31": "2.17250", "2020-07-31": "1.00430", "2020-04-30": "-4.12500", "2020-01-31": "0.58930", "2019-10-31": "1.67600", "2019-07-31": "1.92220", "2019-04-30": "1.00210", "2019-01-31": "3.99970", "2018-10-31": "3.52840", "2018-07-31": "4.29960", "2018-04-30": "2.01150", "2018-01-31": "0.06750", "2017-10-31": "2.30830", "2017-07-31": "2.59620", "2017-04-30": "0.61920", "2017-01-31": "3.37890", "2016-10-31": "2.51190", "2016-07-31": "4.10410", "2016-04-30": "1.62890", "2016-01-31": "3.97520", "2015-10-31": "2.77070", "2015-07-31": "3.50440", "2015-04-30": "1.70940", "2015-01-31": "4.25140", "2014-10-31": "2.37050", "2014-07-31": "3.54540", "2014-04-30": "1.92660", "2014-01-31": "3.99250", "2013-10-31": "3.31670", "2013-07-31": "3.83020", "2013-04-30": "2.51730", "2013-01-31": "4.59310", "2012-10-31": "3.39020", "2012-07-31": "3.84380", "2012-04-30": "2.18320", "2012-01-31": "2.64570", "2011-10-31": "3.42860", "2011-07-31": "3.32430", "2011-04-30": "2.27970", "2011-01-31": "4.19310", "2010-10-31": "4.24550", "2010-07-31": "4.14910", "2010-04-30": "3.10020", "2010-01-31": "4.74760", "2009-10-31": "4.04840", "2009-07-31": "3.39190", "2009-04-30": "2.21450", "2009-01-31": "3.05080", "2008-10-31": "4.46200", "2008-07-31": "4.49290", "2008-04-30": "3.53090", "2008-01-31": "4.69170", "2007-10-31": "4.25640", "2007-07-31": "3.24830", "2007-04-30": "3.13320", "2007-01-31": "3.97340", "2006-10-31": "3.98910", "2006-07-31": "3.05840", "2006-04-30": "2.54080", "2006-01-31": "4.62720", "2005-10-31": "5.23070", "2005-07-31": "4.79770", "2005-04-30": "4.66490", "2005-01-31": "4.86380"}, "ROI - Return On Investment": {"2020-10-31": "5.35900", "2020-07-31": "2.33920", "2020-04-30": "-9.11940", "2020-01-31": "1.34260", "2019-10-31": "3.89210", "2019-07-31": "4.43070", "2019-04-30": "2.25040", "2019-01-31": "5.80310", "2018-10-31": "5.30740", "2018-07-31": "6.42870", "2018-04-30": "3.06440", "2018-01-31": "0.10130", "2017-10-31": "3.50960", "2017-07-31": "3.81380", "2017-04-30": "0.89580", "2017-01-31": "4.89600", "2016-10-31": "3.79560", "2016-07-31": "5.93930", "2016-04-30": "2.36680", "2016-01-31": "5.66160", "2015-10-31": "4.04100", "2015-07-31": "4.96500", "2015-04-30": "2.36060", "2015-01-31": "6.04670", "2014-10-31": "3.42120", "2014-07-31": "5.05290", "2014-04-30": "2.70330", "2014-01-31": "5.23450", "2013-10-31": "4.40130", "2013-07-31": "5.02690", "2013-04-30": "3.30020", "2013-01-31": "6.09390", "2012-10-31": "4.68700", "2012-07-31": "5.21990", "2012-04-30": "3.05280", "2012-01-31": "3.68150", "2011-10-31": "4.90220", "2011-07-31": "4.34660", "2011-04-30": "2.94280", "2011-01-31": "5.33020", "2010-10-31": "5.53880", "2010-07-31": "5.21790", "2010-04-30": "3.89350", "2010-01-31": "5.98990", "2009-10-31": "5.13400", "2009-07-31": "4.26930", "2009-04-30": "2.82930", "2009-01-31": "3.84760", "2008-10-31": "5.80320", "2008-07-31": "5.88640", "2008-04-30": "4.68490", "2008-01-31": "6.28240", "2007-10-31": "5.70380", "2007-07-31": "4.27570", "2007-04-30": "4.12580", "2007-01-31": "5.29130", "2006-10-31": "5.43890", "2006-07-31": "4.17380", "2006-04-30": "3.46510", "2006-01-31": "6.34590", "2005-10-31": "7.19700", "2005-07-31": "6.41120", "2005-04-30": "6.24170", "2005-01-31": "6.73120"}, "Book Value Per Share": {"2020-10-31": "14.63730", "2020-07-31": "13.81260", "2020-04-30": "13.27620", "2020-01-31": "14.85420", "2019-10-31": "14.59410", "2019-07-31": "13.89680", "2019-04-30": "13.97670", "2019-01-31": "14.09570", "2018-10-31": "13.56950", "2018-07-31": "13.25070", "2018-04-30": "12.38980", "2018-01-31": "12.01770", "2017-10-31": "11.86910", "2017-07-31": "11.76130", "2017-04-30": "11.46010", "2017-01-31": "11.29690", "2016-10-31": "10.73380", "2016-07-31": "10.62870", "2016-04-30": "10.02460", "2016-01-31": "9.69330", "2015-10-31": "9.63980", "2015-07-31": "9.84010", "2015-04-30": "10.55500", "2015-01-31": "10.17580", "2014-10-31": "10.26290", "2014-07-31": "9.96630", "2014-04-30": "10.07190", "2014-01-31": "11.50070", "2013-10-31": "10.83860", "2013-07-31": "10.31160", "2013-04-30": "9.71240", "2013-01-31": "9.27700", "2012-10-31": "8.70550", "2012-07-31": "8.10520", "2012-04-30": "7.68130", "2012-01-31": "7.37220", "2011-10-31": "7.16920", "2011-07-31": "8.28010", "2011-04-30": "8.22010", "2011-01-31": "8.58540", "2010-10-31": "8.05230", "2010-07-31": "8.16950", "2010-04-30": "8.03030", "2010-01-31": "7.69330", "2009-10-31": "7.21660", "2009-07-31": "6.82650", "2009-04-30": "6.47930", "2009-01-31": "6.28320", "2008-10-31": "6.09040", "2008-07-31": "5.79150", "2008-04-30": "5.44050", "2008-01-31": "5.13790", "2007-10-31": "4.79490", "2007-07-31": "4.49470", "2007-04-30": "4.29940", "2007-01-31": "4.09290", "2006-10-31": "3.85380", "2006-07-31": "3.71420", "2006-04-30": "3.54740", "2006-01-31": "3.40280", "2005-10-31": "3.14020", "2005-07-31": "2.90500", "2005-04-30": "2.68560", "2005-01-31": "2.46930"}, "Operating Cash Flow Per Share": {"2020-10-31": 1.0031, "2020-07-31": 1.7837, "2020-04-30": "-0.60930", "2020-01-31": 1.492, "2019-10-31": 0.6159, "2019-07-31": 0.3692, "2019-04-30": "0.24580", "2019-01-31": 1.6207, "2018-10-31": 0.4691, "2018-07-31": 1.4882, "2018-04-30": "0.49310", "2018-01-31": 1.1561, "2017-10-31": 0.457, "2017-07-31": 0.9721, "2017-04-30": "0.11180", "2017-01-31": 1.5867, "2016-10-31": 0.5824, "2016-07-31": 0.7751, "2016-04-30": "0.59620", "2016-01-31": 1.4822, "2015-10-31": 0.7709, "2015-07-31": 1.0176, "2015-04-30": "0.05920", "2015-01-31": 1.3729, "2014-10-31": 0.1591, "2014-07-31": 0.6326, "2014-04-30": "0.16780", "2014-01-31": 1.427, "2013-10-31": 0.3704, "2013-07-31": 0.8649, "2013-04-30": "0.17340", "2013-01-31": 1.4035, "2012-10-31": 0.6838, "2012-07-31": 0.3216, "2012-04-30": "0.28900", "2012-01-31": 0.9688, "2011-10-31": 0.2717, "2011-07-31": 0.4483, "2011-04-30": "0.12120", "2011-01-31": 0.8312, "2010-10-31": 0.7082, "2010-07-31": 0.4204, "2010-04-30": "0.30110", "2010-01-31": 0.6767, "2009-10-31": 0.546, "2009-07-31": 0.2677, "2009-04-30": "0.40990", "2009-01-31": 0.7425, "2008-10-31": 0.1708, "2008-07-31": 0.2831, "2008-04-30": "0.27600", "2008-01-31": 0.772, "2007-10-31": 0.3169, "2007-07-31": 0.2356, "2007-04-30": "0.17490", "2007-01-31": 0.454, "2006-10-31": 0.3138, "2006-07-31": 0.1332, "2006-04-30": "0.20850", "2006-01-31": 0.4804, "2005-10-31": 0.1806, "2005-07-31": 0.1179, "2005-04-30": "0.09900", "2005-01-31": 0.8965}, "Free Cash Flow Per Share": {"2020-10-31": 0.8337, "2020-07-31": 1.4932, "2020-04-30": "-1.05370", "2020-01-31": 1.0654, "2019-10-31": 0.0502, "2019-07-31": -0.4421, "2019-04-30": "-0.11220", "2019-01-31": 1.3892, "2018-10-31": 0.1569, "2018-07-31": 1.2088, "2018-04-30": "0.26860", "2018-01-31": 0.9855, "2017-10-31": 0.2597, "2017-07-31": 0.7961, "2017-04-30": "-0.09020", "2017-01-31": 1.3161, "2016-10-31": 0.2615, "2016-07-31": 0.4059, "2016-04-30": "0.33160", "2016-01-31": 1.2933, "2015-10-31": 0.4261, "2015-07-31": 0.7199, "2015-04-30": "-0.18030", "2015-01-31": 1.0039, "2014-10-31": -0.3666, "2014-07-31": 0.1286, "2014-04-30": "-0.09640", "2014-01-31": 1.0391, "2013-10-31": -0.0418, "2013-07-31": 0.608, "2013-04-30": "-0.01670", "2013-01-31": 1.139, "2012-10-31": 0.4365, "2012-07-31": 0.0447, "2012-04-30": "-0.07380", "2012-01-31": 0.6619, "2011-10-31": -0.1555, "2011-07-31": 0.1821, "2011-04-30": "-0.09500", "2011-01-31": 0.6211, "2010-10-31": 0.4497, "2010-07-31": 0.2329, "2010-04-30": "0.11390", "2010-01-31": 0.5298, "2009-10-31": 0.3913, "2009-07-31": 0.1208, "2009-04-30": "0.22030", "2009-01-31": 0.5876, "2008-10-31": -0.019, "2008-07-31": 0.1185, "2008-04-30": "0.12650", "2008-01-31": 0.5876, "2007-10-31": 0.148, "2007-07-31": 0.0832, "2007-04-30": "0.00050", "2007-01-31": 0.1965, "2006-10-31": -0.0589, "2006-07-31": -0.1624, "2006-04-30": "-0.12290", "2006-01-31": 0.1874, "2005-10-31": -0.0316, "2005-07-31": 0.0028, "2005-04-30": "-0.01010", "2005-01-31": 0.4474}}, "revenue": {"Urban Outfitters Annual Revenue (Millions of US $)": {"2020": "$3,984", "2019": "$3,951", "2018": "$3,616", "2017": "$3,546", "2016": "$3,445", "2015": "$3,323", "2014": "$3,087", "2013": "$2,795", "2012": "$2,474", "2011": "$2,274", "2010": "$1,938", "2009": "$1,835", "2008": "$1,508", "2007": "$1,225", "2006": "$1,092", "2005": "$828"}, "Urban Outfitters Quarterly Revenue (Millions of US $)": {"2020-10-31": "$970", "2020-07-31": "$803", "2020-04-30": "$588", "2020-01-31": "$1,170", "2019-10-31": "$987", "2019-07-31": "$962", "2019-04-30": "$864", "2019-01-31": "$1,129", "2018-10-31": "$974", "2018-07-31": "$992", "2018-04-30": "$856", "2018-01-31": "$1,089", "2017-10-31": "$893", "2017-07-31": "$873", "2017-04-30": "$761", "2017-01-31": "$1,030", "2016-10-31": "$862", "2016-07-31": "$891", "2016-04-30": "$763", "2016-01-31": "$1,013", "2015-10-31": "$825", "2015-07-31": "$867", "2015-04-30": "$739", "2015-01-31": "$1,011", "2014-10-31": "$814", "2014-07-31": "$811", "2014-04-30": "$686", "2014-01-31": "$906", "2013-10-31": "$774", "2013-07-31": "$759", "2013-04-30": "$648", "2013-01-31": "$857", "2012-10-31": "$693", "2012-07-31": "$676", "2012-04-30": "$569", "2012-01-31": "$731", "2011-10-31": "$610", "2011-07-31": "$609", "2011-04-30": "$524", "2011-01-31": "$668", "2010-10-31": "$574", "2010-07-31": "$552", "2010-04-30": "$480", "2010-01-31": "$588", "2009-10-31": "$506", "2009-07-31": "$459", "2009-04-30": "$385", "2009-01-31": "$508", "2008-10-31": "$478", "2008-07-31": "$454", "2008-04-30": "$394", "2008-01-31": "$465", "2007-10-31": "$379", "2007-07-31": "$348", "2007-04-30": "$315", "2007-01-31": "$361", "2006-10-31": "$308", "2006-07-31": "$286", "2006-04-30": "$270", "2006-01-31": "$319", "2005-10-31": "$289", "2005-07-31": "$253", "2005-04-30": "$231", "2005-01-31": "$252"}}, "gross-profit": {"Urban Outfitters Annual Gross Profit (Millions of US $)": {"2020": "$1,240", "2019": "$1,347", "2018": "$1,176", "2017": "$1,245", "2016": "$1,202", "2015": "$1,175", "2014": "$1,161", "2013": "$1,032", "2012": "$861", "2011": "$937", "2010": "$786", "2009": "$713", "2008": "$577", "2007": "$452", "2006": "$449", "2005": "$339"}, "Urban Outfitters Quarterly Gross Profit (Millions of US $)": {"2020-10-31": "$323", "2020-07-31": "$238", "2020-04-30": "$12", "2020-01-31": "$334", "2019-10-31": "$321", "2019-07-31": "$316", "2019-04-30": "$269", "2019-01-31": "$373", "2018-10-31": "$338", "2018-07-31": "$356", "2018-04-30": "$281", "2018-01-31": "$341", "2017-10-31": "$298", "2017-07-31": "$297", "2017-04-30": "$240", "2017-01-31": "$340", "2016-10-31": "$300", "2016-07-31": "$343", "2016-04-30": "$262", "2016-01-31": "$349", "2015-10-31": "$288", "2015-07-31": "$318", "2015-04-30": "$246", "2015-01-31": "$350", "2014-10-31": "$284", "2014-07-31": "$303", "2014-04-30": "$239", "2014-01-31": "$332", "2013-10-31": "$292", "2013-07-31": "$298", "2013-04-30": "$239", "2013-01-31": "$314", "2012-10-31": "$261", "2012-07-31": "$255", "2012-04-30": "$202", "2012-01-31": "$220", "2011-10-31": "$216", "2011-07-31": "$231", "2011-04-30": "$193", "2011-01-31": "$265", "2010-10-31": "$236", "2010-07-31": "$235", "2010-04-30": "$201", "2010-01-31": "$246", "2009-10-31": "$210", "2009-07-31": "$187", "2009-04-30": "$143", "2009-01-31": "$173", "2008-10-31": "$195", "2008-07-31": "$187", "2008-04-30": "$159", "2008-01-31": "$184", "2007-10-31": "$150", "2007-07-31": "$130", "2007-04-30": "$113", "2007-01-31": "$132", "2006-10-31": "$118", "2006-07-31": "$105", "2006-04-30": "$97", "2006-01-31": "$126", "2005-10-31": "$120", "2005-07-31": "$105", "2005-04-30": "$98", "2005-01-31": "$100"}}, "operating-income": {"Urban Outfitters Annual Operating Income (Millions of US $)": {"2020": "$232", "2019": "$381", "2018": "$260", "2017": "$339", "2016": "$354", "2015": "$365", "2014": "$427", "2013": "$374", "2012": "$285", "2011": "$414", "2010": "$339", "2009": "$299", "2008": "$225", "2007": "$164", "2006": "$208", "2005": "$148"}, "Urban Outfitters Quarterly Operating Income (Millions of US $)": {"2020-10-31": "$99", "2020-07-31": "$69", "2020-04-30": "$-199", "2020-01-31": "$39", "2019-10-31": "$75", "2019-07-31": "$78", "2019-04-30": "$40", "2019-01-31": "$114", "2018-10-31": "$96", "2018-07-31": "$117", "2018-04-30": "$54", "2018-01-31": "$91", "2017-10-31": "$73", "2017-07-31": "$75", "2017-04-30": "$21", "2017-01-31": "$100", "2016-10-31": "$70", "2016-07-31": "$118", "2016-04-30": "$50", "2016-01-31": "$116", "2015-10-31": "$80", "2015-07-31": "$104", "2015-04-30": "$53", "2015-01-31": "$124", "2014-10-31": "$76", "2014-07-31": "$105", "2014-04-30": "$60", "2014-01-31": "$129", "2013-10-31": "$105", "2013-07-31": "$119", "2013-04-30": "$73", "2013-01-31": "$132", "2012-10-31": "$94", "2012-07-31": "$96", "2012-04-30": "$53", "2012-01-31": "$65", "2011-10-31": "$73", "2011-07-31": "$88", "2011-04-30": "$59", "2011-01-31": "$120", "2010-10-31": "$105", "2010-07-31": "$107", "2010-04-30": "$82", "2010-01-31": "$119", "2009-10-31": "$96", "2009-07-31": "$78", "2009-04-30": "$46", "2009-01-31": "$63", "2008-10-31": "$90", "2008-07-31": "$83", "2008-04-30": "$63", "2008-01-31": "$80", "2007-10-31": "$61", "2007-07-31": "$47", "2007-04-30": "$36", "2007-01-31": "$48", "2006-10-31": "$45", "2006-07-31": "$39", "2006-04-30": "$32", "2006-01-31": "$53", "2005-10-31": "$61", "2005-07-31": "$49", "2005-04-30": "$45", "2005-01-31": "$43"}}, "ebitda": {"Urban Outfitters Annual EBITDA (Millions of US $)": {"2020": "$358", "2019": "$499", "2018": "$388", "2017": "$474", "2016": "$496", "2015": "$503", "2014": "$559", "2013": "$493", "2012": "$393", "2011": "$515", "2010": "$431", "2009": "$381", "2008": "$295", "2007": "$220", "2006": "$247", "2005": "$180"}, "Urban Outfitters Quarterly EBITDA (Millions of US $)": {"2020-10-31": "$123", "2020-07-31": "$95", "2020-04-30": "$-171", "2020-01-31": "$81", "2019-10-31": "$103", "2019-07-31": "$106", "2019-04-30": "$68", "2019-01-31": "$143", "2018-10-31": "$126", "2018-07-31": "$147", "2018-04-30": "$84", "2018-01-31": "$122", "2017-10-31": "$105", "2017-07-31": "$108", "2017-04-30": "$53", "2017-01-31": "$134", "2016-10-31": "$103", "2016-07-31": "$152", "2016-04-30": "$85", "2016-01-31": "$152", "2015-10-31": "$116", "2015-07-31": "$140", "2015-04-30": "$88", "2015-01-31": "$159", "2014-10-31": "$111", "2014-07-31": "$140", "2014-04-30": "$94", "2014-01-31": "$164", "2013-10-31": "$139", "2013-07-31": "$152", "2013-04-30": "$105", "2013-01-31": "$163", "2012-10-31": "$124", "2012-07-31": "$125", "2012-04-30": "$81", "2012-01-31": "$92", "2011-10-31": "$101", "2011-07-31": "$115", "2011-04-30": "$85", "2011-01-31": "$147", "2010-10-31": "$131", "2010-07-31": "$132", "2010-04-30": "$107", "2010-01-31": "$142", "2009-10-31": "$119", "2009-07-31": "$101", "2009-04-30": "$68", "2009-01-31": "$84", "2008-10-31": "$111", "2008-07-31": "$103", "2008-04-30": "$82", "2008-01-31": "$99", "2007-10-31": "$79", "2007-07-31": "$64", "2007-04-30": "$53", "2007-01-31": "$65", "2006-10-31": "$60", "2006-07-31": "$52", "2006-04-30": "$43", "2006-01-31": "$64", "2005-10-31": "$71", "2005-07-31": "$59", "2005-04-30": "$54", "2005-01-31": "$53"}}, "net-income": {"Urban Outfitters Annual Net Income (Millions of US $)": {"2020": "$168", "2019": "$298", "2018": "$108", "2017": "$218", "2016": "$224", "2015": "$232", "2014": "$282", "2013": "$237", "2012": "$185", "2011": "$273", "2010": "$220", "2009": "$199", "2008": "$160", "2007": "$116", "2006": "$131", "2005": "$90"}, "Urban Outfitters Quarterly Net Income (Millions of US $)": {"2020-10-31": "$77", "2020-07-31": "$34", "2020-04-30": "$-138", "2020-01-31": "$20", "2019-10-31": "$56", "2019-07-31": "$60", "2019-04-30": "$33", "2019-01-31": "$86", "2018-10-31": "$78", "2018-07-31": "$93", "2018-04-30": "$41", "2018-01-31": "$1", "2017-10-31": "$45", "2017-07-31": "$50", "2017-04-30": "$12", "2017-01-31": "$64", "2016-10-31": "$47", "2016-07-31": "$77", "2016-04-30": "$30", "2016-01-31": "$73", "2015-10-31": "$52", "2015-07-31": "$67", "2015-04-30": "$33", "2015-01-31": "$80", "2014-10-31": "$47", "2014-07-31": "$68", "2014-04-30": "$37", "2014-01-31": "$89", "2013-10-31": "$70", "2013-07-31": "$76", "2013-04-30": "$47", "2013-01-31": "$83", "2012-10-31": "$60", "2012-07-31": "$61", "2012-04-30": "$34", "2012-01-31": "$39", "2011-10-31": "$51", "2011-07-31": "$57", "2011-04-30": "$39", "2011-01-31": "$75", "2010-10-31": "$73", "2010-07-31": "$72", "2010-04-30": "$53", "2010-01-31": "$78", "2009-10-31": "$62", "2009-07-31": "$49", "2009-04-30": "$31", "2009-01-31": "$41", "2008-10-31": "$59", "2008-07-31": "$57", "2008-04-30": "$43", "2008-01-31": "$54", "2007-10-31": "$45", "2007-07-31": "$32", "2007-04-30": "$29", "2007-01-31": "$36", "2006-10-31": "$35", "2006-07-31": "$26", "2006-04-30": "$20", "2006-01-31": "$36", "2005-10-31": "$37", "2005-07-31": "$31", "2005-04-30": "$27", "2005-01-31": "$27"}}, "eps-earnings-per-share-diluted": {"Urban Outfitters Annual EPS": {"2020": "$1.67", "2019": "$2.72", "2018": "$0.96", "2017": "$1.86", "2016": "$1.78", "2015": "$1.68", "2014": "$1.89", "2013": "$1.62", "2012": "$1.19", "2011": "$1.60", "2010": "$1.28", "2009": "$1.17", "2008": "$0.94", "2007": "$0.69", "2006": "$0.77", "2005": "$0.54"}, "Urban Outfitters Quarterly EPS": {"2020-10-31": "$0.78", "2020-07-31": "$0.35", "2020-04-30": "$-1.41", "2020-01-31": "$0.19", "2019-10-31": "$0.56", "2019-07-31": "$0.61", "2019-04-30": "$0.31", "2019-01-31": "$0.80", "2018-10-31": "$0.70", "2018-07-31": "$0.84", "2018-04-30": "$0.38", "2018-01-31": "$0.01", "2017-10-31": "$0.41", "2017-07-31": "$0.44", "2017-04-30": "$0.10", "2017-01-31": "$0.55", "2016-10-31": "$0.40", "2016-07-31": "$0.66", "2016-04-30": "$0.25", "2016-01-31": "$0.59", "2015-10-31": "$0.42", "2015-07-31": "$0.52", "2015-04-30": "$0.25", "2015-01-31": "$0.58", "2014-10-31": "$0.35", "2014-07-31": "$0.49", "2014-04-30": "$0.26", "2014-01-31": "$0.59", "2013-10-31": "$0.47", "2013-07-31": "$0.51", "2013-04-30": "$0.32", "2013-01-31": "$0.57", "2012-10-31": "$0.40", "2012-07-31": "$0.42", "2012-04-30": "$0.23", "2012-01-31": "$0.28", "2011-10-31": "$0.33", "2011-07-31": "$0.35", "2011-04-30": "$0.23", "2011-01-31": "$0.44", "2010-10-31": "$0.43", "2010-07-31": "$0.42", "2010-04-30": "$0.31", "2010-01-31": "$0.45", "2009-10-31": "$0.36", "2009-07-31": "$0.29", "2009-04-30": "$0.18", "2009-01-31": "$0.24", "2008-10-31": "$0.35", "2008-07-31": "$0.33", "2008-04-30": "$0.25", "2008-01-31": "$0.31", "2007-10-31": "$0.27", "2007-07-31": "$0.19", "2007-04-30": "$0.17", "2007-01-31": "$0.21", "2006-10-31": "$0.21", "2006-07-31": "$0.15", "2006-04-30": "$0.12", "2006-01-31": "$0.21", "2005-10-31": "$0.22", "2005-07-31": "$0.18", "2005-04-30": "$0.16", "2005-01-31": "$0.17"}}, "shares-outstanding": {"Urban Outfitters Annual Shares Outstanding (Millions of Shares)": {"2020": "101", "2019": "110", "2018": "112", "2017": "117", "2016": "126", "2015": "138", "2014": "149", "2013": "147", "2012": "156", "2011": "170", "2010": "171", "2009": "171", "2008": "170", "2007": "169", "2006": "170", "2005": "167"}, "Urban Outfitters Quarterly Shares Outstanding (Millions of Shares)": {"2020-10-31": "99", "2020-07-31": "98", "2020-04-30": "98", "2020-01-31": "101", "2019-10-31": "99", "2019-07-31": "100", "2019-04-30": "105", "2019-01-31": "110", "2018-10-31": "110", "2018-07-31": "110", "2018-04-30": "110", "2018-01-31": "112", "2017-10-31": "110", "2017-07-31": "114", "2017-04-30": "117", "2017-01-31": "117", "2016-10-31": "117", "2016-07-31": "117", "2016-04-30": "118", "2016-01-31": "126", "2015-10-31": "124", "2015-07-31": "129", "2015-04-30": "133", "2015-01-31": "138", "2014-10-31": "136", "2014-07-31": "138", "2014-04-30": "146", "2014-01-31": "149", "2013-10-31": "150", "2013-07-31": "149", "2013-04-30": "149", "2013-01-31": "147", "2012-10-31": "147", "2012-07-31": "146", "2012-04-30": "146", "2012-01-31": "156", "2011-10-31": "153", "2011-07-31": "161", "2011-04-30": "165", "2011-01-31": "170", "2010-10-31": "169", "2010-07-31": "172", "2010-04-30": "173", "2010-01-31": "171", "2009-10-31": "171", "2009-07-31": "171", "2009-04-30": "170", "2009-01-31": "171", "2008-10-31": "171", "2008-07-31": "172", "2008-04-30": "171", "2008-01-31": "170", "2007-10-31": "170", "2007-07-31": "170", "2007-04-30": "169", "2007-01-31": "169", "2006-10-31": "168", "2006-07-31": "169", "2006-04-30": "168", "2006-01-31": "170", "2005-10-31": "170", "2005-07-31": "170", "2005-04-30": "169", "2005-01-31": "167"}}, "total-assets": {"Urban Outfitters Annual Total Assets (Millions of US $)": {"2020": "$3,316", "2019": "$2,161", "2018": "$1,953", "2017": "$1,903", "2016": "$1,833", "2015": "$1,889", "2014": "$2,221", "2013": "$1,797", "2012": "$1,484", "2011": "$1,794", "2010": "$1,636", "2009": "$1,329", "2008": "$1,143", "2007": "$899", "2006": "$769", "2005": "$557"}, "Urban Outfitters Quarterly Total Assets (Millions of US $)": {"2020-10-31": "$3,531", "2020-07-31": "$3,425", "2020-04-30": "$3,356", "2020-01-31": "$3,316", "2019-10-31": "$3,321", "2019-07-31": "$3,138", "2019-04-30": "$3,252", "2019-01-31": "$2,161", "2018-10-31": "$2,197", "2018-07-31": "$2,159", "2018-04-30": "$2,051", "2018-01-31": "$1,953", "2017-10-31": "$1,953", "2017-07-31": "$1,923", "2017-04-30": "$1,928", "2017-01-31": "$1,903", "2016-10-31": "$1,885", "2016-07-31": "$1,874", "2016-04-30": "$1,815", "2016-01-31": "$1,833", "2015-10-31": "$1,877", "2015-07-31": "$1,907", "2015-04-30": "$1,917", "2015-01-31": "$1,889", "2014-10-31": "$1,989", "2014-07-31": "$1,904", "2014-04-30": "$1,945", "2014-01-31": "$2,221", "2013-10-31": "$2,118", "2013-07-31": "$1,994", "2013-04-30": "$1,869", "2013-01-31": "$1,797", "2012-10-31": "$1,756", "2012-07-31": "$1,595", "2012-04-30": "$1,555", "2012-01-31": "$1,484", "2011-10-31": "$1,478", "2011-07-31": "$1,705", "2011-04-30": "$1,694", "2011-01-31": "$1,794", "2010-10-31": "$1,722", "2010-07-31": "$1,727", "2010-04-30": "$1,708", "2010-01-31": "$1,636", "2009-10-31": "$1,541", "2009-07-31": "$1,445", "2009-04-30": "$1,391", "2009-01-31": "$1,329", "2008-10-31": "$1,328", "2008-07-31": "$1,268", "2008-04-30": "$1,205", "2008-01-31": "$1,143", "2007-10-31": "$1,066", "2007-07-31": "$981", "2007-04-30": "$937", "2007-01-31": "$899", "2006-10-31": "$865", "2006-07-31": "$839", "2006-04-30": "$799", "2006-01-31": "$769", "2005-10-31": "$710", "2005-07-31": "$638", "2005-04-30": "$588", "2005-01-31": "$557"}}, "cash-on-hand": {"Urban Outfitters Annual Cash on Hand (Millions of US $)": {"2020": "$433", "2019": "$637", "2018": "$447", "2017": "$359", "2016": "$326", "2015": "$259", "2014": "$524", "2013": "$474", "2012": "$235", "2011": "$457", "2010": "$502", "2009": "$366", "2008": "$185", "2007": "$159", "2006": "$192", "2005": "$156"}, "Urban Outfitters Quarterly Cash on Hand (Millions of US $)": {"2020-10-31": "$625", "2020-07-31": "$663", "2020-04-30": "$654", "2020-01-31": "$433", "2019-10-31": "$338", "2019-07-31": "$333", "2019-04-30": "$520", "2019-01-31": "$637", "2018-10-31": "$566", "2018-07-31": "$604", "2018-04-30": "$480", "2018-01-31": "$447", "2017-10-31": "$328", "2017-07-31": "$387", "2017-04-30": "$371", "2017-01-31": "$359", "2016-10-31": "$260", "2016-07-31": "$302", "2016-04-30": "$288", "2016-01-31": "$326", "2015-10-31": "$219", "2015-07-31": "$266", "2015-04-30": "$274", "2015-01-31": "$259", "2014-10-31": "$243", "2014-07-31": "$252", "2014-04-30": "$342", "2014-01-31": "$524", "2013-10-31": "$422", "2013-07-31": "$524", "2013-04-30": "$488", "2013-01-31": "$474", "2012-10-31": "$363", "2012-07-31": "$271", "2012-04-30": "$248", "2012-01-31": "$235", "2011-10-31": "$130", "2011-07-31": "$286", "2011-04-30": "$313", "2011-01-31": "$457", "2010-10-31": "$504", "2010-07-31": "$591", "2010-04-30": "$583", "2010-01-31": "$502", "2009-10-31": "$418", "2009-07-31": "$289", "2009-04-30": "$298", "2009-01-31": "$366", "2008-10-31": "$199", "2008-07-31": "$237", "2008-04-30": "$219", "2008-01-31": "$185", "2007-10-31": "$191", "2007-07-31": "$173", "2007-04-30": "$165", "2007-01-31": "$159", "2006-10-31": "$127", "2006-07-31": "$153", "2006-04-30": "$175", "2006-01-31": "$192", "2005-10-31": "$156", "2005-07-31": "$165", "2005-04-30": "$157", "2005-01-31": "$156"}}, "long-term-debt": {"Urban Outfitters Annual Long Term Debt (Millions of US $)": {"2020": "$", "2019": "$", "2018": "$", "2017": "$", "2016": "$150", "2015": "$", "2014": "$", "2013": "$", "2012": "$", "2011": "$", "2010": "$", "2009": "$", "2008": "$", "2007": "$", "2006": "$", "2005": "$"}, "Urban Outfitters Quarterly Long Term Debt (Millions of US $)": {"2020-10-31": "", "2020-07-31": "$120", "2020-04-30": "$220", "2020-01-31": "", "2019-10-31": "", "2019-07-31": "", "2019-04-30": "", "2019-01-31": "", "2018-10-31": "", "2018-07-31": "", "2018-04-30": "", "2018-01-31": "", "2017-10-31": "", "2017-07-31": "", "2017-04-30": "", "2017-01-31": "", "2016-10-31": "", "2016-07-31": "$50", "2016-04-30": "$75", "2016-01-31": "$150", "2015-10-31": "$115", "2015-07-31": "$115", "2015-04-30": "", "2015-01-31": "", "2014-10-31": "", "2014-07-31": "", "2014-04-30": "", "2014-01-31": "", "2013-10-31": "", "2013-07-31": "", "2013-04-30": "", "2013-01-31": "", "2012-10-31": "", "2012-07-31": "", "2012-04-30": "", "2012-01-31": "", "2011-10-31": "", "2011-07-31": "", "2011-04-30": "", "2011-01-31": "", "2010-10-31": "", "2010-07-31": "", "2010-04-30": "", "2010-01-31": "", "2009-10-31": "", "2009-07-31": "", "2009-04-30": "", "2009-01-31": "", "2008-10-31": "", "2008-07-31": "", "2008-04-30": "", "2008-01-31": "", "2007-10-31": "", "2007-07-31": "", "2007-04-30": "", "2007-01-31": "", "2006-10-31": "", "2006-07-31": "", "2006-04-30": "", "2006-01-31": "", "2005-10-31": "", "2005-07-31": "", "2005-04-30": "", "2005-01-31": ""}}, "total-liabilities": {"Urban Outfitters Annual Total Liabilities (Millions of US $)": {"2020": "$1,860", "2019": "$671", "2018": "$652", "2017": "$590", "2016": "$696", "2015": "$561", "2014": "$527", "2013": "$443", "2012": "$417", "2011": "$383", "2010": "$339", "2009": "$275", "2008": "$289", "2007": "$224", "2006": "$208", "2005": "$154"}, "Urban Outfitters Quarterly Total Liabilities (Millions of US $)": {"2020-10-31": "$2,099", "2020-07-31": "$2,075", "2020-04-30": "$2,058", "2020-01-31": "$1,860", "2019-10-31": "$1,891", "2019-07-31": "$1,777", "2019-04-30": "$1,804", "2019-01-31": "$671", "2018-10-31": "$736", "2018-07-31": "$715", "2018-04-30": "$705", "2018-01-31": "$652", "2017-10-31": "$669", "2017-07-31": "$614", "2017-04-30": "$595", "2017-01-31": "$590", "2016-10-31": "$638", "2016-07-31": "$629", "2016-04-30": "$641", "2016-01-31": "$696", "2015-10-31": "$705", "2015-07-31": "$676", "2015-04-30": "$529", "2015-01-31": "$561", "2014-10-31": "$611", "2014-07-31": "$568", "2014-04-30": "$559", "2014-01-31": "$527", "2013-10-31": "$522", "2013-07-31": "$475", "2013-04-30": "$444", "2013-01-31": "$443", "2012-10-31": "$486", "2012-07-31": "$420", "2012-04-30": "$443", "2012-01-31": "$417", "2011-10-31": "$444", "2011-07-31": "$401", "2011-04-30": "$382", "2011-01-31": "$383", "2010-10-31": "$402", "2010-07-31": "$354", "2010-04-30": "$348", "2010-01-31": "$339", "2009-10-31": "$326", "2009-07-31": "$297", "2009-04-30": "$302", "2009-01-31": "$275", "2008-10-31": "$307", "2008-07-31": "$300", "2008-04-30": "$297", "2008-01-31": "$289", "2007-10-31": "$271", "2007-07-31": "$236", "2007-04-30": "$225", "2007-01-31": "$224", "2006-10-31": "$231", "2006-07-31": "$224", "2006-04-30": "$213", "2006-01-31": "$208", "2005-10-31": "$194", "2005-07-31": "$161", "2005-04-30": "$149", "2005-01-31": "$154"}}, "total-share-holder-equity": {"Urban Outfitters Annual Share Holder Equity (Millions of US $)": {"2020": "$1,455", "2019": "$1,489", "2018": "$1,301", "2017": "$1,313", "2016": "$1,137", "2015": "$1,328", "2014": "$1,694", "2013": "$1,355", "2012": "$1,066", "2011": "$1,412", "2010": "$1,297", "2009": "$1,054", "2008": "$853", "2007": "$675", "2006": "$561", "2005": "$402"}, "Urban Outfitters Quarterly Share Holder Equity (Millions of US $)": {"2020-10-31": "$1,431", "2020-07-31": "$1,351", "2020-04-30": "$1,298", "2020-01-31": "$1,455", "2019-10-31": "$1,430", "2019-07-31": "$1,361", "2019-04-30": "$1,448", "2019-01-31": "$1,489", "2018-10-31": "$1,461", "2018-07-31": "$1,444", "2018-04-30": "$1,346", "2018-01-31": "$1,301", "2017-10-31": "$1,285", "2017-07-31": "$1,309", "2017-04-30": "$1,333", "2017-01-31": "$1,313", "2016-10-31": "$1,248", "2016-07-31": "$1,245", "2016-04-30": "$1,174", "2016-01-31": "$1,137", "2015-10-31": "$1,172", "2015-07-31": "$1,231", "2015-04-30": "$1,388", "2015-01-31": "$1,328", "2014-10-31": "$1,378", "2014-07-31": "$1,336", "2014-04-30": "$1,386", "2014-01-31": "$1,694", "2013-10-31": "$1,596", "2013-07-31": "$1,519", "2013-04-30": "$1,426", "2013-01-31": "$1,355", "2012-10-31": "$1,270", "2012-07-31": "$1,174", "2012-04-30": "$1,112", "2012-01-31": "$1,066", "2011-10-31": "$1,034", "2011-07-31": "$1,304", "2011-04-30": "$1,312", "2011-01-31": "$1,412", "2010-10-31": "$1,320", "2010-07-31": "$1,373", "2010-04-30": "$1,360", "2010-01-31": "$1,297", "2009-10-31": "$1,215", "2009-07-31": "$1,148", "2009-04-30": "$1,089", "2009-01-31": "$1,054", "2008-10-31": "$1,021", "2008-07-31": "$968", "2008-04-30": "$908", "2008-01-31": "$853", "2007-10-31": "$796", "2007-07-31": "$745", "2007-04-30": "$712", "2007-01-31": "$675", "2006-10-31": "$635", "2006-07-31": "$615", "2006-04-30": "$586", "2006-01-31": "$561", "2005-10-31": "$516", "2005-07-31": "$477", "2005-04-30": "$440", "2005-01-31": "$402"}}, "profit-margins": {"current": "-0.22%"}, "gross margin": {"2020-10-31": "25.69%", "2020-07-31": "25.51%", "2020-04-30": "26.52%", "2020-01-31": "31.13%", "2019-10-31": "32.45%", "2019-07-31": "32.99%", "2019-04-30": "33.75%", "2019-01-31": "34.12%", "2018-10-31": "33.65%", "2018-07-31": "33.32%", "2018-04-30": "32.79%", "2018-01-31": "32.52%", "2017-10-31": "33.03%", "2017-07-31": "33.38%", "2017-04-30": "34.51%", "2017-01-31": "35.11%", "2016-10-31": "35.53%", "2016-07-31": "35.57%", "2016-04-30": "35.09%", "2016-01-31": "34.87%", "2015-10-31": "34.92%", "2015-07-31": "34.92%", "2015-04-30": "35.05%", "2015-01-31": "35.40%", "2014-10-31": "36.00%", "2014-07-31": "36.70%", "2014-04-30": "37.15%", "2014-01-31": "37.61%", "2013-10-31": "37.62%", "2013-07-31": "37.61%", "2013-04-30": "37.20%", "2013-01-31": "36.92%", "2012-10-31": "35.14%", "2012-07-31": "34.53%", "2012-04-30": "34.50%", "2012-01-31": "34.76%", "2011-10-31": "37.54%", "2011-07-31": "38.95%", "2011-04-30": "40.08%", "2011-01-31": "41.20%", "2010-10-31": "41.84%", "2010-07-31": "41.96%", "2010-04-30": "41.52%", "2010-01-31": "40.56%", "2009-10-31": "38.37%", "2009-07-31": "38.14%", "2009-04-30": "38.25%", "2009-01-31": "38.93%", "2008-10-31": "40.48%", "2008-07-31": "40.19%", "2008-04-30": "39.28%", "2008-01-31": "38.29%", "2007-10-31": "37.42%", "2007-07-31": "37.01%", "2007-04-30": "36.85%", "2007-01-31": "36.90%", "2006-10-31": "37.70%", "2006-07-31": "38.49%", "2006-04-30": "39.61%", "2006-01-31": "41.12%", "2005-10-31": "41.27%"}, "operating margin": {"2020-10-31": "0.23%", "2020-07-31": "-0.45%", "2020-04-30": "-0.19%", "2020-01-31": "5.82%", "2019-10-31": "7.79%", "2019-07-31": "8.35%", "2019-04-30": "9.27%", "2019-01-31": "9.64%", "2018-10-31": "9.15%", "2018-07-31": "8.75%", "2018-04-30": "7.90%", "2018-01-31": "7.19%", "2017-10-31": "7.56%", "2017-07-31": "7.54%", "2017-04-30": "8.72%", "2017-01-31": "9.53%", "2016-10-31": "10.03%", "2016-07-31": "10.42%", "2016-04-30": "10.09%", "2016-01-31": "10.25%", "2015-10-31": "10.49%", "2015-07-31": "10.41%", "2015-04-30": "10.61%", "2015-01-31": "10.99%", "2014-10-31": "11.50%", "2014-07-31": "12.56%", "2014-04-30": "13.22%", "2014-01-31": "13.80%", "2013-10-31": "14.12%", "2013-07-31": "14.14%", "2013-04-30": "13.74%", "2013-01-31": "13.42%", "2012-10-31": "11.54%", "2012-07-31": "11.10%", "2012-04-30": "11.08%", "2012-01-31": "11.52%", "2011-10-31": "14.10%", "2011-07-31": "15.66%", "2011-04-30": "16.87%", "2011-01-31": "18.21%", "2010-10-31": "18.82%", "2010-07-31": "19.00%", "2010-04-30": "18.45%", "2010-01-31": "17.49%", "2009-10-31": "15.23%", "2009-07-31": "15.14%", "2009-04-30": "15.45%", "2009-01-31": "16.30%", "2008-10-31": "17.64%", "2008-07-31": "16.96%", "2008-04-30": "15.83%", "2008-01-31": "14.86%", "2007-10-31": "13.68%", "2007-07-31": "13.21%", "2007-04-30": "13.23%", "2007-01-31": "13.39%", "2006-10-31": "14.29%", "2006-07-31": "15.89%", "2006-04-30": "17.24%", "2006-01-31": "19.05%", "2005-10-31": "19.32%"}, "ebitda margin": {"2020-10-31": "3.63%", "2020-07-31": "3.04%", "2020-04-30": "3.21%", "2020-01-31": "8.99%", "2019-10-31": "10.65%", "2019-07-31": "11.28%", "2019-04-30": "12.23%", "2019-01-31": "12.66%", "2018-10-31": "12.25%", "2018-07-31": "11.96%", "2018-04-30": "11.29%", "2018-01-31": "10.73%", "2017-10-31": "11.25%", "2017-07-31": "11.29%", "2017-04-30": "12.47%", "2017-01-31": "13.37%", "2016-10-31": "13.94%", "2016-07-31": "14.46%", "2016-04-30": "14.22%", "2016-01-31": "14.40%", "2015-10-31": "14.61%", "2015-07-31": "14.51%", "2015-04-30": "14.76%", "2015-01-31": "15.17%", "2014-10-31": "15.82%", "2014-07-31": "16.90%", "2014-04-30": "17.57%", "2014-01-31": "18.14%", "2013-10-31": "18.40%", "2013-07-31": "18.40%", "2013-04-30": "17.99%", "2013-01-31": "17.64%", "2012-10-31": "15.81%", "2012-07-31": "15.43%", "2012-04-30": "15.44%", "2012-01-31": "15.89%", "2011-10-31": "18.58%", "2011-07-31": "20.13%", "2011-04-30": "21.35%", "2011-01-31": "22.74%", "2010-10-31": "23.34%", "2010-07-31": "23.52%", "2010-04-30": "23.07%", "2010-01-31": "22.19%", "2009-10-31": "20.02%", "2009-07-31": "19.89%", "2009-04-30": "20.05%", "2009-01-31": "20.72%", "2008-10-31": "22.05%", "2008-07-31": "21.45%", "2008-04-30": "20.43%", "2008-01-31": "19.58%", "2007-10-31": "18.60%", "2007-07-31": "18.17%", "2007-04-30": "18.11%", "2007-01-31": "17.96%", "2006-10-31": "18.51%", "2006-07-31": "19.76%", "2006-04-30": "20.95%", "2006-01-31": "22.71%", "2005-10-31": "23.12%"}, "pre tax profit margin": {"2020-10-31": "0.23%", "2020-07-31": "-0.39%", "2020-04-30": "-0.03%", "2020-01-31": "6.05%", "2019-10-31": "8.02%", "2019-07-31": "8.60%", "2019-04-30": "9.47%", "2019-01-31": "9.77%", "2018-10-31": "9.26%", "2018-07-31": "8.77%", "2018-04-30": "7.92%", "2018-01-31": "7.22%", "2017-10-31": "7.56%", "2017-07-31": "7.60%", "2017-04-30": "8.75%", "2017-01-31": "9.53%", "2016-10-31": "10.06%", "2016-07-31": "10.42%", "2016-04-30": "10.03%", "2016-01-31": "10.16%", "2015-10-31": "10.40%", "2015-07-31": "10.32%", "2015-04-30": "10.55%", "2015-01-31": "10.96%", "2014-10-31": "11.50%", "2014-07-31": "12.56%", "2014-04-30": "13.25%", "2014-01-31": "13.86%", "2013-10-31": "14.19%", "2013-07-31": "14.20%", "2013-04-30": "13.78%", "2013-01-31": "13.45%", "2012-10-31": "11.50%", "2012-07-31": "11.14%", "2012-04-30": "11.16%", "2012-01-31": "11.64%", "2011-10-31": "14.31%", "2011-07-31": "15.83%", "2011-04-30": "17.00%", "2011-01-31": "18.34%", "2010-10-31": "18.92%", "2010-07-31": "19.14%", "2010-04-30": "18.64%", "2010-01-31": "17.75%", "2009-10-31": "15.66%", "2009-07-31": "15.57%", "2009-04-30": "15.95%", "2009-01-31": "16.85%", "2008-10-31": "18.26%", "2008-07-31": "17.61%", "2008-04-30": "16.52%", "2008-01-31": "15.53%", "2007-10-31": "14.26%", "2007-07-31": "13.81%", "2007-04-30": "13.78%", "2007-01-31": "13.88%", "2006-10-31": "14.71%", "2006-07-31": "16.24%", "2006-04-30": "17.68%", "2006-01-31": "19.51%", "2005-10-31": "19.80%"}, "net profit margin": {"2020-10-31": "-0.20%", "2020-07-31": "-0.79%", "2020-04-30": "-0.05%", "2020-01-31": "4.24%", "2019-10-31": "5.96%", "2019-07-31": "6.54%", "2019-04-30": "7.33%", "2019-01-31": "7.54%", "2018-10-31": "5.45%", "2018-07-31": "4.70%", "2018-04-30": "3.69%", "2018-01-31": "2.99%", "2017-10-31": "4.81%", "2017-07-31": "4.91%", "2017-04-30": "5.64%", "2017-01-31": "6.15%", "2016-10-31": "6.43%", "2016-07-31": "6.64%", "2016-04-30": "6.40%", "2016-01-31": "6.53%", "2015-10-31": "6.74%", "2015-07-31": "6.62%", "2015-04-30": "6.76%", "2015-01-31": "6.98%", "2014-10-31": "7.49%", "2014-07-31": "8.31%", "2014-04-30": "8.70%", "2014-01-31": "9.14%", "2013-10-31": "9.08%", "2013-07-31": "9.00%", "2013-04-30": "8.73%", "2013-01-31": "8.52%", "2012-10-31": "7.27%", "2012-07-31": "7.15%", "2012-04-30": "7.19%", "2012-01-31": "7.52%", "2011-10-31": "9.21%", "2011-07-31": "10.27%", "2011-04-30": "11.17%", "2011-01-31": "12.01%", "2010-10-31": "12.58%", "2010-07-31": "12.46%", "2010-04-30": "11.90%", "2010-01-31": "11.35%", "2009-10-31": "9.85%", "2009-07-31": "9.84%", "2009-04-30": "10.30%", "2009-01-31": "10.91%", "2008-10-31": "11.89%", "2008-07-31": "11.76%", "2008-04-30": "10.97%", "2008-01-31": "10.62%", "2007-10-31": "10.12%", "2007-07-31": "9.91%", "2007-04-30": "9.92%", "2007-01-31": "9.55%", "2006-10-31": "9.89%", "2006-07-31": "10.22%", "2006-04-30": "10.96%", "2006-01-31": "12.00%", "2005-10-31": "11.90%"}, "pe ratio": {"current": "90.47", "2021-02-05": "0.00", "2020-10-31": "0.00", "2020-07-31": "0.00", "2020-04-30": "0.00", "2020-01-31": "15.24", "2019-10-31": "12.59", "2019-07-31": "9.84", "2019-04-30": "11.22", "2019-01-31": "11.88", "2018-10-31": "20.45", "2018-07-31": "27.07", "2018-04-30": "32.48", "2018-01-31": "35.53", "2017-10-31": "16.35", "2017-07-31": "13.15", "2017-04-30": "13.38", "2017-01-31": "14.27", "2016-10-31": "17.42", "2016-07-31": "15.41", "2016-04-30": "16.84", "2016-01-31": "12.71", "2015-10-31": "15.98", "2015-07-31": "18.97", "2015-04-30": "23.69", "2015-01-31": "20.51", "2014-10-31": "17.96", "2014-07-31": "19.74", "2014-04-30": "19.48", "2014-01-31": "18.95", "2013-10-31": "20.37", "2013-07-31": "23.78", "2013-04-30": "24.38", "2013-01-31": "26.58", "2012-10-31": "27.08", "2012-07-31": "24.44", "2012-04-30": "24.54", "2012-01-31": "22.46", "2011-10-31": "20.04", "2011-07-31": "22.29", "2011-04-30": "20.57", "2011-01-31": "21.01", "2010-10-31": "19.12", "2010-07-31": "20.88", "2010-04-30": "26.64", "2010-01-31": "24.66", "2009-10-31": "29.33", "2009-07-31": "22.68", "2009-04-30": "17.72", "2009-01-31": "13.32", "2008-10-31": "17.39", "2008-07-31": "28.21", "2008-04-30": "33.25", "2008-01-31": "30.53", "2007-10-31": "30.08", "2007-07-31": "26.05", "2007-04-30": "35.29", "2007-01-31": "35.88", "2006-10-31": "25.74"}, "price sales": {"2021-02-05": "0.81", "2020-10-31": "0.63", "2020-07-31": "0.46", "2020-04-30": "0.46", "2020-01-31": "0.65", "2019-10-31": "0.75", "2019-07-31": "0.64", "2019-04-30": "0.82", "2019-01-31": "0.90", "2018-10-31": "1.12", "2018-07-31": "1.28", "2018-04-30": "1.21", "2018-01-31": "1.07", "2017-10-31": "0.79", "2017-07-31": "0.65", "2017-04-30": "0.76", "2017-01-31": "0.88", "2016-10-31": "1.14", "2016-07-31": "1.04", "2016-04-30": "1.09", "2016-01-31": "0.85", "2015-10-31": "1.09", "2015-07-31": "1.27", "2015-04-30": "1.62", "2015-01-31": "1.46", "2014-10-31": "1.34", "2014-07-31": "1.64", "2014-04-30": "1.70", "2014-01-31": "1.73", "2013-10-31": "1.85", "2013-07-31": "2.13", "2013-04-30": "2.12", "2013-01-31": "2.24", "2012-10-31": "1.99", "2012-07-31": "1.78", "2012-04-30": "1.77", "2012-01-31": "1.70", "2011-10-31": "1.83", "2011-07-31": "2.28", "2011-04-30": "2.30", "2011-01-31": "2.54", "2010-10-31": "2.40", "2010-07-31": "2.60", "2010-04-30": "3.17", "2010-01-31": "2.79", "2009-10-31": "2.89", "2009-07-31": "2.24", "2009-04-30": "1.83", "2009-01-31": "1.45", "2008-10-31": "2.07", "2008-07-31": "3.32", "2008-04-30": "3.67", "2008-01-31": "3.26", "2007-10-31": "3.05", "2007-07-31": "2.54", "2007-04-30": "3.42", "2007-01-31": "3.36", "2006-10-31": "2.50"}, "price book": {"current": "1.98", "2021-02-05": "1.98", "2020-10-31": "1.53", "2020-07-31": "1.20", "2020-04-30": "1.31", "2020-01-31": "1.72", "2019-10-31": "1.97", "2019-07-31": "1.71", "2019-04-30": "2.13", "2019-01-31": "2.29", "2018-10-31": "2.91", "2018-07-31": "3.35", "2018-04-30": "3.25", "2018-01-31": "2.84", "2017-10-31": "2.07", "2017-07-31": "1.67", "2017-04-30": "2.00", "2017-01-31": "2.35", "2016-10-31": "3.12", "2016-07-31": "2.81", "2016-04-30": "3.02", "2016-01-31": "2.36", "2015-10-31": "2.97", "2015-07-31": "3.32", "2015-04-30": "3.79", "2015-01-31": "3.43", "2014-10-31": "2.96", "2014-07-31": "3.59", "2014-04-30": "3.54", "2014-01-31": "3.11", "2013-10-31": "3.49", "2013-07-31": "4.13", "2013-04-30": "4.27", "2013-01-31": "4.61", "2012-10-31": "4.11", "2012-07-31": "3.77", "2012-04-30": "3.77", "2012-01-31": "3.59", "2011-10-31": "3.80", "2011-07-31": "3.93", "2011-04-30": "3.83", "2011-01-31": "3.94", "2010-10-31": "3.82", "2010-07-31": "3.94", "2010-04-30": "4.68", "2010-01-31": "4.10", "2009-10-31": "4.35", "2009-07-31": "3.52", "2009-04-30": "3.01", "2009-01-31": "2.48", "2008-10-31": "3.57", "2008-07-31": "5.70", "2008-04-30": "6.30", "2008-01-31": "5.64", "2007-10-31": "5.27", "2007-07-31": "4.46", "2007-04-30": "5.99", "2007-01-31": "5.96", "2006-10-31": "4.54", "2006-07-31": "3.94", "2006-04-30": "6.54", "2006-01-31": "8.03"}, "price fcf": {"2021-02-05": "", "2020-10-31": "$2.34", "2020-07-31": "$1.56", "2020-04-30": "$-0.38", "2020-01-31": "$0.56", "2019-10-31": "$0.89", "2019-07-31": "$0.99", "2019-04-30": "$2.64", "2019-01-31": "$3.02", "2018-10-31": "$2.62", "2018-07-31": "$2.72", "2018-04-30": "$2.31", "2018-01-31": "$1.95", "2017-10-31": "$2.28", "2017-07-31": "$2.28", "2017-04-30": "$1.89", "2017-01-31": "$2.32", "2016-10-31": "$2.29", "2016-07-31": "$2.46", "2016-04-30": "$2.77", "2016-01-31": "$2.26", "2015-10-31": "$1.97", "2015-07-31": "$1.18", "2015-04-30": "$0.59", "2015-01-31": "$0.67", "2014-10-31": "$0.70", "2014-07-31": "$1.03", "2014-04-30": "$1.51", "2014-01-31": "$1.59", "2013-10-31": "$1.69", "2013-07-31": "$2.17", "2013-04-30": "$1.60", "2013-01-31": "$1.55", "2012-10-31": "$1.07", "2012-07-31": "$0.48", "2012-04-30": "$0.61", "2012-01-31": "$0.59", "2011-10-31": "$0.55", "2011-07-31": "$1.16", "2011-04-30": "$1.21", "2011-01-31": "$1.42", "2010-10-31": "$1.33", "2010-07-31": "$1.27", "2010-04-30": "$1.16", "2010-01-31": "$1.26", "2009-10-31": "$1.32", "2009-07-31": "$0.91", "2009-04-30": "$0.91", "2009-01-31": "$0.81", "2008-10-31": "$0.81", "2008-07-31": "$0.98", "2008-04-30": "$0.95", "2008-01-31": "$0.82", "2007-10-31": "$0.43", "2007-07-31": "$0.22", "2007-04-30": "$-0.02", "2007-01-31": "$-0.15", "2006-10-31": "$-0.20"}, "net worth": {"value": "$2.83B"}, "current ratio": {"2020-10-31": "1.45", "2020-07-31": "1.65", "2020-04-30": "1.77", "2020-01-31": "1.65", "2019-10-31": "1.57", "2019-07-31": "1.60", "2019-04-30": "1.76", "2019-01-31": "3.11", "2018-10-31": "2.75", "2018-07-31": "2.80", "2018-04-30": "2.64", "2018-01-31": "2.72", "2017-10-31": "2.29", "2017-07-31": "2.53", "2017-04-30": "2.62", "2017-01-31": "2.50", "2016-10-31": "2.20", "2016-07-31": "2.41", "2016-04-30": "2.37", "2016-01-31": "2.53", "2015-10-31": "2.24", "2015-07-31": "2.38", "2015-04-30": "2.64", "2015-01-31": "2.29", "2014-10-31": "2.20", "2014-07-31": "2.15", "2014-04-30": "2.36", "2014-01-31": "3.00", "2013-10-31": "3.00", "2013-07-31": "3.55", "2013-04-30": "3.82", "2013-01-31": "3.49", "2012-10-31": "2.94", "2012-07-31": "3.04", "2012-04-30": "2.65", "2012-01-31": "2.56", "2011-10-31": "2.30", "2011-07-31": "3.06", "2011-04-30": "3.31", "2011-01-31": "3.81", "2010-10-31": "3.78", "2010-07-31": "4.85", "2010-04-30": "4.67", "2010-01-31": "4.28", "2009-10-31": "4.05", "2009-07-31": "3.65", "2009-04-30": "3.32", "2009-01-31": "4.42", "2008-10-31": "3.12", "2008-07-31": "3.07", "2008-04-30": "2.78", "2008-01-31": "2.59", "2007-10-31": "2.91", "2007-07-31": "3.10", "2007-04-30": "2.90", "2007-01-31": "2.71", "2006-10-31": "2.39", "2006-07-31": "2.50", "2006-04-30": "2.79", "2006-01-31": "2.89", "2005-10-31": "2.92", "2005-07-31": "3.40", "2005-04-30": "3.36", "2005-01-31": "2.93"}, "quick ratio": {"2020-10-31": "0.93", "2020-07-31": "1.19", "2020-04-30": "1.27", "2020-01-31": "1.01", "2019-10-31": "0.82", "2019-07-31": "0.90", "2019-04-30": "1.13", "2019-01-31": "2.15", "2018-10-31": "1.75", "2018-07-31": "1.92", "2018-04-30": "1.67", "2018-01-31": "1.74", "2017-10-31": "1.22", "2017-07-31": "1.55", "2017-04-30": "1.60", "2017-01-31": "1.54", "2016-10-31": "1.08", "2016-07-31": "1.38", "2016-04-30": "1.31", "2016-01-31": "1.53", "2015-10-31": "1.07", "2015-07-31": "1.29", "2015-04-30": "1.39", "2015-01-31": "1.28", "2014-10-31": "1.05", "2014-07-31": "1.17", "2014-04-30": "1.39", "2014-01-31": "2.06", "2013-10-31": "1.75", "2013-07-31": "2.31", "2013-04-30": "2.52", "2013-01-31": "2.36", "2012-10-31": "1.60", "2012-07-31": "1.65", "2012-04-30": "1.47", "2012-01-31": "1.49", "2011-10-31": "0.91", "2011-07-31": "1.73", "2011-04-30": "2.06", "2011-01-31": "2.72", "2010-10-31": "2.56", "2010-07-31": "3.63", "2010-04-30": "3.54", "2010-01-31": "3.29", "2009-10-31": "2.76", "2009-07-31": "2.29", "2009-04-30": "2.20", "2009-01-31": "3.22", "2008-10-31": "1.69", "2008-07-31": "1.85", "2008-04-30": "1.68", "2008-01-31": "1.56", "2007-10-31": "1.59", "2007-07-31": "1.70", "2007-04-30": "1.65", "2007-01-31": "1.57", "2006-10-31": "1.20", "2006-07-31": "1.47", "2006-04-30": "1.75", "2006-01-31": "1.83", "2005-10-31": "1.58", "2005-07-31": "2.10", "2005-04-30": "2.11", "2005-01-31": "1.92"}, "debt equity ratio": {"current": "0.00", "2020-10-31": "1.47", "2020-07-31": "1.54", "2020-04-30": "1.59", "2020-01-31": "1.28", "2019-10-31": "1.32", "2019-07-31": "1.31", "2019-04-30": "1.25", "2019-01-31": "0.45", "2018-10-31": "0.50", "2018-07-31": "0.50", "2018-04-30": "0.52", "2018-01-31": "0.50", "2017-10-31": "0.52", "2017-07-31": "0.47", "2017-04-30": "0.45", "2017-01-31": "0.45", "2016-10-31": "0.51", "2016-07-31": "0.51", "2016-04-30": "0.55", "2016-01-31": "0.61", "2015-10-31": "0.60", "2015-07-31": "0.55", "2015-04-30": "0.38", "2015-01-31": "0.42", "2014-10-31": "0.44", "2014-07-31": "0.43", "2014-04-30": "0.40", "2014-01-31": "0.31", "2013-10-31": "0.33", "2013-07-31": "0.31", "2013-04-30": "0.31", "2013-01-31": "0.33", "2012-10-31": "0.38", "2012-07-31": "0.36", "2012-04-30": "0.40", "2012-01-31": "0.39", "2011-10-31": "0.43", "2011-07-31": "0.31", "2011-04-30": "0.29", "2011-01-31": "0.27", "2010-10-31": "0.31", "2010-07-31": "0.26", "2010-04-30": "0.26", "2010-01-31": "0.26", "2009-10-31": "0.27", "2009-07-31": "0.26", "2009-04-30": "0.28", "2009-01-31": "0.26", "2008-10-31": "0.30", "2008-07-31": "0.31", "2008-04-30": "0.33", "2008-01-31": "0.34", "2007-10-31": "0.34", "2007-07-31": "0.32", "2007-04-30": "0.32", "2007-01-31": "0.33", "2006-10-31": "0.36", "2006-07-31": "0.37", "2006-04-30": "0.36", "2006-01-31": "0.37", "2005-10-31": "0.38", "2005-07-31": "0.34", "2005-04-30": "0.34", "2005-01-31": "0.38"}, "return on equity": {"2020-10-31": "-0.51%", "2020-07-31": "-2.02%", "2020-04-30": "-0.14%", "2020-01-31": "11.87%", "2019-10-31": "16.41%", "2019-07-31": "17.85%", "2019-04-30": "19.86%", "2019-01-31": "20.77%", "2018-10-31": "15.35%", "2018-07-31": "13.39%", "2018-04-30": "10.46%", "2018-01-31": "8.26%", "2017-10-31": "13.05%", "2017-07-31": "13.30%", "2017-04-30": "15.57%", "2017-01-31": "17.51%", "2016-10-31": "18.90%", "2016-07-31": "19.63%", "2016-04-30": "18.84%", "2016-01-31": "18.26%", "2015-10-31": "18.13%", "2015-07-31": "17.05%", "2015-04-30": "16.80%", "2015-01-31": "17.10%", "2014-10-31": "16.64%", "2014-07-31": "17.56%", "2014-04-30": "17.56%", "2014-01-31": "18.09%", "2013-10-31": "18.72%", "2013-07-31": "19.10%", "2013-04-30": "19.22%", "2013-01-31": "19.39%", "2012-10-31": "16.79%", "2012-07-31": "16.87%", "2012-04-30": "16.03%", "2012-01-31": "15.78%", "2011-10-31": "17.54%", "2011-07-31": "18.25%", "2011-04-30": "19.12%", "2011-01-31": "19.98%", "2010-10-31": "20.64%", "2010-07-31": "20.21%", "2010-04-30": "19.28%", "2010-01-31": "18.53%", "2009-10-31": "16.25%", "2009-07-31": "16.70%", "2009-04-30": "18.20%", "2009-01-31": "20.25%", "2008-10-31": "22.72%", "2008-07-31": "22.58%", "2008-04-30": "21.08%", "2008-01-31": "20.61%", "2007-10-31": "19.40%", "2007-07-31": "19.08%", "2007-04-30": "19.11%", "2007-01-31": "18.64%", "2006-10-31": "19.52%", "2006-07-31": "20.90%", "2006-04-30": "23.18%", "2006-01-31": "26.28%", "2005-10-31": "26.59%"}, "return on assets": {"2020-10-31": "-0.21%", "2020-07-31": "-0.83%", "2020-04-30": "-0.06%", "2020-01-31": "5.19%", "2019-10-31": "7.92%", "2019-07-31": "9.56%", "2019-04-30": "11.87%", "2019-01-31": "13.91%", "2018-10-31": "10.19%", "2018-07-31": "8.87%", "2018-04-30": "6.95%", "2018-01-31": "5.57%", "2017-10-31": "8.88%", "2017-07-31": "9.06%", "2017-04-30": "10.54%", "2017-01-31": "11.66%", "2016-10-31": "12.26%", "2016-07-31": "12.54%", "2016-04-30": "11.95%", "2016-01-31": "11.95%", "2015-10-31": "12.23%", "2015-07-31": "11.79%", "2015-04-30": "11.85%", "2015-01-31": "12.01%", "2014-10-31": "11.96%", "2014-07-31": "12.90%", "2014-04-30": "13.14%", "2014-01-31": "13.75%", "2013-10-31": "14.19%", "2013-07-31": "14.35%", "2013-04-30": "14.31%", "2013-01-31": "14.20%", "2012-10-31": "12.14%", "2012-07-31": "12.11%", "2012-04-30": "11.64%", "2012-01-31": "11.70%", "2011-10-31": "13.31%", "2011-07-31": "14.11%", "2011-04-30": "14.93%", "2011-01-31": "15.71%", "2010-10-31": "16.25%", "2010-07-31": "16.03%", "2010-04-30": "15.29%", "2010-01-31": "14.63%", "2009-10-31": "12.83%", "2009-07-31": "13.11%", "2009-04-30": "14.15%", "2009-01-31": "15.59%", "2008-10-31": "17.23%", "2008-07-31": "17.00%", "2008-04-30": "15.84%", "2008-01-31": "15.51%", "2007-10-31": "14.63%", "2007-07-31": "14.34%", "2007-04-30": "14.24%", "2007-01-31": "13.76%", "2006-10-31": "14.30%", "2006-07-31": "15.27%", "2006-04-30": "17.01%", "2006-01-31": "19.37%", "2005-10-31": "19.57%"}, "return on investments": {"2020-10-31": "1.07%", "2020-07-31": "-2.14%", "2020-04-30": "-1.84%", "2020-01-31": "inf%", "2019-10-31": "inf%", "2019-07-31": "inf%", "2019-04-30": "inf%", "2019-01-31": "inf%", "2018-10-31": "inf%", "2018-07-31": "inf%", "2018-04-30": "inf%", "2018-01-31": "inf%", "2017-10-31": "inf%", "2017-07-31": "inf%", "2017-04-30": "95.44%", "2017-01-31": "53.14%", "2016-10-31": "36.96%", "2016-07-31": "28.45%", "2016-04-30": "27.08%", "2016-01-31": "36.02%", "2015-10-31": "54.84%", "2015-07-31": "106.09%", "2015-04-30": "inf%", "2015-01-31": "inf%", "2014-10-31": "inf%", "2014-07-31": "inf%", "2014-04-30": "inf%", "2014-01-31": "inf%", "2013-10-31": "inf%", "2013-07-31": "inf%", "2013-04-30": "inf%", "2013-01-31": "inf%", "2012-10-31": "inf%", "2012-07-31": "inf%", "2012-04-30": "inf%", "2012-01-31": "inf%", "2011-10-31": "inf%", "2011-07-31": "inf%", "2011-04-30": "inf%", "2011-01-31": "inf%", "2010-10-31": "inf%", "2010-07-31": "inf%", "2010-04-30": "inf%", "2010-01-31": "inf%", "2009-10-31": "inf%", "2009-07-31": "inf%", "2009-04-30": "inf%", "2009-01-31": "inf%", "2008-10-31": "inf%", "2008-07-31": "inf%", "2008-04-30": "inf%", "2008-01-31": "inf%", "2007-10-31": "inf%", "2007-07-31": "inf%", "2007-04-30": "inf%", "2007-01-31": "inf%", "2006-10-31": "inf%", "2006-07-31": "inf%", "2006-04-30": "inf%", "2006-01-31": "inf%", "2005-10-31": "inf%"}, "return on tangible equity": {"2020-10-31": "-0.51%", "2020-07-31": "-2.02%", "2020-04-30": "-0.14%", "2020-01-31": "11.87%", "2019-10-31": "16.41%", "2019-07-31": "17.85%", "2019-04-30": "19.86%", "2019-01-31": "20.77%", "2018-10-31": "15.35%", "2018-07-31": "13.39%", "2018-04-30": "10.46%", "2018-01-31": "8.26%", "2017-10-31": "13.05%", "2017-07-31": "13.30%", "2017-04-30": "15.57%", "2017-01-31": "17.51%", "2016-10-31": "18.90%", "2016-07-31": "19.63%", "2016-04-30": "18.84%", "2016-01-31": "18.26%", "2015-10-31": "18.13%", "2015-07-31": "17.05%", "2015-04-30": "16.80%", "2015-01-31": "17.10%", "2014-10-31": "16.64%", "2014-07-31": "17.56%", "2014-04-30": "17.56%", "2014-01-31": "18.09%", "2013-10-31": "18.72%", "2013-07-31": "19.10%", "2013-04-30": "19.22%", "2013-01-31": "19.39%", "2012-10-31": "16.79%", "2012-07-31": "16.87%", "2012-04-30": "16.03%", "2012-01-31": "15.78%", "2011-10-31": "17.54%", "2011-07-31": "18.25%", "2011-04-30": "19.12%", "2011-01-31": "19.98%", "2010-10-31": "20.64%", "2010-07-31": "20.21%", "2010-04-30": "19.28%", "2010-01-31": "18.53%", "2009-10-31": "16.25%", "2009-07-31": "16.70%", "2009-04-30": "18.20%", "2009-01-31": "20.25%", "2008-10-31": "22.72%", "2008-07-31": "22.58%", "2008-04-30": "21.08%", "2008-01-31": "20.61%", "2007-10-31": "19.40%", "2007-07-31": "19.08%", "2007-04-30": "19.11%", "2007-01-31": "18.64%", "2006-10-31": "19.52%", "2006-07-31": "20.90%", "2006-04-30": "23.18%", "2006-01-31": "26.28%", "2005-10-31": "26.59%"}, "dividend yield history": {"last payout": "$0.00", "last yield": "0.00%"}}