{"ticker": "USB", "price": {"title": "U.S Bancorp Historical Annual Stock Price Data", "value": 46.35, "historical": {"2021": {"Average Stock Price": "46.5350", "Year Open": "46.1200", "Year High": "49.9900", "Year Low": "42.7500", "Year Close": "46.3500", "Annual % Change": "-0.52%"}, "2020": {"Average Stock Price": "40.6475", "Year Open": "59.2000", "Year High": "59.2000", "Year Low": "28.9300", "Year Close": "46.5900", "Annual % Change": "-21.42%"}, "2019": {"Average Stock Price": "53.4293", "Year Open": "46.3500", "Year High": "60.6800", "Year Low": "45.7000", "Year Close": "59.2900", "Annual % Change": "29.74%"}, "2018": {"Average Stock Price": "52.4494", "Year Open": "54.0300", "Year High": "58.1100", "Year Low": "43.7600", "Year Close": "45.7000", "Annual % Change": "-14.71%"}, "2017": {"Average Stock Price": "52.7364", "Year Open": "51.4600", "Year High": "56.4100", "Year Low": "49.6900", "Year Close": "53.5800", "Annual % Change": "4.30%"}, "2016": {"Average Stock Price": "42.9081", "Year Open": "41.4800", "Year High": "52.5400", "Year Low": "37.4500", "Year Close": "51.3700", "Annual % Change": "20.39%"}, "2015": {"Average Stock Price": "43.3852", "Year Open": "44.8300", "Year High": "46.0200", "Year Low": "39.7600", "Year Close": "42.6700", "Annual % Change": "-5.07%"}, "2014": {"Average Stock Price": "42.0412", "Year Open": "39.8900", "Year High": "45.9100", "Year Low": "38.7800", "Year Close": "44.9500", "Annual % Change": "11.26%"}, "2013": {"Average Stock Price": "35.8617", "Year Open": "32.9700", "Year High": "40.6000", "Year Low": "32.2700", "Year Close": "40.4000", "Annual % Change": "26.49%"}, "2012": {"Average Stock Price": "31.6931", "Year Open": "27.5800", "Year High": "35.1900", "Year Low": "27.5700", "Year Close": "31.9400", "Annual % Change": "18.08%"}, "2011": {"Average Stock Price": "25.3628", "Year Open": "26.9400", "Year High": "28.7000", "Year Low": "20.3100", "Year Close": "27.0500", "Annual % Change": "0.30%"}, "2010": {"Average Stock Price": "24.3032", "Year Open": "22.8800", "Year High": "28.2600", "Year Low": "20.7100", "Year Close": "26.9700", "Annual % Change": "19.81%"}, "2009": {"Average Stock Price": "19.3550", "Year Open": "25.2500", "Year High": "25.3500", "Year Low": "8.8200", "Year Close": "22.5100", "Annual % Change": "-10.00%"}, "2008": {"Average Stock Price": "30.8522", "Year Open": "31.1800", "Year High": "37.9900", "Year Low": "22.1200", "Year Close": "25.0100", "Annual % Change": "-21.20%"}, "2007": {"Average Stock Price": "33.5340", "Year Open": "36.1700", "Year High": "36.6800", "Year Low": "29.2600", "Year Close": "31.7400", "Annual % Change": "-12.30%"}, "2006": {"Average Stock Price": "31.9363", "Year Open": "30.2800", "Year High": "36.6900", "Year Low": "29.0300", "Year Close": "36.1900", "Annual % Change": "21.08%"}, "2005": {"Average Stock Price": "29.4704", "Year Open": "31.0500", "Year High": "31.0600", "Year Low": "27.1600", "Year Close": "29.8900", "Annual % Change": "-4.57%"}, "2004": {"Average Stock Price": "28.3507", "Year Open": "29.1500", "Year High": "31.5300", "Year Low": "25.1300", "Year Close": "31.3200", "Annual % Change": "5.17%"}, "2003": {"Average Stock Price": "23.8215", "Year Open": "21.4300", "Year High": "29.7800", "Year Low": "18.9800", "Year Close": "29.7800", "Annual % Change": "40.34%"}, "2002": {"Average Stock Price": "21.4081", "Year Open": "20.5500", "Year High": "24.4500", "Year Low": "16.2500", "Year Close": "21.2200", "Annual % Change": "1.39%"}, "2001": {"Average Stock Price": "21.8121", "Year Open": "22.8775", "Year High": "25.2490", "Year Low": "16.8100", "Year Close": "20.9300", "Annual % Change": "-9.30%"}, "2000": {"Average Stock Price": "17.4177", "Year Open": "17.5889", "Year High": "24.0632", "Year Low": "13.5336", "Year Close": "23.0751", "Annual % Change": "22.60%"}, "1999": {"Average Stock Price": "25.8132", "Year Open": "27.7154", "Year High": "29.8419", "Year Low": "17.2885", "Year Close": "18.8221", "Annual % Change": "-32.93%"}, "1998": {"Average Stock Price": "31.2278", "Year Open": "29.6785", "Year High": "37.2016", "Year Low": "24.5059", "Year Close": "28.0632", "Annual % Change": "-4.86%"}, "1997": {"Average Stock Price": "23.2058", "Year Open": "17.9499", "Year High": "30.3373", "Year Low": "17.9499", "Year Close": "29.4967", "Annual % Change": "64.01%"}, "1996": {"Average Stock Price": "16.1389", "Year Open": "13.3729", "Year High": "19.2358", "Year Low": "12.1871", "Year Close": "17.9842", "Annual % Change": "37.52%"}, "1995": {"Average Stock Price": "11.4388", "Year Open": "8.8590", "Year High": "13.9974", "Year Low": "8.5982", "Year Close": "13.0777", "Annual % Change": "49.49%"}, "1994": {"Average Stock Price": "9.1700", "Year Open": "8.1344", "Year High": "10.2767", "Year Low": "7.7734", "Year Close": "8.7484", "Annual % Change": "7.97%"}, "1993": {"Average Stock Price": "7.9783", "Year Open": "7.2780", "Year High": "8.8933", "Year Low": "6.9170", "Year Close": "8.1028", "Annual % Change": "9.31%"}, "1992": {"Average Stock Price": "6.8492", "Year Open": "6.4875", "Year High": "7.4440", "Year Low": "6.1924", "Year Close": "7.4124", "Annual % Change": "17.21%"}, "1991": {"Average Stock Price": "5.1770", "Year Open": "3.4914", "Year High": "6.5217", "Year Low": "3.3913", "Year Close": "6.3241", "Annual % Change": "84.61%"}, "1990": {"Average Stock Price": "3.5516", "Year Open": "4.4453", "Year High": "4.4453", "Year Low": "2.5692", "Year Close": "3.4256", "Annual % Change": "-22.39%"}, "1989": {"Average Stock Price": "5.6695", "Year Open": "5.4677", "Year High": "7.0487", "Year Low": "4.1186", "Year Close": "4.4137", "Annual % Change": "-20.69%"}, "1988": {"Average Stock Price": "5.6846", "Year Open": "5.5652", "Year High": "6.4559", "Year Low": "5.1726", "Year Close": "5.5652", "Annual % Change": "1.15%"}}}, "market cap": {"value": "$69.82B"}, "income statement": {"Revenue": {"2020-12-31": "25241.00000", "2019-12-31": "27325.00000", "2018-12-31": "25775.00000", "2017-12-31": "23663.00000", "2016-12-31": "22424.00000", "2015-12-31": "21494.00000", "2014-12-31": "21392.00000", "2013-12-31": "21059.00000", "2012-12-31": "22202.00000", "2011-12-31": "21399.00000", "2010-12-31": "20518.00000", "2009-12-31": "19490.00000", "2008-12-31": "19229.00000", "2007-12-31": "20432.00000", "2006-12-31": "19215.00000", "2005-12-31": "16596.00000"}, "Cost Of Goods Sold": {"2020-12-31": "2015.00000", "2019-12-31": "4442.00000", "2018-12-31": "3254.00000", "2017-12-31": "1966.00000", "2016-12-31": "1468.00000", "2015-12-31": "1401.00000", "2014-12-31": "1453.00000", "2013-12-31": "1681.00000", "2012-12-31": "2138.00000", "2011-12-31": "2516.00000", "2010-12-31": "2579.00000", "2009-12-31": "3020.00000", "2008-12-31": "4686.00000", "2007-12-31": "6447.00000", "2006-12-31": "5522.00000", "2005-12-31": "3496.00000"}, "Gross Profit": {"2020-12-31": "23226.00000", "2019-12-31": "22883.00000", "2018-12-31": "22521.00000", "2017-12-31": "21697.00000", "2016-12-31": "20956.00000", "2015-12-31": "20093.00000", "2014-12-31": "19939.00000", "2013-12-31": "19378.00000", "2012-12-31": "20064.00000", "2011-12-31": "18883.00000", "2010-12-31": "17939.00000", "2009-12-31": "16470.00000", "2008-12-31": "14543.00000", "2007-12-31": "13985.00000", "2006-12-31": "13693.00000", "2005-12-31": "13100.00000"}, "Research And Development Expenses": {"2020-12-31": "", "2019-12-31": "", "2018-12-31": "", "2017-12-31": "", "2016-12-31": "", "2015-12-31": "", "2014-12-31": "", "2013-12-31": "", "2012-12-31": "", "2011-12-31": "", "2010-12-31": "", "2009-12-31": "", "2008-12-31": "", "2007-12-31": "", "2006-12-31": "", "2005-12-31": ""}, "SG&A Expenses": {"2020-12-31": "16999.00000", "2019-12-31": "14121.00000", "2018-12-31": "13682.00000", "2017-12-31": "14005.00000", "2016-12-31": "12672.00000", "2015-12-31": "11889.00000", "2014-12-31": "11745.00000", "2013-12-31": "11391.00000", "2012-12-31": "12064.00000", "2011-12-31": "11955.00000", "2010-12-31": "13372.00000", "2009-12-31": "13451.00000", "2008-12-31": "10089.00000", "2007-12-31": "7323.00000", "2006-12-31": "6242.00000", "2005-12-31": "6071.00000"}, "Other Operating Income Or Expenses": {"2020-12-31": "", "2019-12-31": "", "2018-12-31": "", "2017-12-31": "", "2016-12-31": "", "2015-12-31": "", "2014-12-31": "", "2013-12-31": "", "2012-12-31": "", "2011-12-31": "", "2010-12-31": "", "2009-12-31": "", "2008-12-31": "", "2007-12-31": "", "2006-12-31": "", "2005-12-31": ""}, "Operating Expenses": {"2020-12-31": "19190.00000", "2019-12-31": "18731.00000", "2018-12-31": "17097.00000", "2017-12-31": "16146.00000", "2016-12-31": "14319.00000", "2015-12-31": "13464.00000", "2014-12-31": "13397.00000", "2013-12-31": "13295.00000", "2012-12-31": "14476.00000", "2011-12-31": "14770.00000", "2010-12-31": "16318.00000", "2009-12-31": "16858.00000", "2008-12-31": "15130.00000", "2007-12-31": "14146.00000", "2006-12-31": "12119.00000", "2005-12-31": "10025.00000"}, "Operating Income": {"2020-12-31": "6051.00000", "2019-12-31": "8594.00000", "2018-12-31": "8678.00000", "2017-12-31": "7517.00000", "2016-12-31": "8105.00000", "2015-12-31": "8030.00000", "2014-12-31": "7995.00000", "2013-12-31": "7764.00000", "2012-12-31": "7726.00000", "2011-12-31": "6629.00000", "2010-12-31": "4200.00000", "2009-12-31": "2632.00000", "2008-12-31": "4099.00000", "2007-12-31": "6286.00000", "2006-12-31": "7096.00000", "2005-12-31": "6571.00000"}, "Total Non-Operating Income/Expense": {"2020-12-31": "", "2019-12-31": "", "2018-12-31": "", "2017-12-31": "", "2016-12-31": "", "2015-12-31": "", "2014-12-31": "", "2013-12-31": "", "2012-12-31": "", "2011-12-31": "", "2010-12-31": "", "2009-12-31": "", "2008-12-31": "", "2007-12-31": "", "2006-12-31": "-233.00000", "2005-12-31": ""}, "Pre-Tax Income": {"2020-12-31": "6051.00000", "2019-12-31": "8594.00000", "2018-12-31": "8678.00000", "2017-12-31": "7517.00000", "2016-12-31": "8105.00000", "2015-12-31": "8030.00000", "2014-12-31": "7995.00000", "2013-12-31": "7764.00000", "2012-12-31": "7726.00000", "2011-12-31": "6629.00000", "2010-12-31": "4200.00000", "2009-12-31": "2632.00000", "2008-12-31": "4099.00000", "2007-12-31": "6286.00000", "2006-12-31": "6863.00000", "2005-12-31": "6571.00000"}, "Income Taxes": {"2020-12-31": "1066.00000", "2019-12-31": "1648.00000", "2018-12-31": "1554.00000", "2017-12-31": "1264.00000", "2016-12-31": "2161.00000", "2015-12-31": "2097.00000", "2014-12-31": "2087.00000", "2013-12-31": "2032.00000", "2012-12-31": "2236.00000", "2011-12-31": "1841.00000", "2010-12-31": "935.00000", "2009-12-31": "395.00000", "2008-12-31": "1087.00000", "2007-12-31": "1883.00000", "2006-12-31": "2112.00000", "2005-12-31": "2082.00000"}, "Income After Taxes": {"2020-12-31": "4985.00000", "2019-12-31": "6946.00000", "2018-12-31": "7124.00000", "2017-12-31": "6253.00000", "2016-12-31": "5944.00000", "2015-12-31": "5933.00000", "2014-12-31": "5908.00000", "2013-12-31": "5732.00000", "2012-12-31": "5490.00000", "2011-12-31": "4788.00000", "2010-12-31": "3265.00000", "2009-12-31": "2237.00000", "2008-12-31": "3012.00000", "2007-12-31": "4403.00000", "2006-12-31": "4751.00000", "2005-12-31": "4489.00000"}, "Other Income": {"2020-12-31": "", "2019-12-31": "", "2018-12-31": "", "2017-12-31": "", "2016-12-31": "", "2015-12-31": "", "2014-12-31": "", "2013-12-31": "", "2012-12-31": "", "2011-12-31": "", "2010-12-31": "", "2009-12-31": "", "2008-12-31": "", "2007-12-31": "", "2006-12-31": "", "2005-12-31": ""}, "Income From Continuous Operations": {"2020-12-31": "4985.00000", "2019-12-31": "6946.00000", "2018-12-31": "7124.00000", "2017-12-31": "6253.00000", "2016-12-31": "5944.00000", "2015-12-31": "5933.00000", "2014-12-31": "5908.00000", "2013-12-31": "5732.00000", "2012-12-31": "5490.00000", "2011-12-31": "4788.00000", "2010-12-31": "3265.00000", "2009-12-31": "2237.00000", "2008-12-31": "3012.00000", "2007-12-31": "4403.00000", "2006-12-31": "4751.00000", "2005-12-31": "4489.00000"}, "Income From Discontinued Operations": {"2020-12-31": "", "2019-12-31": "", "2018-12-31": "", "2017-12-31": "", "2016-12-31": "", "2015-12-31": "", "2014-12-31": "", "2013-12-31": "", "2012-12-31": "", "2011-12-31": "", "2010-12-31": "", "2009-12-31": "", "2008-12-31": "", "2007-12-31": "", "2006-12-31": "", "2005-12-31": ""}, "Net Income": {"2020-12-31": "4621.00000", "2019-12-31": "6583.00000", "2018-12-31": "6784.00000", "2017-12-31": "5913.00000", "2016-12-31": "5589.00000", "2015-12-31": "5608.00000", "2014-12-31": "5583.00000", "2013-12-31": "5552.00000", "2012-12-31": "5383.00000", "2011-12-31": "4721.00000", "2010-12-31": "3332.00000", "2009-12-31": "1803.00000", "2008-12-31": "2819.00000", "2007-12-31": "4258.00000", "2006-12-31": "4703.00000", "2005-12-31": "4489.00000"}, "EBITDA": {"2020-12-31": "", "2019-12-31": "", "2018-12-31": "", "2017-12-31": "", "2016-12-31": "", "2015-12-31": "", "2014-12-31": "", "2013-12-31": "", "2012-12-31": "", "2011-12-31": "", "2010-12-31": "", "2009-12-31": "", "2008-12-31": "", "2007-12-31": "", "2006-12-31": "", "2005-12-31": ""}, "EBIT": {"2020-12-31": "", "2019-12-31": "", "2018-12-31": "", "2017-12-31": "", "2016-12-31": "", "2015-12-31": "", "2014-12-31": "", "2013-12-31": "", "2012-12-31": "", "2011-12-31": "", "2010-12-31": "", "2009-12-31": "", "2008-12-31": "", "2007-12-31": "", "2006-12-31": "", "2005-12-31": ""}, "Basic Shares Outstanding": {"2020-12-31": "1509.00000", "2019-12-31": "1581.00000", "2018-12-31": "1634.00000", "2017-12-31": "1677.00000", "2016-12-31": "1718.00000", "2015-12-31": "1764.00000", "2014-12-31": "1803.00000", "2013-12-31": "1839.00000", "2012-12-31": "1887.00000", "2011-12-31": "1914.00000", "2010-12-31": "1912.00000", "2009-12-31": "1851.00000", "2008-12-31": "1742.00000", "2007-12-31": "1735.00000", "2006-12-31": "1778.00000", "2005-12-31": "1831.00000"}, "Shares Outstanding": {"2020-12-31": "1510.00000", "2019-12-31": "1583.00000", "2018-12-31": "1638.00000", "2017-12-31": "1683.00000", "2016-12-31": "1724.00000", "2015-12-31": "1772.00000", "2014-12-31": "1813.00000", "2013-12-31": "1849.00000", "2012-12-31": "1896.00000", "2011-12-31": "1923.00000", "2010-12-31": "1921.00000", "2009-12-31": "1859.00000", "2008-12-31": "1756.00000", "2007-12-31": "1756.00000", "2006-12-31": "1804.00000", "2005-12-31": "1857.00000"}, "Basic EPS": {"2020-12-31": "3.06000", "2019-12-31": "4.16000", "2018-12-31": "4.15000", "2017-12-31": "3.53000", "2016-12-31": "3.25000", "2015-12-31": "3.18000", "2014-12-31": "3.10000", "2013-12-31": "3.02000", "2012-12-31": "2.85000", "2011-12-31": "2.47000", "2010-12-31": "1.74000", "2009-12-31": "0.97000", "2008-12-31": "1.62000", "2007-12-31": "2.45000", "2006-12-31": "2.64000", "2005-12-31": "2.45000"}, "EPS - Earnings Per Share": {"2020-12-31": "3.06000", "2019-12-31": "4.16000", "2018-12-31": "4.14000", "2017-12-31": "3.51000", "2016-12-31": "3.24000", "2015-12-31": "3.16000", "2014-12-31": "3.08000", "2013-12-31": "3.00000", "2012-12-31": "2.84000", "2011-12-31": "2.46000", "2010-12-31": "1.73000", "2009-12-31": "0.97000", "2008-12-31": "1.61000", "2007-12-31": "2.42000", "2006-12-31": "2.61000", "2005-12-31": "2.42000"}}, "income statement, quarterly": {"Revenue": {"2020-12-31": "6029.00000", "2020-09-30": "6285.00000", "2020-06-30": "6286.00000", "2020-03-31": "6641.00000", "2019-12-31": "6691.00000", "2019-09-30": "7051.00000", "2019-06-30": "6941.00000", "2019-03-31": "6642.00000", "2018-12-31": "6809.00000", "2018-09-30": "6541.00000", "2018-06-30": "6362.00000", "2018-03-31": "6063.00000", "2017-12-31": "6100.00000", "2017-09-30": "6044.00000", "2017-06-30": "5867.00000", "2017-03-31": "5652.00000", "2016-12-31": "5485.00000", "2016-09-30": "5765.00000", "2016-06-30": "5804.00000", "2016-03-31": "5370.00000", "2015-12-31": "5496.00000", "2015-09-30": "5443.00000", "2015-06-30": "5340.00000", "2015-03-31": "5215.00000", "2014-12-31": "5472.00000", "2014-09-30": "5299.00000", "2014-06-30": "5491.00000", "2014-03-31": "5130.00000", "2013-12-31": "5224.00000", "2013-09-30": "5245.00000", "2013-06-30": "5314.00000", "2013-03-31": "5276.00000", "2012-12-31": "5525.00000", "2012-09-30": "5623.00000", "2012-06-30": "5583.00000", "2012-03-31": "5471.00000", "2011-12-31": "5651.00000", "2011-09-30": "5371.00000", "2011-06-30": "5265.00000", "2011-03-31": "5112.00000", "2010-12-31": "5315.00000", "2010-09-30": "5187.00000", "2010-06-30": "5105.00000", "2010-03-31": "4911.00000", "2009-12-31": "4990.00000", "2009-09-30": "4950.00000", "2009-06-30": "4895.00000", "2009-03-31": "4655.00000", "2008-12-31": "4604.00000", "2008-09-30": "4469.00000", "2008-06-30": "4907.00000", "2008-03-31": "5249.00000", "2007-12-31": "5190.00000", "2007-09-30": "5211.00000", "2007-06-30": "5121.00000", "2007-03-31": "4910.00000", "2006-12-31": "5040.00000", "2006-09-30": "4897.00000", "2006-06-30": "4773.00000", "2006-03-31": "4505.00000", "2005-12-31": "4379.00000", "2005-09-30": "4294.00000", "2005-06-30": "4106.00000", "2005-03-31": "3817.00000"}, "Cost Of Goods Sold": {"2020-12-31": "304.00000", "2020-09-30": "346.00000", "2020-06-30": "472.00000", "2020-03-31": "893.00000", "2019-12-31": "1048.00000", "2019-09-30": "1156.00000", "2019-06-30": "1146.00000", "2019-03-31": "1092.00000", "2018-12-31": "1008.00000", "2018-09-30": "872.00000", "2018-06-30": "751.00000", "2018-03-31": "623.00000", "2017-12-31": "555.00000", "2017-09-30": "528.00000", "2017-06-30": "470.00000", "2017-03-31": "413.00000", "2016-12-31": "248.00000", "2016-09-30": "427.00000", "2016-06-30": "407.00000", "2016-03-31": "386.00000", "2015-12-31": "337.00000", "2015-09-30": "349.00000", "2015-06-30": "352.00000", "2015-03-31": "363.00000", "2014-12-31": "358.00000", "2014-09-30": "365.00000", "2014-06-30": "358.00000", "2014-03-31": "372.00000", "2013-12-31": "391.00000", "2013-09-30": "410.00000", "2013-06-30": "422.00000", "2013-03-31": "458.00000", "2012-12-31": "469.00000", "2012-09-30": "501.00000", "2012-06-30": "570.00000", "2012-03-31": "598.00000", "2011-12-31": "603.00000", "2011-09-30": "634.00000", "2011-06-30": "631.00000", "2011-03-31": "648.00000", "2010-12-31": "647.00000", "2010-09-30": "653.00000", "2010-06-30": "638.00000", "2010-03-31": "641.00000", "2009-12-31": "664.00000", "2009-09-30": "750.00000", "2009-06-30": "786.00000", "2009-03-31": "820.00000", "2008-12-31": "1020.00000", "2008-09-30": "1124.00000", "2008-06-30": "1140.00000", "2008-03-31": "1402.00000", "2007-12-31": "1638.00000", "2007-09-30": "1667.00000", "2007-06-30": "1604.00000", "2007-03-31": "1538.00000", "2006-12-31": "1525.00000", "2006-09-30": "1489.00000", "2006-06-30": "1332.00000", "2006-03-31": "1176.00000", "2005-12-31": "1058.00000", "2005-09-30": "936.00000", "2005-06-30": "811.00000", "2005-03-31": "691.00000"}, "Gross Profit": {"2020-12-31": "5725.00000", "2020-09-30": "5939.00000", "2020-06-30": "5814.00000", "2020-03-31": "5748.00000", "2019-12-31": "5643.00000", "2019-09-30": "5895.00000", "2019-06-30": "5795.00000", "2019-03-31": "5550.00000", "2018-12-31": "5801.00000", "2018-09-30": "5669.00000", "2018-06-30": "5611.00000", "2018-03-31": "5440.00000", "2017-12-31": "5545.00000", "2017-09-30": "5516.00000", "2017-06-30": "5397.00000", "2017-03-31": "5239.00000", "2016-12-31": "5237.00000", "2016-09-30": "5338.00000", "2016-06-30": "5397.00000", "2016-03-31": "4984.00000", "2015-12-31": "5159.00000", "2015-09-30": "5094.00000", "2015-06-30": "4988.00000", "2015-03-31": "4852.00000", "2014-12-31": "5114.00000", "2014-09-30": "4934.00000", "2014-06-30": "5133.00000", "2014-03-31": "4758.00000", "2013-12-31": "4833.00000", "2013-09-30": "4835.00000", "2013-06-30": "4892.00000", "2013-03-31": "4818.00000", "2012-12-31": "5056.00000", "2012-09-30": "5122.00000", "2012-06-30": "5013.00000", "2012-03-31": "4873.00000", "2011-12-31": "5048.00000", "2011-09-30": "4737.00000", "2011-06-30": "4634.00000", "2011-03-31": "4464.00000", "2010-12-31": "4668.00000", "2010-09-30": "4534.00000", "2010-06-30": "4467.00000", "2010-03-31": "4270.00000", "2009-12-31": "4326.00000", "2009-09-30": "4200.00000", "2009-06-30": "4109.00000", "2009-03-31": "3835.00000", "2008-12-31": "3584.00000", "2008-09-30": "3345.00000", "2008-06-30": "3767.00000", "2008-03-31": "3847.00000", "2007-12-31": "3552.00000", "2007-09-30": "3544.00000", "2007-06-30": "3517.00000", "2007-03-31": "3372.00000", "2006-12-31": "3515.00000", "2006-09-30": "3408.00000", "2006-06-30": "3441.00000", "2006-03-31": "3329.00000", "2005-12-31": "3321.00000", "2005-09-30": "3358.00000", "2005-06-30": "3295.00000", "2005-03-31": "3126.00000"}, "Research And Development Expenses": {"2020-12-31": "", "2020-09-30": "", "2020-06-30": "", "2020-03-31": "", "2019-12-31": "", "2019-09-30": "", "2019-06-30": "", "2019-03-31": "", "2018-12-31": "", "2018-09-30": "", "2018-06-30": "", "2018-03-31": "", "2017-12-31": "", "2017-09-30": "", "2017-06-30": "", "2017-03-31": "", "2016-12-31": "", "2016-09-30": "", "2016-06-30": "", "2016-03-31": "", "2015-12-31": "", "2015-09-30": "", "2015-06-30": "", "2015-03-31": "", "2014-12-31": "", "2014-09-30": "", "2014-06-30": "", "2014-03-31": "", "2013-12-31": "", "2013-09-30": "", "2013-06-30": "", "2013-03-31": "", "2012-12-31": "", "2012-09-30": "", "2012-06-30": "", "2012-03-31": "", "2011-12-31": "", "2011-09-30": "", "2011-06-30": "", "2011-03-31": "", "2010-12-31": "", "2010-09-30": "", "2010-06-30": "", "2010-03-31": "", "2009-12-31": "", "2009-09-30": "", "2009-06-30": "", "2009-03-31": "", "2008-12-31": "", "2008-09-30": "", "2008-06-30": "", "2008-03-31": "", "2007-12-31": "", "2007-09-30": "", "2007-06-30": "", "2007-03-31": "", "2006-12-31": "", "2006-09-30": "", "2006-06-30": "", "2006-03-31": "", "2005-12-31": "", "2005-09-30": "", "2005-06-30": "", "2005-03-31": ""}, "SG&A Expenses": {"2020-12-31": "3758.00000", "2020-09-30": "3962.00000", "2020-06-30": "5012.00000", "2020-03-31": "4267.00000", "2019-12-31": "3752.00000", "2019-09-30": "3469.00000", "2019-06-30": "3476.00000", "2019-03-31": "3424.00000", "2018-12-31": "3607.00000", "2018-09-30": "3346.00000", "2018-06-30": "3372.00000", "2018-03-31": "3357.00000", "2017-12-31": "4190.00000", "2017-09-30": "3314.00000", "2017-06-30": "3291.00000", "2017-03-31": "3210.00000", "2016-12-31": "3152.00000", "2016-09-30": "3211.00000", "2016-06-30": "3275.00000", "2016-03-31": "3034.00000", "2015-12-31": "3068.00000", "2015-09-30": "3015.00000", "2015-06-30": "2920.00000", "2015-03-31": "2886.00000", "2014-12-31": "3041.00000", "2014-09-30": "2874.00000", "2014-06-30": "3029.00000", "2014-03-31": "2801.00000", "2013-12-31": "2903.00000", "2013-09-30": "2808.00000", "2013-06-30": "2864.00000", "2013-03-31": "2816.00000", "2012-12-31": "3063.00000", "2012-09-30": "3030.00000", "2012-06-30": "3001.00000", "2012-03-31": "2970.00000", "2011-12-31": "3119.00000", "2011-09-30": "2920.00000", "2011-06-30": "2922.00000", "2011-03-31": "2994.00000", "2010-12-31": "3308.00000", "2010-09-30": "3290.00000", "2010-06-30": "3425.00000", "2010-03-31": "3349.00000", "2009-12-31": "3509.00000", "2009-09-30": "3415.00000", "2009-06-30": "3429.00000", "2009-03-31": "3098.00000", "2008-12-31": "3112.00000", "2008-09-30": "2473.00000", "2008-06-30": "2327.00000", "2008-03-31": "2177.00000", "2007-12-31": "2021.00000", "2007-09-30": "1881.00000", "2007-06-30": "1766.00000", "2007-03-31": "1655.00000", "2006-12-31": "1562.00000", "2006-09-30": "1584.00000", "2006-06-30": "1566.00000", "2006-03-31": "1530.00000", "2005-12-31": "1588.00000", "2005-09-30": "1493.00000", "2005-06-30": "1558.00000", "2005-03-31": "1432.00000"}, "Other Operating Income Or Expenses": {"2020-12-31": "", "2020-09-30": "", "2020-06-30": "", "2020-03-31": "", "2019-12-31": "", "2019-09-30": "", "2019-06-30": "", "2019-03-31": "", "2018-12-31": "", "2018-09-30": "", "2018-06-30": "", "2018-03-31": "", "2017-12-31": "", "2017-09-30": "", "2017-06-30": "", "2017-03-31": "", "2016-12-31": "", "2016-09-30": "", "2016-06-30": "", "2016-03-31": "", "2015-12-31": "", "2015-09-30": "", "2015-06-30": "", "2015-03-31": "", "2014-12-31": "", "2014-09-30": "", "2014-06-30": "", "2014-03-31": "", "2013-12-31": "", "2013-09-30": "", "2013-06-30": "", "2013-03-31": "", "2012-12-31": "", "2012-09-30": "", "2012-06-30": "", "2012-03-31": "", "2011-12-31": "", "2011-09-30": "", "2011-06-30": "", "2011-03-31": "", "2010-12-31": "", "2010-09-30": "", "2010-06-30": "", "2010-03-31": "", "2009-12-31": "", "2009-09-30": "", "2009-06-30": "", "2009-03-31": "", "2008-12-31": "", "2008-09-30": "", "2008-06-30": "", "2008-03-31": "", "2007-12-31": "", "2007-09-30": "", "2007-06-30": "", "2007-03-31": "", "2006-12-31": "", "2006-09-30": "", "2006-06-30": "", "2006-03-31": "", "2005-12-31": "", "2005-09-30": "", "2005-06-30": "", "2005-03-31": ""}, "Operating Expenses": {"2020-12-31": "4109.00000", "2020-09-30": "4352.00000", "2020-06-30": "5527.00000", "2020-03-31": "5202.00000", "2019-12-31": "4844.00000", "2019-09-30": "4667.00000", "2019-06-30": "4664.00000", "2019-03-31": "4556.00000", "2018-12-31": "4656.00000", "2018-09-30": "4259.00000", "2018-06-30": "4163.00000", "2018-03-31": "4019.00000", "2017-12-31": "4789.00000", "2017-09-30": "3886.00000", "2017-06-30": "3804.00000", "2017-03-31": "3667.00000", "2016-12-31": "3445.00000", "2016-09-30": "3683.00000", "2016-06-30": "3726.00000", "2016-03-31": "3465.00000", "2015-12-31": "3451.00000", "2015-09-30": "3406.00000", "2015-06-30": "3315.00000", "2015-03-31": "3292.00000", "2014-12-31": "3450.00000", "2014-09-30": "3290.00000", "2014-06-30": "3435.00000", "2014-03-31": "3222.00000", "2013-12-31": "3350.00000", "2013-09-30": "3273.00000", "2013-06-30": "3341.00000", "2013-03-31": "3331.00000", "2012-12-31": "3598.00000", "2012-09-30": "3598.00000", "2012-06-30": "3641.00000", "2012-03-31": "3639.00000", "2011-12-31": "3796.00000", "2011-09-30": "3629.00000", "2011-06-30": "3628.00000", "2011-03-31": "3717.00000", "2010-12-31": "4044.00000", "2010-09-30": "4033.00000", "2010-06-30": "4154.00000", "2010-03-31": "4087.00000", "2009-12-31": "4280.00000", "2009-09-30": "4259.00000", "2009-06-30": "4310.00000", "2009-03-31": "4009.00000", "2008-12-31": "4225.00000", "2008-09-30": "3685.00000", "2008-06-30": "3554.00000", "2008-03-31": "3666.00000", "2007-12-31": "3752.00000", "2007-09-30": "3642.00000", "2007-06-30": "3465.00000", "2007-03-31": "3287.00000", "2006-12-31": "3179.00000", "2006-09-30": "3162.00000", "2006-06-30": "2987.00000", "2006-03-31": "2791.00000", "2005-12-31": "2727.00000", "2005-09-30": "2554.00000", "2005-06-30": "2550.00000", "2005-03-31": "2194.00000"}, "Operating Income": {"2020-12-31": "1920.00000", "2020-09-30": "1933.00000", "2020-06-30": "759.00000", "2020-03-31": "1439.00000", "2019-12-31": "1847.00000", "2019-09-30": "2384.00000", "2019-06-30": "2277.00000", "2019-03-31": "2086.00000", "2018-12-31": "2153.00000", "2018-09-30": "2282.00000", "2018-06-30": "2199.00000", "2018-03-31": "2044.00000", "2017-12-31": "1311.00000", "2017-09-30": "2158.00000", "2017-06-30": "2063.00000", "2017-03-31": "1985.00000", "2016-12-31": "2040.00000", "2016-09-30": "2082.00000", "2016-06-30": "2078.00000", "2016-03-31": "1905.00000", "2015-12-31": "2045.00000", "2015-09-30": "2037.00000", "2015-06-30": "2025.00000", "2015-03-31": "1923.00000", "2014-12-31": "2022.00000", "2014-09-30": "2009.00000", "2014-06-30": "2056.00000", "2014-03-31": "1908.00000", "2013-12-31": "1874.00000", "2013-09-30": "1972.00000", "2013-06-30": "1973.00000", "2013-03-31": "1945.00000", "2012-12-31": "1927.00000", "2012-09-30": "2025.00000", "2012-06-30": "1942.00000", "2012-03-31": "1832.00000", "2011-12-31": "1855.00000", "2011-09-30": "1742.00000", "2011-06-30": "1637.00000", "2011-03-31": "1395.00000", "2010-12-31": "1271.00000", "2010-09-30": "1154.00000", "2010-06-30": "951.00000", "2010-03-31": "824.00000", "2009-12-31": "710.00000", "2009-09-30": "691.00000", "2009-06-30": "585.00000", "2009-03-31": "646.00000", "2008-12-31": "379.00000", "2008-09-30": "784.00000", "2008-06-30": "1353.00000", "2008-03-31": "1583.00000", "2007-12-31": "1438.00000", "2007-09-30": "1569.00000", "2007-06-30": "1656.00000", "2007-03-31": "1623.00000", "2006-12-31": "1861.00000", "2006-09-30": "1735.00000", "2006-06-30": "1786.00000", "2006-03-31": "1714.00000", "2005-12-31": "1652.00000", "2005-09-30": "1740.00000", "2005-06-30": "1556.00000", "2005-03-31": "1623.00000"}, "Total Non-Operating Income/Expense": {"2020-12-31": "", "2020-09-30": "", "2020-06-30": "", "2020-03-31": "", "2019-12-31": "", "2019-09-30": "", "2019-06-30": "", "2019-03-31": "", "2018-12-31": "", "2018-09-30": "", "2018-06-30": "", "2018-03-31": "", "2017-12-31": "", "2017-09-30": "", "2017-06-30": "", "2017-03-31": "", "2016-12-31": "", "2016-09-30": "", "2016-06-30": "", "2016-03-31": "", "2015-12-31": "", "2015-09-30": "", "2015-06-30": "", "2015-03-31": "", "2014-12-31": "", "2014-09-30": "", "2014-06-30": "", "2014-03-31": "", "2013-12-31": "", "2013-09-30": "", "2013-06-30": "", "2013-03-31": "", "2012-12-31": "", "2012-09-30": "", "2012-06-30": "", "2012-03-31": "", "2011-12-31": "", "2011-09-30": "", "2011-06-30": "", "2011-03-31": "", "2010-12-31": "", "2010-09-30": "", "2010-06-30": "", "2010-03-31": "", "2009-12-31": "", "2009-09-30": "", "2009-06-30": "", "2009-03-31": "", "2008-12-31": "", "2008-09-30": "", "2008-06-30": "", "2008-03-31": "", "2007-12-31": "", "2007-09-30": "", "2007-06-30": "", "2007-03-31": "", "2006-12-31": "", "2006-09-30": "", "2006-06-30": "", "2006-03-31": "", "2005-12-31": "", "2005-09-30": "", "2005-06-30": "", "2005-03-31": ""}, "Pre-Tax Income": {"2020-12-31": "1920.00000", "2020-09-30": "1933.00000", "2020-06-30": "759.00000", "2020-03-31": "1439.00000", "2019-12-31": "1847.00000", "2019-09-30": "2384.00000", "2019-06-30": "2277.00000", "2019-03-31": "2086.00000", "2018-12-31": "2153.00000", "2018-09-30": "2282.00000", "2018-06-30": "2199.00000", "2018-03-31": "2044.00000", "2017-12-31": "1311.00000", "2017-09-30": "2158.00000", "2017-06-30": "2063.00000", "2017-03-31": "1985.00000", "2016-12-31": "2040.00000", "2016-09-30": "2082.00000", "2016-06-30": "2078.00000", "2016-03-31": "1905.00000", "2015-12-31": "2045.00000", "2015-09-30": "2037.00000", "2015-06-30": "2025.00000", "2015-03-31": "1923.00000", "2014-12-31": "2022.00000", "2014-09-30": "2009.00000", "2014-06-30": "2056.00000", "2014-03-31": "1908.00000", "2013-12-31": "1874.00000", "2013-09-30": "1972.00000", "2013-06-30": "1973.00000", "2013-03-31": "1945.00000", "2012-12-31": "1927.00000", "2012-09-30": "2025.00000", "2012-06-30": "1942.00000", "2012-03-31": "1832.00000", "2011-12-31": "1855.00000", "2011-09-30": "1742.00000", "2011-06-30": "1637.00000", "2011-03-31": "1395.00000", "2010-12-31": "1271.00000", "2010-09-30": "1154.00000", "2010-06-30": "951.00000", "2010-03-31": "824.00000", "2009-12-31": "710.00000", "2009-09-30": "691.00000", "2009-06-30": "585.00000", "2009-03-31": "646.00000", "2008-12-31": "379.00000", "2008-09-30": "784.00000", "2008-06-30": "1353.00000", "2008-03-31": "1583.00000", "2007-12-31": "1438.00000", "2007-09-30": "1569.00000", "2007-06-30": "1656.00000", "2007-03-31": "1623.00000", "2006-12-31": "1628.00000", "2006-09-30": "1735.00000", "2006-06-30": "1786.00000", "2006-03-31": "1714.00000", "2005-12-31": "1652.00000", "2005-09-30": "1740.00000", "2005-06-30": "1556.00000", "2005-03-31": "1623.00000"}, "Income Taxes": {"2020-12-31": "395.00000", "2020-09-30": "347.00000", "2020-06-30": "64.00000", "2020-03-31": "260.00000", "2019-12-31": "354.00000", "2019-09-30": "467.00000", "2019-06-30": "449.00000", "2019-03-31": "378.00000", "2018-12-31": "291.00000", "2018-09-30": "460.00000", "2018-06-30": "441.00000", "2018-03-31": "362.00000", "2017-12-31": "-375.00000", "2017-09-30": "589.00000", "2017-06-30": "551.00000", "2017-03-31": "499.00000", "2016-12-31": "549.00000", "2016-09-30": "566.00000", "2016-06-30": "542.00000", "2016-03-31": "504.00000", "2015-12-31": "556.00000", "2015-09-30": "534.00000", "2015-06-30": "528.00000", "2015-03-31": "479.00000", "2014-12-31": "521.00000", "2014-09-30": "523.00000", "2014-06-30": "547.00000", "2014-03-31": "496.00000", "2013-12-31": "403.00000", "2013-09-30": "542.00000", "2013-06-30": "529.00000", "2013-03-31": "558.00000", "2012-12-31": "552.00000", "2012-09-30": "593.00000", "2012-06-30": "564.00000", "2012-03-31": "527.00000", "2011-12-31": "527.00000", "2011-09-30": "490.00000", "2011-06-30": "458.00000", "2011-03-31": "366.00000", "2010-12-31": "315.00000", "2010-09-30": "260.00000", "2010-06-30": "199.00000", "2010-03-31": "161.00000", "2009-12-31": "108.00000", "2009-09-30": "86.00000", "2009-06-30": "100.00000", "2009-03-31": "101.00000", "2008-12-31": "27.00000", "2008-09-30": "198.00000", "2008-06-30": "386.00000", "2008-03-31": "476.00000", "2007-12-31": "417.00000", "2007-09-30": "473.00000", "2007-06-30": "500.00000", "2007-03-31": "493.00000", "2006-12-31": "434.00000", "2006-09-30": "532.00000", "2006-06-30": "585.00000", "2006-03-31": "561.00000", "2005-12-31": "509.00000", "2005-09-30": "586.00000", "2005-06-30": "435.00000", "2005-03-31": "552.00000"}, "Income After Taxes": {"2020-12-31": "1525.00000", "2020-09-30": "1586.00000", "2020-06-30": "695.00000", "2020-03-31": "1179.00000", "2019-12-31": "1493.00000", "2019-09-30": "1917.00000", "2019-06-30": "1828.00000", "2019-03-31": "1708.00000", "2018-12-31": "1862.00000", "2018-09-30": "1822.00000", "2018-06-30": "1758.00000", "2018-03-31": "1682.00000", "2017-12-31": "1686.00000", "2017-09-30": "1569.00000", "2017-06-30": "1512.00000", "2017-03-31": "1486.00000", "2016-12-31": "1491.00000", "2016-09-30": "1516.00000", "2016-06-30": "1536.00000", "2016-03-31": "1401.00000", "2015-12-31": "1489.00000", "2015-09-30": "1503.00000", "2015-06-30": "1497.00000", "2015-03-31": "1444.00000", "2014-12-31": "1501.00000", "2014-09-30": "1486.00000", "2014-06-30": "1509.00000", "2014-03-31": "1412.00000", "2013-12-31": "1471.00000", "2013-09-30": "1430.00000", "2013-06-30": "1444.00000", "2013-03-31": "1387.00000", "2012-12-31": "1375.00000", "2012-09-30": "1432.00000", "2012-06-30": "1378.00000", "2012-03-31": "1305.00000", "2011-12-31": "1328.00000", "2011-09-30": "1252.00000", "2011-06-30": "1179.00000", "2011-03-31": "1029.00000", "2010-12-31": "956.00000", "2010-09-30": "894.00000", "2010-06-30": "752.00000", "2010-03-31": "663.00000", "2009-12-31": "602.00000", "2009-09-30": "605.00000", "2009-06-30": "485.00000", "2009-03-31": "545.00000", "2008-12-31": "352.00000", "2008-09-30": "586.00000", "2008-06-30": "967.00000", "2008-03-31": "1107.00000", "2007-12-31": "1021.00000", "2007-09-30": "1096.00000", "2007-06-30": "1156.00000", "2007-03-31": "1130.00000", "2006-12-31": "1194.00000", "2006-09-30": "1203.00000", "2006-06-30": "1201.00000", "2006-03-31": "1153.00000", "2005-12-31": "1143.00000", "2005-09-30": "1154.00000", "2005-06-30": "1121.00000", "2005-03-31": "1071.00000"}, "Other Income": {"2020-12-31": "", "2020-09-30": "", "2020-06-30": "", "2020-03-31": "", "2019-12-31": "", "2019-09-30": "", "2019-06-30": "", "2019-03-31": "", "2018-12-31": "", "2018-09-30": "", "2018-06-30": "", "2018-03-31": "", "2017-12-31": "", "2017-09-30": "", "2017-06-30": "", "2017-03-31": "", "2016-12-31": "", "2016-09-30": "", "2016-06-30": "", "2016-03-31": "", "2015-12-31": "", "2015-09-30": "", "2015-06-30": "", "2015-03-31": "", "2014-12-31": "", "2014-09-30": "", "2014-06-30": "", "2014-03-31": "", "2013-12-31": "", "2013-09-30": "", "2013-06-30": "", "2013-03-31": "", "2012-12-31": "", "2012-09-30": "", "2012-06-30": "", "2012-03-31": "", "2011-12-31": "", "2011-09-30": "", "2011-06-30": "", "2011-03-31": "", "2010-12-31": "", "2010-09-30": "", "2010-06-30": "", "2010-03-31": "", "2009-12-31": "", "2009-09-30": "", "2009-06-30": "", "2009-03-31": "", "2008-12-31": "", "2008-09-30": "", "2008-06-30": "", "2008-03-31": "", "2007-12-31": "", "2007-09-30": "", "2007-06-30": "", "2007-03-31": "", "2006-12-31": "", "2006-09-30": "", "2006-06-30": "", "2006-03-31": "", "2005-12-31": "", "2005-09-30": "", "2005-06-30": "", "2005-03-31": ""}, "Income From Continuous Operations": {"2020-12-31": "1525.00000", "2020-09-30": "1586.00000", "2020-06-30": "695.00000", "2020-03-31": "1179.00000", "2019-12-31": "1493.00000", "2019-09-30": "1917.00000", "2019-06-30": "1828.00000", "2019-03-31": "1708.00000", "2018-12-31": "1862.00000", "2018-09-30": "1822.00000", "2018-06-30": "1758.00000", "2018-03-31": "1682.00000", "2017-12-31": "1686.00000", "2017-09-30": "1569.00000", "2017-06-30": "1512.00000", "2017-03-31": "1486.00000", "2016-12-31": "1491.00000", "2016-09-30": "1516.00000", "2016-06-30": "1536.00000", "2016-03-31": "1401.00000", "2015-12-31": "1489.00000", "2015-09-30": "1503.00000", "2015-06-30": "1497.00000", "2015-03-31": "1444.00000", "2014-12-31": "1501.00000", "2014-09-30": "1486.00000", "2014-06-30": "1509.00000", "2014-03-31": "1412.00000", "2013-12-31": "1471.00000", "2013-09-30": "1430.00000", "2013-06-30": "1444.00000", "2013-03-31": "1387.00000", "2012-12-31": "1375.00000", "2012-09-30": "1432.00000", "2012-06-30": "1378.00000", "2012-03-31": "1305.00000", "2011-12-31": "1328.00000", "2011-09-30": "1252.00000", "2011-06-30": "1179.00000", "2011-03-31": "1029.00000", "2010-12-31": "956.00000", "2010-09-30": "894.00000", "2010-06-30": "752.00000", "2010-03-31": "663.00000", "2009-12-31": "602.00000", "2009-09-30": "605.00000", "2009-06-30": "485.00000", "2009-03-31": "545.00000", "2008-12-31": "352.00000", "2008-09-30": "586.00000", "2008-06-30": "967.00000", "2008-03-31": "1107.00000", "2007-12-31": "1021.00000", "2007-09-30": "1096.00000", "2007-06-30": "1156.00000", "2007-03-31": "1130.00000", "2006-12-31": "1194.00000", "2006-09-30": "1203.00000", "2006-06-30": "1201.00000", "2006-03-31": "1153.00000", "2005-12-31": "1143.00000", "2005-09-30": "1154.00000", "2005-06-30": "1121.00000", "2005-03-31": "1071.00000"}, "Income From Discontinued Operations": {"2020-12-31": "", "2020-09-30": "", "2020-06-30": "", "2020-03-31": "", "2019-12-31": "", "2019-09-30": "", "2019-06-30": "", "2019-03-31": "", "2018-12-31": "", "2018-09-30": "", "2018-06-30": "", "2018-03-31": "", "2017-12-31": "", "2017-09-30": "", "2017-06-30": "", "2017-03-31": "", "2016-12-31": "", "2016-09-30": "", "2016-06-30": "", "2016-03-31": "", "2015-12-31": "", "2015-09-30": "", "2015-06-30": "", "2015-03-31": "", "2014-12-31": "", "2014-09-30": "", "2014-06-30": "", "2014-03-31": "", "2013-12-31": "", "2013-09-30": "", "2013-06-30": "", "2013-03-31": "", "2012-12-31": "", "2012-09-30": "", "2012-06-30": "", "2012-03-31": "", "2011-12-31": "", "2011-09-30": "", "2011-06-30": "", "2011-03-31": "", "2010-12-31": "", "2010-09-30": "", "2010-06-30": "", "2010-03-31": "", "2009-12-31": "", "2009-09-30": "", "2009-06-30": "", "2009-03-31": "", "2008-12-31": "", "2008-09-30": "", "2008-06-30": "", "2008-03-31": "", "2007-12-31": "", "2007-09-30": "", "2007-06-30": "", "2007-03-31": "", "2006-12-31": "", "2006-09-30": "", "2006-06-30": "", "2006-03-31": "", "2005-12-31": "", "2005-09-30": "", "2005-06-30": "", "2005-03-31": ""}, "Net Income": {"2020-12-31": "1425.00000", "2020-09-30": "1494.00000", "2020-06-30": "614.00000", "2020-03-31": "1088.00000", "2019-12-31": "1408.00000", "2019-09-30": "1821.00000", "2019-06-30": "1741.00000", "2019-03-31": "1613.00000", "2018-12-31": "1777.00000", "2018-09-30": "1732.00000", "2018-06-30": "1678.00000", "2018-03-31": "1597.00000", "2017-12-31": "1611.00000", "2017-09-30": "1485.00000", "2017-06-30": "1430.00000", "2017-03-31": "1387.00000", "2016-12-31": "1391.00000", "2016-09-30": "1434.00000", "2016-06-30": "1435.00000", "2016-03-31": "1329.00000", "2015-12-31": "1404.00000", "2015-09-30": "1422.00000", "2015-06-30": "1417.00000", "2015-03-31": "1365.00000", "2014-12-31": "1420.00000", "2014-09-30": "1405.00000", "2014-06-30": "1427.00000", "2014-03-31": "1331.00000", "2013-12-31": "1389.00000", "2013-09-30": "1400.00000", "2013-06-30": "1405.00000", "2013-03-31": "1358.00000", "2012-12-31": "1349.00000", "2012-09-30": "1404.00000", "2012-06-30": "1345.00000", "2012-03-31": "1285.00000", "2011-12-31": "1314.00000", "2011-09-30": "1237.00000", "2011-06-30": "1167.00000", "2011-03-31": "1003.00000", "2010-12-31": "951.00000", "2010-09-30": "871.00000", "2010-06-30": "862.00000", "2010-03-31": "648.00000", "2009-12-31": "580.00000", "2009-09-30": "583.00000", "2009-06-30": "221.00000", "2009-03-31": "419.00000", "2008-12-31": "259.00000", "2008-09-30": "557.00000", "2008-06-30": "926.00000", "2008-03-31": "1077.00000", "2007-12-31": "921.00000", "2007-09-30": "1081.00000", "2007-06-30": "1141.00000", "2007-03-31": "1115.00000", "2006-12-31": "1179.00000", "2006-09-30": "1187.00000", "2006-06-30": "1184.00000", "2006-03-31": "1153.00000", "2005-12-31": "1143.00000", "2005-09-30": "1154.00000", "2005-06-30": "1121.00000", "2005-03-31": "1071.00000"}, "EBITDA": {"2020-12-31": "", "2020-09-30": "", "2020-06-30": "", "2020-03-31": "", "2019-12-31": "", "2019-09-30": "", "2019-06-30": "", "2019-03-31": "", "2018-12-31": "", "2018-09-30": "", "2018-06-30": "", "2018-03-31": "", "2017-12-31": "", "2017-09-30": "", "2017-06-30": "", "2017-03-31": "", "2016-12-31": "", "2016-09-30": "", "2016-06-30": "", "2016-03-31": "", "2015-12-31": "", "2015-09-30": "", "2015-06-30": "", "2015-03-31": "", "2014-12-31": "", "2014-09-30": "", "2014-06-30": "", "2014-03-31": "", "2013-12-31": "", "2013-09-30": "", "2013-06-30": "", "2013-03-31": "", "2012-12-31": "", "2012-09-30": "", "2012-06-30": "", "2012-03-31": "", "2011-12-31": "", "2011-09-30": "", "2011-06-30": "", "2011-03-31": "", "2010-12-31": "", "2010-09-30": "", "2010-06-30": "", "2010-03-31": "", "2009-12-31": "", "2009-09-30": "", "2009-06-30": "", "2009-03-31": "", "2008-12-31": "", "2008-09-30": "", "2008-06-30": "", "2008-03-31": "", "2007-12-31": "", "2007-09-30": "", "2007-06-30": "", "2007-03-31": "", "2006-12-31": "", "2006-09-30": "", "2006-06-30": "", "2006-03-31": "", "2005-12-31": "", "2005-09-30": "", "2005-06-30": "", "2005-03-31": ""}, "EBIT": {"2020-12-31": "", "2020-09-30": "", "2020-06-30": "", "2020-03-31": "", "2019-12-31": "", "2019-09-30": "", "2019-06-30": "", "2019-03-31": "", "2018-12-31": "", "2018-09-30": "", "2018-06-30": "", "2018-03-31": "", "2017-12-31": "", "2017-09-30": "", "2017-06-30": "", "2017-03-31": "", "2016-12-31": "", "2016-09-30": "", "2016-06-30": "", "2016-03-31": "", "2015-12-31": "", "2015-09-30": "", "2015-06-30": "", "2015-03-31": "", "2014-12-31": "", "2014-09-30": "", "2014-06-30": "", "2014-03-31": "", "2013-12-31": "", "2013-09-30": "", "2013-06-30": "", "2013-03-31": "", "2012-12-31": "", "2012-09-30": "", "2012-06-30": "", "2012-03-31": "", "2011-12-31": "", "2011-09-30": "", "2011-06-30": "", "2011-03-31": "", "2010-12-31": "", "2010-09-30": "", "2010-06-30": "", "2010-03-31": "", "2009-12-31": "", "2009-09-30": "", "2009-06-30": "", "2009-03-31": "", "2008-12-31": "", "2008-09-30": "", "2008-06-30": "", "2008-03-31": "", "2007-12-31": "", "2007-09-30": "", "2007-06-30": "", "2007-03-31": "", "2006-12-31": "", "2006-09-30": "", "2006-06-30": "", "2006-03-31": "", "2005-12-31": "", "2005-09-30": "", "2005-06-30": "", "2005-03-31": ""}, "Basic Shares Outstanding": {"2020-12-31": "1507.00000", "2020-09-30": "1506.00000", "2020-06-30": "1506.00000", "2020-03-31": "1518.00000", "2019-12-31": "1581.00000", "2019-09-30": "1575.00000", "2019-06-30": "1590.00000", "2019-03-31": "1602.00000", "2018-12-31": "1634.00000", "2018-09-30": "1629.00000", "2018-06-30": "1642.00000", "2018-03-31": "1652.00000", "2017-12-31": "1677.00000", "2017-09-30": "1672.00000", "2017-06-30": "1684.00000", "2017-03-31": "1694.00000", "2016-12-31": "1718.00000", "2016-09-30": "1710.00000", "2016-06-30": "1725.00000", "2016-03-31": "1737.00000", "2015-12-31": "1764.00000", "2015-09-30": "1758.00000", "2015-06-30": "1771.00000", "2015-03-31": "1781.00000", "2014-12-31": "1803.00000", "2014-09-30": "1798.00000", "2014-06-30": "1811.00000", "2014-03-31": "1818.00000", "2013-12-31": "1839.00000", "2013-09-30": "1832.00000", "2013-06-30": "1843.00000", "2013-03-31": "1858.00000", "2012-12-31": "1887.00000", "2012-09-30": "1886.00000", "2012-06-30": "1888.00000", "2012-03-31": "1901.00000", "2011-12-31": "1914.00000", "2011-09-30": "1915.00000", "2011-06-30": "1921.00000", "2011-03-31": "1918.00000", "2010-12-31": "1912.00000", "2010-09-30": "1913.00000", "2010-06-30": "1912.00000", "2010-03-31": "1910.00000", "2009-12-31": "1851.00000", "2009-09-30": "1908.00000", "2009-06-30": "1833.00000", "2009-03-31": "1754.00000", "2008-12-31": "1742.00000", "2008-09-30": "1743.00000", "2008-06-30": "1740.00000", "2008-03-31": "1731.00000", "2007-12-31": "1735.00000", "2007-09-30": "1725.00000", "2007-06-30": "1736.00000", "2007-03-31": "1752.00000", "2006-12-31": "1778.00000", "2006-09-30": "1771.00000", "2006-06-30": "1781.00000", "2006-03-31": "1801.00000", "2005-12-31": "1831.00000", "2005-09-30": "1823.00000", "2005-06-30": "1833.00000", "2005-03-31": "1852.00000"}, "Shares Outstanding": {"2020-12-31": "1508.00000", "2020-09-30": "1507.00000", "2020-06-30": "1507.00000", "2020-03-31": "1519.00000", "2019-12-31": "1583.00000", "2019-09-30": "1578.00000", "2019-06-30": "1592.00000", "2019-03-31": "1605.00000", "2018-12-31": "1638.00000", "2018-09-30": "1633.00000", "2018-06-30": "1646.00000", "2018-03-31": "1657.00000", "2017-12-31": "1683.00000", "2017-09-30": "1678.00000", "2017-06-30": "1690.00000", "2017-03-31": "1701.00000", "2016-12-31": "1724.00000", "2016-09-30": "1716.00000", "2016-06-30": "1731.00000", "2016-03-31": "1743.00000", "2015-12-31": "1772.00000", "2015-09-30": "1766.00000", "2015-06-30": "1779.00000", "2015-03-31": "1789.00000", "2014-12-31": "1813.00000", "2014-09-30": "1807.00000", "2014-06-30": "1821.00000", "2014-03-31": "1828.00000", "2013-12-31": "1849.00000", "2013-09-30": "1843.00000", "2013-06-30": "1853.00000", "2013-03-31": "1867.00000", "2012-12-31": "1896.00000", "2012-09-30": "1897.00000", "2012-06-30": "1898.00000", "2012-03-31": "1910.00000", "2011-12-31": "1923.00000", "2011-09-30": "1922.00000", "2011-06-30": "1929.00000", "2011-03-31": "1928.00000", "2010-12-31": "1921.00000", "2010-09-30": "1920.00000", "2010-06-30": "1921.00000", "2010-03-31": "1919.00000", "2009-12-31": "1859.00000", "2009-09-30": "1917.00000", "2009-06-30": "1840.00000", "2009-03-31": "1760.00000", "2008-12-31": "1756.00000", "2008-09-30": "1756.00000", "2008-06-30": "1755.00000", "2008-03-31": "1748.00000", "2007-12-31": "1756.00000", "2007-09-30": "1745.00000", "2007-06-30": "1760.00000", "2007-03-31": "1780.00000", "2006-12-31": "1804.00000", "2006-09-30": "1796.00000", "2006-06-30": "1805.00000", "2006-03-31": "1826.00000", "2005-12-31": "1857.00000", "2005-09-30": "1849.00000", "2005-06-30": "1857.00000", "2005-03-31": "1880.00000"}, "Basic EPS": {"2020-12-31": "0.95000", "2020-09-30": "0.99000", "2020-06-30": "0.41000", "2020-03-31": "0.72000", "2019-12-31": "0.90000", "2019-09-30": "1.16000", "2019-06-30": "1.09000", "2019-03-31": "1.01000", "2018-12-31": "1.10000", "2018-09-30": "1.06000", "2018-06-30": "1.02000", "2018-03-31": "0.97000", "2017-12-31": "0.97000", "2017-09-30": "0.89000", "2017-06-30": "0.85000", "2017-03-31": "0.82000", "2016-12-31": "0.81000", "2016-09-30": "0.84000", "2016-06-30": "0.83000", "2016-03-31": "0.77000", "2015-12-31": "0.80000", "2015-09-30": "0.81000", "2015-06-30": "0.80000", "2015-03-31": "0.77000", "2014-12-31": "0.80000", "2014-09-30": "0.78000", "2014-06-30": "0.79000", "2014-03-31": "0.73000", "2013-12-31": "0.77000", "2013-09-30": "0.76000", "2013-06-30": "0.76000", "2013-03-31": "0.73000", "2012-12-31": "0.72000", "2012-09-30": "0.74000", "2012-06-30": "0.71000", "2012-03-31": "0.68000", "2011-12-31": "0.69000", "2011-09-30": "0.65000", "2011-06-30": "0.61000", "2011-03-31": "0.52000", "2010-12-31": "0.49000", "2010-09-30": "0.46000", "2010-06-30": "0.45000", "2010-03-31": "0.34000", "2009-12-31": "0.30000", "2009-09-30": "0.31000", "2009-06-30": "0.12000", "2009-03-31": "0.24000", "2008-12-31": "0.15000", "2008-09-30": "0.32000", "2008-06-30": "0.53000", "2008-03-31": "0.62000", "2007-12-31": "0.52000", "2007-09-30": "0.63000", "2007-06-30": "0.66000", "2007-03-31": "0.64000", "2006-12-31": "0.67000", "2006-09-30": "0.67000", "2006-06-30": "0.66000", "2006-03-31": "0.64000", "2005-12-31": "0.63000", "2005-09-30": "0.63000", "2005-06-30": "0.61000", "2005-03-31": "0.58000"}, "EPS - Earnings Per Share": {"2020-12-31": "0.95000", "2020-09-30": "0.99000", "2020-06-30": "0.41000", "2020-03-31": "0.72000", "2019-12-31": "0.92000", "2019-09-30": "1.15000", "2019-06-30": "1.09000", "2019-03-31": "1.00000", "2018-12-31": "1.10000", "2018-09-30": "1.06000", "2018-06-30": "1.02000", "2018-03-31": "0.96000", "2017-12-31": "0.96000", "2017-09-30": "0.88000", "2017-06-30": "0.85000", "2017-03-31": "0.82000", "2016-12-31": "0.81000", "2016-09-30": "0.84000", "2016-06-30": "0.83000", "2016-03-31": "0.76000", "2015-12-31": "0.79000", "2015-09-30": "0.81000", "2015-06-30": "0.80000", "2015-03-31": "0.76000", "2014-12-31": "0.79000", "2014-09-30": "0.78000", "2014-06-30": "0.78000", "2014-03-31": "0.73000", "2013-12-31": "0.75000", "2013-09-30": "0.76000", "2013-06-30": "0.76000", "2013-03-31": "0.73000", "2012-12-31": "0.72000", "2012-09-30": "0.74000", "2012-06-30": "0.71000", "2012-03-31": "0.67000", "2011-12-31": "0.70000", "2011-09-30": "0.64000", "2011-06-30": "0.60000", "2011-03-31": "0.52000", "2010-12-31": "0.49000", "2010-09-30": "0.45000", "2010-06-30": "0.45000", "2010-03-31": "0.34000", "2009-12-31": "0.31000", "2009-09-30": "0.30000", "2009-06-30": "0.12000", "2009-03-31": "0.24000", "2008-12-31": "0.14000", "2008-09-30": "0.32000", "2008-06-30": "0.53000", "2008-03-31": "0.62000", "2007-12-31": "0.52000", "2007-09-30": "0.62000", "2007-06-30": "0.65000", "2007-03-31": "0.63000", "2006-12-31": "0.66000", "2006-09-30": "0.66000", "2006-06-30": "0.66000", "2006-03-31": "0.63000", "2005-12-31": "0.63000", "2005-09-30": "0.62000", "2005-06-30": "0.60000", "2005-03-31": "0.57000"}}, "balance sheet": {"Cash On Hand": {"2020-12-31": "62580.00000", "2019-12-31": "22405.00000", "2018-12-31": "21453.00000", "2017-12-31": "19505.00000", "2016-12-31": "15705.00000", "2015-12-31": "11147.00000", "2014-12-31": "10654.00000", "2013-12-31": "8477.00000", "2012-12-31": "8252.00000", "2011-12-31": "13962.00000", "2010-12-31": "14487.00000", "2009-12-31": "6206.00000", "2008-12-31": "6859.00000", "2007-12-31": "8884.00000", "2006-12-31": "8639.00000", "2005-12-31": "8004.00000"}, "Receivables": {"2020-12-31": "", "2019-12-31": "", "2018-12-31": "", "2017-12-31": "", "2016-12-31": "", "2015-12-31": "", "2014-12-31": "", "2013-12-31": "", "2012-12-31": "", "2011-12-31": "", "2010-12-31": "", "2009-12-31": "", "2008-12-31": "", "2007-12-31": "", "2006-12-31": "", "2005-12-31": ""}, "Inventory": {"2020-12-31": "", "2019-12-31": "", "2018-12-31": "", "2017-12-31": "", "2016-12-31": "", "2015-12-31": "", "2014-12-31": "", "2013-12-31": "", "2012-12-31": "", "2011-12-31": "", "2010-12-31": "", "2009-12-31": "", "2008-12-31": "", "2007-12-31": "", "2006-12-31": "", "2005-12-31": ""}, "Pre-Paid Expenses": {"2020-12-31": "", "2019-12-31": "", "2018-12-31": "", "2017-12-31": "", "2016-12-31": "", "2015-12-31": "", "2014-12-31": "", "2013-12-31": "", "2012-12-31": "", "2011-12-31": "", "2010-12-31": "", "2009-12-31": "", "2008-12-31": "", "2007-12-31": "", "2006-12-31": "", "2005-12-31": ""}, "Other Current Assets": {"2020-12-31": "", "2019-12-31": "", "2018-12-31": "", "2017-12-31": "", "2016-12-31": "", "2015-12-31": "", "2014-12-31": "", "2013-12-31": "", "2012-12-31": "", "2011-12-31": "", "2010-12-31": "", "2009-12-31": "", "2008-12-31": "", "2007-12-31": "", "2006-12-31": "", "2005-12-31": ""}, "Total Current Assets": {"2020-12-31": "361734.00000", "2019-12-31": "320065.00000", "2018-12-31": "306346.00000", "2017-12-31": "299566.00000", "2016-12-31": "289925.00000", "2015-12-31": "271317.00000", "2014-12-31": "259258.00000", "2013-12-31": "242730.00000", "2012-12-31": "235133.00000", "2011-12-31": "226200.00000", "2010-12-31": "214609.00000", "2009-12-31": "200654.00000", "2008-12-31": "191784.00000", "2007-12-31": "165472.00000", "2006-12-31": "153470.00000", "2005-12-31": "145455.00000"}, "Property, Plant, And Equipment": {"2020-12-31": "3468.00000", "2019-12-31": "3702.00000", "2018-12-31": "2457.00000", "2017-12-31": "2432.00000", "2016-12-31": "2443.00000", "2015-12-31": "2513.00000", "2014-12-31": "2618.00000", "2013-12-31": "2606.00000", "2012-12-31": "2670.00000", "2011-12-31": "2657.00000", "2010-12-31": "2487.00000", "2009-12-31": "2263.00000", "2008-12-31": "1790.00000", "2007-12-31": "1779.00000", "2006-12-31": "1835.00000", "2005-12-31": "1841.00000"}, "Long-Term Investments": {"2020-12-31": "136840.00000", "2019-12-31": "122613.00000", "2018-12-31": "112165.00000", "2017-12-31": "112499.00000", "2016-12-31": "109275.00000", "2015-12-31": "105587.00000", "2014-12-31": "101043.00000", "2013-12-31": "79855.00000", "2012-12-31": "74528.00000", "2011-12-31": "70814.00000", "2010-12-31": "52978.00000", "2009-12-31": "44768.00000", "2008-12-31": "39521.00000", "2007-12-31": "43116.00000", "2006-12-31": "40117.00000", "2005-12-31": "39768.00000"}, "Goodwill And Intangible Assets": {"2020-12-31": "12782.00000", "2019-12-31": "12878.00000", "2018-12-31": "12761.00000", "2017-12-31": "12662.00000", "2016-12-31": "12647.00000", "2015-12-31": "12711.00000", "2014-12-31": "12551.00000", "2013-12-31": "12734.00000", "2012-12-31": "11849.00000", "2011-12-31": "11663.00000", "2010-12-31": "12167.00000", "2009-12-31": "12417.00000", "2008-12-31": "11405.00000", "2007-12-31": "10690.00000", "2006-12-31": "10765.00000", "2005-12-31": "9879.00000"}, "Other Long-Term Assets": {"2020-12-31": "39081.00000", "2019-12-31": "36168.00000", "2018-12-31": "33645.00000", "2017-12-31": "34881.00000", "2016-12-31": "31674.00000", "2015-12-31": "29725.00000", "2014-12-31": "27059.00000", "2013-12-31": "26096.00000", "2012-12-31": "29675.00000", "2011-12-31": "28788.00000", "2010-12-31": "25545.00000", "2009-12-31": "21074.00000", "2008-12-31": "21412.00000", "2007-12-31": "16558.00000", "2006-12-31": "13045.00000", "2005-12-31": "12522.00000"}, "Total Long-Term Assets": {"2020-12-31": "192171.00000", "2019-12-31": "175361.00000", "2018-12-31": "161028.00000", "2017-12-31": "162474.00000", "2016-12-31": "156039.00000", "2015-12-31": "150536.00000", "2014-12-31": "143271.00000", "2013-12-31": "121291.00000", "2012-12-31": "118722.00000", "2011-12-31": "113922.00000", "2010-12-31": "93177.00000", "2009-12-31": "80522.00000", "2008-12-31": "74128.00000", "2007-12-31": "72143.00000", "2006-12-31": "65762.00000", "2005-12-31": "64010.00000"}, "Total Assets": {"2020-12-31": "553905.00000", "2019-12-31": "495426.00000", "2018-12-31": "467374.00000", "2017-12-31": "462040.00000", "2016-12-31": "445964.00000", "2015-12-31": "421853.00000", "2014-12-31": "402529.00000", "2013-12-31": "364021.00000", "2012-12-31": "353855.00000", "2011-12-31": "340122.00000", "2010-12-31": "307786.00000", "2009-12-31": "281176.00000", "2008-12-31": "265912.00000", "2007-12-31": "237615.00000", "2006-12-31": "219232.00000", "2005-12-31": "209465.00000"}, "Total Current Liabilities": {"2020-12-31": "441536.00000", "2019-12-31": "385639.00000", "2018-12-31": "359614.00000", "2017-12-31": "363866.00000", "2016-12-31": "348553.00000", "2015-12-31": "328277.00000", "2014-12-31": "312626.00000", "2013-12-31": "289731.00000", "2012-12-31": "275485.00000", "2011-12-31": "261353.00000", "2010-12-31": "236809.00000", "2009-12-31": "214554.00000", "2008-12-31": "193333.00000", "2007-12-31": "163815.00000", "2006-12-31": "151815.00000", "2005-12-31": "144909.00000"}, "Long Term Debt": {"2020-12-31": "41297.00000", "2019-12-31": "40167.00000", "2018-12-31": "41340.00000", "2017-12-31": "32259.00000", "2016-12-31": "33323.00000", "2015-12-31": "32078.00000", "2014-12-31": "32260.00000", "2013-12-31": "20049.00000", "2012-12-31": "25516.00000", "2011-12-31": "31953.00000", "2010-12-31": "31537.00000", "2009-12-31": "32580.00000", "2008-12-31": "38359.00000", "2007-12-31": "43440.00000", "2006-12-31": "37602.00000", "2005-12-31": "37069.00000"}, "Other Non-Current Liabilities": {"2020-12-31": "17347.00000", "2019-12-31": "17137.00000", "2018-12-31": "14763.00000", "2017-12-31": "16249.00000", "2016-12-31": "16155.00000", "2015-12-31": "14681.00000", "2014-12-31": "13475.00000", "2013-12-31": "12434.00000", "2012-12-31": "12587.00000", "2011-12-31": "11845.00000", "2010-12-31": "9118.00000", "2009-12-31": "7381.00000", "2008-12-31": "7187.00000", "2007-12-31": "9314.00000", "2006-12-31": "8618.00000", "2005-12-31": "7401.00000"}, "Total Long Term Liabilities": {"2020-12-31": "58644.00000", "2019-12-31": "57304.00000", "2018-12-31": "56103.00000", "2017-12-31": "48508.00000", "2016-12-31": "49478.00000", "2015-12-31": "46759.00000", "2014-12-31": "45735.00000", "2013-12-31": "32483.00000", "2012-12-31": "38103.00000", "2011-12-31": "43798.00000", "2010-12-31": "40655.00000", "2009-12-31": "39961.00000", "2008-12-31": "45546.00000", "2007-12-31": "52754.00000", "2006-12-31": "46220.00000", "2005-12-31": "44470.00000"}, "Total Liabilities": {"2020-12-31": "500180.00000", "2019-12-31": "442943.00000", "2018-12-31": "415717.00000", "2017-12-31": "412374.00000", "2016-12-31": "398031.00000", "2015-12-31": "375036.00000", "2014-12-31": "358361.00000", "2013-12-31": "322214.00000", "2012-12-31": "313588.00000", "2011-12-31": "305151.00000", "2010-12-31": "277464.00000", "2009-12-31": "254515.00000", "2008-12-31": "238879.00000", "2007-12-31": "216569.00000", "2006-12-31": "198035.00000", "2005-12-31": "189379.00000"}, "Common Stock Net": {"2020-12-31": "21.00000", "2019-12-31": "21.00000", "2018-12-31": "21.00000", "2017-12-31": "21.00000", "2016-12-31": "21.00000", "2015-12-31": "21.00000", "2014-12-31": "21.00000", "2013-12-31": "21.00000", "2012-12-31": "21.00000", "2011-12-31": "21.00000", "2010-12-31": "21.00000", "2009-12-31": "21.00000", "2008-12-31": "20.00000", "2007-12-31": "20.00000", "2006-12-31": "20.00000", "2005-12-31": "20.00000"}, "Retained Earnings (Accumulated Deficit)": {"2020-12-31": "64188.00000", "2019-12-31": "63186.00000", "2018-12-31": "59065.00000", "2017-12-31": "54142.00000", "2016-12-31": "50151.00000", "2015-12-31": "46377.00000", "2014-12-31": "42530.00000", "2013-12-31": "38667.00000", "2012-12-31": "34720.00000", "2011-12-31": "30785.00000", "2010-12-31": "27005.00000", "2009-12-31": "24116.00000", "2008-12-31": "22541.00000", "2007-12-31": "22693.00000", "2006-12-31": "21242.00000", "2005-12-31": "19001.00000"}, "Comprehensive Income": {"2020-12-31": "322.00000", "2019-12-31": "-1373.00000", "2018-12-31": "-2322.00000", "2017-12-31": "-1404.00000", "2016-12-31": "-1535.00000", "2015-12-31": "-1019.00000", "2014-12-31": "-896.00000", "2013-12-31": "-1071.00000", "2012-12-31": "-923.00000", "2011-12-31": "-1200.00000", "2010-12-31": "-1469.00000", "2009-12-31": "-1484.00000", "2008-12-31": "-3363.00000", "2007-12-31": "-936.00000", "2006-12-31": "-736.00000", "2005-12-31": "-429.00000"}, "Other Share Holders Equity": {"2020-12-31": "", "2019-12-31": "", "2018-12-31": "", "2017-12-31": "", "2016-12-31": "", "2015-12-31": "", "2014-12-31": "", "2013-12-31": "", "2012-12-31": "", "2011-12-31": "", "2010-12-31": "", "2009-12-31": "", "2008-12-31": "", "2007-12-31": "", "2006-12-31": "", "2005-12-31": ""}, "Share Holder Equity": {"2020-12-31": "53725.00000", "2019-12-31": "52483.00000", "2018-12-31": "51657.00000", "2017-12-31": "49666.00000", "2016-12-31": "47933.00000", "2015-12-31": "46817.00000", "2014-12-31": "44168.00000", "2013-12-31": "41807.00000", "2012-12-31": "40267.00000", "2011-12-31": "34971.00000", "2010-12-31": "30322.00000", "2009-12-31": "26661.00000", "2008-12-31": "27033.00000", "2007-12-31": "21046.00000", "2006-12-31": "21197.00000", "2005-12-31": "20086.00000"}, "Total Liabilities And Share Holders Equity": {"2020-12-31": "553905.00000", "2019-12-31": "495426.00000", "2018-12-31": "467374.00000", "2017-12-31": "462040.00000", "2016-12-31": "445964.00000", "2015-12-31": "421853.00000", "2014-12-31": "402529.00000", "2013-12-31": "364021.00000", "2012-12-31": "353855.00000", "2011-12-31": "340122.00000", "2010-12-31": "307786.00000", "2009-12-31": "281176.00000", "2008-12-31": "265912.00000", "2007-12-31": "237615.00000", "2006-12-31": "219232.00000", "2005-12-31": "209465.00000"}}, "balance sheet, quarterly": {"Cash On Hand": {"2020-12-31": "62580.00000", "2020-09-30": "44047.00000", "2020-06-30": "52392.00000", "2020-03-31": "46805.00000", "2019-12-31": "22405.00000", "2019-09-30": "15272.00000", "2019-06-30": "16932.00000", "2019-03-31": "18115.00000", "2018-12-31": "21453.00000", "2018-09-30": "20082.00000", "2018-06-30": "19021.00000", "2018-03-31": "19246.00000", "2017-12-31": "19505.00000", "2017-09-30": "20540.00000", "2017-06-30": "28964.00000", "2017-03-31": "20319.00000", "2016-12-31": "15705.00000", "2016-09-30": "23664.00000", "2016-06-30": "14038.00000", "2016-03-31": "10981.00000", "2015-12-31": "11147.00000", "2015-09-30": "10450.00000", "2015-06-30": "17925.00000", "2015-03-31": "14072.00000", "2014-12-31": "10654.00000", "2014-09-30": "6183.00000", "2014-06-30": "12636.00000", "2014-03-31": "7408.00000", "2013-12-31": "8477.00000", "2013-09-30": "11615.00000", "2013-06-30": "6618.00000", "2013-03-31": "6932.00000", "2012-12-31": "8252.00000", "2012-09-30": "9382.00000", "2012-06-30": "15403.00000", "2012-03-31": "9561.00000", "2011-12-31": "13962.00000", "2011-09-30": "13708.00000", "2011-06-30": "15250.00000", "2011-03-31": "13800.00000", "2010-12-31": "14487.00000", "2010-09-30": "4470.00000", "2010-06-30": "5033.00000", "2010-03-31": "8380.00000", "2009-12-31": "6206.00000", "2009-09-30": "5016.00000", "2009-06-30": "6381.00000", "2009-03-31": "6154.00000", "2008-12-31": "6859.00000", "2008-09-30": "7118.00000", "2008-06-30": "7956.00000", "2008-03-31": "7323.00000", "2007-12-31": "8884.00000", "2007-09-30": "6636.00000", "2007-06-30": "6534.00000", "2007-03-31": "6287.00000", "2006-12-31": "8639.00000", "2006-09-30": "6355.00000", "2006-06-30": "7234.00000", "2006-03-31": "7050.00000", "2005-12-31": "8004.00000", "2005-09-30": "6918.00000", "2005-06-30": "6442.00000", "2005-03-31": "5881.00000"}, "Receivables": {"2020-12-31": "", "2020-09-30": "", "2020-06-30": "", "2020-03-31": "", "2019-12-31": "", "2019-09-30": "", "2019-06-30": "", "2019-03-31": "", "2018-12-31": "", "2018-09-30": "", "2018-06-30": "", "2018-03-31": "", "2017-12-31": "", "2017-09-30": "", "2017-06-30": "", "2017-03-31": "", "2016-12-31": "", "2016-09-30": "", "2016-06-30": "", "2016-03-31": "", "2015-12-31": "", "2015-09-30": "", "2015-06-30": "", "2015-03-31": "", "2014-12-31": "", "2014-09-30": "", "2014-06-30": "", "2014-03-31": "", "2013-12-31": "", "2013-09-30": "", "2013-06-30": "", "2013-03-31": "", "2012-12-31": "", "2012-09-30": "", "2012-06-30": "", "2012-03-31": "", "2011-12-31": "", "2011-09-30": "", "2011-06-30": "", "2011-03-31": "", "2010-12-31": "", "2010-09-30": "", "2010-06-30": "", "2010-03-31": "", "2009-12-31": "", "2009-09-30": "", "2009-06-30": "", "2009-03-31": "", "2008-12-31": "", "2008-09-30": "", "2008-06-30": "", "2008-03-31": "", "2007-12-31": "", "2007-09-30": "", "2007-06-30": "", "2007-03-31": "", "2006-12-31": "", "2006-09-30": "", "2006-06-30": "", "2006-03-31": "", "2005-12-31": "", "2005-09-30": "", "2005-06-30": "", "2005-03-31": ""}, "Inventory": {"2020-12-31": "", "2020-09-30": "", "2020-06-30": "", "2020-03-31": "", "2019-12-31": "", "2019-09-30": "", "2019-06-30": "", "2019-03-31": "", "2018-12-31": "", "2018-09-30": "", "2018-06-30": "", "2018-03-31": "", "2017-12-31": "", "2017-09-30": "", "2017-06-30": "", "2017-03-31": "", "2016-12-31": "", "2016-09-30": "", "2016-06-30": "", "2016-03-31": "", "2015-12-31": "", "2015-09-30": "", "2015-06-30": "", "2015-03-31": "", "2014-12-31": "", "2014-09-30": "", "2014-06-30": "", "2014-03-31": "", "2013-12-31": "", "2013-09-30": "", "2013-06-30": "", "2013-03-31": "", "2012-12-31": "", "2012-09-30": "", "2012-06-30": "", "2012-03-31": "", "2011-12-31": "", "2011-09-30": "", "2011-06-30": "", "2011-03-31": "", "2010-12-31": "", "2010-09-30": "", "2010-06-30": "", "2010-03-31": "", "2009-12-31": "", "2009-09-30": "", "2009-06-30": "", "2009-03-31": "", "2008-12-31": "", "2008-09-30": "", "2008-06-30": "", "2008-03-31": "", "2007-12-31": "", "2007-09-30": "", "2007-06-30": "", "2007-03-31": "", "2006-12-31": "", "2006-09-30": "", "2006-06-30": "", "2006-03-31": "", "2005-12-31": "", "2005-09-30": "", "2005-06-30": "", "2005-03-31": ""}, "Pre-Paid Expenses": {"2020-12-31": "", "2020-09-30": "", "2020-06-30": "", "2020-03-31": "", "2019-12-31": "", "2019-09-30": "", "2019-06-30": "", "2019-03-31": "", "2018-12-31": "", "2018-09-30": "", "2018-06-30": "", "2018-03-31": "", "2017-12-31": "", "2017-09-30": "", "2017-06-30": "", "2017-03-31": "", "2016-12-31": "", "2016-09-30": "", "2016-06-30": "", "2016-03-31": "", "2015-12-31": "", "2015-09-30": "", "2015-06-30": "", "2015-03-31": "", "2014-12-31": "", "2014-09-30": "", "2014-06-30": "", "2014-03-31": "", "2013-12-31": "", "2013-09-30": "", "2013-06-30": "", "2013-03-31": "", "2012-12-31": "", "2012-09-30": "", "2012-06-30": "", "2012-03-31": "", "2011-12-31": "", "2011-09-30": "", "2011-06-30": "", "2011-03-31": "", "2010-12-31": "", "2010-09-30": "", "2010-06-30": "", "2010-03-31": "", "2009-12-31": "", "2009-09-30": "", "2009-06-30": "", "2009-03-31": "", "2008-12-31": "", "2008-09-30": "", "2008-06-30": "", "2008-03-31": "", "2007-12-31": "", "2007-09-30": "", "2007-06-30": "", "2007-03-31": "", "2006-12-31": "", "2006-09-30": "", "2006-06-30": "", "2006-03-31": "", "2005-12-31": "", "2005-09-30": "", "2005-06-30": "", "2005-03-31": ""}, "Other Current Assets": {"2020-12-31": "", "2020-09-30": "", "2020-06-30": "", "2020-03-31": "", "2019-12-31": "", "2019-09-30": "", "2019-06-30": "", "2019-03-31": "", "2018-12-31": "", "2018-09-30": "", "2018-06-30": "", "2018-03-31": "", "2017-12-31": "", "2017-09-30": "", "2017-06-30": "", "2017-03-31": "", "2016-12-31": "", "2016-09-30": "", "2016-06-30": "", "2016-03-31": "", "2015-12-31": "", "2015-09-30": "", "2015-06-30": "", "2015-03-31": "", "2014-12-31": "", "2014-09-30": "", "2014-06-30": "", "2014-03-31": "", "2013-12-31": "", "2013-09-30": "", "2013-06-30": "", "2013-03-31": "", "2012-12-31": "", "2012-09-30": "", "2012-06-30": "", "2012-03-31": "", "2011-12-31": "", "2011-09-30": "", "2011-06-30": "", "2011-03-31": "", "2010-12-31": "", "2010-09-30": "", "2010-06-30": "", "2010-03-31": "", "2009-12-31": "", "2009-09-30": "", "2009-06-30": "", "2009-03-31": "", "2008-12-31": "", "2008-09-30": "", "2008-06-30": "", "2008-03-31": "", "2007-12-31": "", "2007-09-30": "", "2007-06-30": "", "2007-03-31": "", "2006-12-31": "", "2006-09-30": "", "2006-06-30": "", "2006-03-31": "", "2005-12-31": "", "2005-09-30": "", "2005-06-30": "", "2005-03-31": ""}, "Total Current Assets": {"2020-12-31": "361734.00000", "2020-09-30": "351243.00000", "2020-06-30": "363522.00000", "2020-03-31": "363517.00000", "2019-12-31": "320065.00000", "2019-09-30": "310431.00000", "2019-06-30": "308760.00000", "2019-03-31": "304549.00000", "2018-12-31": "306346.00000", "2018-09-30": "302122.00000", "2018-06-30": "298534.00000", "2018-03-31": "298016.00000", "2017-12-31": "299566.00000", "2017-09-30": "299108.00000", "2017-06-30": "306052.00000", "2017-03-31": "292818.00000", "2016-12-31": "289925.00000", "2016-09-30": "296731.00000", "2016-06-30": "283064.00000", "2016-03-31": "275655.00000", "2015-12-31": "271317.00000", "2015-09-30": "265748.00000", "2015-06-30": "271049.00000", "2015-03-31": "263362.00000", "2014-12-31": "259258.00000", "2014-09-30": "251648.00000", "2014-06-30": "255396.00000", "2014-03-31": "243437.00000", "2013-12-31": "242730.00000", "2013-09-30": "242594.00000", "2013-06-30": "235047.00000", "2013-03-31": "233612.00000", "2012-12-31": "235133.00000", "2012-09-30": "232930.00000", "2012-06-30": "235176.00000", "2012-03-31": "222095.00000", "2011-12-31": "226200.00000", "2011-09-30": "218901.00000", "2011-06-30": "213604.00000", "2011-03-31": "210709.00000", "2010-12-31": "214609.00000", "2010-09-30": "202204.00000", "2010-06-30": "196209.00000", "2010-03-31": "198182.00000", "2009-12-31": "200654.00000", "2009-09-30": "189277.00000", "2009-06-30": "191686.00000", "2009-03-31": "191305.00000", "2008-12-31": "191784.00000", "2008-09-30": "177330.00000", "2008-06-30": "175116.00000", "2008-03-31": "168613.00000", "2007-12-31": "165472.00000", "2007-09-30": "158235.00000", "2007-06-30": "154766.00000", "2007-03-31": "153180.00000", "2006-12-31": "153470.00000", "2006-09-30": "151378.00000", "2006-06-30": "149166.00000", "2006-03-31": "145850.00000", "2005-12-31": "145455.00000", "2005-09-30": "143270.00000", "2005-06-30": "139633.00000", "2005-03-31": "134430.00000"}, "Property, Plant, And Equipment": {"2020-12-31": "3468.00000", "2020-09-30": "3516.00000", "2020-06-30": "3616.00000", "2020-03-31": "3660.00000", "2019-12-31": "3702.00000", "2019-09-30": "3673.00000", "2019-06-30": "3690.00000", "2019-03-31": "3686.00000", "2018-12-31": "2457.00000", "2018-09-30": "2438.00000", "2018-06-30": "2431.00000", "2018-03-31": "2441.00000", "2017-12-31": "2432.00000", "2017-09-30": "2402.00000", "2017-06-30": "2413.00000", "2017-03-31": "2432.00000", "2016-12-31": "2443.00000", "2016-09-30": "2449.00000", "2016-06-30": "2459.00000", "2016-03-31": "2486.00000", "2015-12-31": "2513.00000", "2015-09-30": "2515.00000", "2015-06-30": "2551.00000", "2015-03-31": "2575.00000", "2014-12-31": "2618.00000", "2014-09-30": "2608.00000", "2014-06-30": "2614.00000", "2014-03-31": "2589.00000", "2013-12-31": "2606.00000", "2013-09-30": "2608.00000", "2013-06-30": "2622.00000", "2013-03-31": "2656.00000", "2012-12-31": "2670.00000", "2012-09-30": "2650.00000", "2012-06-30": "2638.00000", "2012-03-31": "2623.00000", "2011-12-31": "2657.00000", "2011-09-30": "2581.00000", "2011-06-30": "2529.00000", "2011-03-31": "2508.00000", "2010-12-31": "2487.00000", "2010-09-30": "2304.00000", "2010-06-30": "2257.00000", "2010-03-31": "2246.00000", "2009-12-31": "2263.00000", "2009-09-30": "2251.00000", "2009-06-30": "2073.00000", "2009-03-31": "2057.00000", "2008-12-31": "1790.00000", "2008-09-30": "1775.00000", "2008-06-30": "1811.00000", "2008-03-31": "1805.00000", "2007-12-31": "1779.00000", "2007-09-30": "1779.00000", "2007-06-30": "1798.00000", "2007-03-31": "1818.00000", "2006-12-31": "1835.00000", "2006-09-30": "1835.00000", "2006-06-30": "1817.00000", "2006-03-31": "1817.00000", "2005-12-31": "1841.00000", "2005-09-30": "1850.00000", "2005-06-30": "1864.00000", "2005-03-31": "1877.00000"}, "Long-Term Investments": {"2020-12-31": "136840.00000", "2020-09-30": "134032.00000", "2020-06-30": "128120.00000", "2020-03-31": "123681.00000", "2019-12-31": "122613.00000", "2019-09-30": "121079.00000", "2019-06-30": "115580.00000", "2019-03-31": "114398.00000", "2018-12-31": "112165.00000", "2018-09-30": "110958.00000", "2018-06-30": "112402.00000", "2018-03-31": "111737.00000", "2017-12-31": "112499.00000", "2017-09-30": "111790.00000", "2017-06-30": "111114.00000", "2017-03-31": "110424.00000", "2016-12-31": "109275.00000", "2016-09-30": "110028.00000", "2016-06-30": "108520.00000", "2016-03-31": "107025.00000", "2015-12-31": "105587.00000", "2015-09-30": "105086.00000", "2015-06-30": "103311.00000", "2015-03-31": "102423.00000", "2014-12-31": "101043.00000", "2014-09-30": "96905.00000", "2014-06-30": "90384.00000", "2014-03-31": "85473.00000", "2013-12-31": "79855.00000", "2013-09-30": "76211.00000", "2013-06-30": "74975.00000", "2013-03-31": "75286.00000", "2012-12-31": "74528.00000", "2012-09-30": "74145.00000", "2012-06-30": "73948.00000", "2012-03-31": "74254.00000", "2011-12-31": "70814.00000", "2011-09-30": "68378.00000", "2011-06-30": "65579.00000", "2011-03-31": "60461.00000", "2010-12-31": "52978.00000", "2010-09-30": "48963.00000", "2010-06-30": "48367.00000", "2010-03-31": "46913.00000", "2009-12-31": "44768.00000", "2009-09-30": "42336.00000", "2009-06-30": "40805.00000", "2009-03-31": "39266.00000", "2008-12-31": "39521.00000", "2008-09-30": "39349.00000", "2008-06-30": "41122.00000", "2008-03-31": "41696.00000", "2007-12-31": "43116.00000", "2007-09-30": "40371.00000", "2007-06-30": "39514.00000", "2007-03-31": "40591.00000", "2006-12-31": "40117.00000", "2006-09-30": "39520.00000", "2006-06-30": "38462.00000", "2006-03-31": "39396.00000", "2005-12-31": "39768.00000", "2005-09-30": "41516.00000", "2005-06-30": "42299.00000", "2005-03-31": "43103.00000"}, "Goodwill And Intangible Assets": {"2020-12-31": "12782.00000", "2020-09-30": "12543.00000", "2020-06-30": "12360.00000", "2020-03-31": "12465.00000", "2019-12-31": "12878.00000", "2019-09-30": "12615.00000", "2019-06-30": "12709.00000", "2019-03-31": "12888.00000", "2018-12-31": "12761.00000", "2018-09-30": "13074.00000", "2018-06-30": "12840.00000", "2018-03-31": "12828.00000", "2017-12-31": "12662.00000", "2017-09-30": "12563.00000", "2017-06-30": "12577.00000", "2017-03-31": "12661.00000", "2016-12-31": "12647.00000", "2016-09-30": "12244.00000", "2016-06-30": "12211.00000", "2016-03-31": "12410.00000", "2015-12-31": "12711.00000", "2015-09-30": "12544.00000", "2015-06-30": "12599.00000", "2015-03-31": "12396.00000", "2014-12-31": "12551.00000", "2014-09-30": "12739.00000", "2014-06-30": "12759.00000", "2014-03-31": "12626.00000", "2013-12-31": "12734.00000", "2013-09-30": "12628.00000", "2013-06-30": "12443.00000", "2013-03-31": "12070.00000", "2012-12-31": "11849.00000", "2012-09-30": "11476.00000", "2012-06-30": "11646.00000", "2012-03-31": "11860.00000", "2011-12-31": "11663.00000", "2011-09-30": "11608.00000", "2011-06-30": "12216.00000", "2011-03-31": "12362.00000", "2010-12-31": "12167.00000", "2010-09-30": "11880.00000", "2010-06-30": "12070.00000", "2010-03-31": "12395.00000", "2009-12-31": "12417.00000", "2009-09-30": "11755.00000", "2009-06-30": "11412.00000", "2009-03-31": "11117.00000", "2008-12-31": "11405.00000", "2008-09-30": "11058.00000", "2008-06-30": "11164.00000", "2008-03-31": "10647.00000", "2007-12-31": "10690.00000", "2007-09-30": "10754.00000", "2007-06-30": "10945.00000", "2007-03-31": "10800.00000", "2006-12-31": "10765.00000", "2006-09-30": "10615.00000", "2006-06-30": "10441.00000", "2006-03-31": "10395.00000", "2005-12-31": "9879.00000", "2005-09-30": "8958.00000", "2005-06-30": "8956.00000", "2005-03-31": "8810.00000"}, "Other Long-Term Assets": {"2020-12-31": "39081.00000", "2020-09-30": "39121.00000", "2020-06-30": "39034.00000", "2020-03-31": "39586.00000", "2019-12-31": "36168.00000", "2019-09-30": "39873.00000", "2019-06-30": "40980.00000", "2019-03-31": "40254.00000", "2018-12-31": "33645.00000", "2018-09-30": "36015.00000", "2018-06-30": "35122.00000", "2018-03-31": "35097.00000", "2017-12-31": "34881.00000", "2017-09-30": "33364.00000", "2017-06-30": "31688.00000", "2017-03-31": "31187.00000", "2016-12-31": "31674.00000", "2016-09-30": "32682.00000", "2016-06-30": "32209.00000", "2016-03-31": "31062.00000", "2015-12-31": "29725.00000", "2015-09-30": "30050.00000", "2015-06-30": "29565.00000", "2015-03-31": "29477.00000", "2014-12-31": "27059.00000", "2014-09-30": "27384.00000", "2014-06-30": "27912.00000", "2014-03-31": "27164.00000", "2013-12-31": "26096.00000", "2013-09-30": "26640.00000", "2013-06-30": "28328.00000", "2013-03-31": "31823.00000", "2012-12-31": "29675.00000", "2012-09-30": "31052.00000", "2012-06-30": "29728.00000", "2012-03-31": "29930.00000", "2011-12-31": "28788.00000", "2011-09-30": "28673.00000", "2011-06-30": "26946.00000", "2011-03-31": "25422.00000", "2010-12-31": "25545.00000", "2010-09-30": "25303.00000", "2010-06-30": "24340.00000", "2010-03-31": "22692.00000", "2009-12-31": "21074.00000", "2009-09-30": "19439.00000", "2009-06-30": "19584.00000", "2009-03-31": "19879.00000", "2008-12-31": "21412.00000", "2008-09-30": "17543.00000", "2008-06-30": "17325.00000", "2008-03-31": "19020.00000", "2007-12-31": "16558.00000", "2007-09-30": "16489.00000", "2007-06-30": "15507.00000", "2007-03-31": "15059.00000", "2006-12-31": "13045.00000", "2006-09-30": "13507.00000", "2006-06-30": "13519.00000", "2006-03-31": "12449.00000", "2005-12-31": "12522.00000", "2005-09-30": "11301.00000", "2005-06-30": "11229.00000", "2005-03-31": "10246.00000"}, "Total Long-Term Assets": {"2020-12-31": "192171.00000", "2020-09-30": "189212.00000", "2020-06-30": "183130.00000", "2020-03-31": "179392.00000", "2019-12-31": "175361.00000", "2019-09-30": "177240.00000", "2019-06-30": "172959.00000", "2019-03-31": "171226.00000", "2018-12-31": "161028.00000", "2018-09-30": "162485.00000", "2018-06-30": "162795.00000", "2018-03-31": "162103.00000", "2017-12-31": "162474.00000", "2017-09-30": "160119.00000", "2017-06-30": "157792.00000", "2017-03-31": "156704.00000", "2016-12-31": "156039.00000", "2016-09-30": "157403.00000", "2016-06-30": "155399.00000", "2016-03-31": "152983.00000", "2015-12-31": "150536.00000", "2015-09-30": "150195.00000", "2015-06-30": "148026.00000", "2015-03-31": "146871.00000", "2014-12-31": "143271.00000", "2014-09-30": "139636.00000", "2014-06-30": "133669.00000", "2014-03-31": "127852.00000", "2013-12-31": "121291.00000", "2013-09-30": "118087.00000", "2013-06-30": "118368.00000", "2013-03-31": "121835.00000", "2012-12-31": "118722.00000", "2012-09-30": "119323.00000", "2012-06-30": "117960.00000", "2012-03-31": "118667.00000", "2011-12-31": "113922.00000", "2011-09-30": "111240.00000", "2011-06-30": "107270.00000", "2011-03-31": "100753.00000", "2010-12-31": "93177.00000", "2010-09-30": "88450.00000", "2010-06-30": "87034.00000", "2010-03-31": "84246.00000", "2009-12-31": "80522.00000", "2009-09-30": "75781.00000", "2009-06-30": "73874.00000", "2009-03-31": "72319.00000", "2008-12-31": "74128.00000", "2008-09-30": "69725.00000", "2008-06-30": "71422.00000", "2008-03-31": "73168.00000", "2007-12-31": "72143.00000", "2007-09-30": "69393.00000", "2007-06-30": "67764.00000", "2007-03-31": "68268.00000", "2006-12-31": "65762.00000", "2006-09-30": "65477.00000", "2006-06-30": "64239.00000", "2006-03-31": "64057.00000", "2005-12-31": "64010.00000", "2005-09-30": "63625.00000", "2005-06-30": "64348.00000", "2005-03-31": "64036.00000"}, "Total Assets": {"2020-12-31": "553905.00000", "2020-09-30": "540455.00000", "2020-06-30": "546652.00000", "2020-03-31": "542909.00000", "2019-12-31": "495426.00000", "2019-09-30": "487671.00000", "2019-06-30": "481719.00000", "2019-03-31": "475775.00000", "2018-12-31": "467374.00000", "2018-09-30": "464607.00000", "2018-06-30": "461329.00000", "2018-03-31": "460119.00000", "2017-12-31": "462040.00000", "2017-09-30": "459227.00000", "2017-06-30": "463844.00000", "2017-03-31": "449522.00000", "2016-12-31": "445964.00000", "2016-09-30": "454134.00000", "2016-06-30": "438463.00000", "2016-03-31": "428638.00000", "2015-12-31": "421853.00000", "2015-09-30": "415943.00000", "2015-06-30": "419075.00000", "2015-03-31": "410233.00000", "2014-12-31": "402529.00000", "2014-09-30": "391284.00000", "2014-06-30": "389065.00000", "2014-03-31": "371289.00000", "2013-12-31": "364021.00000", "2013-09-30": "360681.00000", "2013-06-30": "353415.00000", "2013-03-31": "355447.00000", "2012-12-31": "353855.00000", "2012-09-30": "352253.00000", "2012-06-30": "353136.00000", "2012-03-31": "340762.00000", "2011-12-31": "340122.00000", "2011-09-30": "330141.00000", "2011-06-30": "320874.00000", "2011-03-31": "311462.00000", "2010-12-31": "307786.00000", "2010-09-30": "290654.00000", "2010-06-30": "283243.00000", "2010-03-31": "282428.00000", "2009-12-31": "281176.00000", "2009-09-30": "265058.00000", "2009-06-30": "265560.00000", "2009-03-31": "263624.00000", "2008-12-31": "265912.00000", "2008-09-30": "247055.00000", "2008-06-30": "246538.00000", "2008-03-31": "241781.00000", "2007-12-31": "237615.00000", "2007-09-30": "227628.00000", "2007-06-30": "222530.00000", "2007-03-31": "221448.00000", "2006-12-31": "219232.00000", "2006-09-30": "216855.00000", "2006-06-30": "213405.00000", "2006-03-31": "209907.00000", "2005-12-31": "209465.00000", "2005-09-30": "206895.00000", "2005-06-30": "203981.00000", "2005-03-31": "198466.00000"}, "Total Current Liabilities": {"2020-12-31": "441536.00000", "2020-09-30": "426940.00000", "2020-06-30": "433901.00000", "2020-03-31": "421198.00000", "2019-12-31": "385639.00000", "2019-09-30": "374294.00000", "2019-06-30": "368209.00000", "2019-03-31": "363483.00000", "2018-12-31": "359614.00000", "2018-09-30": "355046.00000", "2018-06-30": "358216.00000", "2018-03-31": "362229.00000", "2017-12-31": "363866.00000", "2017-09-30": "358445.00000", "2017-06-30": "361674.00000", "2017-03-31": "349056.00000", "2016-12-31": "348553.00000", "2016-09-30": "350290.00000", "2016-06-30": "336023.00000", "2016-03-31": "330125.00000", "2015-12-31": "328277.00000", "2015-09-30": "322179.00000", "2015-06-30": "324632.00000", "2015-03-31": "314827.00000", "2014-12-31": "312626.00000", "2014-09-30": "303142.00000", "2014-06-30": "305363.00000", "2014-03-31": "291393.00000", "2013-12-31": "289731.00000", "2013-09-30": "287844.00000", "2013-06-30": "277747.00000", "2013-03-31": "275138.00000", "2012-12-31": "275485.00000", "2012-09-30": "272085.00000", "2012-06-30": "272000.00000", "2012-03-31": "261007.00000", "2011-12-31": "261353.00000", "2011-09-30": "254661.00000", "2011-06-30": "244537.00000", "2011-03-31": "239314.00000", "2010-12-31": "236809.00000", "2010-09-30": "221747.00000", "2010-06-30": "216920.00000", "2010-03-31": "215235.00000", "2009-12-31": "214554.00000", "2009-09-30": "197921.00000", "2009-06-30": "193581.00000", "2009-03-31": "188573.00000", "2008-12-31": "193333.00000", "2008-09-30": "176927.00000", "2008-06-30": "176238.00000", "2008-03-31": "174662.00000", "2007-12-31": "163815.00000", "2007-09-30": "151616.00000", "2007-06-30": "146862.00000", "2007-03-31": "146576.00000", "2006-12-31": "151815.00000", "2006-09-30": "145744.00000", "2006-06-30": "143289.00000", "2006-03-31": "142395.00000", "2005-12-31": "144909.00000", "2005-09-30": "143941.00000", "2005-06-30": "142352.00000", "2005-03-31": "134082.00000"}, "Long Term Debt": {"2020-12-31": "41297.00000", "2020-09-30": "42443.00000", "2020-06-30": "42579.00000", "2020-03-31": "52298.00000", "2019-12-31": "40167.00000", "2019-09-30": "41274.00000", "2019-06-30": "41008.00000", "2019-03-31": "40680.00000", "2018-12-31": "41340.00000", "2018-09-30": "40894.00000", "2018-06-30": "37172.00000", "2018-03-31": "33201.00000", "2017-12-31": "32259.00000", "2017-09-30": "34515.00000", "2017-06-30": "37814.00000", "2017-03-31": "35948.00000", "2016-12-31": "33323.00000", "2016-09-30": "37978.00000", "2016-06-30": "36941.00000", "2016-03-31": "34872.00000", "2015-12-31": "32078.00000", "2015-09-30": "32504.00000", "2015-06-30": "34141.00000", "2015-03-31": "35104.00000", "2014-12-31": "32260.00000", "2014-09-30": "30768.00000", "2014-06-30": "25891.00000", "2014-03-31": "23774.00000", "2013-12-31": "20049.00000", "2013-09-30": "18750.00000", "2013-06-30": "19724.00000", "2013-03-31": "25239.00000", "2012-12-31": "25516.00000", "2012-09-30": "26264.00000", "2012-06-30": "28821.00000", "2012-03-31": "30395.00000", "2011-12-31": "31953.00000", "2011-09-30": "30624.00000", "2011-06-30": "32830.00000", "2011-03-31": "31775.00000", "2010-12-31": "31537.00000", "2010-09-30": "30353.00000", "2010-06-30": "29137.00000", "2010-03-31": "32399.00000", "2009-12-31": "32580.00000", "2009-09-30": "33249.00000", "2009-06-30": "39196.00000", "2009-03-31": "38825.00000", "2008-12-31": "38359.00000", "2008-09-30": "40110.00000", "2008-06-30": "39943.00000", "2008-03-31": "36229.00000", "2007-12-31": "43440.00000", "2007-09-30": "45241.00000", "2007-06-30": "45946.00000", "2007-03-31": "44698.00000", "2006-12-31": "37602.00000", "2006-09-30": "41230.00000", "2006-06-30": "41952.00000", "2006-03-31": "39327.00000", "2005-12-31": "37069.00000", "2005-09-30": "36257.00000", "2005-06-30": "34788.00000", "2005-03-31": "38071.00000"}, "Other Non-Current Liabilities": {"2020-12-31": "17347.00000", "2020-09-30": "17877.00000", "2020-06-30": "17692.00000", "2020-03-31": "17251.00000", "2019-12-31": "17137.00000", "2019-09-30": "17956.00000", "2019-06-30": "18962.00000", "2019-03-31": "18926.00000", "2018-12-31": "14763.00000", "2018-09-30": "17660.00000", "2018-06-30": "15684.00000", "2018-03-31": "14877.00000", "2017-12-31": "16249.00000", "2017-09-30": "16916.00000", "2017-06-30": "15407.00000", "2017-03-31": "16085.00000", "2016-12-31": "16155.00000", "2016-09-30": "17467.00000", "2016-06-30": "17470.00000", "2016-03-31": "16248.00000", "2015-12-31": "14681.00000", "2015-09-30": "15493.00000", "2015-06-30": "15071.00000", "2015-03-31": "15337.00000", "2014-12-31": "13475.00000", "2014-09-30": "13545.00000", "2014-06-30": "14425.00000", "2014-03-31": "13379.00000", "2013-12-31": "12434.00000", "2013-09-30": "12535.00000", "2013-06-30": "14894.00000", "2013-03-31": "14223.00000", "2012-12-31": "12587.00000", "2012-09-30": "14079.00000", "2012-06-30": "13441.00000", "2012-03-31": "12446.00000", "2011-12-31": "11845.00000", "2011-09-30": "10646.00000", "2011-06-30": "10166.00000", "2011-03-31": "9038.00000", "2010-12-31": "9118.00000", "2010-09-30": "8611.00000", "2010-06-30": "8246.00000", "2010-03-31": "7406.00000", "2009-12-31": "7381.00000", "2009-09-30": "8008.00000", "2009-06-30": "7897.00000", "2009-03-31": "8284.00000", "2008-12-31": "7187.00000", "2008-09-30": "8343.00000", "2008-06-30": "8529.00000", "2008-03-31": "9318.00000", "2007-12-31": "9314.00000", "2007-09-30": "10005.00000", "2007-06-30": "9392.00000", "2007-03-31": "9374.00000", "2006-12-31": "8618.00000", "2006-09-30": "8955.00000", "2006-06-30": "7749.00000", "2006-03-31": "7929.00000", "2005-12-31": "7401.00000", "2005-09-30": "6833.00000", "2005-06-30": "6940.00000", "2005-03-31": "7105.00000"}, "Total Long Term Liabilities": {"2020-12-31": "58644.00000", "2020-09-30": "60320.00000", "2020-06-30": "60271.00000", "2020-03-31": "69549.00000", "2019-12-31": "57304.00000", "2019-09-30": "59230.00000", "2019-06-30": "59970.00000", "2019-03-31": "59606.00000", "2018-12-31": "56103.00000", "2018-09-30": "58554.00000", "2018-06-30": "52856.00000", "2018-03-31": "48078.00000", "2017-12-31": "48508.00000", "2017-09-30": "51431.00000", "2017-06-30": "53221.00000", "2017-03-31": "52033.00000", "2016-12-31": "49478.00000", "2016-09-30": "55445.00000", "2016-06-30": "54411.00000", "2016-03-31": "51120.00000", "2015-12-31": "46759.00000", "2015-09-30": "47997.00000", "2015-06-30": "49212.00000", "2015-03-31": "50441.00000", "2014-12-31": "45735.00000", "2014-09-30": "44313.00000", "2014-06-30": "40316.00000", "2014-03-31": "37153.00000", "2013-12-31": "32483.00000", "2013-09-30": "31285.00000", "2013-06-30": "34618.00000", "2013-03-31": "39462.00000", "2012-12-31": "38103.00000", "2012-09-30": "40343.00000", "2012-06-30": "42262.00000", "2012-03-31": "42841.00000", "2011-12-31": "43798.00000", "2011-09-30": "41270.00000", "2011-06-30": "42996.00000", "2011-03-31": "40813.00000", "2010-12-31": "40655.00000", "2010-09-30": "38964.00000", "2010-06-30": "37383.00000", "2010-03-31": "39805.00000", "2009-12-31": "39961.00000", "2009-09-30": "41257.00000", "2009-06-30": "47093.00000", "2009-03-31": "47109.00000", "2008-12-31": "45546.00000", "2008-09-30": "48453.00000", "2008-06-30": "48472.00000", "2008-03-31": "45547.00000", "2007-12-31": "52754.00000", "2007-09-30": "55246.00000", "2007-06-30": "55338.00000", "2007-03-31": "54072.00000", "2006-12-31": "46220.00000", "2006-09-30": "50185.00000", "2006-06-30": "49701.00000", "2006-03-31": "47256.00000", "2005-12-31": "44470.00000", "2005-09-30": "43090.00000", "2005-06-30": "41728.00000", "2005-03-31": "45176.00000"}, "Total Liabilities": {"2020-12-31": "500180.00000", "2020-09-30": "487260.00000", "2020-06-30": "494172.00000", "2020-03-31": "490747.00000", "2019-12-31": "442943.00000", "2019-09-30": "433524.00000", "2019-06-30": "428179.00000", "2019-03-31": "423089.00000", "2018-12-31": "415717.00000", "2018-09-30": "413600.00000", "2018-06-30": "411072.00000", "2018-03-31": "410307.00000", "2017-12-31": "412374.00000", "2017-09-30": "409876.00000", "2017-06-30": "414895.00000", "2017-03-31": "401089.00000", "2016-12-31": "398031.00000", "2016-09-30": "405735.00000", "2016-06-30": "390434.00000", "2016-03-31": "381245.00000", "2015-12-31": "375036.00000", "2015-09-30": "370176.00000", "2015-06-30": "373844.00000", "2015-03-31": "365268.00000", "2014-12-31": "358361.00000", "2014-09-30": "347455.00000", "2014-06-30": "345679.00000", "2014-03-31": "328546.00000", "2013-12-31": "322214.00000", "2013-09-30": "319129.00000", "2013-06-30": "312365.00000", "2013-03-31": "314600.00000", "2012-12-31": "313588.00000", "2012-09-30": "312428.00000", "2012-06-30": "314262.00000", "2012-03-31": "303848.00000", "2011-12-31": "305151.00000", "2011-09-30": "295931.00000", "2011-06-30": "287533.00000", "2011-03-31": "280127.00000", "2010-12-31": "277464.00000", "2010-09-30": "260711.00000", "2010-06-30": "254303.00000", "2010-03-31": "255040.00000", "2009-12-31": "254515.00000", "2009-09-30": "239178.00000", "2009-06-30": "240674.00000", "2009-03-31": "235682.00000", "2008-12-31": "238879.00000", "2008-09-30": "225380.00000", "2008-06-30": "224710.00000", "2008-03-31": "220209.00000", "2007-12-31": "216569.00000", "2007-09-30": "206862.00000", "2007-06-30": "202200.00000", "2007-03-31": "200648.00000", "2006-12-31": "198035.00000", "2006-09-30": "195929.00000", "2006-06-30": "192990.00000", "2006-03-31": "189651.00000", "2005-12-31": "189379.00000", "2005-09-30": "187031.00000", "2005-06-30": "184080.00000", "2005-03-31": "179258.00000"}, "Common Stock Net": {"2020-12-31": "21.00000", "2020-09-30": "21.00000", "2020-06-30": "21.00000", "2020-03-31": "21.00000", "2019-12-31": "21.00000", "2019-09-30": "21.00000", "2019-06-30": "21.00000", "2019-03-31": "21.00000", "2018-12-31": "21.00000", "2018-09-30": "21.00000", "2018-06-30": "21.00000", "2018-03-31": "21.00000", "2017-12-31": "21.00000", "2017-09-30": "21.00000", "2017-06-30": "21.00000", "2017-03-31": "21.00000", "2016-12-31": "21.00000", "2016-09-30": "21.00000", "2016-06-30": "21.00000", "2016-03-31": "21.00000", "2015-12-31": "21.00000", "2015-09-30": "21.00000", "2015-06-30": "21.00000", "2015-03-31": "21.00000", "2014-12-31": "21.00000", "2014-09-30": "21.00000", "2014-06-30": "21.00000", "2014-03-31": "21.00000", "2013-12-31": "21.00000", "2013-09-30": "21.00000", "2013-06-30": "21.00000", "2013-03-31": "21.00000", "2012-12-31": "21.00000", "2012-09-30": "21.00000", "2012-06-30": "21.00000", "2012-03-31": "21.00000", "2011-12-31": "21.00000", "2011-09-30": "21.00000", "2011-06-30": "21.00000", "2011-03-31": "21.00000", "2010-12-31": "21.00000", "2010-09-30": "21.00000", "2010-06-30": "21.00000", "2010-03-31": "21.00000", "2009-12-31": "21.00000", "2009-09-30": "21.00000", "2009-06-30": "21.00000", "2009-03-31": "20.00000", "2008-12-31": "20.00000", "2008-09-30": "20.00000", "2008-06-30": "20.00000", "2008-03-31": "20.00000", "2007-12-31": "20.00000", "2007-09-30": "20.00000", "2007-06-30": "20.00000", "2007-03-31": "20.00000", "2006-12-31": "20.00000", "2006-09-30": "20.00000", "2006-06-30": "20.00000", "2006-03-31": "20.00000", "2005-12-31": "20.00000", "2005-09-30": "20.00000", "2005-06-30": "20.00000", "2005-03-31": "20.00000"}, "Retained Earnings (Accumulated Deficit)": {"2020-12-31": "64188.00000", "2020-09-30": "63391.00000", "2020-06-30": "62526.00000", "2020-03-31": "62544.00000", "2019-12-31": "63186.00000", "2019-09-30": "62419.00000", "2019-06-30": "61252.00000", "2019-03-31": "60092.00000", "2018-12-31": "59065.00000", "2018-09-30": "57878.00000", "2018-06-30": "56742.00000", "2018-03-31": "55549.00000", "2017-12-31": "54142.00000", "2017-09-30": "53023.00000", "2017-06-30": "52033.00000", "2017-03-31": "51069.00000", "2016-12-31": "50151.00000", "2016-09-30": "49231.00000", "2016-06-30": "48269.00000", "2016-03-31": "47267.00000", "2015-12-31": "46377.00000", "2015-09-30": "45413.00000", "2015-06-30": "44434.00000", "2015-03-31": "43463.00000", "2014-12-31": "42530.00000", "2014-09-30": "41543.00000", "2014-06-30": "40573.00000", "2014-03-31": "39584.00000", "2013-12-31": "38667.00000", "2013-09-30": "37692.00000", "2013-06-30": "36707.00000", "2013-03-31": "35720.00000", "2012-12-31": "34720.00000", "2012-09-30": "33730.00000", "2012-06-30": "32687.00000", "2012-03-31": "31705.00000", "2011-12-31": "30785.00000", "2011-09-30": "29704.00000", "2011-06-30": "28701.00000", "2011-03-31": "27769.00000", "2010-12-31": "27005.00000", "2010-09-30": "26147.00000", "2010-06-30": "25367.00000", "2010-03-31": "24597.00000", "2009-12-31": "24116.00000", "2009-09-30": "23629.00000", "2009-06-30": "23140.00000", "2009-03-31": "23015.00000", "2008-12-31": "22541.00000", "2008-09-30": "23032.00000", "2008-06-30": "23220.00000", "2008-03-31": "23033.00000", "2007-12-31": "22693.00000", "2007-09-30": "22580.00000", "2007-06-30": "22110.00000", "2007-03-31": "21660.00000", "2006-12-31": "21242.00000", "2006-09-30": "20770.00000", "2006-06-30": "20164.00000", "2006-03-31": "19568.00000", "2005-12-31": "19001.00000", "2005-09-30": "18457.00000", "2005-06-30": "17849.00000", "2005-03-31": "17276.00000"}, "Comprehensive Income": {"2020-12-31": "322.00000", "2020-09-30": "612.00000", "2020-06-30": "798.00000", "2020-03-31": "503.00000", "2019-12-31": "-1373.00000", "2019-09-30": "-1173.00000", "2019-06-30": "-1344.00000", "2019-03-31": "-1773.00000", "2018-12-31": "-2322.00000", "2018-09-30": "-2573.00000", "2018-06-30": "-2315.00000", "2018-03-31": "-2193.00000", "2017-12-31": "-1404.00000", "2017-09-30": "-1219.00000", "2017-06-30": "-1246.00000", "2017-03-31": "-1439.00000", "2016-12-31": "-1535.00000", "2016-09-30": "-579.00000", "2016-06-30": "-562.00000", "2016-03-31": "-744.00000", "2015-12-31": "-1019.00000", "2015-09-30": "-721.00000", "2015-06-30": "-865.00000", "2015-03-31": "-714.00000", "2014-12-31": "-896.00000", "2014-09-30": "-636.00000", "2014-06-30": "-682.00000", "2014-03-31": "-850.00000", "2013-12-31": "-1071.00000", "2013-09-30": "-1351.00000", "2013-06-30": "-1288.00000", "2013-03-31": "-941.00000", "2012-12-31": "-923.00000", "2012-09-30": "-603.00000", "2012-06-30": "-830.00000", "2012-03-31": "-944.00000", "2011-12-31": "-1200.00000", "2011-09-30": "-930.00000", "2011-06-30": "-977.00000", "2011-03-31": "-1339.00000", "2010-12-31": "-1469.00000", "2010-09-30": "-894.00000", "2010-06-30": "-1060.00000", "2010-03-31": "-1267.00000", "2009-12-31": "-1484.00000", "2009-09-30": "-1753.00000", "2009-06-30": "-2384.00000", "2009-03-31": "-2949.00000", "2008-12-31": "-3363.00000", "2008-09-30": "-1828.00000", "2008-06-30": "-1519.00000", "2008-03-31": "-1480.00000", "2007-12-31": "-936.00000", "2007-09-30": "-1028.00000", "2007-06-30": "-1072.00000", "2007-03-31": "-653.00000", "2006-12-31": "-736.00000", "2006-09-30": "-541.00000", "2006-06-30": "-1137.00000", "2006-03-31": "-757.00000", "2005-12-31": "-429.00000", "2005-09-30": "-208.00000", "2005-06-30": "113.00000", "2005-03-31": "-387.00000"}, "Other Share Holders Equity": {"2020-12-31": "", "2020-09-30": "", "2020-06-30": "", "2020-03-31": "", "2019-12-31": "", "2019-09-30": "", "2019-06-30": "", "2019-03-31": "", "2018-12-31": "", "2018-09-30": "", "2018-06-30": "", "2018-03-31": "", "2017-12-31": "", "2017-09-30": "", "2017-06-30": "", "2017-03-31": "", "2016-12-31": "", "2016-09-30": "", "2016-06-30": "", "2016-03-31": "", "2015-12-31": "", "2015-09-30": "", "2015-06-30": "", "2015-03-31": "", "2014-12-31": "", "2014-09-30": "", "2014-06-30": "", "2014-03-31": "", "2013-12-31": "", "2013-09-30": "", "2013-06-30": "", "2013-03-31": "", "2012-12-31": "", "2012-09-30": "", "2012-06-30": "", "2012-03-31": "", "2011-12-31": "", "2011-09-30": "", "2011-06-30": "", "2011-03-31": "", "2010-12-31": "", "2010-09-30": "", "2010-06-30": "", "2010-03-31": "", "2009-12-31": "", "2009-09-30": "", "2009-06-30": "", "2009-03-31": "", "2008-12-31": "", "2008-09-30": "", "2008-06-30": "", "2008-03-31": "", "2007-12-31": "", "2007-09-30": "", "2007-06-30": "", "2007-03-31": "", "2006-12-31": "", "2006-09-30": "", "2006-06-30": "", "2006-03-31": "", "2005-12-31": "", "2005-09-30": "", "2005-06-30": "", "2005-03-31": ""}, "Share Holder Equity": {"2020-12-31": "53725.00000", "2020-09-30": "53195.00000", "2020-06-30": "52480.00000", "2020-03-31": "52162.00000", "2019-12-31": "52483.00000", "2019-09-30": "54147.00000", "2019-06-30": "53540.00000", "2019-03-31": "52686.00000", "2018-12-31": "51657.00000", "2018-09-30": "51007.00000", "2018-06-30": "50257.00000", "2018-03-31": "49812.00000", "2017-12-31": "49666.00000", "2017-09-30": "49351.00000", "2017-06-30": "48949.00000", "2017-03-31": "48433.00000", "2016-12-31": "47933.00000", "2016-09-30": "48399.00000", "2016-06-30": "48029.00000", "2016-03-31": "47393.00000", "2015-12-31": "46817.00000", "2015-09-30": "45767.00000", "2015-06-30": "45231.00000", "2015-03-31": "44965.00000", "2014-12-31": "44168.00000", "2014-09-30": "43829.00000", "2014-06-30": "43386.00000", "2014-03-31": "42743.00000", "2013-12-31": "41807.00000", "2013-09-30": "41552.00000", "2013-06-30": "41050.00000", "2013-03-31": "40847.00000", "2012-12-31": "40267.00000", "2012-09-30": "39825.00000", "2012-06-30": "38874.00000", "2012-03-31": "36914.00000", "2011-12-31": "34971.00000", "2011-09-30": "34210.00000", "2011-06-30": "33341.00000", "2011-03-31": "31335.00000", "2010-12-31": "30322.00000", "2010-09-30": "29943.00000", "2010-06-30": "28940.00000", "2010-03-31": "27388.00000", "2009-12-31": "26661.00000", "2009-09-30": "25880.00000", "2009-06-30": "24886.00000", "2009-03-31": "27942.00000", "2008-12-31": "27033.00000", "2008-09-30": "21675.00000", "2008-06-30": "21828.00000", "2008-03-31": "21572.00000", "2007-12-31": "21046.00000", "2007-09-30": "20766.00000", "2007-06-30": "20330.00000", "2007-03-31": "20800.00000", "2006-12-31": "21197.00000", "2006-09-30": "20926.00000", "2006-06-30": "20415.00000", "2006-03-31": "20256.00000", "2005-12-31": "20086.00000", "2005-09-30": "19864.00000", "2005-06-30": "19901.00000", "2005-03-31": "19208.00000"}, "Total Liabilities And Share Holders Equity": {"2020-12-31": "553905.00000", "2020-09-30": "540455.00000", "2020-06-30": "546652.00000", "2020-03-31": "542909.00000", "2019-12-31": "495426.00000", "2019-09-30": "487671.00000", "2019-06-30": "481719.00000", "2019-03-31": "475775.00000", "2018-12-31": "467374.00000", "2018-09-30": "464607.00000", "2018-06-30": "461329.00000", "2018-03-31": "460119.00000", "2017-12-31": "462040.00000", "2017-09-30": "459227.00000", "2017-06-30": "463844.00000", "2017-03-31": "449522.00000", "2016-12-31": "445964.00000", "2016-09-30": "454134.00000", "2016-06-30": "438463.00000", "2016-03-31": "428638.00000", "2015-12-31": "421853.00000", "2015-09-30": "415943.00000", "2015-06-30": "419075.00000", "2015-03-31": "410233.00000", "2014-12-31": "402529.00000", "2014-09-30": "391284.00000", "2014-06-30": "389065.00000", "2014-03-31": "371289.00000", "2013-12-31": "364021.00000", "2013-09-30": "360681.00000", "2013-06-30": "353415.00000", "2013-03-31": "355447.00000", "2012-12-31": "353855.00000", "2012-09-30": "352253.00000", "2012-06-30": "353136.00000", "2012-03-31": "340762.00000", "2011-12-31": "340122.00000", "2011-09-30": "330141.00000", "2011-06-30": "320874.00000", "2011-03-31": "311462.00000", "2010-12-31": "307786.00000", "2010-09-30": "290654.00000", "2010-06-30": "283243.00000", "2010-03-31": "282428.00000", "2009-12-31": "281176.00000", "2009-09-30": "265058.00000", "2009-06-30": "265560.00000", "2009-03-31": "263624.00000", "2008-12-31": "265912.00000", "2008-09-30": "247055.00000", "2008-06-30": "246538.00000", "2008-03-31": "241781.00000", "2007-12-31": "237615.00000", "2007-09-30": "227628.00000", "2007-06-30": "222530.00000", "2007-03-31": "221448.00000", "2006-12-31": "219232.00000", "2006-09-30": "216855.00000", "2006-06-30": "213405.00000", "2006-03-31": "209907.00000", "2005-12-31": "209465.00000", "2005-09-30": "206895.00000", "2005-06-30": "203981.00000", "2005-03-31": "198466.00000"}}, "cash flow statement": {"Net Income/Loss": {"2020-12-31": "0.00000", "2019-12-31": "6914.00000", "2018-12-31": "7096.00000", "2017-12-31": "6218.00000", "2016-12-31": "5888.00000", "2015-12-31": "5879.00000", "2014-12-31": "5851.00000", "2013-12-31": "5836.00000", "2012-12-31": "5647.00000", "2011-12-31": "4872.00000", "2010-12-31": "3317.00000", "2009-12-31": "2205.00000", "2008-12-31": "2946.00000", "2007-12-31": "4324.00000", "2006-12-31": "4751.00000", "2005-12-31": "4489.00000"}, "Total Depreciation And Amortization - Cash Flow": {"2020-12-31": "", "2019-12-31": "502.00000", "2018-12-31": "467.00000", "2017-12-31": "468.00000", "2016-12-31": "470.00000", "2015-12-31": "481.00000", "2014-12-31": "501.00000", "2013-12-31": "520.00000", "2012-12-31": "561.00000", "2011-12-31": "565.00000", "2010-12-31": "596.00000", "2009-12-31": "607.00000", "2008-12-31": "573.00000", "2007-12-31": "619.00000", "2006-12-31": "588.00000", "2005-12-31": "689.00000"}, "Other Non-Cash Items": {"2020-12-31": "", "2019-12-31": "1035.00000", "2018-12-31": "869.00000", "2017-12-31": "888.00000", "2016-12-31": "707.00000", "2015-12-31": "729.00000", "2014-12-31": "634.00000", "2013-12-31": "1266.00000", "2012-12-31": "1640.00000", "2011-12-31": "3066.00000", "2010-12-31": "4015.00000", "2009-12-31": "3441.00000", "2008-12-31": "1247.00000", "2007-12-31": "125.00000", "2006-12-31": "-34.00000", "2005-12-31": "49.00000"}, "Total Non-Cash Items": {"2020-12-31": "", "2019-12-31": "1537.00000", "2018-12-31": "1336.00000", "2017-12-31": "1356.00000", "2016-12-31": "1177.00000", "2015-12-31": "1210.00000", "2014-12-31": "1135.00000", "2013-12-31": "1786.00000", "2012-12-31": "2201.00000", "2011-12-31": "3631.00000", "2010-12-31": "4611.00000", "2009-12-31": "4048.00000", "2008-12-31": "1820.00000", "2007-12-31": "744.00000", "2006-12-31": "554.00000", "2005-12-31": "738.00000"}, "Change In Accounts Receivable": {"2020-12-31": "", "2019-12-31": "-4020.00000", "2018-12-31": "1122.00000", "2017-12-31": "947.00000", "2016-12-31": "-2216.00000", "2015-12-31": "906.00000", "2014-12-31": "-1697.00000", "2013-12-31": "3939.00000", "2012-12-31": "-1806.00000", "2011-12-31": "868.00000", "2010-12-31": "-4182.00000", "2009-12-31": "-805.00000", "2008-12-31": "-123.00000", "2007-12-31": "-2006.00000", "2006-12-31": "-196.00000", "2005-12-31": "-564.00000"}, "Change In Inventories": {"2020-12-31": "", "2019-12-31": "", "2018-12-31": "", "2017-12-31": "", "2016-12-31": "", "2015-12-31": "", "2014-12-31": "", "2013-12-31": "", "2012-12-31": "", "2011-12-31": "", "2010-12-31": "", "2009-12-31": "", "2008-12-31": "", "2007-12-31": "", "2006-12-31": "", "2005-12-31": ""}, "Change In Accounts Payable": {"2020-12-31": "", "2019-12-31": "", "2018-12-31": "", "2017-12-31": "", "2016-12-31": "", "2015-12-31": "", "2014-12-31": "", "2013-12-31": "", "2012-12-31": "", "2011-12-31": "", "2010-12-31": "", "2009-12-31": "", "2008-12-31": "", "2007-12-31": "", "2006-12-31": "", "2005-12-31": ""}, "Change In Assets/Liabilities": {"2020-12-31": "", "2019-12-31": "", "2018-12-31": "", "2017-12-31": "", "2016-12-31": "", "2015-12-31": "", "2014-12-31": "", "2013-12-31": "", "2012-12-31": "", "2011-12-31": "", "2010-12-31": "", "2009-12-31": "", "2008-12-31": "", "2007-12-31": "", "2006-12-31": "", "2005-12-31": ""}, "Total Change In Assets/Liabilities": {"2020-12-31": "", "2019-12-31": "-4020.00000", "2018-12-31": "1122.00000", "2017-12-31": "947.00000", "2016-12-31": "-2216.00000", "2015-12-31": "906.00000", "2014-12-31": "-1697.00000", "2013-12-31": "3939.00000", "2012-12-31": "-1806.00000", "2011-12-31": "868.00000", "2010-12-31": "-4182.00000", "2009-12-31": "-805.00000", "2008-12-31": "-123.00000", "2007-12-31": "-2006.00000", "2006-12-31": "-196.00000", "2005-12-31": "-564.00000"}, "Cash Flow From Operating Activities": {"2020-12-31": "", "2019-12-31": "4889.00000", "2018-12-31": "10564.00000", "2017-12-31": "6472.00000", "2016-12-31": "5336.00000", "2015-12-31": "8782.00000", "2014-12-31": "5332.00000", "2013-12-31": "11446.00000", "2012-12-31": "7958.00000", "2011-12-31": "9820.00000", "2010-12-31": "5241.00000", "2009-12-31": "7600.00000", "2008-12-31": "5307.00000", "2007-12-31": "2904.00000", "2006-12-31": "5391.00000", "2005-12-31": "3477.00000"}, "Net Change In Property, Plant, And Equipment": {"2020-12-31": "", "2019-12-31": "", "2018-12-31": "", "2017-12-31": "", "2016-12-31": "", "2015-12-31": "", "2014-12-31": "", "2013-12-31": "", "2012-12-31": "", "2011-12-31": "", "2010-12-31": "", "2009-12-31": "", "2008-12-31": "", "2007-12-31": "", "2006-12-31": "", "2005-12-31": ""}, "Net Change In Intangible Assets": {"2020-12-31": "", "2019-12-31": "", "2018-12-31": "", "2017-12-31": "", "2016-12-31": "", "2015-12-31": "", "2014-12-31": "", "2013-12-31": "", "2012-12-31": "", "2011-12-31": "", "2010-12-31": "", "2009-12-31": "", "2008-12-31": "", "2007-12-31": "", "2006-12-31": "", "2005-12-31": ""}, "Net Acquisitions/Divestitures": {"2020-12-31": "", "2019-12-31": "", "2018-12-31": "", "2017-12-31": "", "2016-12-31": "", "2015-12-31": "", "2014-12-31": "3436.00000", "2013-12-31": "-58.00000", "2012-12-31": "94.00000", "2011-12-31": "636.00000", "2010-12-31": "923.00000", "2009-12-31": "3074.00000", "2008-12-31": "1483.00000", "2007-12-31": "-111.00000", "2006-12-31": "-600.00000", "2005-12-31": "-1008.00000"}, "Net Change In Short-term Investments": {"2020-12-31": "", "2019-12-31": "", "2018-12-31": "", "2017-12-31": "", "2016-12-31": "", "2015-12-31": "", "2014-12-31": "", "2013-12-31": "", "2012-12-31": "", "2011-12-31": "", "2010-12-31": "", "2009-12-31": "", "2008-12-31": "", "2007-12-31": "", "2006-12-31": "", "2005-12-31": ""}, "Net Change In Long-Term Investments": {"2020-12-31": "", "2019-12-31": "-9488.00000", "2018-12-31": "-622.00000", "2017-12-31": "-3086.00000", "2016-12-31": "-4620.00000", "2015-12-31": "-5084.00000", "2014-12-31": "-20183.00000", "2013-12-31": "-6683.00000", "2012-12-31": "-3082.00000", "2011-12-31": "-16594.00000", "2010-12-31": "-7588.00000", "2009-12-31": "-2022.00000", "2008-12-31": "1781.00000", "2007-12-31": "-3470.00000", "2006-12-31": "-627.00000", "2005-12-31": "2155.00000"}, "Net Change In Investments - Total": {"2020-12-31": "", "2019-12-31": "-9488.00000", "2018-12-31": "-622.00000", "2017-12-31": "-3086.00000", "2016-12-31": "-4620.00000", "2015-12-31": "-5084.00000", "2014-12-31": "-20183.00000", "2013-12-31": "-6683.00000", "2012-12-31": "-3082.00000", "2011-12-31": "-16594.00000", "2010-12-31": "-7588.00000", "2009-12-31": "-2022.00000", "2008-12-31": "1781.00000", "2007-12-31": "-3470.00000", "2006-12-31": "-627.00000", "2005-12-31": "2155.00000"}, "Investing Activities - Other": {"2020-12-31": "", "2019-12-31": "-12072.00000", "2018-12-31": "-8355.00000", "2017-12-31": "-9040.00000", "2016-12-31": "-13338.00000", "2015-12-31": "-16066.00000", "2014-12-31": "-13065.00000", "2013-12-31": "-14283.00000", "2012-12-31": "-17265.00000", "2011-12-31": "-16746.00000", "2010-12-31": "-9707.00000", "2009-12-31": "-1771.00000", "2008-12-31": "-19583.00000", "2007-12-31": "-11560.00000", "2006-12-31": "-7590.00000", "2005-12-31": "-12985.00000"}, "Cash Flow From Investing Activities": {"2020-12-31": "", "2019-12-31": "-21560.00000", "2018-12-31": "-8977.00000", "2017-12-31": "-12126.00000", "2016-12-31": "-17958.00000", "2015-12-31": "-21150.00000", "2014-12-31": "-29812.00000", "2013-12-31": "-21024.00000", "2012-12-31": "-20253.00000", "2011-12-31": "-32704.00000", "2010-12-31": "-16372.00000", "2009-12-31": "-719.00000", "2008-12-31": "-16319.00000", "2007-12-31": "-15141.00000", "2006-12-31": "-8817.00000", "2005-12-31": "-11838.00000"}, "Net Long-Term Debt": {"2020-12-31": "", "2019-12-31": "-1220.00000", "2018-12-31": "9150.00000", "2017-12-31": "-1083.00000", "2016-12-31": "1220.00000", "2015-12-31": "-244.00000", "2014-12-31": "12266.00000", "2013-12-31": "-842.00000", "2012-12-31": "-6449.00000", "2011-12-31": "311.00000", "2010-12-31": "-1350.00000", "2009-12-31": "-5700.00000", "2008-12-31": "-8012.00000", "2007-12-31": "5559.00000", "2006-12-31": "1135.00000", "2005-12-31": "2671.00000"}, "Net Current Debt": {"2020-12-31": "", "2019-12-31": "9584.00000", "2018-12-31": "-2512.00000", "2017-12-31": "2688.00000", "2016-12-31": "-13914.00000", "2015-12-31": "-2016.00000", "2014-12-31": "2285.00000", "2013-12-31": "1306.00000", "2012-12-31": "-4167.00000", "2011-12-31": "-2205.00000", "2010-12-31": "592.00000", "2009-12-31": "-4448.00000", "2008-12-31": "-891.00000", "2007-12-31": "5069.00000", "2006-12-31": "6650.00000", "2005-12-31": "7116.00000"}, "Debt Issuance/Retirement Net - Total": {"2020-12-31": "", "2019-12-31": "8364.00000", "2018-12-31": "6638.00000", "2017-12-31": "1605.00000", "2016-12-31": "-12694.00000", "2015-12-31": "-2260.00000", "2014-12-31": "14551.00000", "2013-12-31": "464.00000", "2012-12-31": "-10616.00000", "2011-12-31": "-1894.00000", "2010-12-31": "-758.00000", "2009-12-31": "-10148.00000", "2008-12-31": "-8903.00000", "2007-12-31": "10628.00000", "2006-12-31": "7785.00000", "2005-12-31": "9787.00000"}, "Net Common Equity Issued/Repurchased": {"2020-12-31": "", "2019-12-31": "-4437.00000", "2018-12-31": "-2736.00000", "2017-12-31": "-2472.00000", "2016-12-31": "-2201.00000", "2015-12-31": "-1895.00000", "2014-12-31": "-1747.00000", "2013-12-31": "-1758.00000", "2012-12-31": "-1461.00000", "2011-12-31": "-334.00000", "2010-12-31": "119.00000", "2009-12-31": "2564.00000", "2008-12-31": "688.00000", "2007-12-31": "-1556.00000", "2006-12-31": "-1888.00000", "2005-12-31": "-1484.00000"}, "Net Total Equity Issued/Repurchased": {"2020-12-31": "", "2019-12-31": "-4437.00000", "2018-12-31": "-2171.00000", "2017-12-31": "-2564.00000", "2016-12-31": "-2201.00000", "2015-12-31": "-1150.00000", "2014-12-31": "-1747.00000", "2013-12-31": "-1771.00000", "2012-12-31": "702.00000", "2011-12-31": "342.00000", "2010-12-31": "119.00000", "2009-12-31": "-4035.00000", "2008-12-31": "7778.00000", "2007-12-31": "-1556.00000", "2006-12-31": "-940.00000", "2005-12-31": "-1484.00000"}, "Total Common And Preferred Stock Dividends Paid": {"2020-12-31": "", "2019-12-31": "-2745.00000", "2018-12-31": "-2366.00000", "2017-12-31": "-2212.00000", "2016-12-31": "-2077.00000", "2015-12-31": "-2019.00000", "2014-12-31": "-1969.00000", "2013-12-31": "-1830.00000", "2012-12-31": "-1551.00000", "2011-12-31": "-935.00000", "2010-12-31": "-472.00000", "2009-12-31": "-1300.00000", "2008-12-31": "-3027.00000", "2007-12-31": "-2845.00000", "2006-12-31": "-2392.00000", "2005-12-31": "-2245.00000"}, "Financial Activities - Other": {"2020-12-31": "", "2019-12-31": "16441.00000", "2018-12-31": "-1740.00000", "2017-12-31": "12625.00000", "2016-12-31": "34152.00000", "2015-12-31": "18290.00000", "2014-12-31": "15822.00000", "2013-12-31": "12940.00000", "2012-12-31": "18050.00000", "2011-12-31": "24846.00000", "2010-12-31": "20523.00000", "2009-12-31": "7949.00000", "2008-12-31": "13139.00000", "2007-12-31": "6255.00000", "2006-12-31": "-392.00000", "2005-12-31": "3968.00000"}, "Cash Flow From Financial Activities": {"2020-12-31": "", "2019-12-31": "17623.00000", "2018-12-31": "361.00000", "2017-12-31": "9454.00000", "2016-12-31": "17180.00000", "2015-12-31": "12861.00000", "2014-12-31": "26657.00000", "2013-12-31": "9803.00000", "2012-12-31": "6585.00000", "2011-12-31": "22359.00000", "2010-12-31": "19412.00000", "2009-12-31": "-7534.00000", "2008-12-31": "8987.00000", "2007-12-31": "12482.00000", "2006-12-31": "4061.00000", "2005-12-31": "10026.00000"}, "Net Cash Flow": {"2020-12-31": "", "2019-12-31": "952.00000", "2018-12-31": "1948.00000", "2017-12-31": "3800.00000", "2016-12-31": "4558.00000", "2015-12-31": "493.00000", "2014-12-31": "2177.00000", "2013-12-31": "225.00000", "2012-12-31": "-5710.00000", "2011-12-31": "-525.00000", "2010-12-31": "8281.00000", "2009-12-31": "-653.00000", "2008-12-31": "-2025.00000", "2007-12-31": "245.00000", "2006-12-31": "635.00000", "2005-12-31": "1665.00000"}, "Stock-Based Compensation": {"2020-12-31": "", "2019-12-31": "", "2018-12-31": "", "2017-12-31": "", "2016-12-31": "", "2015-12-31": "", "2014-12-31": "", "2013-12-31": "", "2012-12-31": "", "2011-12-31": "", "2010-12-31": "", "2009-12-31": "", "2008-12-31": "", "2007-12-31": "", "2006-12-31": "", "2005-12-31": ""}, "Common Stock Dividends Paid": {"2020-12-31": "", "2019-12-31": "-2443.00000", "2018-12-31": "-2092.00000", "2017-12-31": "-1928.00000", "2016-12-31": "-1810.00000", "2015-12-31": "-1777.00000", "2014-12-31": "-1726.00000", "2013-12-31": "-1576.00000", "2012-12-31": "-1347.00000", "2011-12-31": "-817.00000", "2010-12-31": "-383.00000", "2009-12-31": "-1025.00000", "2008-12-31": "-2959.00000", "2007-12-31": "-2785.00000", "2006-12-31": "-2359.00000", "2005-12-31": "-2245.00000"}}, "cash flow statement, quarterly": {"Net Income/Loss": {"2020-12-31": -3440, "2020-09-30": 1580, "2020-06-30": 689, "2020-03-31": "1171.00000", "2019-12-31": 1486, "2019-09-30": 1908, "2019-06-30": 1821, "2019-03-31": "1699.00000", "2018-12-31": 1856, "2018-09-30": 1815, "2018-06-30": 1750, "2018-03-31": "1675.00000", "2017-12-31": 1682, "2017-09-30": 1563, "2017-06-30": 1500, "2017-03-31": "1473.00000", "2016-12-31": 1478, "2016-09-30": 1502, "2016-06-30": 1522, "2016-03-31": "1386.00000", "2015-12-31": 1476, "2015-09-30": 1489, "2015-06-30": 1483, "2015-03-31": "1431.00000", "2014-12-31": 1488, "2014-09-30": 1471, "2014-06-30": 1495, "2014-03-31": "1397.00000", "2013-12-31": 1456, "2013-09-30": 1468, "2013-06-30": 1484, "2013-03-31": "1428.00000", "2012-12-31": 1420, "2012-09-30": 1474, "2012-06-30": 1415, "2012-03-31": "1338.00000", "2011-12-31": 1350, "2011-09-30": 1273, "2011-06-30": 1203, "2011-03-31": "1046.00000", "2010-12-31": 974, "2010-09-30": 2343, "2010-06-30": 0, "2010-03-31": "0.00000", "2009-12-31": 2205, "2009-09-30": 0, "2009-06-30": 0, "2009-03-31": "0.00000", "2008-12-31": 2946, "2008-09-30": 0, "2008-06-30": 0, "2008-03-31": "0.00000", "2007-12-31": 4324, "2007-09-30": 0, "2007-06-30": 0, "2007-03-31": "0.00000", "2006-12-31": 4751, "2006-09-30": 0, "2006-06-30": 0, "2006-03-31": "0.00000", "2005-12-31": 4489, "2005-09-30": 0, "2005-06-30": 0, "2005-03-31": "0.00000"}, "Total Depreciation And Amortization - Cash Flow": {"2020-12-31": -393, "2020-09-30": 133, "2020-06-30": 131, "2020-03-31": "129.00000", "2019-12-31": 130, "2019-09-30": 127, "2019-06-30": 125, "2019-03-31": "120.00000", "2018-12-31": 121, "2018-09-30": 118, "2018-06-30": 115, "2018-03-31": "113.00000", "2017-12-31": 118, "2017-09-30": 117, "2017-06-30": 116, "2017-03-31": "117.00000", "2016-12-31": 117, "2016-09-30": 117, "2016-06-30": 117, "2016-03-31": "119.00000", "2015-12-31": 123, "2015-09-30": 118, "2015-06-30": 120, "2015-03-31": "120.00000", "2014-12-31": 128, "2014-09-30": 127, "2014-06-30": 123, "2014-03-31": "123.00000", "2013-12-31": 131, "2013-09-30": 129, "2013-06-30": 129, "2013-03-31": "131.00000", "2012-12-31": 141, "2012-09-30": 139, "2012-06-30": 141, "2012-03-31": "140.00000", "2011-12-31": 144, "2011-09-30": 143, "2011-06-30": 141, "2011-03-31": "137.00000", "2010-12-31": 149, "2010-09-30": 447, "2010-06-30": 0, "2010-03-31": "", "2009-12-31": 607, "2009-09-30": 0, "2009-06-30": 0, "2009-03-31": "", "2008-12-31": 573, "2008-09-30": 0, "2008-06-30": 0, "2008-03-31": "", "2007-12-31": 619, "2007-09-30": 0, "2007-06-30": 0, "2007-03-31": "", "2006-12-31": 588, "2006-09-30": 0, "2006-06-30": 0, "2006-03-31": "", "2005-12-31": 689, "2005-09-30": 0, "2005-06-30": 0, "2005-03-31": ""}, "Other Non-Cash Items": {"2020-12-31": -3091, "2020-09-30": 588, "2020-06-30": 1630, "2020-03-31": "873.00000", "2019-12-31": 277, "2019-09-30": 225, "2019-06-30": 256, "2019-03-31": "277.00000", "2018-12-31": 167, "2018-09-30": 237, "2018-06-30": 202, "2018-03-31": "263.00000", "2017-12-31": 220, "2017-09-30": 255, "2017-06-30": 214, "2017-03-31": "199.00000", "2016-12-31": 188, "2016-09-30": 216, "2016-06-30": 63, "2016-03-31": "240.00000", "2015-12-31": 221, "2015-09-30": 100, "2015-06-30": 207, "2015-03-31": "201.00000", "2014-12-31": 76, "2014-09-30": 231, "2014-06-30": 45, "2014-03-31": "282.00000", "2013-12-31": 283, "2013-09-30": 350, "2013-06-30": 215, "2013-03-31": "418.00000", "2012-12-31": 370, "2012-09-30": 425, "2012-06-30": 319, "2012-03-31": "526.00000", "2011-12-31": 983, "2011-09-30": 466, "2011-06-30": 1061, "2011-03-31": "556.00000", "2010-12-31": 2133, "2010-09-30": 1882, "2010-06-30": 0, "2010-03-31": "", "2009-12-31": 3441, "2009-09-30": 0, "2009-06-30": 0, "2009-03-31": "", "2008-12-31": 1247, "2008-09-30": 0, "2008-06-30": 0, "2008-03-31": "", "2007-12-31": 125, "2007-09-30": 0, "2007-06-30": 0, "2007-03-31": "", "2006-12-31": -34, "2006-09-30": 0, "2006-06-30": 0, "2006-03-31": "", "2005-12-31": 49, "2005-09-30": 0, "2005-06-30": 0, "2005-03-31": ""}, "Total Non-Cash Items": {"2020-12-31": -3484, "2020-09-30": 721, "2020-06-30": 1761, "2020-03-31": "1002.00000", "2019-12-31": 407, "2019-09-30": 352, "2019-06-30": 381, "2019-03-31": "397.00000", "2018-12-31": 288, "2018-09-30": 355, "2018-06-30": 317, "2018-03-31": "376.00000", "2017-12-31": 338, "2017-09-30": 372, "2017-06-30": 330, "2017-03-31": "316.00000", "2016-12-31": 305, "2016-09-30": 333, "2016-06-30": 180, "2016-03-31": "359.00000", "2015-12-31": 344, "2015-09-30": 218, "2015-06-30": 327, "2015-03-31": "321.00000", "2014-12-31": 204, "2014-09-30": 358, "2014-06-30": 168, "2014-03-31": "405.00000", "2013-12-31": 414, "2013-09-30": 479, "2013-06-30": 344, "2013-03-31": "549.00000", "2012-12-31": 511, "2012-09-30": 564, "2012-06-30": 460, "2012-03-31": "666.00000", "2011-12-31": 1127, "2011-09-30": 609, "2011-06-30": 1202, "2011-03-31": "693.00000", "2010-12-31": 2282, "2010-09-30": 2329, "2010-06-30": 0, "2010-03-31": "", "2009-12-31": 4048, "2009-09-30": 0, "2009-06-30": 0, "2009-03-31": "", "2008-12-31": 1820, "2008-09-30": 0, "2008-06-30": 0, "2008-03-31": "", "2007-12-31": 744, "2007-09-30": 0, "2007-06-30": 0, "2007-03-31": "", "2006-12-31": 554, "2006-09-30": 0, "2006-06-30": 0, "2006-03-31": "", "2005-12-31": 738, "2005-09-30": 0, "2005-06-30": 0, "2005-03-31": ""}, "Change In Accounts Receivable": {"2020-12-31": 2600, "2020-09-30": 153, "2020-06-30": -3600, "2020-03-31": "847.00000", "2019-12-31": -1867, "2019-09-30": -251, "2019-06-30": -1173, "2019-03-31": "-729.00000", "2018-12-31": 1123, "2018-09-30": -106, "2018-06-30": -46, "2018-03-31": "151.00000", "2017-12-31": 90, "2017-09-30": -196, "2017-06-30": -997, "2017-03-31": "2050.00000", "2016-12-31": 479, "2016-09-30": -1396, "2016-06-30": -420, "2016-03-31": "-879.00000", "2015-12-31": 1100, "2015-09-30": 902, "2015-06-30": -714, "2015-03-31": "-382.00000", "2014-12-31": -918, "2014-09-30": -1037, "2014-06-30": -1176, "2014-03-31": "1434.00000", "2013-12-31": 369, "2013-09-30": 954, "2013-06-30": 2509, "2013-03-31": "107.00000", "2012-12-31": 1455, "2012-09-30": -1607, "2012-06-30": -3201, "2012-03-31": "1547.00000", "2011-12-31": -1914, "2011-09-30": -1822, "2011-06-30": 380, "2011-03-31": "4224.00000", "2010-12-31": -1693, "2010-09-30": -2489, "2010-06-30": 0, "2010-03-31": "", "2009-12-31": -805, "2009-09-30": 0, "2009-06-30": 0, "2009-03-31": "", "2008-12-31": -123, "2008-09-30": 0, "2008-06-30": 0, "2008-03-31": "", "2007-12-31": -2006, "2007-09-30": 0, "2007-06-30": 0, "2007-03-31": "", "2006-12-31": -196, "2006-09-30": 0, "2006-06-30": 0, "2006-03-31": "", "2005-12-31": -564, "2005-09-30": 0, "2005-06-30": 0, "2005-03-31": ""}, "Change In Inventories": {"2020-12-31": 0, "2020-09-30": 0, "2020-06-30": 0, "2020-03-31": "", "2019-12-31": 0, "2019-09-30": 0, "2019-06-30": 0, "2019-03-31": "", "2018-12-31": 0, "2018-09-30": 0, "2018-06-30": 0, "2018-03-31": "", "2017-12-31": 0, "2017-09-30": 0, "2017-06-30": 0, "2017-03-31": "", "2016-12-31": 0, "2016-09-30": 0, "2016-06-30": 0, "2016-03-31": "", "2015-12-31": 0, "2015-09-30": 0, "2015-06-30": 0, "2015-03-31": "", "2014-12-31": 0, "2014-09-30": 0, "2014-06-30": 0, "2014-03-31": "", "2013-12-31": 0, "2013-09-30": 0, "2013-06-30": 0, "2013-03-31": "", "2012-12-31": 0, "2012-09-30": 0, "2012-06-30": 0, "2012-03-31": "", "2011-12-31": 0, "2011-09-30": 0, "2011-06-30": 0, "2011-03-31": "", "2010-12-31": 0, "2010-09-30": 0, "2010-06-30": 0, "2010-03-31": "", "2009-12-31": 0, "2009-09-30": 0, "2009-06-30": 0, "2009-03-31": "", "2008-12-31": 0, "2008-09-30": 0, "2008-06-30": 0, "2008-03-31": "", "2007-12-31": 0, "2007-09-30": 0, "2007-06-30": 0, "2007-03-31": "", "2006-12-31": 0, "2006-09-30": 0, "2006-06-30": 0, "2006-03-31": "", "2005-12-31": 0, "2005-09-30": 0, "2005-06-30": 0, "2005-03-31": ""}, "Change In Accounts Payable": {"2020-12-31": 0, "2020-09-30": 0, "2020-06-30": 0, "2020-03-31": "", "2019-12-31": 0, "2019-09-30": 0, "2019-06-30": 0, "2019-03-31": "", "2018-12-31": 0, "2018-09-30": 0, "2018-06-30": 0, "2018-03-31": "", "2017-12-31": 0, "2017-09-30": 0, "2017-06-30": 0, "2017-03-31": "", "2016-12-31": 0, "2016-09-30": 0, "2016-06-30": 0, "2016-03-31": "", "2015-12-31": 0, "2015-09-30": 0, "2015-06-30": 0, "2015-03-31": "", "2014-12-31": 0, "2014-09-30": 0, "2014-06-30": 0, "2014-03-31": "", "2013-12-31": 0, "2013-09-30": 0, "2013-06-30": 0, "2013-03-31": "", "2012-12-31": 0, "2012-09-30": 0, "2012-06-30": 0, "2012-03-31": "", "2011-12-31": 0, "2011-09-30": 0, "2011-06-30": 0, "2011-03-31": "", "2010-12-31": 0, "2010-09-30": 0, "2010-06-30": 0, "2010-03-31": "", "2009-12-31": 0, "2009-09-30": 0, "2009-06-30": 0, "2009-03-31": "", "2008-12-31": 0, "2008-09-30": 0, "2008-06-30": 0, "2008-03-31": "", "2007-12-31": 0, "2007-09-30": 0, "2007-06-30": 0, "2007-03-31": "", "2006-12-31": 0, "2006-09-30": 0, "2006-06-30": 0, "2006-03-31": "", "2005-12-31": 0, "2005-09-30": 0, "2005-06-30": 0, "2005-03-31": ""}, "Change In Assets/Liabilities": {"2020-12-31": 0, "2020-09-30": 0, "2020-06-30": 0, "2020-03-31": "", "2019-12-31": 0, "2019-09-30": 0, "2019-06-30": 0, "2019-03-31": "", "2018-12-31": 0, "2018-09-30": 0, "2018-06-30": 0, "2018-03-31": "", "2017-12-31": 0, "2017-09-30": 0, "2017-06-30": 0, "2017-03-31": "", "2016-12-31": 0, "2016-09-30": 0, "2016-06-30": 0, "2016-03-31": "", "2015-12-31": 0, "2015-09-30": 0, "2015-06-30": 0, "2015-03-31": "", "2014-12-31": 0, "2014-09-30": 0, "2014-06-30": 0, "2014-03-31": "", "2013-12-31": 0, "2013-09-30": 0, "2013-06-30": 0, "2013-03-31": "", "2012-12-31": 0, "2012-09-30": 0, "2012-06-30": 0, "2012-03-31": "", "2011-12-31": 0, "2011-09-30": 0, "2011-06-30": 0, "2011-03-31": "", "2010-12-31": 0, "2010-09-30": 0, "2010-06-30": 0, "2010-03-31": "", "2009-12-31": 0, "2009-09-30": 0, "2009-06-30": 0, "2009-03-31": "", "2008-12-31": 0, "2008-09-30": 0, "2008-06-30": 0, "2008-03-31": "", "2007-12-31": 0, "2007-09-30": 0, "2007-06-30": 0, "2007-03-31": "", "2006-12-31": 0, "2006-09-30": 0, "2006-06-30": 0, "2006-03-31": "", "2005-12-31": 0, "2005-09-30": 0, "2005-06-30": 0, "2005-03-31": ""}, "Total Change In Assets/Liabilities": {"2020-12-31": 2600, "2020-09-30": 153, "2020-06-30": -3600, "2020-03-31": "847.00000", "2019-12-31": -1867, "2019-09-30": -251, "2019-06-30": -1173, "2019-03-31": "-729.00000", "2018-12-31": 1123, "2018-09-30": -106, "2018-06-30": -46, "2018-03-31": "151.00000", "2017-12-31": 90, "2017-09-30": -196, "2017-06-30": -997, "2017-03-31": "2050.00000", "2016-12-31": 479, "2016-09-30": -1396, "2016-06-30": -420, "2016-03-31": "-879.00000", "2015-12-31": 1100, "2015-09-30": 902, "2015-06-30": -714, "2015-03-31": "-382.00000", "2014-12-31": -918, "2014-09-30": -1037, "2014-06-30": -1176, "2014-03-31": "1434.00000", "2013-12-31": 369, "2013-09-30": 954, "2013-06-30": 2509, "2013-03-31": "107.00000", "2012-12-31": 1455, "2012-09-30": -1607, "2012-06-30": -3201, "2012-03-31": "1547.00000", "2011-12-31": -1914, "2011-09-30": -1822, "2011-06-30": 380, "2011-03-31": "4224.00000", "2010-12-31": -1693, "2010-09-30": -2489, "2010-06-30": 0, "2010-03-31": "", "2009-12-31": -805, "2009-09-30": 0, "2009-06-30": 0, "2009-03-31": "", "2008-12-31": -123, "2008-09-30": 0, "2008-06-30": 0, "2008-03-31": "", "2007-12-31": -2006, "2007-09-30": 0, "2007-06-30": 0, "2007-03-31": "", "2006-12-31": -196, "2006-09-30": 0, "2006-06-30": 0, "2006-03-31": "", "2005-12-31": -564, "2005-09-30": 0, "2005-06-30": 0, "2005-03-31": ""}, "Cash Flow From Operating Activities": {"2020-12-31": -4785, "2020-09-30": 3284, "2020-06-30": -853, "2020-03-31": "2354.00000", "2019-12-31": -62, "2019-09-30": 3046, "2019-06-30": 609, "2019-03-31": "1296.00000", "2018-12-31": 2650, "2018-09-30": 3225, "2018-06-30": 3255, "2018-03-31": "1434.00000", "2017-12-31": -169, "2017-09-30": 1862, "2017-06-30": 1589, "2017-03-31": "3190.00000", "2016-12-31": 2098, "2016-09-30": 554, "2016-06-30": 1423, "2016-03-31": "1261.00000", "2015-12-31": 2531, "2015-09-30": 2854, "2015-06-30": 1646, "2015-03-31": "1751.00000", "2014-12-31": 866, "2014-09-30": 582, "2014-06-30": 1112, "2014-03-31": "2772.00000", "2013-12-31": 2789, "2013-09-30": 2141, "2013-06-30": 4848, "2013-03-31": "1668.00000", "2012-12-31": 4083, "2012-09-30": 247, "2012-06-30": 537, "2012-03-31": "3091.00000", "2011-12-31": 1065, "2011-09-30": -54, "2011-06-30": 2581, "2011-03-31": "6228.00000", "2010-12-31": 2435, "2010-09-30": -1154, "2010-06-30": 1084, "2010-03-31": "2876.00000", "2009-12-31": 3380, "2009-09-30": 3446, "2009-06-30": -1073, "2009-03-31": "1847.00000", "2008-12-31": 1261, "2008-09-30": 1839, "2008-06-30": 1069, "2008-03-31": "1138.00000", "2007-12-31": 886, "2007-09-30": 1043, "2007-06-30": 448, "2007-03-31": "527.00000", "2006-12-31": 675, "2006-09-30": 2592, "2006-06-30": 310, "2006-03-31": "1814.00000", "2005-12-31": 578, "2005-09-30": 1086, "2005-06-30": 942, "2005-03-31": "871.00000"}, "Net Change In Property, Plant, And Equipment": {"2020-12-31": 0, "2020-09-30": 0, "2020-06-30": 0, "2020-03-31": "", "2019-12-31": 0, "2019-09-30": 0, "2019-06-30": 0, "2019-03-31": "", "2018-12-31": 0, "2018-09-30": 0, "2018-06-30": 0, "2018-03-31": "", "2017-12-31": 0, "2017-09-30": 0, "2017-06-30": 0, "2017-03-31": "", "2016-12-31": 0, "2016-09-30": 0, "2016-06-30": 0, "2016-03-31": "", "2015-12-31": 0, "2015-09-30": 0, "2015-06-30": 0, "2015-03-31": "", "2014-12-31": 0, "2014-09-30": 0, "2014-06-30": 0, "2014-03-31": "", "2013-12-31": 0, "2013-09-30": 0, "2013-06-30": 0, "2013-03-31": "", "2012-12-31": 0, "2012-09-30": 0, "2012-06-30": 0, "2012-03-31": "", "2011-12-31": 0, "2011-09-30": 0, "2011-06-30": 0, "2011-03-31": "", "2010-12-31": 0, "2010-09-30": 0, "2010-06-30": 0, "2010-03-31": "", "2009-12-31": 0, "2009-09-30": 0, "2009-06-30": 0, "2009-03-31": "", "2008-12-31": 0, "2008-09-30": 0, "2008-06-30": 0, "2008-03-31": "", "2007-12-31": 0, "2007-09-30": 0, "2007-06-30": 0, "2007-03-31": "", "2006-12-31": 0, "2006-09-30": 0, "2006-06-30": 0, "2006-03-31": "", "2005-12-31": 0, "2005-09-30": 0, "2005-06-30": 0, "2005-03-31": ""}, "Net Change In Intangible Assets": {"2020-12-31": 0, "2020-09-30": 0, "2020-06-30": 0, "2020-03-31": "", "2019-12-31": 0, "2019-09-30": 0, "2019-06-30": 0, "2019-03-31": "", "2018-12-31": 0, "2018-09-30": 0, "2018-06-30": 0, "2018-03-31": "", "2017-12-31": 0, "2017-09-30": 0, "2017-06-30": 0, "2017-03-31": "", "2016-12-31": 0, "2016-09-30": 0, "2016-06-30": 0, "2016-03-31": "", "2015-12-31": 0, "2015-09-30": 0, "2015-06-30": 0, "2015-03-31": "", "2014-12-31": 0, "2014-09-30": 0, "2014-06-30": 0, "2014-03-31": "", "2013-12-31": 0, "2013-09-30": 0, "2013-06-30": 0, "2013-03-31": "", "2012-12-31": 0, "2012-09-30": 0, "2012-06-30": 0, "2012-03-31": "", "2011-12-31": 0, "2011-09-30": 0, "2011-06-30": 0, "2011-03-31": "", "2010-12-31": 0, "2010-09-30": 0, "2010-06-30": 0, "2010-03-31": "", "2009-12-31": 0, "2009-09-30": 0, "2009-06-30": 0, "2009-03-31": "", "2008-12-31": 0, "2008-09-30": 0, "2008-06-30": 0, "2008-03-31": "", "2007-12-31": 0, "2007-09-30": 0, "2007-06-30": 0, "2007-03-31": "", "2006-12-31": 0, "2006-09-30": 0, "2006-06-30": 0, "2006-03-31": "", "2005-12-31": 0, "2005-09-30": 0, "2005-06-30": 0, "2005-03-31": ""}, "Net Acquisitions/Divestitures": {"2020-12-31": 0, "2020-09-30": 0, "2020-06-30": 0, "2020-03-31": "", "2019-12-31": 0, "2019-09-30": 0, "2019-06-30": 0, "2019-03-31": "", "2018-12-31": 0, "2018-09-30": 0, "2018-06-30": 0, "2018-03-31": "", "2017-12-31": 0, "2017-09-30": 0, "2017-06-30": 0, "2017-03-31": "", "2016-12-31": 0, "2016-09-30": 0, "2016-06-30": 0, "2016-03-31": "", "2015-12-31": 0, "2015-09-30": 0, "2015-06-30": 0, "2015-03-31": "", "2014-12-31": 0, "2014-09-30": -255, "2014-06-30": 3691, "2014-03-31": "", "2013-12-31": -58, "2013-09-30": 0, "2013-06-30": 0, "2013-03-31": "", "2012-12-31": 0, "2012-09-30": 0, "2012-06-30": -14, "2012-03-31": "108.00000", "2011-12-31": -14, "2011-09-30": 0, "2011-06-30": 0, "2011-03-31": "650.00000", "2010-12-31": 91, "2010-09-30": 0, "2010-06-30": 0, "2010-03-31": "832.00000", "2009-12-31": 2854, "2009-09-30": -2, "2009-06-30": 222, "2009-03-31": "", "2008-12-31": 846, "2008-09-30": 6, "2008-06-30": 701, "2008-03-31": "-70.00000", "2007-12-31": -38, "2007-09-30": 0, "2007-06-30": -13, "2007-03-31": "-60.00000", "2006-12-31": -13, "2006-09-30": -141, "2006-06-30": -3, "2006-03-31": "-443.00000", "2005-12-31": -729, "2005-09-30": -279, "2005-06-30": 0, "2005-03-31": ""}, "Net Change In Short-term Investments": {"2020-12-31": 0, "2020-09-30": 0, "2020-06-30": 0, "2020-03-31": "", "2019-12-31": 0, "2019-09-30": 0, "2019-06-30": 0, "2019-03-31": "", "2018-12-31": 0, "2018-09-30": 0, "2018-06-30": 0, "2018-03-31": "", "2017-12-31": 0, "2017-09-30": 0, "2017-06-30": 0, "2017-03-31": "", "2016-12-31": 0, "2016-09-30": 0, "2016-06-30": 0, "2016-03-31": "", "2015-12-31": 0, "2015-09-30": 0, "2015-06-30": 0, "2015-03-31": "", "2014-12-31": 0, "2014-09-30": 0, "2014-06-30": 0, "2014-03-31": "", "2013-12-31": 0, "2013-09-30": 0, "2013-06-30": 0, "2013-03-31": "", "2012-12-31": 0, "2012-09-30": 0, "2012-06-30": 0, "2012-03-31": "", "2011-12-31": 0, "2011-09-30": 0, "2011-06-30": 0, "2011-03-31": "", "2010-12-31": 0, "2010-09-30": 0, "2010-06-30": 0, "2010-03-31": "", "2009-12-31": 0, "2009-09-30": 0, "2009-06-30": 0, "2009-03-31": "", "2008-12-31": 0, "2008-09-30": 0, "2008-06-30": 0, "2008-03-31": "", "2007-12-31": 0, "2007-09-30": 0, "2007-06-30": 0, "2007-03-31": "", "2006-12-31": 0, "2006-09-30": 0, "2006-06-30": 0, "2006-03-31": "", "2005-12-31": 0, "2005-09-30": 0, "2005-06-30": 0, "2005-03-31": ""}, "Net Change In Long-Term Investments": {"2020-12-31": 8837, "2020-09-30": -6214, "2020-06-30": -4039, "2020-03-31": "1416.00000", "2019-12-31": 1366, "2019-09-30": -4990, "2019-06-30": -725, "2019-03-31": "-5139.00000", "2018-12-31": -455, "2018-09-30": 962, "2018-06-30": -929, "2018-03-31": "-200.00000", "2017-12-31": -978, "2017-09-30": -670, "2017-06-30": -384, "2017-03-31": "-1054.00000", "2016-12-31": -834, "2016-09-30": -1632, "2016-06-30": -1176, "2016-03-31": "-978.00000", "2015-12-31": -1037, "2015-09-30": -1586, "2015-06-30": -1258, "2015-03-31": "-1203.00000", "2014-12-31": -3545, "2014-09-30": -6565, "2014-06-30": -4726, "2014-03-31": "-5347.00000", "2013-12-31": -3878, "2013-09-30": -1489, "2013-06-30": -409, "2013-03-31": "-907.00000", "2012-12-31": -436, "2012-09-30": 65, "2012-06-30": 423, "2012-03-31": "-3134.00000", "2011-12-31": -2515, "2011-09-30": -2587, "2011-06-30": -4504, "2011-03-31": "-6988.00000", "2010-12-31": -5216, "2010-09-30": -178, "2010-06-30": -983, "2010-03-31": "-1211.00000", "2009-12-31": -2167, "2009-09-30": -596, "2009-06-30": -947, "2009-03-31": "1688.00000", "2008-12-31": -690, "2008-09-30": 982, "2008-06-30": 868, "2008-03-31": "621.00000", "2007-12-31": -2769, "2007-09-30": -576, "2007-06-30": 269, "2007-03-31": "-394.00000", "2006-12-31": 161, "2006-09-30": -571, "2006-06-30": 245, "2006-03-31": "-462.00000", "2005-12-31": 1448, "2005-09-30": 341, "2005-06-30": 1641, "2005-03-31": "-1275.00000"}, "Net Change In Investments - Total": {"2020-12-31": 8837, "2020-09-30": -6214, "2020-06-30": -4039, "2020-03-31": "1416.00000", "2019-12-31": 1366, "2019-09-30": -4990, "2019-06-30": -725, "2019-03-31": "-5139.00000", "2018-12-31": -455, "2018-09-30": 962, "2018-06-30": -929, "2018-03-31": "-200.00000", "2017-12-31": -978, "2017-09-30": -670, "2017-06-30": -384, "2017-03-31": "-1054.00000", "2016-12-31": -834, "2016-09-30": -1632, "2016-06-30": -1176, "2016-03-31": "-978.00000", "2015-12-31": -1037, "2015-09-30": -1586, "2015-06-30": -1258, "2015-03-31": "-1203.00000", "2014-12-31": -3545, "2014-09-30": -6565, "2014-06-30": -4726, "2014-03-31": "-5347.00000", "2013-12-31": -3878, "2013-09-30": -1489, "2013-06-30": -409, "2013-03-31": "-907.00000", "2012-12-31": -436, "2012-09-30": 65, "2012-06-30": 423, "2012-03-31": "-3134.00000", "2011-12-31": -2515, "2011-09-30": -2587, "2011-06-30": -4504, "2011-03-31": "-6988.00000", "2010-12-31": -5216, "2010-09-30": -178, "2010-06-30": -983, "2010-03-31": "-1211.00000", "2009-12-31": -2167, "2009-09-30": -596, "2009-06-30": -947, "2009-03-31": "1688.00000", "2008-12-31": -690, "2008-09-30": 982, "2008-06-30": 868, "2008-03-31": "621.00000", "2007-12-31": -2769, "2007-09-30": -576, "2007-06-30": 269, "2007-03-31": "-394.00000", "2006-12-31": 161, "2006-09-30": -571, "2006-06-30": 245, "2006-03-31": "-462.00000", "2005-12-31": 1448, "2005-09-30": 341, "2005-06-30": 1641, "2005-03-31": "-1275.00000"}, "Investing Activities - Other": {"2020-12-31": 13013, "2020-09-30": 2359, "2020-06-30": 8303, "2020-03-31": "-23675.00000", "2019-12-31": -1555, "2019-09-30": -4509, "2019-06-30": -4603, "2019-03-31": "-1405.00000", "2018-12-31": -4302, "2018-09-30": -3013, "2018-06-30": -1322, "2018-03-31": "282.00000", "2017-12-31": -1828, "2017-09-30": -1836, "2017-06-30": -4709, "2017-03-31": "-667.00000", "2016-12-31": -1883, "2016-09-30": -3515, "2016-06-30": -4029, "2016-03-31": "-3911.00000", "2015-12-31": -7002, "2015-09-30": -3401, "2015-06-30": -4365, "2015-03-31": "-1298.00000", "2014-12-31": -2895, "2014-09-30": -2040, "2014-06-30": -4832, "2014-03-31": "-3298.00000", "2013-12-31": -4425, "2013-09-30": -3831, "2013-06-30": -5410, "2013-03-31": "-617.00000", "2012-12-31": -6554, "2012-09-30": -3054, "2012-06-30": -4901, "2012-03-31": "-2756.00000", "2011-12-31": -5986, "2011-09-30": -6296, "2011-06-30": -3314, "2011-03-31": "-1150.00000", "2010-12-31": -3532, "2010-09-30": -5126, "2010-06-30": -2509, "2010-03-31": "1460.00000", "2009-12-31": -1351, "2009-09-30": -2228, "2009-06-30": 948, "2009-03-31": "860.00000", "2008-12-31": -4674, "2008-09-30": -4255, "2008-06-30": -4540, "2008-03-31": "-6114.00000", "2007-12-31": -5192, "2007-09-30": -3233, "2007-06-30": -828, "2007-03-31": "-2307.00000", "2006-12-31": -849, "2006-09-30": -2497, "2006-06-30": -3051, "2006-03-31": "-1193.00000", "2005-12-31": -1398, "2005-09-30": -3046, "2005-06-30": -5834, "2005-03-31": "-2707.00000"}, "Cash Flow From Investing Activities": {"2020-12-31": 21850, "2020-09-30": -3855, "2020-06-30": 4264, "2020-03-31": "-22259.00000", "2019-12-31": -189, "2019-09-30": -9499, "2019-06-30": -5328, "2019-03-31": "-6544.00000", "2018-12-31": -4757, "2018-09-30": -2051, "2018-06-30": -2251, "2018-03-31": "82.00000", "2017-12-31": -2806, "2017-09-30": -2506, "2017-06-30": -5093, "2017-03-31": "-1721.00000", "2016-12-31": -2717, "2016-09-30": -5147, "2016-06-30": -5205, "2016-03-31": "-4889.00000", "2015-12-31": -8039, "2015-09-30": -4987, "2015-06-30": -5623, "2015-03-31": "-2501.00000", "2014-12-31": -6440, "2014-09-30": -8860, "2014-06-30": -5867, "2014-03-31": "-8645.00000", "2013-12-31": -8361, "2013-09-30": -5320, "2013-06-30": -5819, "2013-03-31": "-1524.00000", "2012-12-31": -6990, "2012-09-30": -2989, "2012-06-30": -4492, "2012-03-31": "-5782.00000", "2011-12-31": -8515, "2011-09-30": -8883, "2011-06-30": -7818, "2011-03-31": "-7488.00000", "2010-12-31": -8657, "2010-09-30": -5304, "2010-06-30": -3492, "2010-03-31": "1081.00000", "2009-12-31": -664, "2009-09-30": -2826, "2009-06-30": 223, "2009-03-31": "2548.00000", "2008-12-31": -4518, "2008-09-30": -3267, "2008-06-30": -2971, "2008-03-31": "-5563.00000", "2007-12-31": -7999, "2007-09-30": -3809, "2007-06-30": -572, "2007-03-31": "-2761.00000", "2006-12-31": -701, "2006-09-30": -3209, "2006-06-30": -2809, "2006-03-31": "-2098.00000", "2005-12-31": -679, "2005-09-30": -2984, "2005-06-30": -4193, "2005-03-31": "-3982.00000"}, "Net Long-Term Debt": {"2020-12-31": -1194, "2020-09-30": -107, "2020-06-30": -9814, "2020-03-31": "11115.00000", "2019-12-31": -963, "2019-09-30": 133, "2019-06-30": 267, "2019-03-31": "-657.00000", "2018-12-31": 394, "2018-09-30": 3759, "2018-06-30": 4024, "2018-03-31": "973.00000", "2017-12-31": -2248, "2017-09-30": -3358, "2017-06-30": 1834, "2017-03-31": "2689.00000", "2016-12-31": -4605, "2016-09-30": 1060, "2016-06-30": 2065, "2016-03-31": "2700.00000", "2015-12-31": -377, "2015-09-30": -1758, "2015-06-30": -888, "2015-03-31": "2779.00000", "2014-12-31": 1484, "2014-09-30": 4901, "2014-06-30": 2060, "2014-03-31": "3821.00000", "2013-12-31": 1340, "2013-09-30": -939, "2013-06-30": -978, "2013-03-31": "-265.00000", "2012-12-31": -731, "2012-09-30": -2602, "2012-06-30": -1522, "2012-03-31": "-1594.00000", "2011-12-31": 1357, "2011-09-30": -2096, "2011-06-30": 1058, "2011-03-31": "-8.00000", "2010-12-31": 1243, "2010-09-30": 1168, "2010-06-30": -2520, "2010-03-31": "-1241.00000", "2009-12-31": -565, "2009-09-30": -6076, "2009-06-30": 428, "2009-03-31": "513.00000", "2008-12-31": -4845, "2008-09-30": 354, "2008-06-30": 3908, "2008-03-31": "-7429.00000", "2007-12-31": -1928, "2007-09-30": -905, "2007-06-30": 1340, "2007-03-31": "7052.00000", "2006-12-31": -3141, "2006-09-30": -878, "2006-06-30": 2729, "2006-03-31": "2425.00000", "2005-12-31": 917, "2005-09-30": 1668, "2005-06-30": -3430, "2005-03-31": "3516.00000"}, "Net Current Debt": {"2020-12-31": 10000, "2020-09-30": -6872, "2020-06-30": -5749, "2020-03-31": "2621.00000", "2019-12-31": 9144, "2019-09-30": -453, "2019-06-30": -364, "2019-03-31": "1257.00000", "2018-12-31": -9729, "2018-09-30": 5732, "2018-06-30": 433, "2018-03-31": "1052.00000", "2017-12-31": 795, "2017-09-30": 1444, "2017-06-30": 2229, "2017-03-31": "-1780.00000", "2016-12-31": -1732, "2016-09-30": -2738, "2016-06-30": -5344, "2016-03-31": "-4100.00000", "2015-12-31": 962, "2015-09-30": -869, "2015-06-30": -442, "2015-03-31": "-1667.00000", "2014-12-31": -152, "2014-09-30": 1190, "2014-06-30": -1926, "2014-03-31": "3173.00000", "2013-12-31": 1480, "2013-09-30": -51, "2013-06-30": -947, "2013-03-31": "824.00000", "2012-12-31": -1551, "2012-09-30": -2831, "2012-06-30": 3230, "2012-03-31": "-3015.00000", "2011-12-31": -1561, "2011-09-30": 2375, "2011-06-30": -1367, "2011-03-31": "-1652.00000", "2010-12-31": -1784, "2010-09-30": 544, "2010-06-30": 2601, "2010-03-31": "-769.00000", "2009-12-31": 1369, "2009-09-30": -1532, "2009-06-30": 3691, "2009-03-31": "-7976.00000", "2008-12-31": -5871, "2008-09-30": -3709, "2008-06-30": 5206, "2008-03-31": "3483.00000", "2007-12-31": 3200, "2007-09-30": 1649, "2007-06-30": -1356, "2007-03-31": "1576.00000", "2006-12-31": 2188, "2006-09-30": 4092, "2006-06-30": -81, "2006-03-31": "451.00000", "2005-12-31": -2861, "2005-09-30": 2627, "2005-06-30": 6161, "2005-03-31": "1189.00000"}, "Debt Issuance/Retirement Net - Total": {"2020-12-31": 8806, "2020-09-30": -6979, "2020-06-30": -15563, "2020-03-31": "13736.00000", "2019-12-31": 8181, "2019-09-30": -320, "2019-06-30": -97, "2019-03-31": "600.00000", "2018-12-31": -9335, "2018-09-30": 9491, "2018-06-30": 4457, "2018-03-31": "2025.00000", "2017-12-31": -1453, "2017-09-30": -1914, "2017-06-30": 4063, "2017-03-31": "909.00000", "2016-12-31": -6337, "2016-09-30": -1678, "2016-06-30": -3279, "2016-03-31": "-1400.00000", "2015-12-31": 585, "2015-09-30": -2627, "2015-06-30": -1330, "2015-03-31": "1112.00000", "2014-12-31": 1332, "2014-09-30": 6091, "2014-06-30": 134, "2014-03-31": "6994.00000", "2013-12-31": 2820, "2013-09-30": -990, "2013-06-30": -1925, "2013-03-31": "559.00000", "2012-12-31": -2282, "2012-09-30": -5433, "2012-06-30": 1708, "2012-03-31": "-4609.00000", "2011-12-31": -204, "2011-09-30": 279, "2011-06-30": -309, "2011-03-31": "-1660.00000", "2010-12-31": -541, "2010-09-30": 1712, "2010-06-30": 81, "2010-03-31": "-2010.00000", "2009-12-31": 804, "2009-09-30": -7608, "2009-06-30": 4119, "2009-03-31": "-7463.00000", "2008-12-31": -10716, "2008-09-30": -3355, "2008-06-30": 9114, "2008-03-31": "-3946.00000", "2007-12-31": 1272, "2007-09-30": 744, "2007-06-30": -16, "2007-03-31": "8628.00000", "2006-12-31": -953, "2006-09-30": 3214, "2006-06-30": 2648, "2006-03-31": "2876.00000", "2005-12-31": -1944, "2005-09-30": 4295, "2005-06-30": 2731, "2005-03-31": "4705.00000"}, "Net Common Equity Issued/Repurchased": {"2020-12-31": 1649, "2020-09-30": 1, "2020-06-30": 1, "2020-03-31": "-1651.00000", "2019-12-31": -2256, "2019-09-30": -764, "2019-06-30": -784, "2019-03-31": "-633.00000", "2018-12-31": -805, "2018-09-30": -710, "2018-06-30": -673, "2018-03-31": "-548.00000", "2017-12-31": -660, "2017-09-30": -657, "2017-06-30": -673, "2017-03-31": "-482.00000", "2016-12-31": -458, "2016-09-30": -589, "2016-06-30": -619, "2016-03-31": "-535.00000", "2015-12-31": -376, "2015-09-30": -618, "2015-06-30": -589, "2015-03-31": "-312.00000", "2014-12-31": -420, "2014-09-30": -602, "2014-06-30": -528, "2014-03-31": "-197.00000", "2013-12-31": -310, "2013-09-30": -498, "2013-06-30": -529, "2013-03-31": "-421.00000", "2012-12-31": -460, "2012-09-30": -329, "2012-06-30": -332, "2012-03-31": "-340.00000", "2011-12-31": -76, "2011-09-30": -362, "2011-06-30": 10, "2011-03-31": "94.00000", "2010-12-31": 63, "2010-09-30": 13, "2010-06-30": 15, "2010-03-31": "28.00000", "2009-12-31": 15, "2009-09-30": -135, "2009-06-30": 2684, "2009-03-31": "", "2008-12-31": 30, "2008-09-30": 325, "2008-06-30": 91, "2008-03-31": "242.00000", "2007-12-31": 53, "2007-09-30": -133, "2007-06-30": -486, "2007-03-31": "-990.00000", "2006-12-31": -21, "2006-09-30": -722, "2006-06-30": -165, "2006-03-31": "-980.00000", "2005-12-31": -125, "2005-09-30": -363, "2005-06-30": -448, "2005-03-31": "-548.00000"}, "Net Total Equity Issued/Repurchased": {"2020-12-31": 1649, "2020-09-30": 1, "2020-06-30": 1, "2020-03-31": "-1651.00000", "2019-12-31": -2256, "2019-09-30": -764, "2019-06-30": -784, "2019-03-31": "-633.00000", "2018-12-31": -805, "2018-09-30": -145, "2018-06-30": -673, "2018-03-31": "-548.00000", "2017-12-31": -660, "2017-09-30": -657, "2017-06-30": -1758, "2017-03-31": "511.00000", "2016-12-31": -458, "2016-09-30": -589, "2016-06-30": -619, "2016-03-31": "-535.00000", "2015-12-31": 369, "2015-09-30": -618, "2015-06-30": -589, "2015-03-31": "-312.00000", "2014-12-31": -420, "2014-09-30": -602, "2014-06-30": -528, "2014-03-31": "-197.00000", "2013-12-31": -310, "2013-09-30": -498, "2013-06-30": -542, "2013-03-31": "-421.00000", "2012-12-31": -460, "2012-09-30": -329, "2012-06-30": 743, "2012-03-31": "748.00000", "2011-12-31": -76, "2011-09-30": -362, "2011-06-30": 686, "2011-03-31": "94.00000", "2010-12-31": 63, "2010-09-30": 13, "2010-06-30": 15, "2010-03-31": "28.00000", "2009-12-31": 15, "2009-09-30": -135, "2009-06-30": -3915, "2009-03-31": "", "2008-12-31": 6629, "2008-09-30": 325, "2008-06-30": 90, "2008-03-31": "734.00000", "2007-12-31": 53, "2007-09-30": -133, "2007-06-30": -486, "2007-03-31": "-990.00000", "2006-12-31": -21, "2006-09-30": -722, "2006-06-30": -165, "2006-03-31": "-32.00000", "2005-12-31": -125, "2005-09-30": -363, "2005-06-30": -448, "2005-03-31": "-548.00000"}, "Total Common And Preferred Stock Dividends Paid": {"2020-12-31": 2139, "2020-09-30": -707, "2020-06-30": -714, "2020-03-31": "-718.00000", "2019-12-31": -742, "2019-09-30": -661, "2019-06-30": -673, "2019-03-31": "-669.00000", "2018-12-31": -679, "2018-09-30": -557, "2018-06-30": -567, "2018-03-31": "-563.00000", "2017-12-31": -573, "2017-09-30": -536, "2017-06-30": -545, "2017-03-31": "-558.00000", "2016-12-31": -540, "2016-09-30": -519, "2016-06-30": -505, "2016-03-31": "-513.00000", "2015-12-31": -508, "2015-09-30": -513, "2015-06-30": -498, "2015-03-31": "-500.00000", "2014-12-31": -503, "2014-09-30": -504, "2014-06-30": -480, "2014-03-31": "-482.00000", "2013-12-31": -483, "2013-09-30": -484, "2013-06-30": -432, "2013-03-31": "-431.00000", "2012-12-31": -432, "2012-09-30": -433, "2012-06-30": -417, "2012-03-31": "-269.00000", "2011-12-31": -269, "2011-09-30": -271, "2011-06-30": -280, "2011-03-31": "-115.00000", "2010-12-31": -129, "2010-09-30": -113, "2010-06-30": -115, "2010-03-31": "-115.00000", "2009-12-31": -115, "2009-09-30": -114, "2009-06-30": -218, "2009-03-31": "-853.00000", "2008-12-31": -774, "2008-09-30": -753, "2008-06-30": -751, "2008-03-31": "-749.00000", "2007-12-31": -705, "2007-09-30": -707, "2007-06-30": -712, "2007-03-31": "-721.00000", "2006-12-31": -598, "2006-09-30": -606, "2006-06-30": -589, "2006-03-31": "-599.00000", "2005-12-31": -585, "2005-09-30": -549, "2005-06-30": -553, "2005-03-31": "-558.00000"}, "Financial Activities - Other": {"2020-12-31": -51301, "2020-09-30": -89, "2020-06-30": 18452, "2020-03-31": "32938.00000", "2019-12-31": 2201, "2019-09-30": 6538, "2019-06-30": 5090, "2019-03-31": "2612.00000", "2018-12-31": 14297, "2018-09-30": -8902, "2018-06-30": -4446, "2018-03-31": "-2689.00000", "2017-12-31": 4626, "2017-09-30": -4673, "2017-06-30": 10389, "2017-03-31": "2283.00000", "2016-12-31": -5, "2016-09-30": 17005, "2016-06-30": 11242, "2016-03-31": "5910.00000", "2015-12-31": 5759, "2015-09-30": -1584, "2015-06-30": 10247, "2015-03-31": "3868.00000", "2014-12-31": 9636, "2014-09-30": -3160, "2014-06-30": 10857, "2014-03-31": "-1511.00000", "2013-12-31": 407, "2013-09-30": 10148, "2013-06-30": 3556, "2013-03-31": "-1171.00000", "2012-12-31": 4951, "2012-09-30": 2916, "2012-06-30": 7763, "2012-03-31": "2420.00000", "2011-12-31": 8253, "2011-09-30": 7749, "2011-06-30": 6590, "2011-03-31": "2254.00000", "2010-12-31": 16846, "2010-09-30": 4283, "2010-06-30": -920, "2010-03-31": "314.00000", "2009-12-31": -2230, "2009-09-30": 5872, "2009-06-30": 1091, "2009-03-31": "3216.00000", "2008-12-31": 7859, "2008-09-30": 4373, "2008-06-30": -5918, "2008-03-31": "6825.00000", "2007-12-31": 8697, "2007-09-30": 3046, "2007-06-30": 1642, "2007-03-31": "-7130.00000", "2006-12-31": 3921, "2006-09-30": -2323, "2006-06-30": 975, "2006-03-31": "-2965.00000", "2005-12-31": 3914, "2005-09-30": -1028, "2005-06-30": 2105, "2005-03-31": "-1023.00000"}, "Cash Flow From Financial Activities": {"2020-12-31": -38707, "2020-09-30": -7774, "2020-06-30": 2176, "2020-03-31": "44305.00000", "2019-12-31": 7384, "2019-09-30": 4793, "2019-06-30": 3536, "2019-03-31": "1910.00000", "2018-12-31": 3478, "2018-09-30": -113, "2018-06-30": -1229, "2018-03-31": "-1775.00000", "2017-12-31": 1940, "2017-09-30": -7780, "2017-06-30": 12149, "2017-03-31": "3145.00000", "2016-12-31": -7340, "2016-09-30": 14219, "2016-06-30": 6839, "2016-03-31": "3462.00000", "2015-12-31": 6205, "2015-09-30": -5342, "2015-06-30": 7830, "2015-03-31": "4168.00000", "2014-12-31": 10045, "2014-09-30": 1825, "2014-06-30": 9983, "2014-03-31": "4804.00000", "2013-12-31": 2434, "2013-09-30": 8176, "2013-06-30": 657, "2013-03-31": "-1464.00000", "2012-12-31": 1777, "2012-09-30": -3279, "2012-06-30": 9797, "2012-03-31": "-1710.00000", "2011-12-31": 7704, "2011-09-30": 7395, "2011-06-30": 6687, "2011-03-31": "573.00000", "2010-12-31": 16239, "2010-09-30": 5895, "2010-06-30": -939, "2010-03-31": "-1783.00000", "2009-12-31": -1526, "2009-09-30": -1985, "2009-06-30": 1077, "2009-03-31": "-5100.00000", "2008-12-31": 2998, "2008-09-30": 590, "2008-06-30": 2535, "2008-03-31": "2864.00000", "2007-12-31": 9317, "2007-09-30": 2950, "2007-06-30": 428, "2007-03-31": "-213.00000", "2006-12-31": 2349, "2006-09-30": -437, "2006-06-30": 2869, "2006-03-31": "-720.00000", "2005-12-31": 1260, "2005-09-30": 2355, "2005-06-30": 3835, "2005-03-31": "2576.00000"}, "Net Cash Flow": {"2020-12-31": -21642, "2020-09-30": -8345, "2020-06-30": 5587, "2020-03-31": "24400.00000", "2019-12-31": 7133, "2019-09-30": -1660, "2019-06-30": -1183, "2019-03-31": "-3338.00000", "2018-12-31": 1371, "2018-09-30": 1061, "2018-06-30": -225, "2018-03-31": "-259.00000", "2017-12-31": -1035, "2017-09-30": -8424, "2017-06-30": 8645, "2017-03-31": "4614.00000", "2016-12-31": -7959, "2016-09-30": 9626, "2016-06-30": 3057, "2016-03-31": "-166.00000", "2015-12-31": 697, "2015-09-30": -7475, "2015-06-30": 3853, "2015-03-31": "3418.00000", "2014-12-31": 4471, "2014-09-30": -6453, "2014-06-30": 5228, "2014-03-31": "-1069.00000", "2013-12-31": -3138, "2013-09-30": 4997, "2013-06-30": -314, "2013-03-31": "-1320.00000", "2012-12-31": -1130, "2012-09-30": -6021, "2012-06-30": 5842, "2012-03-31": "-4401.00000", "2011-12-31": 254, "2011-09-30": -1542, "2011-06-30": 1450, "2011-03-31": "-687.00000", "2010-12-31": 10017, "2010-09-30": -563, "2010-06-30": -3347, "2010-03-31": "2174.00000", "2009-12-31": 1190, "2009-09-30": -1365, "2009-06-30": 227, "2009-03-31": "-705.00000", "2008-12-31": -259, "2008-09-30": -838, "2008-06-30": 633, "2008-03-31": "-1561.00000", "2007-12-31": 2204, "2007-09-30": 184, "2007-06-30": 304, "2007-03-31": "-2447.00000", "2006-12-31": 2323, "2006-09-30": -1054, "2006-06-30": 370, "2006-03-31": "-1004.00000", "2005-12-31": 1159, "2005-09-30": 457, "2005-06-30": 584, "2005-03-31": "-535.00000"}, "Stock-Based Compensation": {"2020-12-31": 0, "2020-09-30": 0, "2020-06-30": 0, "2020-03-31": "", "2019-12-31": 0, "2019-09-30": 0, "2019-06-30": 0, "2019-03-31": "", "2018-12-31": 0, "2018-09-30": 0, "2018-06-30": 0, "2018-03-31": "", "2017-12-31": 0, "2017-09-30": 0, "2017-06-30": 0, "2017-03-31": "", "2016-12-31": 0, "2016-09-30": 0, "2016-06-30": 0, "2016-03-31": "", "2015-12-31": 0, "2015-09-30": 0, "2015-06-30": 0, "2015-03-31": "", "2014-12-31": 0, "2014-09-30": 0, "2014-06-30": 0, "2014-03-31": "", "2013-12-31": 0, "2013-09-30": 0, "2013-06-30": 0, "2013-03-31": "", "2012-12-31": 0, "2012-09-30": 0, "2012-06-30": 0, "2012-03-31": "", "2011-12-31": 0, "2011-09-30": 0, "2011-06-30": 0, "2011-03-31": "", "2010-12-31": 0, "2010-09-30": 0, "2010-06-30": 0, "2010-03-31": "", "2009-12-31": 0, "2009-09-30": 0, "2009-06-30": 0, "2009-03-31": "", "2008-12-31": 0, "2008-09-30": 0, "2008-06-30": 0, "2008-03-31": "", "2007-12-31": 0, "2007-09-30": 0, "2007-06-30": 0, "2007-03-31": "", "2006-12-31": 0, "2006-09-30": 0, "2006-06-30": 0, "2006-03-31": "", "2005-12-31": 0, "2005-09-30": 0, "2005-06-30": 0, "2005-03-31": ""}, "Common Stock Dividends Paid": {"2020-12-31": 1917, "2020-09-30": -635, "2020-06-30": -635, "2020-03-31": "-647.00000", "2019-12-31": -663, "2019-09-30": -589, "2019-06-30": -594, "2019-03-31": "-597.00000", "2018-12-31": -603, "2018-09-30": -493, "2018-06-30": -497, "2018-03-31": "-499.00000", "2017-12-31": -502, "2017-09-30": -472, "2017-06-30": -476, "2017-03-31": "-478.00000", "2016-12-31": -479, "2016-09-30": -440, "2016-06-30": -444, "2016-03-31": "-447.00000", "2015-12-31": -448, "2015-09-30": -452, "2015-06-30": -438, "2015-03-31": "-439.00000", "2014-12-31": -441, "2014-09-30": -444, "2014-06-30": -420, "2014-03-31": "-421.00000", "2013-12-31": -422, "2013-09-30": -424, "2013-06-30": -363, "2013-03-31": "-367.00000", "2012-12-31": -367, "2012-09-30": -370, "2012-06-30": -371, "2012-03-31": "-239.00000", "2011-12-31": -239, "2011-09-30": -241, "2011-06-30": -241, "2011-03-31": "-96.00000", "2010-12-31": -96, "2010-09-30": -95, "2010-06-30": -96, "2010-03-31": "-96.00000", "2009-12-31": -96, "2009-09-30": -95, "2009-06-30": -88, "2009-03-31": "-746.00000", "2008-12-31": -755, "2008-09-30": -731, "2008-06-30": -739, "2008-03-31": "-734.00000", "2007-12-31": -690, "2007-09-30": -692, "2007-06-30": -697, "2007-03-31": "-706.00000", "2006-12-31": -582, "2006-09-30": -589, "2006-06-30": -589, "2006-03-31": "-599.00000", "2005-12-31": -585, "2005-09-30": -549, "2005-06-30": -553, "2005-03-31": "-558.00000"}}, "financial ratios": {"Current Ratio": {"2019-12-31": "", "2018-12-31": "", "2017-12-31": "", "2016-12-31": "", "2015-12-31": "", "2014-12-31": "", "2013-12-31": "", "2012-12-31": "", "2011-12-31": "", "2010-12-31": "", "2009-12-31": "", "2008-12-31": "", "2007-12-31": "", "2006-12-31": "", "2005-12-31": ""}, "Long-term Debt / Capital": {"2019-12-31": "0.43350", "2018-12-31": "0.44450", "2017-12-31": "0.39380", "2016-12-31": "0.41010", "2015-12-31": "0.40660", "2014-12-31": "0.42210", "2013-12-31": "0.32410", "2012-12-31": "0.38790", "2011-12-31": "0.47750", "2010-12-31": "0.50980", "2009-12-31": "0.55000", "2008-12-31": "0.58660", "2007-12-31": "0.67360", "2006-12-31": "0.63950", "2005-12-31": "0.64860"}, "Debt/Equity Ratio": {"2019-12-31": "1.21730", "2018-12-31": "1.07400", "2017-12-31": "0.98480", "2016-12-31": "0.98650", "2015-12-31": "1.28060", "2014-12-31": "1.40720", "2013-12-31": "1.13990", "2012-12-31": "1.28690", "2011-12-31": "1.78490", "2010-12-31": "2.11380", "2009-12-31": "2.39650", "2008-12-31": "2.67610", "2007-12-31": "3.60210", "2006-12-31": "3.04450", "2005-12-31": "2.85120"}, "Gross Margin": {"2019-12-31": "", "2018-12-31": "", "2017-12-31": "", "2016-12-31": "", "2015-12-31": "", "2014-12-31": "", "2013-12-31": "", "2012-12-31": "", "2011-12-31": "", "2010-12-31": "", "2009-12-31": "", "2008-12-31": "", "2007-12-31": "", "2006-12-31": "", "2005-12-31": ""}, "Operating Margin": {"2019-12-31": "", "2018-12-31": "", "2017-12-31": "", "2016-12-31": "", "2015-12-31": "", "2014-12-31": "", "2013-12-31": "", "2012-12-31": "", "2011-12-31": "", "2010-12-31": "", "2009-12-31": "", "2008-12-31": "", "2007-12-31": "", "2006-12-31": "", "2005-12-31": ""}, "EBIT Margin": {"2019-12-31": "", "2018-12-31": "", "2017-12-31": "", "2016-12-31": "", "2015-12-31": "", "2014-12-31": "", "2013-12-31": "", "2012-12-31": "", "2011-12-31": "", "2010-12-31": "", "2009-12-31": "", "2008-12-31": "", "2007-12-31": "", "2006-12-31": "", "2005-12-31": ""}, "EBITDA Margin": {"2019-12-31": "", "2018-12-31": "", "2017-12-31": "", "2016-12-31": "", "2015-12-31": "", "2014-12-31": "", "2013-12-31": "", "2012-12-31": "", "2011-12-31": "", "2010-12-31": "", "2009-12-31": "", "2008-12-31": "", "2007-12-31": "", "2006-12-31": "", "2005-12-31": ""}, "Pre-Tax Profit Margin": {"2019-12-31": "40.19830", "2018-12-31": "41.04630", "2017-12-31": "37.01680", "2016-12-31": "41.28460", "2015-12-31": "42.35010", "2014-12-31": "42.73120", "2013-12-31": "43.04250", "2012-12-31": "42.49260", "2011-12-31": "40.07860", "2010-12-31": "30.92100", "2009-12-31": "24.11800", "2008-12-31": "35.80850", "2007-12-31": "47.64650", "2006-12-31": "52.19410", "2005-12-31": "52.84700"}, "Net Profit Margin": {"2019-12-31": "30.79190", "2018-12-31": "32.08780", "2017-12-31": "29.11800", "2016-12-31": "28.46880", "2015-12-31": "29.57650", "2014-12-31": "29.83970", "2013-12-31": "30.77950", "2012-12-31": "29.60620", "2011-12-31": "28.54290", "2010-12-31": "24.53070", "2009-12-31": "16.52160", "2008-12-31": "24.62650", "2007-12-31": "32.27470", "2006-12-31": "35.76700", "2005-12-31": "36.10260"}, "Asset Turnover": {"2019-12-31": "0.04320", "2018-12-31": "0.04520", "2017-12-31": "0.04400", "2016-12-31": "0.04400", "2015-12-31": "0.04490", "2014-12-31": "0.04650", "2013-12-31": "0.04960", "2012-12-31": "0.05140", "2011-12-31": "0.04860", "2010-12-31": "0.04410", "2009-12-31": "0.03880", "2008-12-31": "0.04300", "2007-12-31": "0.05550", "2006-12-31": "0.06000", "2005-12-31": "0.05940"}, "Inventory Turnover Ratio": {"2019-12-31": "", "2018-12-31": "", "2017-12-31": "", "2016-12-31": "", "2015-12-31": "", "2014-12-31": "", "2013-12-31": "", "2012-12-31": "", "2011-12-31": "", "2010-12-31": "", "2009-12-31": "", "2008-12-31": "", "2007-12-31": "", "2006-12-31": "", "2005-12-31": ""}, "Receiveable Turnover": {"2019-12-31": "", "2018-12-31": "", "2017-12-31": "", "2016-12-31": "", "2015-12-31": "", "2014-12-31": "", "2013-12-31": "", "2012-12-31": "", "2011-12-31": "", "2010-12-31": "", "2009-12-31": "", "2008-12-31": "", "2007-12-31": "", "2006-12-31": "", "2005-12-31": ""}, "Days Sales In Receivables": {"2019-12-31": "", "2018-12-31": "", "2017-12-31": "", "2016-12-31": "", "2015-12-31": "", "2014-12-31": "", "2013-12-31": "", "2012-12-31": "", "2011-12-31": "", "2010-12-31": "", "2009-12-31": "", "2008-12-31": "", "2007-12-31": "", "2006-12-31": "", "2005-12-31": ""}, "ROE - Return On Equity": {"2019-12-31": "14.93800", "2018-12-31": "15.59780", "2017-12-31": "14.13200", "2016-12-31": "14.00830", "2015-12-31": "14.36010", "2014-12-31": "14.99040", "2013-12-31": "15.47060", "2012-12-31": "15.46570", "2011-12-31": "14.79380", "2010-12-31": "11.49970", "2009-12-31": "8.89070", "2008-12-31": "15.76800", "2007-12-31": "21.96450", "2006-12-31": "23.52330", "2005-12-31": "22.34890"}, "Return On Tangible Equity": {"2019-12-31": "17.53820", "2018-12-31": "18.31550", "2017-12-31": "16.89820", "2016-12-31": "16.84520", "2015-12-31": "17.39580", "2014-12-31": "18.68620", "2013-12-31": "19.71590", "2012-12-31": "19.31870", "2011-12-31": "20.54230", "2010-12-31": "17.98400", "2009-12-31": "15.70490", "2008-12-31": "19.27310", "2007-12-31": "42.51640", "2006-12-31": "45.54260", "2005-12-31": "43.97960"}, "ROA - Return On Assets": {"2019-12-31": "1.40200", "2018-12-31": "1.52430", "2017-12-31": "1.35330", "2016-12-31": "1.33280", "2015-12-31": "1.40640", "2014-12-31": "1.46770", "2013-12-31": "1.57460", "2012-12-31": "1.55150", "2011-12-31": "1.40770", "2010-12-31": "1.06080", "2009-12-31": "0.79560", "2008-12-31": "1.13270", "2007-12-31": "1.85300", "2006-12-31": "2.16710", "2005-12-31": "2.14310"}, "ROI - Return On Investment": {"2019-12-31": "7.49700", "2018-12-31": "7.66050", "2017-12-31": "7.63260", "2016-12-31": "7.31520", "2015-12-31": "7.52010", "2014-12-31": "7.73020", "2013-12-31": "9.26670", "2012-12-31": "8.34560", "2011-12-31": "7.15440", "2010-12-31": "5.27810", "2009-12-31": "3.77610", "2008-12-31": "4.60610", "2007-12-31": "6.82780", "2006-12-31": "8.08010", "2005-12-31": "7.85410"}, "Book Value Per Share": {"2019-12-31": "34.20970", "2018-12-31": "32.11830", "2017-12-31": "29.99800", "2016-12-31": "28.24720", "2015-12-31": "26.82630", "2014-12-31": "24.73200", "2013-12-31": "22.91110", "2012-12-31": "21.53970", "2011-12-31": "18.31110", "2010-12-31": "15.78530", "2009-12-31": "13.93720", "2008-12-31": "15.40310", "2007-12-31": "12.18040", "2006-12-31": "12.01160", "2005-12-31": "11.06700"}, "Operating Cash Flow Per Share": {"2019-12-31": -3.3609, "2018-12-31": 2.6038, "2017-12-31": 0.7504, "2016-12-31": -1.8609, "2015-12-31": 2.015, "2014-12-31": -3.2494, "2013-12-31": 1.9931, "2012-12-31": -0.9093, "2011-12-31": 2.3783, "2010-12-31": -1.3599, "2009-12-31": 1.066, "2008-12-31": 1.3684, "2007-12-31": -1.3346, "2006-12-31": 1.116, "2005-12-31": 1.8724}, "Free Cash Flow Per Share": {"2019-12-31": -3.3609, "2018-12-31": 2.6038, "2017-12-31": 0.7504, "2016-12-31": -1.8609, "2015-12-31": 2.015, "2014-12-31": -3.2494, "2013-12-31": 1.9931, "2012-12-31": -0.9093, "2011-12-31": 2.3783, "2010-12-31": -1.3599, "2009-12-31": 1.066, "2008-12-31": 1.3684, "2007-12-31": -1.3346, "2006-12-31": 1.116, "2005-12-31": 1.8724}}, "financial ratios, quarterly": {"Current Ratio": {"2020-09-30": "", "2020-06-30": "", "2020-03-31": "", "2019-12-31": "", "2019-09-30": "", "2019-06-30": "", "2019-03-31": "", "2018-12-31": "", "2018-09-30": "", "2018-06-30": "", "2018-03-31": "", "2017-12-31": "", "2017-09-30": "", "2017-06-30": "", "2017-03-31": "", "2016-12-31": "", "2016-09-30": "", "2016-06-30": "", "2016-03-31": "", "2015-12-31": "", "2015-09-30": "", "2015-06-30": "", "2015-03-31": "", "2014-12-31": "", "2014-09-30": "", "2014-06-30": "", "2014-03-31": "", "2013-12-31": "", "2013-09-30": "", "2013-06-30": "", "2013-03-31": "", "2012-12-31": "", "2012-09-30": "", "2012-06-30": "", "2012-03-31": "", "2011-12-31": "", "2011-09-30": "", "2011-06-30": "", "2011-03-31": "", "2010-12-31": "", "2010-09-30": "", "2010-06-30": "", "2010-03-31": "", "2009-12-31": "", "2009-09-30": "", "2009-06-30": "", "2009-03-31": "", "2008-12-31": "", "2008-09-30": "", "2008-06-30": "", "2008-03-31": "", "2007-12-31": "", "2007-09-30": "", "2007-06-30": "", "2007-03-31": "", "2006-12-31": "", "2006-09-30": "", "2006-06-30": "", "2006-03-31": "", "2005-12-31": "", "2005-09-30": "", "2005-06-30": "", "2005-03-31": ""}, "Long-term Debt / Capital": {"2020-09-30": "0.44380", "2020-06-30": "0.44790", "2020-03-31": "0.50070", "2019-12-31": "0.43350", "2019-09-30": "0.43250", "2019-06-30": "0.43370", "2019-03-31": "0.43570", "2018-12-31": "0.44450", "2018-09-30": "0.44500", "2018-06-30": "0.42520", "2018-03-31": "0.39990", "2017-12-31": "0.39380", "2017-09-30": "0.41150", "2017-06-30": "0.43580", "2017-03-31": "0.42600", "2016-12-31": "0.41010", "2016-09-30": "0.43970", "2016-06-30": "0.43480", "2016-03-31": "0.42390", "2015-12-31": "0.40660", "2015-09-30": "0.41530", "2015-06-30": "0.43010", "2015-03-31": "0.43840", "2014-12-31": "0.42210", "2014-09-30": "0.41250", "2014-06-30": "0.37370", "2014-03-31": "0.35740", "2013-12-31": "0.32410", "2013-09-30": "0.31090", "2013-06-30": "0.32450", "2013-03-31": "0.38190", "2012-12-31": "0.38790", "2012-09-30": "0.39740", "2012-06-30": "0.42570", "2012-03-31": "0.45160", "2011-12-31": "0.47750", "2011-09-30": "0.47230", "2011-06-30": "0.49610", "2011-03-31": "0.50350", "2010-12-31": "0.50980", "2010-09-30": "0.50340", "2010-06-30": "0.50170", "2010-03-31": "0.54190", "2009-12-31": "0.55000", "2009-09-30": "0.56230", "2009-06-30": "0.61170", "2009-03-31": "0.58150", "2008-12-31": "0.58660", "2008-09-30": "0.64920", "2008-06-30": "0.64660", "2008-03-31": "0.62680", "2007-12-31": "0.67360", "2007-09-30": "0.68540", "2007-06-30": "0.69330", "2007-03-31": "0.68240", "2006-12-31": "0.63950", "2006-09-30": "0.66330", "2006-06-30": "0.67270", "2006-03-31": "0.66000", "2005-12-31": "0.64860", "2005-09-30": "0.64610", "2005-06-30": "0.63610", "2005-03-31": "0.66470"}, "Debt/Equity Ratio": {"2020-09-30": "1.05590", "2020-06-30": "1.20380", "2020-03-31": "1.50760", "2019-12-31": "1.21730", "2019-09-30": "1.03150", "2019-06-30": "1.04670", "2019-03-31": "1.06430", "2018-12-31": "1.07400", "2018-09-30": "1.26970", "2018-06-30": "1.10050", "2018-03-31": "1.02190", "2017-12-31": "0.98480", "2017-09-30": "1.02070", "2017-06-30": "1.06690", "2017-03-31": "0.99380", "2016-12-31": "0.98650", "2016-09-30": "1.10900", "2016-06-30": "1.15290", "2016-03-31": "1.23750", "2015-12-31": "1.28060", "2015-09-30": "1.29830", "2015-06-30": "1.36910", "2015-03-31": "1.40840", "2014-12-31": "1.40720", "2014-09-30": "1.38750", "2014-06-30": "1.26750", "2014-03-31": "1.27630", "2013-12-31": "1.13990", "2013-09-30": "1.08000", "2013-06-30": "1.11820", "2013-03-31": "1.28200", "2012-12-31": "1.28690", "2012-09-30": "1.35890", "2012-06-30": "1.53070", "2012-03-31": "1.56710", "2011-12-31": "1.78490", "2011-09-30": "1.83140", "2011-06-30": "1.87410", "2011-03-31": "2.00400", "2010-12-31": "2.11380", "2010-09-30": "2.16060", "2010-06-30": "2.17460", "2010-03-31": "2.32200", "2009-12-31": "2.39650", "2009-09-30": "2.37310", "2009-06-30": "2.76840", "2009-03-31": "2.32020", "2008-12-31": "2.67610", "2008-09-30": "3.57710", "2008-06-30": "3.71310", "2008-03-31": "3.36640", "2007-12-31": "3.60210", "2007-09-30": "3.56880", "2007-06-30": "3.59600", "2007-03-31": "3.51990", "2006-12-31": "3.04450", "2006-09-30": "3.15460", "2006-06-30": "3.06260", "2006-03-31": "2.96100", "2005-12-31": "2.85120", "2005-09-30": "2.99050", "2005-06-30": "2.77960", "2005-03-31": "2.72990"}, "Gross Margin": {"2020-09-30": "", "2020-06-30": "", "2020-03-31": "", "2019-12-31": "", "2019-09-30": "", "2019-06-30": "", "2019-03-31": "", "2018-12-31": "", "2018-09-30": "", "2018-06-30": "", "2018-03-31": "", "2017-12-31": "", "2017-09-30": "", "2017-06-30": "", "2017-03-31": "", "2016-12-31": "", "2016-09-30": "", "2016-06-30": "", "2016-03-31": "", "2015-12-31": "", "2015-09-30": "", "2015-06-30": "", "2015-03-31": "", "2014-12-31": "", "2014-09-30": "", "2014-06-30": "", "2014-03-31": "", "2013-12-31": "", "2013-09-30": "", "2013-06-30": "", "2013-03-31": "", "2012-12-31": "", "2012-09-30": "", "2012-06-30": "", "2012-03-31": "", "2011-12-31": "", "2011-09-30": "", "2011-06-30": "", "2011-03-31": "", "2010-12-31": "", "2010-09-30": "", "2010-06-30": "", "2010-03-31": "", "2009-12-31": "", "2009-09-30": "", "2009-06-30": "", "2009-03-31": "", "2008-12-31": "", "2008-09-30": "", "2008-06-30": "", "2008-03-31": "", "2007-12-31": "", "2007-09-30": "", "2007-06-30": "", "2007-03-31": "", "2006-12-31": "", "2006-09-30": "", "2006-06-30": "", "2006-03-31": "", "2005-12-31": "", "2005-09-30": "", "2005-06-30": "", "2005-03-31": ""}, "Operating Margin": {"2020-09-30": "", "2020-06-30": "", "2020-03-31": "", "2019-12-31": "", "2019-09-30": "", "2019-06-30": "", "2019-03-31": "", "2018-12-31": "", "2018-09-30": "", "2018-06-30": "", "2018-03-31": "", "2017-12-31": "", "2017-09-30": "", "2017-06-30": "", "2017-03-31": "", "2016-12-31": "", "2016-09-30": "", "2016-06-30": "", "2016-03-31": "", "2015-12-31": "", "2015-09-30": "", "2015-06-30": "", "2015-03-31": "", "2014-12-31": "", "2014-09-30": "", "2014-06-30": "", "2014-03-31": "", "2013-12-31": "", "2013-09-30": "", "2013-06-30": "", "2013-03-31": "", "2012-12-31": "", "2012-09-30": "", "2012-06-30": "", "2012-03-31": "", "2011-12-31": "", "2011-09-30": "", "2011-06-30": "", "2011-03-31": "", "2010-12-31": "", "2010-09-30": "", "2010-06-30": "", "2010-03-31": "", "2009-12-31": "", "2009-09-30": "", "2009-06-30": "", "2009-03-31": "", "2008-12-31": "", "2008-09-30": "", "2008-06-30": "", "2008-03-31": "", "2007-12-31": "", "2007-09-30": "", "2007-06-30": "", "2007-03-31": "", "2006-12-31": "", "2006-09-30": "", "2006-06-30": "", "2006-03-31": "", "2005-12-31": "", "2005-09-30": "", "2005-06-30": "", "2005-03-31": ""}, "EBIT Margin": {"2020-09-30": "", "2020-06-30": "", "2020-03-31": "", "2019-12-31": "", "2019-09-30": "", "2019-06-30": "", "2019-03-31": "", "2018-12-31": "", "2018-09-30": "", "2018-06-30": "", "2018-03-31": "", "2017-12-31": "", "2017-09-30": "", "2017-06-30": "", "2017-03-31": "", "2016-12-31": "", "2016-09-30": "", "2016-06-30": "", "2016-03-31": "", "2015-12-31": "", "2015-09-30": "", "2015-06-30": "", "2015-03-31": "", "2014-12-31": "", "2014-09-30": "", "2014-06-30": "", "2014-03-31": "", "2013-12-31": "", "2013-09-30": "", "2013-06-30": "", "2013-03-31": "", "2012-12-31": "", "2012-09-30": "", "2012-06-30": "", "2012-03-31": "", "2011-12-31": "", "2011-09-30": "", "2011-06-30": "", "2011-03-31": "", "2010-12-31": "", "2010-09-30": "", "2010-06-30": "", "2010-03-31": "", "2009-12-31": "", "2009-09-30": "", "2009-06-30": "", "2009-03-31": "", "2008-12-31": "", "2008-09-30": "", "2008-06-30": "", "2008-03-31": "", "2007-12-31": "", "2007-09-30": "", "2007-06-30": "", "2007-03-31": "", "2006-12-31": "", "2006-09-30": "", "2006-06-30": "", "2006-03-31": "", "2005-12-31": "", "2005-09-30": "", "2005-06-30": "", "2005-03-31": ""}, "EBITDA Margin": {"2020-09-30": "", "2020-06-30": "", "2020-03-31": "", "2019-12-31": "", "2019-09-30": "", "2019-06-30": "", "2019-03-31": "", "2018-12-31": "", "2018-09-30": "", "2018-06-30": "", "2018-03-31": "", "2017-12-31": "", "2017-09-30": "", "2017-06-30": "", "2017-03-31": "", "2016-12-31": "", "2016-09-30": "", "2016-06-30": "", "2016-03-31": "", "2015-12-31": "", "2015-09-30": "", "2015-06-30": "", "2015-03-31": "", "2014-12-31": "", "2014-09-30": "", "2014-06-30": "", "2014-03-31": "", "2013-12-31": "", "2013-09-30": "", "2013-06-30": "", "2013-03-31": "", "2012-12-31": "", "2012-09-30": "", "2012-06-30": "", "2012-03-31": "", "2011-12-31": "", "2011-09-30": "", "2011-06-30": "", "2011-03-31": "", "2010-12-31": "", "2010-09-30": "", "2010-06-30": "", "2010-03-31": "", "2009-12-31": "", "2009-09-30": "", "2009-06-30": "", "2009-03-31": "", "2008-12-31": "", "2008-09-30": "", "2008-06-30": "", "2008-03-31": "", "2007-12-31": "", "2007-09-30": "", "2007-06-30": "", "2007-03-31": "", "2006-12-31": "", "2006-09-30": "", "2006-06-30": "", "2006-03-31": "", "2005-12-31": "", "2005-09-30": "", "2005-06-30": "", "2005-03-31": ""}, "Pre-Tax Profit Margin": {"2020-09-30": "36.44420", "2020-06-30": "18.61660", "2020-03-31": "30.26290", "2019-12-31": "35.19440", "2019-09-30": "43.12590", "2019-06-30": "41.93370", "2019-03-31": "40.32480", "2018-12-31": "39.62820", "2018-09-30": "42.84640", "2018-06-30": "41.61620", "2018-03-31": "40.08630", "2017-12-31": "25.16320", "2017-09-30": "41.85420", "2017-06-30": "40.87580", "2017-03-31": "40.55990", "2016-12-31": "41.67520", "2016-09-30": "41.53200", "2016-06-30": "40.98620", "2016-03-31": "40.93250", "2015-12-31": "42.13020", "2015-09-30": "42.33170", "2015-06-30": "43.02100", "2015-03-31": "41.91370", "2014-12-31": "41.89810", "2014-09-30": "43.45660", "2014-06-30": "42.75320", "2014-03-31": "42.85710", "2013-12-31": "41.13260", "2013-09-30": "43.46480", "2013-06-30": "43.55410", "2013-03-31": "44.05440", "2012-12-31": "41.77330", "2012-09-30": "43.69880", "2012-06-30": "42.74710", "2012-03-31": "41.71220", "2011-12-31": "40.76030", "2011-09-30": "41.29920", "2011-06-30": "40.30040", "2011-03-31": "37.61120", "2010-12-31": "33.83920", "2010-09-30": "32.60810", "2010-06-30": "28.57570", "2010-03-31": "27.83780", "2009-12-31": "24.16610", "2009-09-30": "25.18220", "2009-06-30": "21.55490", "2009-03-31": "25.66550", "2008-12-31": "16.35740", "2008-09-30": "30.18870", "2008-06-30": "42.66790", "2008-03-31": "47.08510", "2007-12-31": "43.22210", "2007-09-30": "46.90580", "2007-06-30": "49.78950", "2007-03-31": "50.79810", "2006-12-31": "48.65510", "2006-09-30": "53.00950", "2006-06-30": "53.86010", "2006-03-31": "53.32920", "2005-12-31": "53.01670", "2005-09-30": "54.15500", "2005-06-30": "49.38120", "2005-03-31": "54.94250"}, "Net Profit Margin": {"2020-09-30": "28.16740", "2020-06-30": "15.06010", "2020-03-31": "22.88120", "2019-12-31": "26.82930", "2019-09-30": "32.94140", "2019-06-30": "32.06260", "2019-03-31": "31.18110", "2018-12-31": "32.70750", "2018-09-30": "32.51970", "2018-06-30": "31.75630", "2018-03-31": "31.31990", "2017-12-31": "30.92130", "2017-09-30": "28.80140", "2017-06-30": "28.33370", "2017-03-31": "28.34080", "2016-12-31": "28.41680", "2016-09-30": "28.60560", "2016-06-30": "28.30380", "2016-03-31": "28.55610", "2015-12-31": "28.92460", "2015-09-30": "29.55110", "2015-06-30": "30.10410", "2015-03-31": "29.75150", "2014-12-31": "29.42400", "2014-09-30": "30.39150", "2014-06-30": "29.67350", "2014-03-31": "29.89670", "2013-12-31": "30.48730", "2013-09-30": "30.85740", "2013-06-30": "31.01550", "2013-03-31": "30.75880", "2012-12-31": "29.24340", "2012-09-30": "30.29780", "2012-06-30": "29.60600", "2012-03-31": "29.25770", "2011-12-31": "28.87280", "2011-09-30": "29.32670", "2011-06-30": "28.72970", "2011-03-31": "27.04230", "2010-12-31": "25.31950", "2010-09-30": "24.61150", "2010-06-30": "25.90140", "2010-03-31": "21.89190", "2009-12-31": "19.74130", "2009-09-30": "21.24640", "2009-06-30": "8.14300", "2009-03-31": "16.64680", "2008-12-31": "11.17830", "2008-09-30": "21.44780", "2008-06-30": "29.20210", "2008-03-31": "32.03450", "2007-12-31": "27.68260", "2007-09-30": "32.31690", "2007-06-30": "34.30550", "2007-03-31": "34.89830", "2006-12-31": "35.23610", "2006-09-30": "36.26640", "2006-06-30": "35.70570", "2006-03-31": "35.87430", "2005-12-31": "36.68160", "2005-09-30": "35.91660", "2005-06-30": "35.57600", "2005-03-31": "36.25590"}, "Asset Turnover": {"2020-09-30": "0.00980", "2020-06-30": "0.00750", "2020-03-31": "0.00880", "2019-12-31": "0.01060", "2019-09-30": "0.01130", "2019-06-30": "0.01130", "2019-03-31": "0.01090", "2018-12-31": "0.01160", "2018-09-30": "0.01150", "2018-06-30": "0.01150", "2018-03-31": "0.01110", "2017-12-31": "0.01130", "2017-09-30": "0.01120", "2017-06-30": "0.01090", "2017-03-31": "0.01090", "2016-12-31": "0.01100", "2016-09-30": "0.01100", "2016-06-30": "0.01160", "2016-03-31": "0.01090", "2015-12-31": "0.01150", "2015-09-30": "0.01160", "2015-06-30": "0.01120", "2015-03-31": "0.01120", "2014-12-31": "0.01200", "2014-09-30": "0.01180", "2014-06-30": "0.01240", "2014-03-31": "0.01200", "2013-12-31": "0.01250", "2013-09-30": "0.01260", "2013-06-30": "0.01280", "2013-03-31": "0.01240", "2012-12-31": "0.01300", "2012-09-30": "0.01320", "2012-06-30": "0.01290", "2012-03-31": "0.01290", "2011-12-31": "0.01340", "2011-09-30": "0.01280", "2011-06-30": "0.01270", "2011-03-31": "0.01190", "2010-12-31": "0.01220", "2010-09-30": "0.01220", "2010-06-30": "0.01170", "2010-03-31": "0.01050", "2009-12-31": "0.01040", "2009-09-30": "0.01040", "2009-06-30": "0.01020", "2009-03-31": "0.00950", "2008-12-31": "0.00870", "2008-09-30": "0.01050", "2008-06-30": "0.01290", "2008-03-31": "0.01390", "2007-12-31": "0.01400", "2007-09-30": "0.01470", "2007-06-30": "0.01490", "2007-03-31": "0.01440", "2006-12-31": "0.01530", "2006-09-30": "0.01510", "2006-06-30": "0.01550", "2006-03-31": "0.01530", "2005-12-31": "0.01490", "2005-09-30": "0.01550", "2005-06-30": "0.01540", "2005-03-31": "0.01490"}, "Inventory Turnover Ratio": {"2020-09-30": "", "2020-06-30": "", "2020-03-31": "", "2019-12-31": "", "2019-09-30": "", "2019-06-30": "", "2019-03-31": "", "2018-12-31": "", "2018-09-30": "", "2018-06-30": "", "2018-03-31": "", "2017-12-31": "", "2017-09-30": "", "2017-06-30": "", "2017-03-31": "", "2016-12-31": "", "2016-09-30": "", "2016-06-30": "", "2016-03-31": "", "2015-12-31": "", "2015-09-30": "", "2015-06-30": "", "2015-03-31": "", "2014-12-31": "", "2014-09-30": "", "2014-06-30": "", "2014-03-31": "", "2013-12-31": "", "2013-09-30": "", "2013-06-30": "", "2013-03-31": "", "2012-12-31": "", "2012-09-30": "", "2012-06-30": "", "2012-03-31": "", "2011-12-31": "", "2011-09-30": "", "2011-06-30": "", "2011-03-31": "", "2010-12-31": "", "2010-09-30": "", "2010-06-30": "", "2010-03-31": "", "2009-12-31": "", "2009-09-30": "", "2009-06-30": "", "2009-03-31": "", "2008-12-31": "", "2008-09-30": "", "2008-06-30": "", "2008-03-31": "", "2007-12-31": "", "2007-09-30": "", "2007-06-30": "", "2007-03-31": "", "2006-12-31": "", "2006-09-30": "", "2006-06-30": "", "2006-03-31": "", "2005-12-31": "", "2005-09-30": "", "2005-06-30": "", "2005-03-31": ""}, "Receiveable Turnover": {"2020-09-30": "", "2020-06-30": "", "2020-03-31": "", "2019-12-31": "", "2019-09-30": "", "2019-06-30": "", "2019-03-31": "", "2018-12-31": "", "2018-09-30": "", "2018-06-30": "", "2018-03-31": "", "2017-12-31": "", "2017-09-30": "", "2017-06-30": "", "2017-03-31": "", "2016-12-31": "", "2016-09-30": "", "2016-06-30": "", "2016-03-31": "", "2015-12-31": "", "2015-09-30": "", "2015-06-30": "", "2015-03-31": "", "2014-12-31": "", "2014-09-30": "", "2014-06-30": "", "2014-03-31": "", "2013-12-31": "", "2013-09-30": "", "2013-06-30": "", "2013-03-31": "", "2012-12-31": "", "2012-09-30": "", "2012-06-30": "", "2012-03-31": "", "2011-12-31": "", "2011-09-30": "", "2011-06-30": "", "2011-03-31": "", "2010-12-31": "", "2010-09-30": "", "2010-06-30": "", "2010-03-31": "", "2009-12-31": "", "2009-09-30": "", "2009-06-30": "", "2009-03-31": "", "2008-12-31": "", "2008-09-30": "", "2008-06-30": "", "2008-03-31": "", "2007-12-31": "", "2007-09-30": "", "2007-06-30": "", "2007-03-31": "", "2006-12-31": "", "2006-09-30": "", "2006-06-30": "", "2006-03-31": "", "2005-12-31": "", "2005-09-30": "", "2005-06-30": "", "2005-03-31": ""}, "Days Sales In Receivables": {"2020-09-30": "", "2020-06-30": "", "2020-03-31": "", "2019-12-31": "", "2019-09-30": "", "2019-06-30": "", "2019-03-31": "", "2018-12-31": "", "2018-09-30": "", "2018-06-30": "", "2018-03-31": "", "2017-12-31": "", "2017-09-30": "", "2017-06-30": "", "2017-03-31": "", "2016-12-31": "", "2016-09-30": "", "2016-06-30": "", "2016-03-31": "", "2015-12-31": "", "2015-09-30": "", "2015-06-30": "", "2015-03-31": "", "2014-12-31": "", "2014-09-30": "", "2014-06-30": "", "2014-03-31": "", "2013-12-31": "", "2013-09-30": "", "2013-06-30": "", "2013-03-31": "", "2012-12-31": "", "2012-09-30": "", "2012-06-30": "", "2012-03-31": "", "2011-12-31": "", "2011-09-30": "", "2011-06-30": "", "2011-03-31": "", "2010-12-31": "", "2010-09-30": "", "2010-06-30": "", "2010-03-31": "", "2009-12-31": "", "2009-09-30": "", "2009-06-30": "", "2009-03-31": "", "2008-12-31": "", "2008-09-30": "", "2008-06-30": "", "2008-03-31": "", "2007-12-31": "", "2007-09-30": "", "2007-06-30": "", "2007-03-31": "", "2006-12-31": "", "2006-09-30": "", "2006-06-30": "", "2006-03-31": "", "2005-12-31": "", "2005-09-30": "", "2005-06-30": "", "2005-03-31": ""}, "ROE - Return On Equity": {"2020-09-30": "3.35940", "2020-06-30": "1.49480", "2020-03-31": "2.55320", "2019-12-31": "3.21080", "2019-09-30": "3.98020", "2019-06-30": "3.84390", "2019-03-31": "3.65720", "2018-12-31": "4.07680", "2018-09-30": "4.04680", "2018-06-30": "3.92080", "2018-03-31": "3.78890", "2017-12-31": "3.81040", "2017-09-30": "3.57140", "2017-06-30": "3.47350", "2017-03-31": "3.45470", "2016-12-31": "3.51390", "2016-09-30": "3.53400", "2016-06-30": "3.61170", "2016-03-31": "3.34430", "2015-12-31": "3.60390", "2015-09-30": "3.66490", "2015-06-30": "3.69860", "2015-03-31": "3.59120", "2014-12-31": "3.80850", "2014-09-30": "3.80310", "2014-06-30": "3.90630", "2014-03-31": "3.71710", "2013-12-31": "3.97020", "2013-09-30": "3.88630", "2013-06-30": "3.97860", "2013-03-31": "3.84440", "2012-12-31": "3.87350", "2012-09-30": "4.08490", "2012-06-30": "4.04050", "2012-03-31": "3.92840", "2011-12-31": "4.10320", "2011-09-30": "3.96150", "2011-06-30": "3.83600", "2011-03-31": "3.49940", "2010-12-31": "3.36710", "2010-09-30": "3.19140", "2010-06-30": "2.78420", "2010-03-31": "2.56100", "2009-12-31": "2.39260", "2009-09-30": "2.48150", "2009-06-30": "2.07390", "2009-03-31": "2.72460", "2008-12-31": "1.84270", "2008-09-30": "2.90460", "2008-06-30": "4.75700", "2008-03-31": "5.51510", "2007-12-31": "5.09330", "2007-09-30": "5.54490", "2007-06-30": "5.98030", "2007-03-31": "5.70710", "2006-12-31": "5.91180", "2006-09-30": "6.03730", "2006-06-30": "6.18590", "2006-03-31": "5.98770", "2005-12-31": "5.69050", "2005-09-30": "5.80950", "2005-06-30": "5.63290", "2005-03-31": "5.57580"}, "Return On Tangible Equity": {"2020-09-30": "3.90140", "2020-06-30": "1.73230", "2020-03-31": "2.97000", "2019-12-31": "3.76970", "2019-09-30": "4.61570", "2019-06-30": "4.47700", "2019-03-31": "4.29170", "2018-12-31": "4.78710", "2018-09-30": "4.80320", "2018-06-30": "4.69840", "2018-03-31": "4.54790", "2017-12-31": "4.55630", "2017-09-30": "4.26500", "2017-06-30": "4.15700", "2017-03-31": "4.15410", "2016-12-31": "4.22550", "2016-09-30": "4.19310", "2016-06-30": "4.28830", "2016-03-31": "4.00480", "2015-12-31": "4.36580", "2015-09-30": "4.52400", "2015-06-30": "4.58750", "2015-03-31": "4.43370", "2014-12-31": "4.74740", "2014-09-30": "4.77970", "2014-06-30": "4.92700", "2014-03-31": "4.68840", "2013-12-31": "5.05970", "2013-09-30": "4.94400", "2013-06-30": "5.04770", "2013-03-31": "4.81980", "2012-12-31": "4.83850", "2012-09-30": "5.05130", "2012-06-30": "5.06100", "2012-03-31": "5.20870", "2011-12-31": "5.69760", "2011-09-30": "5.53930", "2011-06-30": "5.58110", "2011-03-31": "5.42350", "2010-12-31": "5.26580", "2010-09-30": "4.94930", "2010-06-30": "4.45760", "2010-03-31": "4.42210", "2009-12-31": "4.22630", "2009-09-30": "4.28320", "2009-06-30": "3.59950", "2009-03-31": "3.23920", "2008-12-31": "2.25240", "2008-09-30": "5.51950", "2008-06-30": "9.06790", "2008-03-31": "10.13270", "2007-12-31": "9.85900", "2007-09-30": "10.94690", "2007-06-30": "12.31750", "2007-03-31": "11.30000", "2006-12-31": "11.44560", "2006-09-30": "11.66720", "2006-06-30": "12.04130", "2006-03-31": "11.69250", "2005-12-31": "11.19820", "2005-09-30": "10.58130", "2005-06-30": "10.24210", "2005-03-31": "10.30010"}, "ROA - Return On Assets": {"2020-09-30": "0.29350", "2020-06-30": "0.12710", "2020-03-31": "0.21720", "2019-12-31": "0.30140", "2019-09-30": "0.39310", "2019-06-30": "0.37950", "2019-03-31": "0.35900", "2018-12-31": "0.39840", "2018-09-30": "0.39220", "2018-06-30": "0.38110", "2018-03-31": "0.36560", "2017-12-31": "0.36490", "2017-09-30": "0.34170", "2017-06-30": "0.32600", "2017-03-31": "0.33060", "2016-12-31": "0.33430", "2016-09-30": "0.33380", "2016-06-30": "0.35030", "2016-03-31": "0.32680", "2015-12-31": "0.35300", "2015-09-30": "0.36130", "2015-06-30": "0.35720", "2015-03-31": "0.35200", "2014-12-31": "0.37290", "2014-09-30": "0.37980", "2014-06-30": "0.38790", "2014-03-31": "0.38030", "2013-12-31": "0.40410", "2013-09-30": "0.39650", "2013-06-30": "0.40860", "2013-03-31": "0.39020", "2012-12-31": "0.38860", "2012-09-30": "0.40650", "2012-06-30": "0.39020", "2012-03-31": "0.38300", "2011-12-31": "0.39040", "2011-09-30": "0.37920", "2011-06-30": "0.36740", "2011-03-31": "0.33040", "2010-12-31": "0.31060", "2010-09-30": "0.30760", "2010-06-30": "0.26550", "2010-03-31": "0.23480", "2009-12-31": "0.21410", "2009-09-30": "0.22830", "2009-06-30": "0.18260", "2009-03-31": "0.20670", "2008-12-31": "0.13240", "2008-09-30": "0.23720", "2008-06-30": "0.39220", "2008-03-31": "0.45790", "2007-12-31": "0.42970", "2007-09-30": "0.48150", "2007-06-30": "0.51950", "2007-03-31": "0.51030", "2006-12-31": "0.54460", "2006-09-30": "0.55470", "2006-06-30": "0.56280", "2006-03-31": "0.54930", "2005-12-31": "0.54570", "2005-09-30": "0.55780", "2005-06-30": "0.54960", "2005-03-31": "0.53960"}, "ROI - Return On Investment": {"2020-09-30": "1.65830", "2020-06-30": "0.73110", "2020-03-31": "1.12870", "2019-12-31": "1.61140", "2019-09-30": "2.00900", "2019-06-30": "1.93340", "2019-03-31": "1.82940", "2018-12-31": "2.00220", "2018-09-30": "1.98260", "2018-06-30": "2.01080", "2018-03-31": "2.02620", "2017-12-31": "2.05800", "2017-09-30": "1.87080", "2017-06-30": "1.74270", "2017-03-31": "1.76110", "2016-12-31": "1.83490", "2016-09-30": "1.75510", "2016-06-30": "1.80770", "2016-03-31": "1.70300", "2015-12-31": "1.88730", "2015-09-30": "1.92030", "2015-06-30": "1.88610", "2015-03-31": "1.80340", "2014-12-31": "1.96390", "2014-09-30": "1.99200", "2014-06-30": "2.17820", "2014-03-31": "2.12280", "2013-12-31": "2.37810", "2013-09-30": "2.37140", "2013-06-30": "2.37600", "2013-03-31": "2.09880", "2012-12-31": "2.09020", "2012-09-30": "2.16680", "2012-06-30": "2.03560", "2012-03-31": "1.93880", "2011-12-31": "1.98430", "2011-09-30": "1.93110", "2011-06-30": "1.78170", "2011-03-31": "1.63050", "2010-12-31": "1.54550", "2010-09-30": "1.48270", "2010-06-30": "1.29480", "2010-03-31": "1.10890", "2009-12-31": "1.01620", "2009-09-30": "1.02320", "2009-06-30": "0.75680", "2009-03-31": "0.81630", "2008-12-31": "0.53830", "2008-09-30": "0.94850", "2008-06-30": "1.56550", "2008-03-31": "1.91520", "2007-12-31": "1.58330", "2007-09-30": "1.66040", "2007-06-30": "1.74420", "2007-03-31": "1.72520", "2006-12-31": "2.03060", "2006-09-30": "1.93550", "2006-06-30": "1.92570", "2006-03-31": "1.93510", "2005-12-31": "1.99980", "2005-09-30": "2.05630", "2005-06-30": "2.04980", "2005-03-31": "1.86980"}, "Book Value Per Share": {"2020-09-30": "35.31290", "2020-06-30": "34.83930", "2020-03-31": "34.63420", "2019-12-31": "34.20970", "2019-09-30": "34.46350", "2019-06-30": "33.79000", "2019-03-31": "32.94860", "2018-12-31": "32.11830", "2018-09-30": "31.42660", "2018-06-30": "30.71790", "2018-03-31": "30.20780", "2017-12-31": "29.99800", "2017-09-30": "29.60880", "2017-06-30": "29.15480", "2017-03-31": "28.62850", "2016-12-31": "28.24720", "2016-09-30": "28.38940", "2016-06-30": "27.94420", "2016-03-31": "27.36310", "2015-12-31": "26.82630", "2015-09-30": "26.09900", "2015-06-30": "25.59870", "2015-03-31": "25.26120", "2014-12-31": "24.73200", "2014-09-30": "24.41940", "2014-06-30": "23.98590", "2014-03-31": "23.46870", "2013-12-31": "22.91110", "2013-09-30": "22.68550", "2013-06-30": "22.26070", "2013-03-31": "21.97860", "2012-12-31": "21.53970", "2012-09-30": "21.18270", "2012-06-30": "20.55180", "2012-03-31": "19.42250", "2011-12-31": "18.31110", "2011-09-30": "17.88590", "2011-06-30": "17.32350", "2011-03-31": "16.26430", "2010-12-31": "15.78530", "2010-09-30": "15.61490", "2010-06-30": "15.09660", "2010-03-31": "14.29380", "2009-12-31": "13.93720", "2009-09-30": "13.53490", "2009-06-30": "13.01650", "2009-03-31": "15.88900", "2008-12-31": "15.40310", "2008-09-30": "12.35860", "2008-06-30": "12.53460", "2008-03-31": "12.41180", "2007-12-31": "12.18040", "2007-09-30": "12.03540", "2007-06-30": "11.76590", "2007-03-31": "11.93900", "2006-12-31": "12.01160", "2006-09-30": "11.86850", "2006-06-30": "11.45000", "2006-03-31": "11.35940", "2005-12-31": "11.06700", "2005-09-30": "10.92780", "2005-06-30": "10.88290", "2005-03-31": "10.42520"}, "Operating Cash Flow Per Share": {"2020-09-30": 2.1792, "2020-06-30": -0.5537, "2020-03-31": "1.54970", "2019-12-31": -0.0491, "2019-09-30": 1.9409, "2019-06-30": 0.3891, "2019-03-31": "0.80750", "2018-12-31": 1.603, "2018-09-30": 1.9976, "2018-06-30": 1.9833, "2018-03-31": "0.86540", "2017-12-31": -0.1122, "2017-09-30": 1.1299, "2017-06-30": 0.9524, "2017-03-31": "1.87540", "2016-12-31": 1.2082, "2016-09-30": 0.3364, "2016-06-30": 0.827, "2016-03-31": "0.72350", "2015-12-31": 1.4164, "2015-09-30": 1.6301, "2015-06-30": 0.9307, "2015-03-31": "0.97880", "2014-12-31": 0.4695, "2014-09-30": 0.3386, "2014-06-30": 0.6165, "2014-03-31": "1.51640", "2013-12-31": 1.4932, "2013-09-30": 1.1807, "2013-06-30": 2.6231, "2013-03-31": "0.89340", "2012-12-31": 2.1546, "2012-09-30": 0.1312, "2012-06-30": 0.2932, "2012-03-31": "1.61830", "2011-12-31": 0.5514, "2011-09-30": -0.0114, "2011-06-30": 1.3363, "2011-03-31": "3.23030", "2010-12-31": 1.2668, "2010-09-30": -0.5999, "2010-06-30": 0.5627, "2010-03-31": "1.49870", "2009-12-31": 1.8868, "2009-09-30": 1.7807, "2009-06-30": -0.6287, "2009-03-31": "1.04940", "2008-12-31": 0.7181, "2008-09-30": 1.0465, "2008-06-30": 0.6066, "2008-03-31": "0.65100", "2007-12-31": 0.4974, "2007-09-30": 0.6024, "2007-06-30": 0.2579, "2007-03-31": "0.29610", "2006-12-31": 0.3626, "2006-09-30": 1.4491, "2006-06-30": 0.1833, "2006-03-31": "0.99340", "2005-12-31": 0.3045, "2005-09-30": 0.5916, "2005-06-30": 0.513, "2005-03-31": "0.46330"}, "Free Cash Flow Per Share": {"2020-09-30": 2.1792, "2020-06-30": -0.5537, "2020-03-31": "1.54970", "2019-12-31": -0.0491, "2019-09-30": 1.9409, "2019-06-30": 0.3891, "2019-03-31": "0.80750", "2018-12-31": 1.603, "2018-09-30": 1.9976, "2018-06-30": 1.9833, "2018-03-31": "0.86540", "2017-12-31": -0.1122, "2017-09-30": 1.1299, "2017-06-30": 0.9524, "2017-03-31": "1.87540", "2016-12-31": 1.2082, "2016-09-30": 0.3364, "2016-06-30": 0.827, "2016-03-31": "0.72350", "2015-12-31": 1.4164, "2015-09-30": 1.6301, "2015-06-30": 0.9307, "2015-03-31": "0.97880", "2014-12-31": 0.4695, "2014-09-30": 0.3386, "2014-06-30": 0.6165, "2014-03-31": "1.51640", "2013-12-31": 1.4932, "2013-09-30": 1.1807, "2013-06-30": 2.6231, "2013-03-31": "0.89340", "2012-12-31": 2.1546, "2012-09-30": 0.1312, "2012-06-30": 0.2932, "2012-03-31": "1.61830", "2011-12-31": 0.5514, "2011-09-30": -0.0114, "2011-06-30": 1.3363, "2011-03-31": "3.23030", "2010-12-31": 1.2668, "2010-09-30": -0.5999, "2010-06-30": 0.5627, "2010-03-31": "1.49870", "2009-12-31": 1.8868, "2009-09-30": 1.7807, "2009-06-30": -0.6287, "2009-03-31": "1.04940", "2008-12-31": 0.7181, "2008-09-30": 1.0465, "2008-06-30": 0.6066, "2008-03-31": "0.65100", "2007-12-31": 0.4974, "2007-09-30": 0.6024, "2007-06-30": 0.2579, "2007-03-31": "0.29610", "2006-12-31": 0.3626, "2006-09-30": 1.4491, "2006-06-30": 0.1833, "2006-03-31": "0.99340", "2005-12-31": 0.3045, "2005-09-30": 0.5916, "2005-06-30": 0.513, "2005-03-31": "0.46330"}}, "revenue": {"U.S Bancorp Annual Revenue (Millions of US $)": {"2020": "$25,241", "2019": "$27,325", "2018": "$25,775", "2017": "$23,663", "2016": "$22,424", "2015": "$21,494", "2014": "$21,392", "2013": "$21,059", "2012": "$22,202", "2011": "$21,399", "2010": "$20,518", "2009": "$19,490", "2008": "$19,229", "2007": "$20,432", "2006": "$19,215", "2005": "$16,596"}, "U.S Bancorp Quarterly Revenue (Millions of US $)": {"2020-12-31": "$6,029", "2020-09-30": "$6,285", "2020-06-30": "$6,286", "2020-03-31": "$6,641", "2019-12-31": "$6,691", "2019-09-30": "$7,051", "2019-06-30": "$6,941", "2019-03-31": "$6,642", "2018-12-31": "$6,809", "2018-09-30": "$6,541", "2018-06-30": "$6,362", "2018-03-31": "$6,063", "2017-12-31": "$6,100", "2017-09-30": "$6,044", "2017-06-30": "$5,867", "2017-03-31": "$5,652", "2016-12-31": "$5,485", "2016-09-30": "$5,765", "2016-06-30": "$5,804", "2016-03-31": "$5,370", "2015-12-31": "$5,496", "2015-09-30": "$5,443", "2015-06-30": "$5,340", "2015-03-31": "$5,215", "2014-12-31": "$5,472", "2014-09-30": "$5,299", "2014-06-30": "$5,491", "2014-03-31": "$5,130", "2013-12-31": "$5,224", "2013-09-30": "$5,245", "2013-06-30": "$5,314", "2013-03-31": "$5,276", "2012-12-31": "$5,525", "2012-09-30": "$5,623", "2012-06-30": "$5,583", "2012-03-31": "$5,471", "2011-12-31": "$5,651", "2011-09-30": "$5,371", "2011-06-30": "$5,265", "2011-03-31": "$5,112", "2010-12-31": "$5,315", "2010-09-30": "$5,187", "2010-06-30": "$5,105", "2010-03-31": "$4,911", "2009-12-31": "$4,990", "2009-09-30": "$4,950", "2009-06-30": "$4,895", "2009-03-31": "$4,655", "2008-12-31": "$4,604", "2008-09-30": "$4,469", "2008-06-30": "$4,907", "2008-03-31": "$5,249", "2007-12-31": "$5,190", "2007-09-30": "$5,211", "2007-06-30": "$5,121", "2007-03-31": "$4,910", "2006-12-31": "$5,040", "2006-09-30": "$4,897", "2006-06-30": "$4,773", "2006-03-31": "$4,505", "2005-12-31": "$4,379", "2005-09-30": "$4,294", "2005-06-30": "$4,106", "2005-03-31": "$3,817"}}, "gross-profit": {"U.S Bancorp Annual Gross Profit (Millions of US $)": {"2020": "$23,226", "2019": "$22,883", "2018": "$22,521", "2017": "$21,697", "2016": "$20,956", "2015": "$20,093", "2014": "$19,939", "2013": "$19,378", "2012": "$20,064", "2011": "$18,883", "2010": "$17,939", "2009": "$16,470", "2008": "$14,543", "2007": "$13,985", "2006": "$13,693", "2005": "$13,100"}, "U.S Bancorp Quarterly Gross Profit (Millions of US $)": {"2020-12-31": "$5,725", "2020-09-30": "$5,939", "2020-06-30": "$5,814", "2020-03-31": "$5,748", "2019-12-31": "$5,643", "2019-09-30": "$5,895", "2019-06-30": "$5,795", "2019-03-31": "$5,550", "2018-12-31": "$5,801", "2018-09-30": "$5,669", "2018-06-30": "$5,611", "2018-03-31": "$5,440", "2017-12-31": "$5,545", "2017-09-30": "$5,516", "2017-06-30": "$5,397", "2017-03-31": "$5,239", "2016-12-31": "$5,237", "2016-09-30": "$5,338", "2016-06-30": "$5,397", "2016-03-31": "$4,984", "2015-12-31": "$5,159", "2015-09-30": "$5,094", "2015-06-30": "$4,988", "2015-03-31": "$4,852", "2014-12-31": "$5,114", "2014-09-30": "$4,934", "2014-06-30": "$5,133", "2014-03-31": "$4,758", "2013-12-31": "$4,833", "2013-09-30": "$4,835", "2013-06-30": "$4,892", "2013-03-31": "$4,818", "2012-12-31": "$5,056", "2012-09-30": "$5,122", "2012-06-30": "$5,013", "2012-03-31": "$4,873", "2011-12-31": "$5,048", "2011-09-30": "$4,737", "2011-06-30": "$4,634", "2011-03-31": "$4,464", "2010-12-31": "$4,668", "2010-09-30": "$4,534", "2010-06-30": "$4,467", "2010-03-31": "$4,270", "2009-12-31": "$4,326", "2009-09-30": "$4,200", "2009-06-30": "$4,109", "2009-03-31": "$3,835", "2008-12-31": "$3,584", "2008-09-30": "$3,345", "2008-06-30": "$3,767", "2008-03-31": "$3,847", "2007-12-31": "$3,552", "2007-09-30": "$3,544", "2007-06-30": "$3,517", "2007-03-31": "$3,372", "2006-12-31": "$3,515", "2006-09-30": "$3,408", "2006-06-30": "$3,441", "2006-03-31": "$3,329", "2005-12-31": "$3,321", "2005-09-30": "$3,358", "2005-06-30": "$3,295", "2005-03-31": "$3,126"}}, "operating-income": {"U.S Bancorp Annual Operating Income (Millions of US $)": {"2020": "$6,051", "2019": "$8,594", "2018": "$8,678", "2017": "$7,517", "2016": "$8,105", "2015": "$8,030", "2014": "$7,995", "2013": "$7,764", "2012": "$7,726", "2011": "$6,629", "2010": "$4,200", "2009": "$2,632", "2008": "$4,099", "2007": "$6,286", "2006": "$7,096", "2005": "$6,571"}, "U.S Bancorp Quarterly Operating Income (Millions of US $)": {"2020-12-31": "$1,920", "2020-09-30": "$1,933", "2020-06-30": "$759", "2020-03-31": "$1,439", "2019-12-31": "$1,847", "2019-09-30": "$2,384", "2019-06-30": "$2,277", "2019-03-31": "$2,086", "2018-12-31": "$2,153", "2018-09-30": "$2,282", "2018-06-30": "$2,199", "2018-03-31": "$2,044", "2017-12-31": "$1,311", "2017-09-30": "$2,158", "2017-06-30": "$2,063", "2017-03-31": "$1,985", "2016-12-31": "$2,040", "2016-09-30": "$2,082", "2016-06-30": "$2,078", "2016-03-31": "$1,905", "2015-12-31": "$2,045", "2015-09-30": "$2,037", "2015-06-30": "$2,025", "2015-03-31": "$1,923", "2014-12-31": "$2,022", "2014-09-30": "$2,009", "2014-06-30": "$2,056", "2014-03-31": "$1,908", "2013-12-31": "$1,874", "2013-09-30": "$1,972", "2013-06-30": "$1,973", "2013-03-31": "$1,945", "2012-12-31": "$1,927", "2012-09-30": "$2,025", "2012-06-30": "$1,942", "2012-03-31": "$1,832", "2011-12-31": "$1,855", "2011-09-30": "$1,742", "2011-06-30": "$1,637", "2011-03-31": "$1,395", "2010-12-31": "$1,271", "2010-09-30": "$1,154", "2010-06-30": "$951", "2010-03-31": "$824", "2009-12-31": "$710", "2009-09-30": "$691", "2009-06-30": "$585", "2009-03-31": "$646", "2008-12-31": "$379", "2008-09-30": "$784", "2008-06-30": "$1,353", "2008-03-31": "$1,583", "2007-12-31": "$1,438", "2007-09-30": "$1,569", "2007-06-30": "$1,656", "2007-03-31": "$1,623", "2006-12-31": "$1,861", "2006-09-30": "$1,735", "2006-06-30": "$1,786", "2006-03-31": "$1,714", "2005-12-31": "$1,652", "2005-09-30": "$1,740", "2005-06-30": "$1,556", "2005-03-31": "$1,623"}}, "ebitda": {"U.S Bancorp Annual EBITDA (Millions of US $)": {"2019": "$", "2018": "$", "2017": "$", "2016": "$", "2015": "$", "2014": "$", "2013": "$", "2012": "$", "2011": "$", "2010": "$", "2009": "$", "2008": "$", "2007": "$", "2006": "$", "2005": "$"}, "U.S Bancorp Quarterly EBITDA (Millions of US $)": {"2020-09-30": "", "2020-06-30": "", "2020-03-31": "", "2019-12-31": "", "2019-09-30": "", "2019-06-30": "", "2019-03-31": "", "2018-12-31": "", "2018-09-30": "", "2018-06-30": "", "2018-03-31": "", "2017-12-31": "", "2017-09-30": "", "2017-06-30": "", "2017-03-31": "", "2016-12-31": "", "2016-09-30": "", "2016-06-30": "", "2016-03-31": "", "2015-12-31": "", "2015-09-30": "", "2015-06-30": "", "2015-03-31": "", "2014-12-31": "", "2014-09-30": "", "2014-06-30": "", "2014-03-31": "", "2013-12-31": "", "2013-09-30": "", "2013-06-30": "", "2013-03-31": "", "2012-12-31": "", "2012-09-30": "", "2012-06-30": "", "2012-03-31": "", "2011-12-31": "", "2011-09-30": "", "2011-06-30": "", "2011-03-31": "", "2010-12-31": "", "2010-09-30": "", "2010-06-30": "", "2010-03-31": "", "2009-12-31": "", "2009-09-30": "", "2009-06-30": "", "2009-03-31": "", "2008-12-31": "", "2008-09-30": "", "2008-06-30": "", "2008-03-31": "", "2007-12-31": "", "2007-09-30": "", "2007-06-30": "", "2007-03-31": "", "2006-12-31": "", "2006-09-30": "", "2006-06-30": "", "2006-03-31": "", "2005-12-31": "", "2005-09-30": "", "2005-06-30": "", "2005-03-31": ""}}, "net-income": {"U.S Bancorp Annual Net Income (Millions of US $)": {"2020": "$4,621", "2019": "$6,583", "2018": "$6,784", "2017": "$5,913", "2016": "$5,589", "2015": "$5,608", "2014": "$5,583", "2013": "$5,552", "2012": "$5,383", "2011": "$4,721", "2010": "$3,332", "2009": "$1,803", "2008": "$2,819", "2007": "$4,258", "2006": "$4,703", "2005": "$4,489"}, "U.S Bancorp Quarterly Net Income (Millions of US $)": {"2020-12-31": "$1,425", "2020-09-30": "$1,494", "2020-06-30": "$614", "2020-03-31": "$1,088", "2019-12-31": "$1,408", "2019-09-30": "$1,821", "2019-06-30": "$1,741", "2019-03-31": "$1,613", "2018-12-31": "$1,777", "2018-09-30": "$1,732", "2018-06-30": "$1,678", "2018-03-31": "$1,597", "2017-12-31": "$1,611", "2017-09-30": "$1,485", "2017-06-30": "$1,430", "2017-03-31": "$1,387", "2016-12-31": "$1,391", "2016-09-30": "$1,434", "2016-06-30": "$1,435", "2016-03-31": "$1,329", "2015-12-31": "$1,404", "2015-09-30": "$1,422", "2015-06-30": "$1,417", "2015-03-31": "$1,365", "2014-12-31": "$1,420", "2014-09-30": "$1,405", "2014-06-30": "$1,427", "2014-03-31": "$1,331", "2013-12-31": "$1,389", "2013-09-30": "$1,400", "2013-06-30": "$1,405", "2013-03-31": "$1,358", "2012-12-31": "$1,349", "2012-09-30": "$1,404", "2012-06-30": "$1,345", "2012-03-31": "$1,285", "2011-12-31": "$1,314", "2011-09-30": "$1,237", "2011-06-30": "$1,167", "2011-03-31": "$1,003", "2010-12-31": "$951", "2010-09-30": "$871", "2010-06-30": "$862", "2010-03-31": "$648", "2009-12-31": "$580", "2009-09-30": "$583", "2009-06-30": "$221", "2009-03-31": "$419", "2008-12-31": "$259", "2008-09-30": "$557", "2008-06-30": "$926", "2008-03-31": "$1,077", "2007-12-31": "$921", "2007-09-30": "$1,081", "2007-06-30": "$1,141", "2007-03-31": "$1,115", "2006-12-31": "$1,179", "2006-09-30": "$1,187", "2006-06-30": "$1,184", "2006-03-31": "$1,153", "2005-12-31": "$1,143", "2005-09-30": "$1,154", "2005-06-30": "$1,121", "2005-03-31": "$1,071"}}, "eps-earnings-per-share-diluted": {"U.S Bancorp Annual EPS": {"2020": "$3.06", "2019": "$4.16", "2018": "$4.14", "2017": "$3.51", "2016": "$3.24", "2015": "$3.16", "2014": "$3.08", "2013": "$3.00", "2012": "$2.84", "2011": "$2.46", "2010": "$1.73", "2009": "$0.97", "2008": "$1.61", "2007": "$2.42", "2006": "$2.61", "2005": "$2.42"}, "U.S Bancorp Quarterly EPS": {"2020-12-31": "$0.95", "2020-09-30": "$0.99", "2020-06-30": "$0.41", "2020-03-31": "$0.72", "2019-12-31": "$0.92", "2019-09-30": "$1.15", "2019-06-30": "$1.09", "2019-03-31": "$1.00", "2018-12-31": "$1.10", "2018-09-30": "$1.06", "2018-06-30": "$1.02", "2018-03-31": "$0.96", "2017-12-31": "$0.96", "2017-09-30": "$0.88", "2017-06-30": "$0.85", "2017-03-31": "$0.82", "2016-12-31": "$0.81", "2016-09-30": "$0.84", "2016-06-30": "$0.83", "2016-03-31": "$0.76", "2015-12-31": "$0.79", "2015-09-30": "$0.81", "2015-06-30": "$0.80", "2015-03-31": "$0.76", "2014-12-31": "$0.79", "2014-09-30": "$0.78", "2014-06-30": "$0.78", "2014-03-31": "$0.73", "2013-12-31": "$0.75", "2013-09-30": "$0.76", "2013-06-30": "$0.76", "2013-03-31": "$0.73", "2012-12-31": "$0.72", "2012-09-30": "$0.74", "2012-06-30": "$0.71", "2012-03-31": "$0.67", "2011-12-31": "$0.70", "2011-09-30": "$0.64", "2011-06-30": "$0.60", "2011-03-31": "$0.52", "2010-12-31": "$0.49", "2010-09-30": "$0.45", "2010-06-30": "$0.45", "2010-03-31": "$0.34", "2009-12-31": "$0.31", "2009-09-30": "$0.30", "2009-06-30": "$0.12", "2009-03-31": "$0.24", "2008-12-31": "$0.14", "2008-09-30": "$0.32", "2008-06-30": "$0.53", "2008-03-31": "$0.62", "2007-12-31": "$0.52", "2007-09-30": "$0.62", "2007-06-30": "$0.65", "2007-03-31": "$0.63", "2006-12-31": "$0.66", "2006-09-30": "$0.66", "2006-06-30": "$0.66", "2006-03-31": "$0.63", "2005-12-31": "$0.63", "2005-09-30": "$0.62", "2005-06-30": "$0.60", "2005-03-31": "$0.57"}}, "shares-outstanding": {"U.S Bancorp Annual Shares Outstanding (Millions of Shares)": {"2020": "1,510", "2019": "1,583", "2018": "1,638", "2017": "1,683", "2016": "1,724", "2015": "1,772", "2014": "1,813", "2013": "1,849", "2012": "1,896", "2011": "1,923", "2010": "1,921", "2009": "1,859", "2008": "1,756", "2007": "1,756", "2006": "1,804", "2005": "1,857"}, "U.S Bancorp Quarterly Shares Outstanding (Millions of Shares)": {"2020-12-31": "1,508", "2020-09-30": "1,507", "2020-06-30": "1,507", "2020-03-31": "1,519", "2019-12-31": "1,583", "2019-09-30": "1,578", "2019-06-30": "1,592", "2019-03-31": "1,605", "2018-12-31": "1,638", "2018-09-30": "1,633", "2018-06-30": "1,646", "2018-03-31": "1,657", "2017-12-31": "1,683", "2017-09-30": "1,678", "2017-06-30": "1,690", "2017-03-31": "1,701", "2016-12-31": "1,724", "2016-09-30": "1,716", "2016-06-30": "1,731", "2016-03-31": "1,743", "2015-12-31": "1,772", "2015-09-30": "1,766", "2015-06-30": "1,779", "2015-03-31": "1,789", "2014-12-31": "1,813", "2014-09-30": "1,807", "2014-06-30": "1,821", "2014-03-31": "1,828", "2013-12-31": "1,849", "2013-09-30": "1,843", "2013-06-30": "1,853", "2013-03-31": "1,867", "2012-12-31": "1,896", "2012-09-30": "1,897", "2012-06-30": "1,898", "2012-03-31": "1,910", "2011-12-31": "1,923", "2011-09-30": "1,922", "2011-06-30": "1,929", "2011-03-31": "1,928", "2010-12-31": "1,921", "2010-09-30": "1,920", "2010-06-30": "1,921", "2010-03-31": "1,919", "2009-12-31": "1,859", "2009-09-30": "1,917", "2009-06-30": "1,840", "2009-03-31": "1,760", "2008-12-31": "1,756", "2008-09-30": "1,756", "2008-06-30": "1,755", "2008-03-31": "1,748", "2007-12-31": "1,756", "2007-09-30": "1,745", "2007-06-30": "1,760", "2007-03-31": "1,780", "2006-12-31": "1,804", "2006-09-30": "1,796", "2006-06-30": "1,805", "2006-03-31": "1,826", "2005-12-31": "1,857", "2005-09-30": "1,849", "2005-06-30": "1,857", "2005-03-31": "1,880"}}, "total-assets": {"U.S Bancorp Annual Total Assets (Millions of US $)": {"2019": "$495,426", "2018": "$467,374", "2017": "$462,040", "2016": "$445,964", "2015": "$421,853", "2014": "$402,529", "2013": "$364,021", "2012": "$353,855", "2011": "$340,122", "2010": "$307,786", "2009": "$281,176", "2008": "$265,912", "2007": "$237,615", "2006": "$219,232", "2005": "$209,465"}, "U.S Bancorp Quarterly Total Assets (Millions of US $)": {"2020-09-30": "$540,455", "2020-06-30": "$546,652", "2020-03-31": "$542,909", "2019-12-31": "$495,426", "2019-09-30": "$487,671", "2019-06-30": "$481,719", "2019-03-31": "$475,775", "2018-12-31": "$467,374", "2018-09-30": "$464,607", "2018-06-30": "$461,329", "2018-03-31": "$460,119", "2017-12-31": "$462,040", "2017-09-30": "$459,227", "2017-06-30": "$463,844", "2017-03-31": "$449,522", "2016-12-31": "$445,964", "2016-09-30": "$454,134", "2016-06-30": "$438,463", "2016-03-31": "$428,638", "2015-12-31": "$421,853", "2015-09-30": "$415,943", "2015-06-30": "$419,075", "2015-03-31": "$410,233", "2014-12-31": "$402,529", "2014-09-30": "$391,284", "2014-06-30": "$389,065", "2014-03-31": "$371,289", "2013-12-31": "$364,021", "2013-09-30": "$360,681", "2013-06-30": "$353,415", "2013-03-31": "$355,447", "2012-12-31": "$353,855", "2012-09-30": "$352,253", "2012-06-30": "$353,136", "2012-03-31": "$340,762", "2011-12-31": "$340,122", "2011-09-30": "$330,141", "2011-06-30": "$320,874", "2011-03-31": "$311,462", "2010-12-31": "$307,786", "2010-09-30": "$290,654", "2010-06-30": "$283,243", "2010-03-31": "$282,428", "2009-12-31": "$281,176", "2009-09-30": "$265,058", "2009-06-30": "$265,560", "2009-03-31": "$263,624", "2008-12-31": "$265,912", "2008-09-30": "$247,055", "2008-06-30": "$246,538", "2008-03-31": "$241,781", "2007-12-31": "$237,615", "2007-09-30": "$227,628", "2007-06-30": "$222,530", "2007-03-31": "$221,448", "2006-12-31": "$219,232", "2006-09-30": "$216,855", "2006-06-30": "$213,405", "2006-03-31": "$209,907", "2005-12-31": "$209,465", "2005-09-30": "$206,895", "2005-06-30": "$203,981", "2005-03-31": "$198,466"}}, "cash-on-hand": {"U.S Bancorp Annual Cash on Hand (Millions of US $)": {"2019": "$22,405", "2018": "$21,453", "2017": "$19,505", "2016": "$15,705", "2015": "$11,147", "2014": "$10,654", "2013": "$8,477", "2012": "$8,252", "2011": "$13,962", "2010": "$14,487", "2009": "$6,206", "2008": "$6,859", "2007": "$8,884", "2006": "$8,639", "2005": "$8,004"}, "U.S Bancorp Quarterly Cash on Hand (Millions of US $)": {"2020-09-30": "$44,047", "2020-06-30": "$52,392", "2020-03-31": "$46,805", "2019-12-31": "$22,405", "2019-09-30": "$15,272", "2019-06-30": "$16,932", "2019-03-31": "$18,115", "2018-12-31": "$21,453", "2018-09-30": "$20,082", "2018-06-30": "$19,021", "2018-03-31": "$19,246", "2017-12-31": "$19,505", "2017-09-30": "$20,540", "2017-06-30": "$28,964", "2017-03-31": "$20,319", "2016-12-31": "$15,705", "2016-09-30": "$23,664", "2016-06-30": "$14,038", "2016-03-31": "$10,981", "2015-12-31": "$11,147", "2015-09-30": "$10,450", "2015-06-30": "$17,925", "2015-03-31": "$14,072", "2014-12-31": "$10,654", "2014-09-30": "$6,183", "2014-06-30": "$12,636", "2014-03-31": "$7,408", "2013-12-31": "$8,477", "2013-09-30": "$11,615", "2013-06-30": "$6,618", "2013-03-31": "$6,932", "2012-12-31": "$8,252", "2012-09-30": "$9,382", "2012-06-30": "$15,403", "2012-03-31": "$9,561", "2011-12-31": "$13,962", "2011-09-30": "$13,708", "2011-06-30": "$15,250", "2011-03-31": "$13,800", "2010-12-31": "$14,487", "2010-09-30": "$4,470", "2010-06-30": "$5,033", "2010-03-31": "$8,380", "2009-12-31": "$6,206", "2009-09-30": "$5,016", "2009-06-30": "$6,381", "2009-03-31": "$6,154", "2008-12-31": "$6,859", "2008-09-30": "$7,118", "2008-06-30": "$7,956", "2008-03-31": "$7,323", "2007-12-31": "$8,884", "2007-09-30": "$6,636", "2007-06-30": "$6,534", "2007-03-31": "$6,287", "2006-12-31": "$8,639", "2006-09-30": "$6,355", "2006-06-30": "$7,234", "2006-03-31": "$7,050", "2005-12-31": "$8,004", "2005-09-30": "$6,918", "2005-06-30": "$6,442", "2005-03-31": "$5,881"}}, "long-term-debt": {"U.S Bancorp Annual Long Term Debt (Millions of US $)": {"2019": "$40,167", "2018": "$41,340", "2017": "$32,259", "2016": "$33,323", "2015": "$32,078", "2014": "$32,260", "2013": "$20,049", "2012": "$25,516", "2011": "$31,953", "2010": "$31,537", "2009": "$32,580", "2008": "$38,359", "2007": "$43,440", "2006": "$37,602", "2005": "$37,069"}, "U.S Bancorp Quarterly Long Term Debt (Millions of US $)": {"2020-09-30": "$42,443", "2020-06-30": "$42,579", "2020-03-31": "$52,298", "2019-12-31": "$40,167", "2019-09-30": "$41,274", "2019-06-30": "$41,008", "2019-03-31": "$40,680", "2018-12-31": "$41,340", "2018-09-30": "$40,894", "2018-06-30": "$37,172", "2018-03-31": "$33,201", "2017-12-31": "$32,259", "2017-09-30": "$34,515", "2017-06-30": "$37,814", "2017-03-31": "$35,948", "2016-12-31": "$33,323", "2016-09-30": "$37,978", "2016-06-30": "$36,941", "2016-03-31": "$34,872", "2015-12-31": "$32,078", "2015-09-30": "$32,504", "2015-06-30": "$34,141", "2015-03-31": "$35,104", "2014-12-31": "$32,260", "2014-09-30": "$30,768", "2014-06-30": "$25,891", "2014-03-31": "$23,774", "2013-12-31": "$20,049", "2013-09-30": "$18,750", "2013-06-30": "$19,724", "2013-03-31": "$25,239", "2012-12-31": "$25,516", "2012-09-30": "$26,264", "2012-06-30": "$28,821", "2012-03-31": "$30,395", "2011-12-31": "$31,953", "2011-09-30": "$30,624", "2011-06-30": "$32,830", "2011-03-31": "$31,775", "2010-12-31": "$31,537", "2010-09-30": "$30,353", "2010-06-30": "$29,137", "2010-03-31": "$32,399", "2009-12-31": "$32,580", "2009-09-30": "$33,249", "2009-06-30": "$39,196", "2009-03-31": "$38,825", "2008-12-31": "$38,359", "2008-09-30": "$40,110", "2008-06-30": "$39,943", "2008-03-31": "$36,229", "2007-12-31": "$43,440", "2007-09-30": "$45,241", "2007-06-30": "$45,946", "2007-03-31": "$44,698", "2006-12-31": "$37,602", "2006-09-30": "$41,230", "2006-06-30": "$41,952", "2006-03-31": "$39,327", "2005-12-31": "$37,069", "2005-09-30": "$36,257", "2005-06-30": "$34,788", "2005-03-31": "$38,071"}}, "total-liabilities": {"U.S Bancorp Annual Total Liabilities (Millions of US $)": {"2019": "$442,943", "2018": "$415,717", "2017": "$412,374", "2016": "$398,031", "2015": "$375,036", "2014": "$358,361", "2013": "$322,214", "2012": "$313,588", "2011": "$305,151", "2010": "$277,464", "2009": "$254,515", "2008": "$238,879", "2007": "$216,569", "2006": "$198,035", "2005": "$189,379"}, "U.S Bancorp Quarterly Total Liabilities (Millions of US $)": {"2020-09-30": "$487,260", "2020-06-30": "$494,172", "2020-03-31": "$490,747", "2019-12-31": "$442,943", "2019-09-30": "$433,524", "2019-06-30": "$428,179", "2019-03-31": "$423,089", "2018-12-31": "$415,717", "2018-09-30": "$413,600", "2018-06-30": "$411,072", "2018-03-31": "$410,307", "2017-12-31": "$412,374", "2017-09-30": "$409,876", "2017-06-30": "$414,895", "2017-03-31": "$401,089", "2016-12-31": "$398,031", "2016-09-30": "$405,735", "2016-06-30": "$390,434", "2016-03-31": "$381,245", "2015-12-31": "$375,036", "2015-09-30": "$370,176", "2015-06-30": "$373,844", "2015-03-31": "$365,268", "2014-12-31": "$358,361", "2014-09-30": "$347,455", "2014-06-30": "$345,679", "2014-03-31": "$328,546", "2013-12-31": "$322,214", "2013-09-30": "$319,129", "2013-06-30": "$312,365", "2013-03-31": "$314,600", "2012-12-31": "$313,588", "2012-09-30": "$312,428", "2012-06-30": "$314,262", "2012-03-31": "$303,848", "2011-12-31": "$305,151", "2011-09-30": "$295,931", "2011-06-30": "$287,533", "2011-03-31": "$280,127", "2010-12-31": "$277,464", "2010-09-30": "$260,711", "2010-06-30": "$254,303", "2010-03-31": "$255,040", "2009-12-31": "$254,515", "2009-09-30": "$239,178", "2009-06-30": "$240,674", "2009-03-31": "$235,682", "2008-12-31": "$238,879", "2008-09-30": "$225,380", "2008-06-30": "$224,710", "2008-03-31": "$220,209", "2007-12-31": "$216,569", "2007-09-30": "$206,862", "2007-06-30": "$202,200", "2007-03-31": "$200,648", "2006-12-31": "$198,035", "2006-09-30": "$195,929", "2006-06-30": "$192,990", "2006-03-31": "$189,651", "2005-12-31": "$189,379", "2005-09-30": "$187,031", "2005-06-30": "$184,080", "2005-03-31": "$179,258"}}, "total-share-holder-equity": {"U.S Bancorp Annual Share Holder Equity (Millions of US $)": {"2019": "$52,483", "2018": "$51,657", "2017": "$49,666", "2016": "$47,933", "2015": "$46,817", "2014": "$44,168", "2013": "$41,807", "2012": "$40,267", "2011": "$34,971", "2010": "$30,322", "2009": "$26,661", "2008": "$27,033", "2007": "$21,046", "2006": "$21,197", "2005": "$20,086"}, "U.S Bancorp Quarterly Share Holder Equity (Millions of US $)": {"2020-09-30": "$53,195", "2020-06-30": "$52,480", "2020-03-31": "$52,162", "2019-12-31": "$52,483", "2019-09-30": "$54,147", "2019-06-30": "$53,540", "2019-03-31": "$52,686", "2018-12-31": "$51,657", "2018-09-30": "$51,007", "2018-06-30": "$50,257", "2018-03-31": "$49,812", "2017-12-31": "$49,666", "2017-09-30": "$49,351", "2017-06-30": "$48,949", "2017-03-31": "$48,433", "2016-12-31": "$47,933", "2016-09-30": "$48,399", "2016-06-30": "$48,029", "2016-03-31": "$47,393", "2015-12-31": "$46,817", "2015-09-30": "$45,767", "2015-06-30": "$45,231", "2015-03-31": "$44,965", "2014-12-31": "$44,168", "2014-09-30": "$43,829", "2014-06-30": "$43,386", "2014-03-31": "$42,743", "2013-12-31": "$41,807", "2013-09-30": "$41,552", "2013-06-30": "$41,050", "2013-03-31": "$40,847", "2012-12-31": "$40,267", "2012-09-30": "$39,825", "2012-06-30": "$38,874", "2012-03-31": "$36,914", "2011-12-31": "$34,971", "2011-09-30": "$34,210", "2011-06-30": "$33,341", "2011-03-31": "$31,335", "2010-12-31": "$30,322", "2010-09-30": "$29,943", "2010-06-30": "$28,940", "2010-03-31": "$27,388", "2009-12-31": "$26,661", "2009-09-30": "$25,880", "2009-06-30": "$24,886", "2009-03-31": "$27,942", "2008-12-31": "$27,033", "2008-09-30": "$21,675", "2008-06-30": "$21,828", "2008-03-31": "$21,572", "2007-12-31": "$21,046", "2007-09-30": "$20,766", "2007-06-30": "$20,330", "2007-03-31": "$20,800", "2006-12-31": "$21,197", "2006-09-30": "$20,926", "2006-06-30": "$20,415", "2006-03-31": "$20,256", "2005-12-31": "$20,086", "2005-09-30": "$19,864", "2005-06-30": "$19,901", "2005-03-31": "$19,208"}}, "profit-margins": {"current": "19.31%"}, "gross margin": {"2020-12-31": "92.02%", "2020-09-30": "89.35%", "2020-06-30": "86.62%", "2020-03-31": "84.47%", "2019-12-31": "83.74%", "2019-09-30": "83.96%", "2019-06-30": "84.71%", "2019-03-31": "85.87%", "2018-12-31": "87.38%", "2018-09-30": "88.83%", "2018-06-30": "90.00%", "2018-03-31": "90.96%", "2017-12-31": "91.69%", "2017-09-30": "92.80%", "2017-06-30": "93.16%", "2017-03-31": "93.42%", "2016-12-31": "93.45%", "2016-09-30": "93.06%", "2016-06-30": "93.31%", "2016-03-31": "93.42%", "2015-12-31": "93.48%", "2015-09-30": "93.38%", "2015-06-30": "93.26%", "2015-03-31": "93.28%", "2014-12-31": "93.21%", "2014-09-30": "92.97%", "2014-06-30": "92.74%", "2014-03-31": "92.37%", "2013-12-31": "92.02%", "2013-09-30": "91.76%", "2013-06-30": "91.49%", "2013-03-31": "90.92%", "2012-12-31": "90.37%", "2012-09-30": "89.82%", "2012-06-30": "89.11%", "2012-03-31": "88.67%", "2011-12-31": "88.24%", "2011-09-30": "87.85%", "2011-06-30": "87.65%", "2011-03-31": "87.52%", "2010-12-31": "87.43%", "2010-09-30": "87.14%", "2010-06-30": "86.51%", "2010-03-31": "85.61%", "2009-12-31": "84.50%", "2009-09-30": "82.33%", "2009-06-30": "79.86%", "2009-03-31": "77.98%", "2008-12-31": "75.63%", "2008-09-30": "73.23%", "2008-06-30": "71.56%", "2008-03-31": "69.62%", "2007-12-31": "68.45%", "2007-09-30": "68.77%", "2007-06-30": "69.17%", "2007-03-31": "70.01%", "2006-12-31": "71.26%", "2006-09-30": "72.76%", "2006-06-30": "74.92%", "2006-03-31": "76.97%", "2005-12-31": "78.93%"}, "operating margin": {"2020-12-31": "23.97%", "2020-09-30": "23.08%", "2020-06-30": "24.11%", "2020-03-31": "29.08%", "2019-12-31": "31.45%", "2019-09-30": "32.43%", "2019-06-30": "32.67%", "2019-03-31": "33.09%", "2018-12-31": "33.67%", "2018-09-30": "31.26%", "2018-06-30": "31.39%", "2018-03-31": "31.47%", "2017-12-31": "31.77%", "2017-09-30": "35.78%", "2017-06-30": "35.88%", "2017-03-31": "36.05%", "2016-12-31": "36.14%", "2016-09-30": "36.15%", "2016-06-30": "36.47%", "2016-03-31": "37.01%", "2015-12-31": "37.36%", "2015-09-30": "37.29%", "2015-06-30": "37.41%", "2015-03-31": "37.30%", "2014-12-31": "37.37%", "2014-09-30": "37.11%", "2014-06-30": "37.03%", "2014-03-31": "36.95%", "2013-12-31": "36.87%", "2013-09-30": "36.60%", "2013-06-30": "36.20%", "2013-03-31": "35.62%", "2012-12-31": "34.80%", "2012-09-30": "34.28%", "2012-06-30": "33.39%", "2012-03-31": "32.48%", "2011-12-31": "30.98%", "2011-09-30": "28.70%", "2011-06-30": "26.14%", "2011-03-31": "23.03%", "2010-12-31": "20.47%", "2010-09-30": "18.02%", "2010-06-30": "15.92%", "2010-03-31": "14.23%", "2009-12-31": "13.50%", "2009-09-30": "12.04%", "2009-06-30": "12.86%", "2009-03-31": "16.97%", "2008-12-31": "21.32%", "2008-09-30": "26.03%", "2008-06-30": "28.91%", "2008-03-31": "30.07%", "2007-12-31": "30.77%", "2007-09-30": "33.08%", "2007-06-30": "34.43%", "2007-03-31": "35.70%", "2006-12-31": "36.93%", "2006-09-30": "37.12%", "2006-06-30": "38.39%", "2006-03-31": "38.54%", "2005-12-31": "39.59%"}, "ebitda margin": {"2020-09-30": "0.00%", "2020-06-30": "0.00%", "2020-03-31": "0.00%", "2019-12-31": "0.00%", "2019-09-30": "0.00%", "2019-06-30": "0.00%", "2019-03-31": "0.00%", "2018-12-31": "0.00%", "2018-09-30": "0.00%", "2018-06-30": "0.00%", "2018-03-31": "0.00%", "2017-12-31": "0.00%", "2017-09-30": "0.00%", "2017-06-30": "0.00%", "2017-03-31": "0.00%", "2016-12-31": "0.00%", "2016-09-30": "0.00%", "2016-06-30": "0.00%", "2016-03-31": "0.00%", "2015-12-31": "0.00%", "2015-09-30": "0.00%", "2015-06-30": "0.00%", "2015-03-31": "0.00%", "2014-12-31": "0.00%", "2014-09-30": "0.00%", "2014-06-30": "0.00%", "2014-03-31": "0.00%", "2013-12-31": "0.00%", "2013-09-30": "0.00%", "2013-06-30": "0.00%", "2013-03-31": "0.00%", "2012-12-31": "0.00%", "2012-09-30": "0.00%", "2012-06-30": "0.00%", "2012-03-31": "0.00%", "2011-12-31": "0.00%", "2011-09-30": "0.00%", "2011-06-30": "0.00%", "2011-03-31": "0.00%", "2010-12-31": "0.00%", "2010-09-30": "0.00%", "2010-06-30": "0.00%", "2010-03-31": "0.00%", "2009-12-31": "0.00%", "2009-09-30": "0.00%", "2009-06-30": "0.00%", "2009-03-31": "0.00%", "2008-12-31": "0.00%", "2008-09-30": "0.00%", "2008-06-30": "0.00%", "2008-03-31": "0.00%", "2007-12-31": "0.00%", "2007-09-30": "0.00%", "2007-06-30": "0.00%", "2007-03-31": "0.00%", "2006-12-31": "0.00%", "2006-09-30": "0.00%", "2006-06-30": "0.00%", "2006-03-31": "0.00%", "2005-12-31": "0.00%"}, "pre tax profit margin": {"2020-12-31": "23.97%", "2020-09-30": "23.08%", "2020-06-30": "24.11%", "2020-03-31": "29.08%", "2019-12-31": "31.45%", "2019-09-30": "32.43%", "2019-06-30": "32.67%", "2019-03-31": "33.09%", "2018-12-31": "33.67%", "2018-09-30": "31.26%", "2018-06-30": "31.39%", "2018-03-31": "31.47%", "2017-12-31": "31.77%", "2017-09-30": "35.78%", "2017-06-30": "35.88%", "2017-03-31": "36.05%", "2016-12-31": "36.14%", "2016-09-30": "36.15%", "2016-06-30": "36.47%", "2016-03-31": "37.01%", "2015-12-31": "37.36%", "2015-09-30": "37.29%", "2015-06-30": "37.41%", "2015-03-31": "37.30%", "2014-12-31": "37.37%", "2014-09-30": "37.11%", "2014-06-30": "37.03%", "2014-03-31": "36.95%", "2013-12-31": "36.87%", "2013-09-30": "36.60%", "2013-06-30": "36.20%", "2013-03-31": "35.62%", "2012-12-31": "34.80%", "2012-09-30": "34.28%", "2012-06-30": "33.39%", "2012-03-31": "32.48%", "2011-12-31": "30.98%", "2011-09-30": "28.70%", "2011-06-30": "26.14%", "2011-03-31": "23.03%", "2010-12-31": "20.47%", "2010-09-30": "18.02%", "2010-06-30": "15.92%", "2010-03-31": "14.23%", "2009-12-31": "13.50%", "2009-09-30": "12.04%", "2009-06-30": "12.86%", "2009-03-31": "16.97%", "2008-12-31": "21.32%", "2008-09-30": "26.03%", "2008-06-30": "28.91%", "2008-03-31": "30.07%", "2007-12-31": "30.77%", "2007-09-30": "31.93%", "2007-06-30": "33.26%", "2007-03-31": "34.52%", "2006-12-31": "35.72%", "2006-09-30": "37.12%", "2006-06-30": "38.39%", "2006-03-31": "38.54%", "2005-12-31": "39.59%"}, "net profit margin": {"2020-12-31": "18.31%", "2020-09-30": "17.77%", "2020-06-30": "18.49%", "2020-03-31": "22.17%", "2019-12-31": "24.09%", "2019-09-30": "25.33%", "2019-06-30": "25.48%", "2019-03-31": "25.80%", "2018-12-31": "26.32%", "2018-09-30": "26.40%", "2018-06-30": "25.93%", "2018-03-31": "25.43%", "2017-12-31": "24.99%", "2017-09-30": "24.70%", "2017-06-30": "24.78%", "2017-03-31": "24.87%", "2016-12-31": "24.92%", "2016-09-30": "24.97%", "2016-06-30": "25.28%", "2016-03-31": "25.74%", "2015-12-31": "26.09%", "2015-09-30": "26.19%", "2015-06-30": "26.29%", "2015-03-31": "26.15%", "2014-12-31": "26.10%", "2014-09-30": "26.26%", "2014-06-30": "26.30%", "2014-03-31": "26.42%", "2013-12-31": "26.36%", "2013-09-30": "25.81%", "2013-06-30": "25.37%", "2013-03-31": "24.79%", "2012-12-31": "24.25%", "2012-09-30": "23.95%", "2012-06-30": "23.47%", "2012-03-31": "22.99%", "2011-12-31": "22.06%", "2011-09-30": "20.69%", "2011-06-30": "19.12%", "2011-03-31": "17.80%", "2010-12-31": "16.24%", "2010-09-30": "14.66%", "2010-06-30": "13.39%", "2010-03-31": "10.29%", "2009-12-31": "9.25%", "2009-09-30": "7.76%", "2009-06-30": "7.82%", "2009-03-31": "11.60%", "2008-12-31": "14.66%", "2008-09-30": "17.57%", "2008-06-30": "19.48%", "2008-03-31": "20.32%", "2007-12-31": "20.84%", "2007-09-30": "22.27%", "2007-06-30": "23.15%", "2007-03-31": "23.78%", "2006-12-31": "24.48%", "2006-09-30": "25.15%", "2006-06-30": "25.81%", "2006-03-31": "26.45%", "2005-12-31": "27.05%"}, "pe ratio": {"current": "15.10", "2021-02-05": "21.86", "2020-12-31": "21.98", "2020-09-30": "11.76", "2020-06-30": "11.34", "2020-03-31": "8.64", "2019-12-31": "13.70", "2019-09-30": "12.12", "2019-06-30": "11.63", "2019-03-31": "10.80", "2018-12-31": "10.26", "2018-09-30": "12.14", "2018-06-30": "11.95", "2018-03-31": "12.55", "2017-12-31": "13.77", "2017-09-30": "14.30", "2017-06-30": "13.94", "2017-03-31": "13.84", "2016-12-31": "13.98", "2016-09-30": "11.69", "2016-06-30": "11.02", "2016-03-31": "11.12", "2015-12-31": "11.62", "2015-09-30": "11.14", "2015-06-30": "11.82", "2015-03-31": "11.91", "2014-12-31": "12.30", "2014-09-30": "11.50", "2014-06-30": "11.92", "2014-03-31": "11.80", "2013-12-31": "11.07", "2013-09-30": "10.10", "2013-06-30": "9.98", "2013-03-31": "9.47", "2012-12-31": "9.05", "2012-09-30": "9.77", "2012-06-30": "9.44", "2012-03-31": "9.63", "2011-12-31": "8.67", "2011-09-30": "8.18", "2011-06-30": "9.63", "2011-03-31": "10.71", "2010-12-31": "12.01", "2010-09-30": "10.80", "2010-06-30": "12.34", "2010-03-31": "18.69", "2009-12-31": "17.92", "2009-09-30": "20.58", "2009-06-30": "16.42", "2009-03-31": "8.94", "2008-12-31": "11.67", "2008-09-30": "13.38", "2008-06-30": "8.71", "2008-03-31": "9.48", "2007-12-31": "9.14", "2007-09-30": "8.78", "2007-06-30": "8.82", "2007-03-31": "9.22", "2006-12-31": "9.43"}, "price sales": {"2021-02-05": "2.77", "2020-12-31": "2.79", "2020-09-30": "2.10", "2020-06-30": "2.09", "2020-03-31": "1.91", "2019-12-31": "3.30", "2019-09-30": "3.07", "2019-06-30": "2.97", "2019-03-31": "2.79", "2018-12-31": "2.71", "2018-09-30": "3.21", "2018-06-30": "3.10", "2018-03-31": "3.20", "2017-12-31": "3.46", "2017-09-30": "3.55", "2017-06-30": "3.48", "2017-03-31": "3.47", "2016-12-31": "3.50", "2016-09-30": "2.93", "2016-06-30": "2.79", "2016-03-31": "2.87", "2015-12-31": "3.04", "2015-09-30": "2.93", "2015-06-30": "3.12", "2015-03-31": "3.12", "2014-12-31": "3.22", "2014-09-30": "3.03", "2014-06-30": "3.14", "2014-03-31": "3.13", "2013-12-31": "2.93", "2013-09-30": "2.62", "2013-06-30": "2.55", "2013-03-31": "2.36", "2012-12-31": "2.20", "2012-09-30": "2.34", "2012-06-30": "2.22", "2012-03-31": "2.21", "2011-12-31": "1.91", "2011-09-30": "1.68", "2011-06-30": "1.83", "2011-03-31": "1.90", "2010-12-31": "1.94", "2010-09-30": "1.57", "2010-06-30": "1.64", "2010-03-31": "1.89", "2009-12-31": "1.63", "2009-09-30": "1.59", "2009-06-30": "1.30", "2009-03-31": "1.04", "2008-12-31": "1.72", "2008-09-30": "2.37", "2008-06-30": "1.74", "2008-03-31": "1.97", "2007-12-31": "1.95", "2007-09-30": "2.00", "2007-06-30": "2.05", "2007-03-31": "2.20", "2006-12-31": "2.32"}, "price book": {"current": "1.46", "2021-02-05": "1.31", "2020-09-30": "1.01", "2020-06-30": "1.04", "2020-03-31": "0.96", "2019-12-31": "1.66", "2019-09-30": "1.53", "2019-06-30": "1.46", "2019-03-31": "1.37", "2018-12-31": "1.32", "2018-09-30": "1.55", "2018-06-30": "1.49", "2018-03-31": "1.52", "2017-12-31": "1.62", "2017-09-30": "1.63", "2017-06-30": "1.59", "2017-03-31": "1.60", "2016-12-31": "1.61", "2016-09-30": "1.33", "2016-06-30": "1.26", "2016-03-31": "1.29", "2015-12-31": "1.37", "2015-09-30": "1.35", "2015-06-30": "1.45", "2015-03-31": "1.47", "2014-12-31": "1.53", "2014-09-30": "1.44", "2014-06-30": "1.51", "2014-03-31": "1.51", "2013-12-31": "1.45", "2013-09-30": "1.32", "2013-06-30": "1.32", "2013-03-31": "1.25", "2012-12-31": "1.19", "2012-09-30": "1.30", "2012-06-30": "1.24", "2012-03-31": "1.29", "2011-12-31": "1.16", "2011-09-30": "1.03", "2011-06-30": "1.15", "2011-03-31": "1.26", "2010-12-31": "1.32", "2010-09-30": "1.06", "2010-06-30": "1.14", "2010-03-31": "1.39", "2009-12-31": "1.23", "2009-09-30": "1.23", "2009-06-30": "1.05", "2009-03-31": "0.70", "2008-12-31": "1.23", "2008-09-30": "2.17", "2008-06-30": "1.63", "2008-03-31": "1.89", "2007-12-31": "1.86", "2007-09-30": "1.91", "2007-06-30": "1.95", "2007-03-31": "2.02", "2006-12-31": "2.05", "2006-09-30": "1.88", "2006-06-30": "1.80", "2006-03-31": "1.77"}, "price fcf": {"2021-02-05": "", "2020-09-30": "$3.13", "2020-06-30": "$2.89", "2020-03-31": "$3.83", "2019-12-31": "$3.09", "2019-09-30": "$4.74", "2019-06-30": "$4.80", "2019-03-31": "$6.39", "2018-12-31": "$6.45", "2018-09-30": "$4.73", "2018-06-30": "$3.87", "2018-03-31": "$2.84", "2017-12-31": "$3.85", "2017-09-30": "$5.17", "2017-06-30": "$4.37", "2017-03-31": "$4.25", "2016-12-31": "$3.10", "2016-09-30": "$3.30", "2016-06-30": "$4.60", "2016-03-31": "$4.70", "2015-12-31": "$4.96", "2015-09-30": "$4.01", "2015-06-30": "$2.72", "2015-03-31": "$2.40", "2014-12-31": "$2.94", "2014-09-30": "$3.96", "2014-06-30": "$4.81", "2014-03-31": "$6.81", "2013-12-31": "$6.19", "2013-09-30": "$6.85", "2013-06-30": "$5.80", "2013-03-31": "$3.47", "2012-12-31": "$4.20", "2012-09-30": "$2.59", "2012-06-30": "$2.45", "2012-03-31": "$3.49", "2011-12-31": "$5.11", "2011-09-30": "$5.82", "2011-06-30": "$5.23", "2011-03-31": "$4.46", "2010-12-31": "$2.73", "2010-09-30": "$3.35", "2010-06-30": "$5.73", "2010-03-31": "$4.54", "2009-12-31": "$4.09", "2009-09-30": "$2.92", "2009-06-30": "$2.19", "2009-03-31": "$3.42", "2008-12-31": "$3.02", "2008-09-30": "$2.80", "2008-06-30": "$2.36", "2008-03-31": "$2.01", "2007-12-31": "$1.65", "2007-09-30": "$1.52", "2007-06-30": "$2.37", "2007-03-31": "$2.29", "2006-12-31": "$2.99"}, "net worth": {"value": "$69.82B"}, "current ratio": {"2020-12-31": "0.82", "2020-09-30": "0.82", "2020-06-30": "0.84", "2020-03-31": "0.86", "2019-12-31": "0.83", "2019-09-30": "0.83", "2019-06-30": "0.84", "2019-03-31": "0.84", "2018-12-31": "0.85", "2018-09-30": "0.85", "2018-06-30": "0.83", "2018-03-31": "0.82", "2017-12-31": "0.82", "2017-09-30": "0.83", "2017-06-30": "0.85", "2017-03-31": "0.84", "2016-12-31": "0.83", "2016-09-30": "0.85", "2016-06-30": "0.84", "2016-03-31": "0.84", "2015-12-31": "0.83", "2015-09-30": "0.83", "2015-06-30": "0.84", "2015-03-31": "0.84", "2014-12-31": "0.83", "2014-09-30": "0.83", "2014-06-30": "0.84", "2014-03-31": "0.84", "2013-12-31": "0.84", "2013-09-30": "0.84", "2013-06-30": "0.85", "2013-03-31": "0.85", "2012-12-31": "0.85", "2012-09-30": "0.86", "2012-06-30": "0.87", "2012-03-31": "0.85", "2011-12-31": "0.87", "2011-09-30": "0.86", "2011-06-30": "0.87", "2011-03-31": "0.88", "2010-12-31": "0.91", "2010-09-30": "0.91", "2010-06-30": "0.91", "2010-03-31": "0.92", "2009-12-31": "0.94", "2009-09-30": "0.96", "2009-06-30": "0.99", "2009-03-31": "1.01", "2008-12-31": "0.99", "2008-09-30": "1.00", "2008-06-30": "0.99", "2008-03-31": "0.97", "2007-12-31": "1.01", "2007-09-30": "1.04", "2007-06-30": "1.05", "2007-03-31": "1.05", "2006-12-31": "1.01", "2006-09-30": "1.04", "2006-06-30": "1.04", "2006-03-31": "1.02", "2005-12-31": "1.00", "2005-09-30": "1.00", "2005-06-30": "0.98", "2005-03-31": "1.00"}, "quick ratio": {"2020-12-31": "0.00", "2020-09-30": "0.00", "2020-06-30": "0.00", "2020-03-31": "0.00", "2019-12-31": "0.00", "2019-09-30": "0.00", "2019-06-30": "0.00", "2019-03-31": "0.00", "2018-12-31": "0.00", "2018-09-30": "0.00", "2018-06-30": "0.00", "2018-03-31": "0.00", "2017-12-31": "0.00", "2017-09-30": "0.00", "2017-06-30": "0.00", "2017-03-31": "0.00", "2016-12-31": "0.00", "2016-09-30": "0.00", "2016-06-30": "0.00", "2016-03-31": "0.00", "2015-12-31": "0.00", "2015-09-30": "0.00", "2015-06-30": "0.00", "2015-03-31": "0.00", "2014-12-31": "0.00", "2014-09-30": "0.00", "2014-06-30": "0.00", "2014-03-31": "0.00", "2013-12-31": "0.00", "2013-09-30": "0.00", "2013-06-30": "0.00", "2013-03-31": "0.00", "2012-12-31": "0.00", "2012-09-30": "0.00", "2012-06-30": "0.00", "2012-03-31": "0.00", "2011-12-31": "0.00", "2011-09-30": "0.00", "2011-06-30": "0.00", "2011-03-31": "0.00", "2010-12-31": "0.00", "2010-09-30": "0.00", "2010-06-30": "0.00", "2010-03-31": "0.00", "2009-12-31": "0.00", "2009-09-30": "0.00", "2009-06-30": "0.00", "2009-03-31": "0.00", "2008-12-31": "0.00", "2008-09-30": "0.00", "2008-06-30": "0.00", "2008-03-31": "0.00", "2007-12-31": "0.00", "2007-09-30": "0.00", "2007-06-30": "0.00", "2007-03-31": "0.00", "2006-12-31": "0.00", "2006-09-30": "0.00", "2006-06-30": "0.00", "2006-03-31": "0.00", "2005-12-31": "0.00", "2005-09-30": "0.00", "2005-06-30": "0.00", "2005-03-31": "0.00"}, "debt equity ratio": {"current": "0.87", "2020-12-31": "9.31", "2020-09-30": "9.16", "2020-06-30": "9.42", "2020-03-31": "9.41", "2019-12-31": "8.44", "2019-09-30": "8.01", "2019-06-30": "8.00", "2019-03-31": "8.03", "2018-12-31": "8.05", "2018-09-30": "8.11", "2018-06-30": "8.18", "2018-03-31": "8.24", "2017-12-31": "8.30", "2017-09-30": "8.31", "2017-06-30": "8.48", "2017-03-31": "8.28", "2016-12-31": "8.30", "2016-09-30": "8.38", "2016-06-30": "8.13", "2016-03-31": "8.04", "2015-12-31": "8.01", "2015-09-30": "8.09", "2015-06-30": "8.27", "2015-03-31": "8.12", "2014-12-31": "8.11", "2014-09-30": "7.93", "2014-06-30": "7.97", "2014-03-31": "7.69", "2013-12-31": "7.71", "2013-09-30": "7.68", "2013-06-30": "7.61", "2013-03-31": "7.70", "2012-12-31": "7.79", "2012-09-30": "7.85", "2012-06-30": "8.08", "2012-03-31": "8.23", "2011-12-31": "8.73", "2011-09-30": "8.65", "2011-06-30": "8.62", "2011-03-31": "8.94", "2010-12-31": "9.15", "2010-09-30": "8.71", "2010-06-30": "8.79", "2010-03-31": "9.31", "2009-12-31": "9.55", "2009-09-30": "9.24", "2009-06-30": "9.67", "2009-03-31": "8.44", "2008-12-31": "8.84", "2008-09-30": "10.40", "2008-06-30": "10.30", "2008-03-31": "10.21", "2007-12-31": "10.29", "2007-09-30": "9.96", "2007-06-30": "9.95", "2007-03-31": "9.65", "2006-12-31": "9.34", "2006-09-30": "9.36", "2006-06-30": "9.45", "2006-03-31": "9.36", "2005-12-31": "9.43", "2005-09-30": "9.42", "2005-06-30": "9.25", "2005-03-31": "9.33"}, "return on equity": {"2020-12-31": "8.74%", "2020-09-30": "8.76%", "2020-06-30": "9.34%", "2020-03-31": "11.41%", "2019-12-31": "12.37%", "2019-09-30": "13.12%", "2019-06-30": "13.14%", "2019-03-31": "13.23%", "2018-12-31": "13.39%", "2018-09-30": "13.19%", "2018-06-30": "12.80%", "2018-03-31": "12.38%", "2017-12-31": "12.04%", "2017-09-30": "11.70%", "2017-06-30": "11.65%", "2017-03-31": "11.72%", "2016-12-31": "11.66%", "2016-09-30": "11.75%", "2016-06-30": "11.89%", "2016-03-31": "12.03%", "2015-12-31": "12.27%", "2015-09-30": "12.49%", "2015-06-30": "12.59%", "2015-03-31": "12.74%", "2014-12-31": "12.83%", "2014-09-30": "12.93%", "2014-06-30": "13.09%", "2014-03-31": "13.22%", "2013-12-31": "13.44%", "2013-09-30": "13.47%", "2013-06-30": "13.62%", "2013-03-31": "13.66%", "2012-12-31": "13.81%", "2012-09-30": "14.21%", "2012-06-30": "14.30%", "2012-03-31": "14.35%", "2011-12-31": "14.11%", "2011-09-30": "13.49%", "2011-06-30": "12.78%", "2011-03-31": "12.23%", "2010-12-31": "11.43%", "2010-09-30": "10.49%", "2010-06-30": "9.82%", "2010-03-31": "7.75%", "2009-12-31": "6.84%", "2009-09-30": "5.61%", "2009-06-30": "5.74%", "2009-03-31": "8.78%", "2008-12-31": "12.24%", "2008-09-30": "16.17%", "2008-06-30": "18.80%", "2008-03-31": "20.16%", "2007-12-31": "20.53%", "2007-09-30": "21.74%", "2007-06-30": "22.21%", "2007-03-31": "22.39%", "2006-12-31": "22.72%", "2006-09-30": "22.85%", "2006-06-30": "22.99%", "2006-03-31": "22.82%", "2005-12-31": "22.71%"}, "return on assets": {"2020-12-31": "0.85%", "2020-09-30": "0.87%", "2020-06-30": "0.95%", "2020-03-31": "1.21%", "2019-12-31": "1.36%", "2019-09-30": "1.45%", "2019-06-30": "1.45%", "2019-03-31": "1.46%", "2018-12-31": "1.46%", "2018-09-30": "1.43%", "2018-06-30": "1.38%", "2018-03-31": "1.33%", "2017-12-31": "1.29%", "2017-09-30": "1.25%", "2017-06-30": "1.24%", "2017-03-31": "1.26%", "2016-12-31": "1.27%", "2016-09-30": "1.29%", "2016-06-30": "1.31%", "2016-03-31": "1.32%", "2015-12-31": "1.35%", "2015-09-30": "1.37%", "2015-06-30": "1.38%", "2015-03-31": "1.41%", "2014-12-31": "1.44%", "2014-09-30": "1.47%", "2014-06-30": "1.49%", "2014-03-31": "1.52%", "2013-12-31": "1.55%", "2013-09-30": "1.55%", "2013-06-30": "1.56%", "2013-03-31": "1.54%", "2012-12-31": "1.54%", "2012-09-30": "1.54%", "2012-06-30": "1.52%", "2012-03-31": "1.50%", "2011-12-31": "1.45%", "2011-09-30": "1.37%", "2011-06-30": "1.30%", "2011-03-31": "1.24%", "2010-12-31": "1.14%", "2010-09-30": "1.04%", "2010-06-30": "0.96%", "2010-03-31": "0.74%", "2009-12-31": "0.67%", "2009-09-30": "0.56%", "2009-06-30": "0.56%", "2009-03-31": "0.84%", "2008-12-31": "1.13%", "2008-09-30": "1.43%", "2008-06-30": "1.68%", "2008-03-31": "1.82%", "2007-12-31": "1.87%", "2007-09-30": "2.03%", "2007-06-30": "2.10%", "2007-03-31": "2.14%", "2006-12-31": "2.19%", "2006-09-30": "2.20%", "2006-06-30": "2.21%", "2006-03-31": "2.20%", "2005-12-31": "2.19%"}, "return on investments": {"2020-12-31": "6.20%", "2020-09-30": "6.17%", "2020-06-30": "6.63%", "2020-03-31": "8.21%", "2019-12-31": "9.14%", "2019-09-30": "9.46%", "2019-06-30": "9.44%", "2019-03-31": "9.54%", "2018-12-31": "9.77%", "2018-09-30": "9.10%", "2018-06-30": "9.17%", "2018-03-31": "9.03%", "2017-12-31": "8.92%", "2017-09-30": "9.81%", "2017-06-30": "9.65%", "2017-03-31": "9.72%", "2016-12-31": "9.68%", "2016-09-30": "9.76%", "2016-06-30": "9.94%", "2016-03-31": "10.05%", "2015-12-31": "10.15%", "2015-09-30": "10.20%", "2015-06-30": "10.28%", "2015-03-31": "10.67%", "2014-12-31": "11.15%", "2014-09-30": "11.53%", "2014-06-30": "12.11%", "2014-03-31": "12.39%", "2013-12-31": "12.47%", "2013-09-30": "12.36%", "2013-06-30": "12.17%", "2013-03-31": "11.80%", "2012-12-31": "11.58%", "2012-09-30": "11.42%", "2012-06-30": "11.05%", "2012-03-31": "10.66%", "2011-12-31": "10.16%", "2011-09-30": "9.45%", "2011-06-30": "8.68%", "2011-03-31": "7.84%", "2010-12-31": "7.00%", "2010-09-30": "6.13%", "2010-06-30": "5.38%", "2010-03-31": "4.64%", "2009-12-31": "4.22%", "2009-09-30": "3.60%", "2009-06-30": "3.71%", "2009-03-31": "4.95%", "2008-12-31": "6.64%", "2008-09-30": "8.39%", "2008-06-30": "9.51%", "2008-03-31": "9.81%", "2007-12-31": "9.59%", "2007-09-30": "10.46%", "2007-06-30": "10.88%", "2007-03-31": "11.26%", "2006-12-31": "11.69%", "2006-09-30": "11.42%", "2006-06-30": "11.72%", "2006-03-31": "11.71%", "2005-12-31": "11.67%"}, "return on tangible equity": {"2020-09-30": "11.50%", "2020-06-30": "12.25%", "2020-03-31": "14.99%", "2019-12-31": "16.28%", "2019-09-30": "17.27%", "2019-06-30": "17.43%", "2019-03-31": "17.66%", "2018-12-31": "17.94%", "2018-09-30": "17.73%", "2018-06-30": "17.20%", "2018-03-31": "16.64%", "2017-12-31": "16.21%", "2017-09-30": "15.79%", "2017-06-30": "15.72%", "2017-03-31": "15.79%", "2016-12-31": "15.72%", "2016-09-30": "15.89%", "2016-06-30": "16.19%", "2016-03-31": "16.52%", "2015-12-31": "16.93%", "2015-09-30": "17.30%", "2015-06-30": "17.53%", "2015-03-31": "17.85%", "2014-12-31": "18.09%", "2014-09-30": "18.37%", "2014-06-30": "18.69%", "2014-03-31": "18.93%", "2013-12-31": "19.25%", "2013-09-30": "19.22%", "2013-06-30": "19.33%", "2013-03-31": "19.35%", "2012-12-31": "19.75%", "2012-09-30": "20.58%", "2012-06-30": "21.11%", "2012-03-31": "21.73%", "2011-12-31": "21.96%", "2011-09-30": "21.56%", "2011-06-30": "20.92%", "2011-03-31": "20.47%", "2010-12-31": "19.58%", "2010-09-30": "18.46%", "2010-06-30": "17.75%", "2010-03-31": "14.30%", "2009-12-31": "12.29%", "2009-09-30": "9.87%", "2009-06-30": "10.30%", "2009-03-31": "16.09%", "2008-12-31": "23.57%", "2008-09-30": "32.71%", "2008-06-30": "38.18%", "2008-03-31": "41.50%", "2007-12-31": "42.84%", "2007-09-30": "45.35%", "2007-06-30": "46.07%", "2007-03-31": "45.83%", "2006-12-31": "46.36%", "2006-09-30": "46.26%", "2006-06-30": "45.27%", "2006-03-31": "43.62%", "2005-12-31": "42.29%"}, "dividend yield history": {"last payout": "$1.68", "last yield": "3.62%"}}