{"ticker": "MTN", "price": {"title": "Vail Resorts Historical Annual Stock Price Data", "value": 281.47, "historical": {"2021": {"Average Stock Price": "275.3250", "Year Open": "269.0100", "Year High": "289.1800", "Year Low": "261.8300", "Year Close": "281.4700", "Annual % Change": "0.90%"}, "2020": {"Average Stock Price": "213.7618", "Year Open": "243.4800", "Year High": "291.4400", "Year Low": "131.7300", "Year Close": "278.9600", "Annual % Change": "16.32%"}, "2019": {"Average Stock Price": "225.0423", "Year Open": "212.1200", "Year High": "249.2500", "Year Low": "180.8100", "Year Close": "239.8300", "Annual % Change": "13.76%"}, "2018": {"Average Stock Price": "249.9596", "Year Open": "210.4500", "Year High": "301.4200", "Year Low": "201.1700", "Year Close": "210.8200", "Annual % Change": "-0.78%"}, "2017": {"Average Stock Price": "205.0763", "Year Open": "160.9800", "Year High": "236.7100", "Year Low": "160.9800", "Year Close": "212.4700", "Annual % Change": "31.72%"}, "2016": {"Average Stock Price": "142.2373", "Year Open": "124.1500", "Year High": "167.9900", "Year Low": "116.3900", "Year Close": "161.3100", "Annual % Change": "26.03%"}, "2015": {"Average Stock Price": "105.3885", "Year Open": "90.4500", "Year High": "132.9800", "Year Low": "84.6000", "Year Close": "127.9900", "Annual % Change": "40.45%"}, "2014": {"Average Stock Price": "76.9034", "Year Open": "74.9900", "Year High": "91.4300", "Year Low": "64.9000", "Year Close": "91.1300", "Annual % Change": "21.14%"}, "2013": {"Average Stock Price": "64.7927", "Year Open": "55.5800", "Year High": "75.9800", "Year Low": "50.9200", "Year Close": "75.2300", "Annual % Change": "39.08%"}, "2012": {"Average Stock Price": "48.4436", "Year Open": "39.9700", "Year High": "58.8200", "Year Low": "38.1500", "Year Close": "54.0900", "Annual % Change": "27.69%"}, "2011": {"Average Stock Price": "45.0386", "Year Open": "52.4500", "Year High": "53.1200", "Year Low": "34.7600", "Year Close": "42.3600", "Annual % Change": "-18.60%"}, "2010": {"Average Stock Price": "40.1028", "Year Open": "36.4700", "Year High": "53.4300", "Year Low": "32.9100", "Year Close": "52.0400", "Annual % Change": "37.67%"}, "2009": {"Average Stock Price": "29.3981", "Year Open": "26.4000", "Year High": "41.3300", "Year Low": "14.8000", "Year Close": "37.8000", "Annual % Change": "42.11%"}, "2008": {"Average Stock Price": "39.5262", "Year Open": "52.0700", "Year High": "52.6600", "Year Low": "15.7500", "Year Close": "26.6000", "Annual % Change": "-50.57%"}, "2007": {"Average Stock Price": "55.4265", "Year Open": "44.9500", "Year High": "65.9000", "Year Low": "43.1600", "Year Close": "53.8100", "Annual % Change": "20.06%"}, "2006": {"Average Stock Price": "37.4929", "Year Open": "33.0000", "Year High": "47.1800", "Year Low": "30.3000", "Year Close": "44.8200", "Annual % Change": "35.69%"}, "2005": {"Average Stock Price": "28.2500", "Year Open": "22.0100", "Year High": "38.4500", "Year Low": "21.5500", "Year Close": "33.0300", "Annual % Change": "47.32%"}, "2004": {"Average Stock Price": "18.1609", "Year Open": "17.1000", "Year High": "23.5000", "Year Low": "13.8800", "Year Close": "22.4200", "Annual % Change": "31.88%"}, "2003": {"Average Stock Price": "13.7225", "Year Open": "15.2000", "Year High": "17.7000", "Year Low": "11.0000", "Year Close": "17.0000", "Annual % Change": "12.06%"}, "2002": {"Average Stock Price": "16.9500", "Year Open": "17.6500", "Year High": "21.4000", "Year Low": "12.2800", "Year Close": "15.1700", "Annual % Change": "-14.44%"}, "2001": {"Average Stock Price": "19.6935", "Year Open": "22.8100", "Year High": "24.5000", "Year Low": "12.9800", "Year Close": "17.7300", "Annual % Change": "-24.36%"}, "2000": {"Average Stock Price": "18.4850", "Year Open": "17.6200", "Year High": "24.2500", "Year Low": "14.9400", "Year Close": "23.4400", "Annual % Change": "30.66%"}, "1999": {"Average Stock Price": "19.0780", "Year Open": "22.2500", "Year High": "23.2500", "Year Low": "14.3100", "Year Close": "17.9400", "Annual % Change": "-18.45%"}, "1998": {"Average Stock Price": "25.9739", "Year Open": "25.0600", "Year High": "31.2500", "Year Low": "16.0000", "Year Close": "22.0000", "Annual % Change": "-15.19%"}}}, "market cap": {"value": "$11.33B"}, "income statement": {"Revenue": {"2020-07-31": "1963.70400", "2019-07-31": "2271.57500", "2018-07-31": "2011.55300", "2017-07-31": "1907.21800", "2016-07-31": "1601.28600", "2015-07-31": "1399.92400", "2014-07-31": "1254.64600", "2013-07-31": "1120.79700", "2012-07-31": "1024.39400", "2011-07-31": "1167.04600", "2010-07-31": "894.80300", "2009-07-31": "1004.35300", "2008-07-31": "1152.15600", "2007-07-31": "940.53600", "2006-07-31": "838.85200", "2005-07-31": "809.98700"}, "Cost Of Goods Sold": {"2020-07-31": "1187.68500", "2019-07-31": "1297.32300", "2018-07-31": "1144.21700", "2017-07-31": "1086.04200", "2016-07-31": "943.50500", "2015-07-31": "878.67900", "2014-07-31": "994.17400", "2013-07-31": "896.60900", "2012-07-31": "836.01800", "2011-07-31": "951.50100", "2010-07-31": "720.32800", "2009-07-31": "789.94200", "2008-07-31": "881.53200", "2007-07-31": "722.15000", "2006-07-31": "642.48500", "2005-07-31": "627.61200"}, "Gross Profit": {"2020-07-31": "776.01890", "2019-07-31": "974.25200", "2018-07-31": "867.33590", "2017-07-31": "821.17600", "2016-07-31": "657.78100", "2015-07-31": "521.24490", "2014-07-31": "260.47200", "2013-07-31": "224.18800", "2012-07-31": "188.37600", "2011-07-31": "215.54500", "2010-07-31": "174.47500", "2009-07-31": "214.41100", "2008-07-31": "270.62400", "2007-07-31": "218.38600", "2006-07-31": "196.36700", "2005-07-31": "182.37500"}, "Research And Development Expenses": {"2020-07-31": "", "2019-07-31": "", "2018-07-31": "", "2017-07-31": "", "2016-07-31": "", "2015-07-31": "", "2014-07-31": "", "2013-07-31": "", "2012-07-31": "", "2011-07-31": "", "2010-07-31": "", "2009-07-31": "", "2008-07-31": "", "2007-07-31": "", "2006-07-31": "", "2005-07-31": ""}, "SG&A Expenses": {"2020-07-31": "278.69500", "2019-07-31": "274.41500", "2018-07-31": "251.80600", "2017-07-31": "236.79900", "2016-07-31": "208.99100", "2015-07-31": "179.75300", "2014-07-31": "", "2013-07-31": "", "2012-07-31": "", "2011-07-31": "", "2010-07-31": "", "2009-07-31": "", "2008-07-31": "", "2007-07-31": "", "2006-07-31": "", "2005-07-31": ""}, "Other Operating Income Or Expenses": {"2020-07-31": "-24.36300", "2019-07-31": "-5.45100", "2018-07-31": "-2.25100", "2017-07-31": "-15.96400", "2016-07-31": "-4.32300", "2015-07-31": "18.14400", "2014-07-31": "-2.60800", "2013-07-31": "5.45300", "2012-07-31": "-1.46400", "2011-07-31": "-3.11600", "2010-07-31": "5.47200", "2009-07-31": "-1.06400", "2008-07-31": "-0.82500", "2007-07-31": "-1.08300", "2006-07-31": "0.16600", "2005-07-31": "-4.07800"}, "Operating Expenses": {"2020-07-31": "1740.31500", "2019-07-31": "1795.30600", "2018-07-31": "1602.73600", "2017-07-31": "1527.96200", "2016-07-31": "1318.30700", "2015-07-31": "1189.41100", "2014-07-31": "1137.38300", "2013-07-31": "1023.84400", "2012-07-31": "965.06300", "2011-07-31": "1072.57400", "2010-07-31": "825.49400", "2009-07-31": "898.21910", "2008-07-31": "976.15100", "2007-07-31": "812.33000", "2006-07-31": "733.51300", "2005-07-31": "721.65800"}, "Operating Income": {"2020-07-31": "223.38880", "2019-07-31": "476.26890", "2018-07-31": "408.81690", "2017-07-31": "379.25610", "2016-07-31": "282.97900", "2015-07-31": "210.51290", "2014-07-31": "117.26290", "2013-07-31": "96.95300", "2012-07-31": "59.33110", "2011-07-31": "94.47210", "2010-07-31": "69.30900", "2009-07-31": "106.13400", "2008-07-31": "176.00500", "2007-07-31": "128.20600", "2006-07-31": "105.33900", "2005-07-31": "88.32900"}, "Total Non-Operating Income/Expense": {"2020-07-31": "-106.95600", "2019-07-31": "-77.30400", "2018-07-31": "-68.72500", "2017-07-31": "-30.80700", "2016-07-31": "-40.36000", "2015-07-31": "-61.18500", "2014-07-31": "-73.19100", "2013-07-31": "-37.72400", "2012-07-31": "-32.23900", "2011-07-31": "-38.95200", "2010-07-31": "-15.51200", "2009-07-31": "-24.93800", "2008-07-31": "-5.07200", "2007-07-31": "-27.55500", "2006-07-31": "-30.32900", "2005-07-31": "-50.70600"}, "Pre-Tax Income": {"2020-07-31": "116.43300", "2019-07-31": "398.96500", "2018-07-31": "340.09200", "2017-07-31": "348.44900", "2016-07-31": "242.61900", "2015-07-31": "149.32800", "2014-07-31": "44.07200", "2013-07-31": "59.22900", "2012-07-31": "27.09200", "2011-07-31": "55.52000", "2010-07-31": "53.79700", "2009-07-31": "81.19600", "2008-07-31": "170.93300", "2007-07-31": "100.65100", "2006-07-31": "75.01000", "2005-07-31": "37.62300"}, "Income Taxes": {"2020-07-31": "7.37800", "2019-07-31": "75.47200", "2018-07-31": "-61.13800", "2017-07-31": "116.73100", "2016-07-31": "93.16500", "2015-07-31": "34.71800", "2014-07-31": "15.86600", "2013-07-31": "21.61900", "2012-07-31": "10.70100", "2011-07-31": "21.09800", "2010-07-31": "18.02200", "2009-07-31": "30.64400", "2008-07-31": "63.08600", "2007-07-31": "39.25400", "2006-07-31": "29.25400", "2005-07-31": "14.48500"}, "Income After Taxes": {"2020-07-31": "109.05500", "2019-07-31": "323.49300", "2018-07-31": "401.23000", "2017-07-31": "231.71800", "2016-07-31": "149.45400", "2015-07-31": "114.61000", "2014-07-31": "28.20600", "2013-07-31": "37.61000", "2012-07-31": "16.39100", "2011-07-31": "34.42200", "2010-07-31": "35.77500", "2009-07-31": "50.55200", "2008-07-31": "107.84700", "2007-07-31": "61.39700", "2006-07-31": "45.75600", "2005-07-31": "23.13800"}, "Other Income": {"2020-07-31": "", "2019-07-31": "", "2018-07-31": "", "2017-07-31": "", "2016-07-31": "", "2015-07-31": "", "2014-07-31": "", "2013-07-31": "", "2012-07-31": "", "2011-07-31": "", "2010-07-31": "", "2009-07-31": "", "2008-07-31": "", "2007-07-31": "", "2006-07-31": "", "2005-07-31": ""}, "Income From Continuous Operations": {"2020-07-31": "109.05500", "2019-07-31": "323.49300", "2018-07-31": "401.23000", "2017-07-31": "231.71800", "2016-07-31": "149.45400", "2015-07-31": "114.61000", "2014-07-31": "28.20600", "2013-07-31": "37.61000", "2012-07-31": "16.39100", "2011-07-31": "34.42200", "2010-07-31": "35.77500", "2009-07-31": "50.55200", "2008-07-31": "107.84700", "2007-07-31": "61.39700", "2006-07-31": "45.75600", "2005-07-31": "23.13800"}, "Income From Discontinued Operations": {"2020-07-31": "", "2019-07-31": "", "2018-07-31": "", "2017-07-31": "", "2016-07-31": "", "2015-07-31": "", "2014-07-31": "", "2013-07-31": "", "2012-07-31": "", "2011-07-31": "", "2010-07-31": "", "2009-07-31": "", "2008-07-31": "", "2007-07-31": "", "2006-07-31": "", "2005-07-31": ""}, "Net Income": {"2020-07-31": "98.83300", "2019-07-31": "301.16300", "2018-07-31": "379.89800", "2017-07-31": "210.55300", "2016-07-31": "149.75400", "2015-07-31": "114.75400", "2014-07-31": "28.47800", "2013-07-31": "37.74300", "2012-07-31": "16.45300", "2011-07-31": "34.48900", "2010-07-31": "30.38500", "2009-07-31": "48.95000", "2008-07-31": "102.92700", "2007-07-31": "61.39700", "2006-07-31": "45.75600", "2005-07-31": "23.13800"}, "EBITDA": {"2020-07-31": "472.96080", "2019-07-31": "694.38590", "2018-07-31": "613.27890", "2017-07-31": "568.41310", "2016-07-31": "444.46700", "2015-07-31": "359.63590", "2014-07-31": "257.86400", "2013-07-31": "229.64100", "2012-07-31": "186.91200", "2011-07-31": "212.42900", "2010-07-31": "179.94700", "2009-07-31": "213.34700", "2008-07-31": "269.79900", "2007-07-31": "215.87000", "2006-07-31": "191.43700", "2005-07-31": "178.29700"}, "EBIT": {"2020-07-31": "223.38880", "2019-07-31": "476.26890", "2018-07-31": "408.81690", "2017-07-31": "379.25610", "2016-07-31": "282.97900", "2015-07-31": "210.51290", "2014-07-31": "117.26290", "2013-07-31": "96.95300", "2012-07-31": "59.33110", "2011-07-31": "94.47210", "2010-07-31": "69.30900", "2009-07-31": "106.13400", "2008-07-31": "176.00500", "2007-07-31": "128.20600", "2006-07-31": "105.33900", "2005-07-31": "88.32900"}, "Basic Shares Outstanding": {"2020-07-31": "40.27300", "2019-07-31": "40.34900", "2018-07-31": "40.39700", "2017-07-31": "39.25100", "2016-07-31": "36.27600", "2015-07-31": "36.34200", "2014-07-31": "36.12700", "2013-07-31": "35.85900", "2012-07-31": "36.00400", "2011-07-31": "36.00900", "2010-07-31": "36.21200", "2009-07-31": "36.54600", "2008-07-31": "38.61600", "2007-07-31": "38.84900", "2006-07-31": "37.86600", "2005-07-31": "35.71200"}, "Shares Outstanding": {"2020-07-31": "40.83800", "2019-07-31": "41.15800", "2018-07-31": "41.61800", "2017-07-31": "40.36600", "2016-07-31": "37.31200", "2015-07-31": "37.40600", "2014-07-31": "37.05700", "2013-07-31": "36.73300", "2012-07-31": "36.67300", "2011-07-31": "36.75400", "2010-07-31": "36.73100", "2009-07-31": "36.67300", "2008-07-31": "38.93400", "2007-07-31": "39.37400", "2006-07-31": "38.56700", "2005-07-31": "36.36000"}, "Basic EPS": {"2020-07-31": "2.45000", "2019-07-31": "7.46000", "2018-07-31": "9.40000", "2017-07-31": "5.36000", "2016-07-31": "4.13000", "2015-07-31": "3.16000", "2014-07-31": "0.79000", "2013-07-31": "1.05000", "2012-07-31": "0.46000", "2011-07-31": "0.96000", "2010-07-31": "0.84000", "2009-07-31": "1.34000", "2008-07-31": "2.67000", "2007-07-31": "1.58000", "2006-07-31": "1.21000", "2005-07-31": "0.65000"}, "EPS - Earnings Per Share": {"2020-07-31": "2.42000", "2019-07-31": "7.32000", "2018-07-31": "9.13000", "2017-07-31": "5.22000", "2016-07-31": "4.01000", "2015-07-31": "3.07000", "2014-07-31": "0.77000", "2013-07-31": "1.03000", "2012-07-31": "0.45000", "2011-07-31": "0.94000", "2010-07-31": "0.83000", "2009-07-31": "1.33000", "2008-07-31": "2.64000", "2007-07-31": "1.56000", "2006-07-31": "1.19000", "2005-07-31": "0.64000"}}, "income statement, quarterly": {"Revenue": {"2020-10-31": "131.78600", "2020-07-31": "77.20900", "2020-04-30": "694.08700", "2020-01-31": "924.63800", "2019-10-31": "267.77000", "2019-07-31": "244.00590", "2019-04-30": "957.98700", "2019-01-31": "849.57800", "2018-10-31": "220.00400", "2018-07-31": "211.63700", "2018-04-30": "844.49100", "2018-01-31": "734.57500", "2017-10-31": "220.85000", "2017-07-31": "209.12400", "2017-04-30": "794.63100", "2017-01-31": "725.19800", "2016-10-31": "178.26500", "2016-07-31": "179.88400", "2016-04-30": "647.47200", "2016-01-31": "599.36300", "2015-10-31": "174.56700", "2015-07-31": "162.08190", "2015-04-30": "579.34300", "2015-01-31": "530.23700", "2014-10-31": "128.26200", "2014-07-31": "135.48800", "2014-04-30": "543.04700", "2014-01-31": "452.72000", "2013-10-31": "123.39100", "2013-07-31": "112.30500", "2013-04-30": "469.69100", "2013-01-31": "422.45100", "2012-10-31": "116.35000", "2012-07-31": "113.54400", "2012-04-30": "421.14500", "2012-01-31": "373.33200", "2011-10-31": "116.37300", "2011-07-31": "108.67300", "2011-04-30": "422.11600", "2011-01-31": "395.10000", "2010-10-31": "241.15700", "2010-07-31": "163.26100", "2010-04-30": "350.25400", "2010-01-31": "300.52400", "2009-10-31": "80.76400", "2009-07-31": "129.29300", "2009-04-30": "333.48300", "2009-01-31": "388.79600", "2008-10-31": "152.78100", "2008-07-31": "270.45900", "2008-04-30": "423.79000", "2008-01-31": "360.02000", "2007-10-31": "97.88700", "2007-07-31": "96.51500", "2007-04-30": "369.48900", "2007-01-31": "361.03800", "2006-10-31": "113.49400", "2006-07-31": "124.02700", "2006-04-30": "341.38900", "2006-01-31": "288.01600", "2005-10-31": "85.42000", "2005-07-31": "120.02500", "2005-04-30": "327.45100", "2005-01-31": "264.62800"}, "Cost Of Goods Sold": {"2020-10-31": "172.71900", "2020-07-31": "129.91010", "2020-04-30": "329.55500", "2020-01-31": "456.48200", "2019-10-31": "271.73800", "2019-07-31": "240.79390", "2019-04-30": "410.64400", "2019-01-31": "415.52700", "2018-10-31": "230.35800", "2018-07-31": "214.17200", "2018-04-30": "355.45200", "2018-01-31": "355.94700", "2017-10-31": "218.64600", "2017-07-31": "209.15790", "2017-04-30": "344.26900", "2017-01-31": "349.54500", "2016-10-31": "183.07000", "2016-07-31": "20.91010", "2016-04-30": "342.47500", "2016-01-31": "358.18400", "2015-10-31": "221.93600", "2015-07-31": "31.16600", "2015-04-30": "313.42900", "2015-01-31": "332.76400", "2014-10-31": "201.32000", "2014-07-31": "193.55900", "2014-04-30": "304.92800", "2014-01-31": "304.77700", "2013-10-31": "190.91000", "2013-07-31": "168.70700", "2013-04-30": "270.39500", "2013-01-31": "282.53900", "2012-10-31": "174.96800", "2012-07-31": "161.78700", "2012-04-30": "247.38300", "2012-01-31": "255.14500", "2011-10-31": "171.70300", "2011-07-31": "157.27700", "2011-04-30": "249.08800", "2011-01-31": "267.36300", "2010-10-31": "277.77300", "2010-07-31": "192.70000", "2010-04-30": "204.13700", "2010-01-31": "199.22300", "2009-10-31": "124.26800", "2009-07-31": "159.93600", "2009-04-30": "198.11500", "2009-01-31": "254.39300", "2008-10-31": "177.49800", "2008-07-31": "261.17500", "2008-04-30": "246.88200", "2008-01-31": "244.37900", "2007-10-31": "129.09600", "2007-07-31": "129.79300", "2007-04-30": "209.38400", "2007-01-31": "241.01900", "2006-10-31": "141.95400", "2006-07-31": "145.22500", "2006-04-30": "191.31600", "2006-01-31": "189.94300", "2005-10-31": "116.00100", "2005-07-31": "138.18100", "2005-04-30": "191.72800", "2005-01-31": "180.13300"}, "Gross Profit": {"2020-10-31": "-40.93300", "2020-07-31": "-52.70110", "2020-04-30": "364.53200", "2020-01-31": "468.15600", "2019-10-31": "-3.96800", "2019-07-31": "3.21190", "2019-04-30": "547.34300", "2019-01-31": "434.05100", "2018-10-31": "-10.35400", "2018-07-31": "-2.53500", "2018-04-30": "489.03900", "2018-01-31": "378.62800", "2017-10-31": "2.20400", "2017-07-31": "-0.03390", "2017-04-30": "450.36200", "2017-01-31": "375.65300", "2016-10-31": "-4.80500", "2016-07-31": "158.97400", "2016-04-30": "304.99700", "2016-01-31": "241.17900", "2015-10-31": "-47.36900", "2015-07-31": "130.91590", "2015-04-30": "265.91400", "2015-01-31": "197.47300", "2014-10-31": "-73.05800", "2014-07-31": "-58.07100", "2014-04-30": "238.11900", "2014-01-31": "147.94300", "2013-10-31": "-67.51900", "2013-07-31": "-56.40200", "2013-04-30": "199.29600", "2013-01-31": "139.91200", "2012-10-31": "-58.61800", "2012-07-31": "-48.24300", "2012-04-30": "173.76200", "2012-01-31": "118.18700", "2011-10-31": "-55.33000", "2011-07-31": "-48.60400", "2011-04-30": "173.02800", "2011-01-31": "127.73700", "2010-10-31": "-36.61600", "2010-07-31": "-29.43900", "2010-04-30": "146.11700", "2010-01-31": "101.30100", "2009-10-31": "-43.50400", "2009-07-31": "-30.64300", "2009-04-30": "135.36800", "2009-01-31": "134.40300", "2008-10-31": "-24.71700", "2008-07-31": "9.28400", "2008-04-30": "176.90800", "2008-01-31": "115.64100", "2007-10-31": "-31.20900", "2007-07-31": "-33.27800", "2007-04-30": "160.10500", "2007-01-31": "120.01900", "2006-10-31": "-28.46000", "2006-07-31": "-21.19800", "2006-04-30": "150.07300", "2006-01-31": "98.07300", "2005-10-31": "-30.58100", "2005-07-31": "-18.15600", "2005-04-30": "135.72300", "2005-01-31": "84.49500"}, "Research And Development Expenses": {"2020-10-31": "", "2020-07-31": "", "2020-04-30": "", "2020-01-31": "", "2019-10-31": "", "2019-07-31": "", "2019-04-30": "", "2019-01-31": "", "2018-10-31": "", "2018-07-31": "", "2018-04-30": "", "2018-01-31": "", "2017-10-31": "", "2017-07-31": "", "2017-04-30": "", "2017-01-31": "", "2016-10-31": "", "2016-07-31": "", "2016-04-30": "", "2016-01-31": "", "2015-10-31": "", "2015-07-31": "", "2015-04-30": "", "2015-01-31": "", "2014-10-31": "", "2014-07-31": "", "2014-04-30": "", "2014-01-31": "", "2013-10-31": "", "2013-07-31": "", "2013-04-30": "", "2013-01-31": "", "2012-10-31": "", "2012-07-31": "", "2012-04-30": "", "2012-01-31": "", "2011-10-31": "", "2011-07-31": "", "2011-04-30": "", "2011-01-31": "", "2010-10-31": "", "2010-07-31": "", "2010-04-30": "", "2010-01-31": "", "2009-10-31": "", "2009-07-31": "", "2009-04-30": "", "2009-01-31": "", "2008-10-31": "", "2008-07-31": "", "2008-04-30": "", "2008-01-31": "", "2007-10-31": "", "2007-07-31": "", "2007-04-30": "", "2007-01-31": "", "2006-10-31": "", "2006-07-31": "", "2006-04-30": "", "2006-01-31": "", "2005-10-31": "", "2005-07-31": "", "2005-04-30": "", "2005-01-31": ""}, "SG&A Expenses": {"2020-10-31": "59.02900", "2020-07-31": "51.52000", "2020-04-30": "60.81800", "2020-01-31": "91.30200", "2019-10-31": "75.05500", "2019-07-31": "64.46100", "2019-04-30": "68.21300", "2019-01-31": "77.36200", "2018-10-31": "64.37900", "2018-07-31": "57.02600", "2018-04-30": "66.18100", "2018-01-31": "70.73600", "2017-10-31": "57.86300", "2017-07-31": "50.99700", "2017-04-30": "63.83600", "2017-01-31": "71.21800", "2016-10-31": "50.74800", "2016-07-31": "", "2016-04-30": "", "2016-01-31": "", "2015-10-31": "", "2015-07-31": "", "2015-04-30": "", "2015-01-31": "", "2014-10-31": "", "2014-07-31": "", "2014-04-30": "", "2014-01-31": "", "2013-10-31": "", "2013-07-31": "", "2013-04-30": "", "2013-01-31": "", "2012-10-31": "", "2012-07-31": "", "2012-04-30": "", "2012-01-31": "", "2011-10-31": "", "2011-07-31": "", "2011-04-30": "", "2011-01-31": "", "2010-10-31": "", "2010-07-31": "", "2010-04-30": "", "2010-01-31": "", "2009-10-31": "", "2009-07-31": "", "2009-04-30": "", "2009-01-31": "", "2008-10-31": "", "2008-07-31": "", "2008-04-30": "", "2008-01-31": "", "2007-10-31": "", "2007-07-31": "", "2007-04-30": "", "2007-01-31": "", "2006-10-31": "", "2006-07-31": "", "2006-04-30": "", "2006-01-31": "", "2005-10-31": "", "2005-07-31": "", "2005-04-30": "", "2005-01-31": ""}, "Other Operating Income Or Expenses": {"2020-10-31": "-1.37100", "2020-07-31": "-2.64000", "2020-04-30": "-20.75200", "2020-01-31": "-2.30900", "2019-10-31": "1.33800", "2019-07-31": "-2.75700", "2019-04-30": "-1.27200", "2019-01-31": "0.39700", "2018-10-31": "-1.81900", "2018-07-31": "-3.09500", "2018-04-30": "-0.77600", "2018-01-31": "1.05300", "2017-10-31": "0.56700", "2017-07-31": "-2.62500", "2017-04-30": "-16.42400", "2017-01-31": "-2.53100", "2016-10-31": "5.61600", "2016-07-31": "-2.98400", "2016-04-30": "-0.14500", "2016-01-31": "-0.57400", "2015-10-31": "-0.62000", "2015-07-31": "-2.10500", "2015-04-30": "0.08000", "2015-01-31": "-0.02600", "2014-10-31": "20.19500", "2014-07-31": "-1.76900", "2014-04-30": "0.63400", "2014-01-31": "-1.04400", "2013-10-31": "-0.42900", "2013-07-31": "6.21000", "2013-04-30": "-0.22400", "2013-01-31": "-0.53100", "2012-10-31": "-0.00200", "2012-07-31": "-0.34100", "2012-04-30": "-0.09000", "2012-01-31": "-0.91900", "2011-10-31": "-0.11400", "2011-07-31": "-0.21200", "2011-04-30": "-2.59600", "2011-01-31": "-0.40000", "2010-10-31": "0.09200", "2010-07-31": "-0.53200", "2010-04-30": "0.01800", "2010-01-31": "0.01200", "2009-10-31": "5.97400", "2009-07-31": "-0.25600", "2009-04-30": "-0.20600", "2009-01-31": "-0.42200", "2008-10-31": "-0.18000", "2008-07-31": "-1.16700", "2008-04-30": "0.02400", "2008-01-31": "0.55200", "2007-10-31": "-0.23400", "2007-07-31": "-0.75000", "2007-04-30": "-0.24200", "2007-01-31": "-0.01000", "2006-10-31": "-0.08100", "2006-07-31": "0.28400", "2006-04-30": "-0.10800", "2006-01-31": "0.36600", "2005-10-31": "-0.37600", "2005-07-31": "-0.98600", "2005-04-30": "-1.61100", "2005-01-31": "-0.62300"}, "Operating Expenses": {"2020-10-31": "295.74700", "2020-07-31": "247.25520", "2020-04-30": "475.85500", "2020-01-31": "613.90500", "2019-10-31": "403.30000", "2019-07-31": "364.58800", "2019-04-30": "535.38900", "2019-01-31": "547.73000", "2018-10-31": "347.59900", "2018-07-31": "324.62320", "2018-04-30": "476.51300", "2018-01-31": "477.03400", "2017-10-31": "324.56600", "2017-07-31": "311.70090", "2017-04-30": "474.55800", "2017-01-31": "472.92000", "2016-10-31": "268.78300", "2016-07-31": "273.66000", "2016-04-30": "384.09200", "2016-01-31": "399.29900", "2015-10-31": "261.25600", "2015-07-31": "250.55990", "2015-04-30": "351.59100", "2015-01-31": "370.16600", "2014-10-31": "217.09400", "2014-07-31": "229.98100", "2014-04-30": "339.88200", "2014-01-31": "342.02500", "2013-10-31": "225.49500", "2013-07-31": "196.35800", "2013-04-30": "304.34900", "2013-01-31": "316.48800", "2012-10-31": "206.64900", "2012-07-31": "194.46300", "2012-04-30": "280.73900", "2012-01-31": "289.11400", "2011-10-31": "200.74700", "2011-07-31": "186.50090", "2011-04-30": "282.62100", "2011-01-31": "298.03900", "2010-10-31": "305.41300", "2010-07-31": "221.10200", "2010-04-30": "231.93100", "2010-01-31": "226.98300", "2009-10-31": "145.47800", "2009-07-31": "187.30710", "2009-04-30": "225.90300", "2009-01-31": "282.25300", "2008-10-31": "202.75600", "2008-07-31": "286.28300", "2008-04-30": "272.32900", "2008-01-31": "267.44800", "2007-10-31": "150.09100", "2007-07-31": "151.38200", "2007-04-30": "233.30500", "2007-01-31": "263.28800", "2006-10-31": "164.35500", "2006-07-31": "169.06100", "2006-04-30": "218.14400", "2006-01-31": "211.00800", "2005-10-31": "135.30000", "2005-07-31": "159.74700", "2005-04-30": "218.37800", "2005-01-31": "204.02900"}, "Operating Income": {"2020-10-31": "-163.96100", "2020-07-31": "-170.04620", "2020-04-30": "218.23200", "2020-01-31": "310.73300", "2019-10-31": "-135.53000", "2019-07-31": "-120.58210", "2019-04-30": "422.59800", "2019-01-31": "301.84800", "2018-10-31": "-127.59500", "2018-07-31": "-112.98620", "2018-04-30": "367.97800", "2018-01-31": "257.54100", "2017-10-31": "-103.71600", "2017-07-31": "-102.57690", "2017-04-30": "320.07300", "2017-01-31": "252.27800", "2016-10-31": "-90.51800", "2016-07-31": "-93.77600", "2016-04-30": "263.38000", "2016-01-31": "200.06400", "2015-10-31": "-86.68900", "2015-07-31": "-88.47800", "2015-04-30": "227.75200", "2015-01-31": "160.07100", "2014-10-31": "-88.83200", "2014-07-31": "-94.49300", "2014-04-30": "203.16500", "2014-01-31": "110.69500", "2013-10-31": "-102.10400", "2013-07-31": "-84.05300", "2013-04-30": "165.34200", "2013-01-31": "105.96300", "2012-10-31": "-90.29900", "2012-07-31": "-80.91900", "2012-04-30": "140.40600", "2012-01-31": "84.21800", "2011-10-31": "-84.37400", "2011-07-31": "-77.82790", "2011-04-30": "139.49500", "2011-01-31": "97.06100", "2010-10-31": "-64.25600", "2010-07-31": "-57.84100", "2010-04-30": "118.32300", "2010-01-31": "73.54100", "2009-10-31": "-64.71400", "2009-07-31": "-58.01410", "2009-04-30": "107.58000", "2009-01-31": "106.54300", "2008-10-31": "-49.97500", "2008-07-31": "-15.82400", "2008-04-30": "151.46100", "2008-01-31": "92.57200", "2007-10-31": "-52.20400", "2007-07-31": "-54.86700", "2007-04-30": "136.18400", "2007-01-31": "97.75000", "2006-10-31": "-50.86100", "2006-07-31": "-45.03400", "2006-04-30": "123.24500", "2006-01-31": "77.00800", "2005-10-31": "-49.88000", "2005-07-31": "-39.72200", "2005-04-30": "109.07300", "2005-01-31": "60.59900"}, "Total Non-Operating Income/Expense": {"2020-10-31": "-30.53800", "2020-07-31": "-27.73100", "2020-04-30": "-31.96100", "2020-01-31": "-26.40200", "2019-10-31": "-20.86200", "2019-07-31": "-17.16100", "2019-04-30": "-20.72200", "2019-01-31": "-19.88500", "2018-10-31": "-19.53600", "2018-07-31": "-18.02900", "2018-04-30": "-23.80700", "2018-01-31": "-5.27400", "2017-10-31": "-21.61500", "2017-07-31": "6.12700", "2017-04-30": "-22.58200", "2017-01-31": "-7.74300", "2016-10-31": "-6.60900", "2016-07-31": "-9.95600", "2016-04-30": "-10.03900", "2016-01-31": "-10.81000", "2015-10-31": "-9.55500", "2015-07-31": "-20.62600", "2015-04-30": "-13.74500", "2015-01-31": "-13.54500", "2014-10-31": "-13.26900", "2014-07-31": "-26.01700", "2014-04-30": "-15.61900", "2014-01-31": "-16.15500", "2013-10-31": "-15.40000", "2013-07-31": "-13.56100", "2013-04-30": "-7.94000", "2013-01-31": "-8.33600", "2012-10-31": "-7.88700", "2012-07-31": "-8.31300", "2012-04-30": "-8.12500", "2012-01-31": "-8.05400", "2011-10-31": "-7.74700", "2011-07-31": "-9.12900", "2011-04-30": "-14.61000", "2011-01-31": "-8.29500", "2010-10-31": "-6.91800", "2010-07-31": "-4.71800", "2010-04-30": "-2.69400", "2010-01-31": "-3.74900", "2009-10-31": "-4.35100", "2009-07-31": "-6.40000", "2009-04-30": "-6.45100", "2009-01-31": "-5.79800", "2008-10-31": "-6.28900", "2008-07-31": "2.80700", "2008-04-30": "-9.90500", "2008-01-31": "-9.50000", "2007-10-31": "11.52600", "2007-07-31": "-1.39700", "2007-04-30": "-7.48300", "2007-01-31": "-10.82200", "2006-10-31": "-7.85300", "2006-07-31": "-6.21700", "2006-04-30": "-11.21700", "2006-01-31": "-6.49900", "2005-10-31": "-6.39600", "2005-07-31": "-19.52100", "2005-04-30": "-13.48400", "2005-01-31": "-8.17400"}, "Pre-Tax Income": {"2020-10-31": "-194.49900", "2020-07-31": "-197.77700", "2020-04-30": "186.27100", "2020-01-31": "284.33100", "2019-10-31": "-156.39200", "2019-07-31": "-137.74300", "2019-04-30": "401.87600", "2019-01-31": "281.96300", "2018-10-31": "-147.13100", "2018-07-31": "-131.01500", "2018-04-30": "344.17100", "2018-01-31": "252.26700", "2017-10-31": "-125.33100", "2017-07-31": "-96.45000", "2017-04-30": "297.49100", "2017-01-31": "244.53500", "2016-10-31": "-97.12700", "2016-07-31": "-103.73200", "2016-04-30": "253.34100", "2016-01-31": "189.25400", "2015-10-31": "-96.24400", "2015-07-31": "-109.10400", "2015-04-30": "214.00700", "2015-01-31": "146.52600", "2014-10-31": "-102.10100", "2014-07-31": "-120.51000", "2014-04-30": "187.54600", "2014-01-31": "94.54000", "2013-10-31": "-117.50400", "2013-07-31": "-97.61400", "2013-04-30": "157.40200", "2013-01-31": "97.62700", "2012-10-31": "-98.18600", "2012-07-31": "-89.23200", "2012-04-30": "132.28100", "2012-01-31": "76.16400", "2011-10-31": "-92.12100", "2011-07-31": "-86.95700", "2011-04-30": "124.88500", "2011-01-31": "88.76600", "2010-10-31": "-71.17400", "2010-07-31": "-62.55900", "2010-04-30": "115.62900", "2010-01-31": "69.79200", "2009-10-31": "-69.06500", "2009-07-31": "-64.41400", "2009-04-30": "101.12900", "2009-01-31": "100.74500", "2008-10-31": "-56.26400", "2008-07-31": "-13.01700", "2008-04-30": "141.55600", "2008-01-31": "83.07200", "2007-10-31": "-40.67800", "2007-07-31": "-56.26400", "2007-04-30": "128.70100", "2007-01-31": "86.92800", "2006-10-31": "-58.71400", "2006-07-31": "-51.25100", "2006-04-30": "112.02800", "2006-01-31": "70.50900", "2005-10-31": "-56.27600", "2005-07-31": "-59.24300", "2005-04-30": "95.58900", "2005-01-31": "52.42500"}, "Income Taxes": {"2020-10-31": "-37.47800", "2020-07-31": "-39.81200", "2020-04-30": "26.44000", "2020-01-31": "67.31300", "2019-10-31": "-46.56300", "2019-07-31": "-45.44200", "2019-04-30": "93.34600", "2019-01-31": "63.97300", "2018-10-31": "-36.40500", "2018-07-31": "-43.22400", "2018-04-30": "71.89600", "2018-01-31": "3.59400", "2017-10-31": "-93.40400", "2017-07-31": "-35.20200", "2017-04-30": "100.63500", "2017-01-31": "84.80700", "2016-10-31": "-33.50900", "2016-07-31": "-38.44800", "2016-04-30": "95.80400", "2016-01-31": "72.38300", "2015-10-31": "-36.57400", "2015-07-31": "-38.93600", "2015-04-30": "80.60500", "2015-01-31": "30.82600", "2014-10-31": "-37.77700", "2014-07-31": "-45.08700", "2014-04-30": "69.68000", "2014-01-31": "35.34000", "2013-10-31": "-44.06700", "2013-07-31": "-37.71000", "2013-04-30": "59.81400", "2013-01-31": "37.09800", "2012-10-31": "-37.58300", "2012-07-31": "-35.40800", "2012-04-30": "52.75300", "2012-01-31": "29.74300", "2011-10-31": "-36.38700", "2011-07-31": "-33.04200", "2011-04-30": "48.04500", "2011-01-31": "34.20900", "2010-10-31": "-28.11400", "2010-07-31": "-20.37500", "2010-04-30": "39.23800", "2010-01-31": "24.71300", "2009-10-31": "-25.55400", "2009-07-31": "-23.09600", "2009-04-30": "36.73700", "2009-01-31": "36.41200", "2008-10-31": "-19.40900", "2008-07-31": "-6.81400", "2008-04-30": "54.21500", "2008-01-31": "31.75300", "2007-10-31": "-16.06800", "2007-07-31": "-21.94200", "2007-04-30": "50.19300", "2007-01-31": "33.90200", "2006-10-31": "-22.89900", "2006-07-31": "-19.98800", "2006-04-30": "43.69100", "2006-01-31": "27.49800", "2005-10-31": "-21.94700", "2005-07-31": "-22.80800", "2005-04-30": "36.80100", "2005-01-31": "20.18400"}, "Income After Taxes": {"2020-10-31": "-157.02100", "2020-07-31": "-157.96500", "2020-04-30": "159.83100", "2020-01-31": "217.01800", "2019-10-31": "-109.82900", "2019-07-31": "-92.30100", "2019-04-30": "308.53000", "2019-01-31": "217.99000", "2018-10-31": "-110.72600", "2018-07-31": "-87.79100", "2018-04-30": "272.27500", "2018-01-31": "248.67300", "2017-10-31": "-31.92700", "2017-07-31": "-61.24800", "2017-04-30": "196.85600", "2017-01-31": "159.72800", "2016-10-31": "-63.61800", "2016-07-31": "-65.28400", "2016-04-30": "157.53700", "2016-01-31": "116.87100", "2015-10-31": "-59.67000", "2015-07-31": "-70.16800", "2015-04-30": "133.40200", "2015-01-31": "115.70000", "2014-10-31": "-64.32400", "2014-07-31": "-75.42300", "2014-04-30": "117.86600", "2014-01-31": "59.20000", "2013-10-31": "-73.43700", "2013-07-31": "-59.90400", "2013-04-30": "97.58800", "2013-01-31": "60.52900", "2012-10-31": "-60.60300", "2012-07-31": "-53.82400", "2012-04-30": "79.52800", "2012-01-31": "46.42100", "2011-10-31": "-55.73400", "2011-07-31": "-53.91500", "2011-04-30": "76.84000", "2011-01-31": "54.55700", "2010-10-31": "-43.06000", "2010-07-31": "-42.18400", "2010-04-30": "76.39100", "2010-01-31": "45.07900", "2009-10-31": "-43.51100", "2009-07-31": "-41.31800", "2009-04-30": "64.39200", "2009-01-31": "64.33300", "2008-10-31": "-36.85500", "2008-07-31": "-6.20300", "2008-04-30": "87.34100", "2008-01-31": "51.31900", "2007-10-31": "-24.61000", "2007-07-31": "-34.32200", "2007-04-30": "78.50800", "2007-01-31": "53.02600", "2006-10-31": "-35.81500", "2006-07-31": "-31.26300", "2006-04-30": "68.33700", "2006-01-31": "43.01100", "2005-10-31": "-34.32900", "2005-07-31": "-36.43500", "2005-04-30": "58.78800", "2005-01-31": "32.24100"}, "Other Income": {"2020-10-31": "", "2020-07-31": "", "2020-04-30": "", "2020-01-31": "", "2019-10-31": "", "2019-07-31": "", "2019-04-30": "", "2019-01-31": "", "2018-10-31": "", "2018-07-31": "", "2018-04-30": "", "2018-01-31": "", "2017-10-31": "", "2017-07-31": "", "2017-04-30": "", "2017-01-31": "", "2016-10-31": "", "2016-07-31": "", "2016-04-30": "", "2016-01-31": "", "2015-10-31": "", "2015-07-31": "", "2015-04-30": "", "2015-01-31": "", "2014-10-31": "", "2014-07-31": "", "2014-04-30": "", "2014-01-31": "", "2013-10-31": "", "2013-07-31": "", "2013-04-30": "", "2013-01-31": "", "2012-10-31": "", "2012-07-31": "", "2012-04-30": "", "2012-01-31": "", "2011-10-31": "", "2011-07-31": "", "2011-04-30": "", "2011-01-31": "", "2010-10-31": "", "2010-07-31": "", "2010-04-30": "", "2010-01-31": "", "2009-10-31": "", "2009-07-31": "", "2009-04-30": "", "2009-01-31": "", "2008-10-31": "", "2008-07-31": "", "2008-04-30": "", "2008-01-31": "", "2007-10-31": "", "2007-07-31": "", "2007-04-30": "", "2007-01-31": "", "2006-10-31": "", "2006-07-31": "", "2006-04-30": "", "2006-01-31": "", "2005-10-31": "", "2005-07-31": "", "2005-04-30": "", "2005-01-31": ""}, "Income From Continuous Operations": {"2020-10-31": "-157.02100", "2020-07-31": "-157.96500", "2020-04-30": "159.83100", "2020-01-31": "217.01800", "2019-10-31": "-109.82900", "2019-07-31": "-92.30100", "2019-04-30": "308.53000", "2019-01-31": "217.99000", "2018-10-31": "-110.72600", "2018-07-31": "-87.79100", "2018-04-30": "272.27500", "2018-01-31": "248.67300", "2017-10-31": "-31.92700", "2017-07-31": "-61.24800", "2017-04-30": "196.85600", "2017-01-31": "159.72800", "2016-10-31": "-63.61800", "2016-07-31": "-65.28400", "2016-04-30": "157.53700", "2016-01-31": "116.87100", "2015-10-31": "-59.67000", "2015-07-31": "-70.16800", "2015-04-30": "133.40200", "2015-01-31": "115.70000", "2014-10-31": "-64.32400", "2014-07-31": "-75.42300", "2014-04-30": "117.86600", "2014-01-31": "59.20000", "2013-10-31": "-73.43700", "2013-07-31": "-59.90400", "2013-04-30": "97.58800", "2013-01-31": "60.52900", "2012-10-31": "-60.60300", "2012-07-31": "-53.82400", "2012-04-30": "79.52800", "2012-01-31": "46.42100", "2011-10-31": "-55.73400", "2011-07-31": "-53.91500", "2011-04-30": "76.84000", "2011-01-31": "54.55700", "2010-10-31": "-43.06000", "2010-07-31": "-42.18400", "2010-04-30": "76.39100", "2010-01-31": "45.07900", "2009-10-31": "-43.51100", "2009-07-31": "-41.31800", "2009-04-30": "64.39200", "2009-01-31": "64.33300", "2008-10-31": "-36.85500", "2008-07-31": "-6.20300", "2008-04-30": "87.34100", "2008-01-31": "51.31900", "2007-10-31": "-24.61000", "2007-07-31": "-34.32200", "2007-04-30": "78.50800", "2007-01-31": "53.02600", "2006-10-31": "-35.81500", "2006-07-31": "-31.26300", "2006-04-30": "68.33700", "2006-01-31": "43.01100", "2005-10-31": "-34.32900", "2005-07-31": "-36.43500", "2005-04-30": "58.78800", "2005-01-31": "32.24100"}, "Income From Discontinued Operations": {"2020-10-31": "", "2020-07-31": "", "2020-04-30": "", "2020-01-31": "", "2019-10-31": "", "2019-07-31": "", "2019-04-30": "", "2019-01-31": "", "2018-10-31": "", "2018-07-31": "", "2018-04-30": "", "2018-01-31": "", "2017-10-31": "", "2017-07-31": "", "2017-04-30": "", "2017-01-31": "", "2016-10-31": "", "2016-07-31": "", "2016-04-30": "", "2016-01-31": "", "2015-10-31": "", "2015-07-31": "", "2015-04-30": "", "2015-01-31": "", "2014-10-31": "", "2014-07-31": "", "2014-04-30": "", "2014-01-31": "", "2013-10-31": "", "2013-07-31": "", "2013-04-30": "", "2013-01-31": "", "2012-10-31": "", "2012-07-31": "", "2012-04-30": "", "2012-01-31": "", "2011-10-31": "", "2011-07-31": "", "2011-04-30": "", "2011-01-31": "", "2010-10-31": "", "2010-07-31": "", "2010-04-30": "", "2010-01-31": "", "2009-10-31": "", "2009-07-31": "", "2009-04-30": "", "2009-01-31": "", "2008-10-31": "", "2008-07-31": "", "2008-04-30": "", "2008-01-31": "", "2007-10-31": "", "2007-07-31": "", "2007-04-30": "", "2007-01-31": "", "2006-10-31": "", "2006-07-31": "", "2006-04-30": "", "2006-01-31": "", "2005-10-31": "", "2005-07-31": "", "2005-04-30": "", "2005-01-31": ""}, "Net Income": {"2020-10-31": "-153.76600", "2020-07-31": "-153.60800", "2020-04-30": "152.54600", "2020-01-31": "206.37000", "2019-10-31": "-106.47500", "2019-07-31": "-89.52500", "2019-04-30": "292.13400", "2019-01-31": "206.34900", "2018-10-31": "-107.79500", "2018-07-31": "-83.66000", "2018-04-30": "256.25200", "2018-01-31": "235.69100", "2017-10-31": "-28.38500", "2017-07-31": "-57.14600", "2017-04-30": "181.10700", "2017-01-31": "149.17900", "2016-10-31": "-62.58700", "2016-07-31": "-65.27300", "2016-04-30": "157.63200", "2016-01-31": "116.98200", "2015-10-31": "-59.58700", "2015-07-31": "-70.14200", "2015-04-30": "133.41000", "2015-01-31": "115.76200", "2014-10-31": "-64.27600", "2014-07-31": "-75.35500", "2014-04-30": "117.94600", "2014-01-31": "59.26300", "2013-10-31": "-73.37600", "2013-07-31": "-59.86800", "2013-04-30": "97.64000", "2013-01-31": "60.55100", "2012-10-31": "-60.58000", "2012-07-31": "-53.79600", "2012-04-30": "79.56900", "2012-01-31": "46.38900", "2011-10-31": "-55.70900", "2011-07-31": "-53.90600", "2011-04-30": "76.86700", "2011-01-31": "54.55100", "2010-10-31": "-43.02300", "2010-07-31": "-41.92100", "2010-04-30": "72.78900", "2010-01-31": "40.69000", "2009-10-31": "-41.17300", "2009-07-31": "-38.73000", "2009-04-30": "61.63900", "2009-01-31": "60.54500", "2008-10-31": "-34.50400", "2008-07-31": "-11.12300", "2008-04-30": "87.34100", "2008-01-31": "51.31900", "2007-10-31": "-24.61000", "2007-07-31": "-34.32200", "2007-04-30": "78.50800", "2007-01-31": "53.02600", "2006-10-31": "-35.81500", "2006-07-31": "-31.26300", "2006-04-30": "68.33700", "2006-01-31": "43.01100", "2005-10-31": "-34.32900", "2005-07-31": "-36.43500", "2005-04-30": "58.78800", "2005-01-31": "32.24100"}, "EBITDA": {"2020-10-31": "-101.33300", "2020-07-31": "-106.86120", "2020-04-30": "282.96200", "2020-01-31": "374.54500", "2019-10-31": "-77.68500", "2019-07-31": "-64.00610", "2019-04-30": "477.85800", "2019-01-31": "357.08600", "2018-10-31": "-76.55200", "2018-07-31": "-62.65620", "2018-04-30": "422.08200", "2018-01-31": "308.94500", "2017-10-31": "-55.09200", "2017-07-31": "-53.65590", "2017-04-30": "370.10200", "2017-01-31": "301.90400", "2016-10-31": "-49.93700", "2016-07-31": "-53.00100", "2016-04-30": "304.85200", "2016-01-31": "240.60500", "2015-10-31": "-47.98900", "2015-07-31": "-50.94200", "2015-04-30": "265.99400", "2015-01-31": "197.44700", "2014-10-31": "-52.86300", "2014-07-31": "-59.84000", "2014-04-30": "238.75300", "2014-01-31": "146.89900", "2013-10-31": "-67.94800", "2013-07-31": "-50.19200", "2013-04-30": "199.07200", "2013-01-31": "139.38100", "2012-10-31": "-58.62000", "2012-07-31": "-48.58300", "2012-04-30": "173.67100", "2012-01-31": "117.26800", "2011-10-31": "-55.44400", "2011-07-31": "-48.81590", "2011-04-30": "170.43200", "2011-01-31": "127.33700", "2010-10-31": "-36.52400", "2010-07-31": "-29.97100", "2010-04-30": "146.13500", "2010-01-31": "101.31300", "2009-10-31": "-37.53000", "2009-07-31": "-30.89910", "2009-04-30": "135.16200", "2009-01-31": "133.98100", "2008-10-31": "-24.89700", "2008-07-31": "8.11600", "2008-04-30": "176.93200", "2008-01-31": "116.19400", "2007-10-31": "-31.44300", "2007-07-31": "-34.06000", "2007-04-30": "159.69700", "2007-01-31": "119.50900", "2006-10-31": "-29.27600", "2006-07-31": "-45.03400", "2006-04-30": "123.24500", "2006-01-31": "77.00800", "2005-10-31": "-49.88000", "2005-07-31": "-39.72200", "2005-04-30": "109.07300", "2005-01-31": "60.59900"}, "EBIT": {"2020-10-31": "-163.96100", "2020-07-31": "-170.04610", "2020-04-30": "218.23200", "2020-01-31": "310.73300", "2019-10-31": "-135.53000", "2019-07-31": "-120.58210", "2019-04-30": "422.59800", "2019-01-31": "301.84800", "2018-10-31": "-127.59500", "2018-07-31": "-112.98620", "2018-04-30": "367.97800", "2018-01-31": "257.54100", "2017-10-31": "-103.71600", "2017-07-31": "-102.57680", "2017-04-30": "320.07300", "2017-01-31": "252.27800", "2016-10-31": "-90.51800", "2016-07-31": "-93.77600", "2016-04-30": "263.38000", "2016-01-31": "200.06400", "2015-10-31": "-86.68900", "2015-07-31": "-88.47800", "2015-04-30": "227.75200", "2015-01-31": "160.07100", "2014-10-31": "-88.83200", "2014-07-31": "-94.49300", "2014-04-30": "203.16500", "2014-01-31": "110.69500", "2013-10-31": "-102.10400", "2013-07-31": "-84.05300", "2013-04-30": "165.34200", "2013-01-31": "105.96300", "2012-10-31": "-90.29900", "2012-07-31": "-80.91900", "2012-04-30": "140.40600", "2012-01-31": "84.21800", "2011-10-31": "-84.37400", "2011-07-31": "-77.82790", "2011-04-30": "139.49500", "2011-01-31": "97.06100", "2010-10-31": "-64.25600", "2010-07-31": "-57.84100", "2010-04-30": "118.32300", "2010-01-31": "73.54100", "2009-10-31": "-64.71400", "2009-07-31": "-58.01400", "2009-04-30": "107.58000", "2009-01-31": "106.54300", "2008-10-31": "-49.97500", "2008-07-31": "-15.82400", "2008-04-30": "151.46100", "2008-01-31": "92.57200", "2007-10-31": "-52.20400", "2007-07-31": "-54.86700", "2007-04-30": "136.18400", "2007-01-31": "97.75000", "2006-10-31": "-50.86100", "2006-07-31": "-45.03400", "2006-04-30": "123.24500", "2006-01-31": "77.00800", "2005-10-31": "-49.88000", "2005-07-31": "-39.72200", "2005-04-30": "109.07300", "2005-01-31": "60.59900"}, "Basic Shares Outstanding": {"2020-10-31": "40.24800", "2020-07-31": "40.27300", "2020-04-30": "40.23700", "2020-01-31": "40.31600", "2019-10-31": "40.34200", "2019-07-31": "40.34900", "2019-04-30": "40.25500", "2019-01-31": "40.32800", "2018-10-31": "40.50500", "2018-07-31": "40.39700", "2018-04-30": "40.43800", "2018-01-31": "40.32800", "2017-10-31": "40.21100", "2017-07-31": "39.25100", "2017-04-30": "40.06800", "2017-01-31": "40.05000", "2016-10-31": "36.83400", "2016-07-31": "36.27600", "2016-04-30": "36.21700", "2016-01-31": "36.24600", "2015-10-31": "36.47100", "2015-07-31": "36.34200", "2015-04-30": "36.35400", "2015-01-31": "36.32900", "2014-10-31": "36.24900", "2014-07-31": "36.12700", "2014-04-30": "36.15900", "2014-01-31": "36.13000", "2013-10-31": "36.02600", "2013-07-31": "35.85900", "2013-04-30": "35.91100", "2013-01-31": "35.89500", "2012-10-31": "35.70000", "2012-07-31": "36.00400", "2012-04-30": "36.03200", "2012-01-31": "36.00500", "2011-10-31": "36.06600", "2011-07-31": "36.00900", "2011-04-30": "36.03800", "2011-01-31": "35.99100", "2010-10-31": "35.93800", "2010-07-31": "36.21200", "2010-04-30": "36.27100", "2010-01-31": "36.24500", "2009-10-31": "36.20100", "2009-07-31": "36.54600", "2009-04-30": "36.57400", "2009-01-31": "36.57000", "2008-10-31": "36.92200", "2008-07-31": "38.61600", "2008-04-30": "38.65500", "2008-01-31": "38.79600", "2007-10-31": "38.89200", "2007-07-31": "38.84900", "2007-04-30": "38.89700", "2007-01-31": "38.75300", "2006-10-31": "38.71500", "2006-07-31": "37.86600", "2006-04-30": "38.36500", "2006-01-31": "37.46700", "2005-10-31": "36.79000", "2005-07-31": "35.71200", "2005-04-30": "35.74400", "2005-01-31": "35.47500"}, "Shares Outstanding": {"2020-10-31": "40.24800", "2020-07-31": "40.83800", "2020-04-30": "40.74400", "2020-01-31": "40.94100", "2019-10-31": "40.34200", "2019-07-31": "41.15800", "2019-04-30": "41.02000", "2019-01-31": "41.12600", "2018-10-31": "40.50500", "2018-07-31": "41.61800", "2018-04-30": "40.43800", "2018-01-31": "40.47500", "2017-10-31": "40.21100", "2017-07-31": "40.36600", "2017-04-30": "40.06800", "2017-01-31": "41.10700", "2016-10-31": "36.83400", "2016-07-31": "37.31200", "2016-04-30": "37.26800", "2016-01-31": "37.25600", "2015-10-31": "36.47100", "2015-07-31": "37.40600", "2015-04-30": "37.45300", "2015-01-31": "37.36700", "2014-10-31": "36.24900", "2014-07-31": "37.05700", "2014-04-30": "37.05400", "2014-01-31": "37.12000", "2013-10-31": "36.02600", "2013-07-31": "36.73300", "2013-04-30": "36.77400", "2013-01-31": "36.66300", "2012-10-31": "35.70000", "2012-07-31": "36.67300", "2012-04-30": "36.70400", "2012-01-31": "36.65100", "2011-10-31": "36.06600", "2011-07-31": "36.75400", "2011-04-30": "36.86900", "2011-01-31": "36.79800", "2010-10-31": "35.93800", "2010-07-31": "36.73100", "2010-04-30": "36.83400", "2010-01-31": "36.75400", "2009-10-31": "36.20100", "2009-07-31": "36.67300", "2009-04-30": "36.67300", "2009-01-31": "36.66300", "2008-10-31": "36.92200", "2008-07-31": "38.93400", "2008-04-30": "38.92900", "2008-01-31": "39.14500", "2007-10-31": "38.89200", "2007-07-31": "39.37400", "2007-04-30": "39.42900", "2007-01-31": "39.23900", "2006-10-31": "38.71500", "2006-07-31": "38.56700", "2006-04-30": "39.02400", "2006-01-31": "38.32200", "2005-10-31": "36.79000", "2005-07-31": "36.36000", "2005-04-30": "36.49300", "2005-01-31": "36.03400"}, "Basic EPS": {"2020-10-31": "-3.82000", "2020-07-31": "-3.82000", "2020-04-30": "3.79000", "2020-01-31": "5.12000", "2019-10-31": "-2.64000", "2019-07-31": "-2.26000", "2019-04-30": "7.26000", "2019-01-31": "5.12000", "2018-10-31": "-2.66000", "2018-07-31": "-2.05000", "2018-04-30": "6.34000", "2018-01-31": "5.82000", "2017-10-31": "-0.71000", "2017-07-31": "-1.18000", "2017-04-30": "4.52000", "2017-01-31": "3.72000", "2016-10-31": "-1.70000", "2016-07-31": "-1.82000", "2016-04-30": "4.35000", "2016-01-31": "3.23000", "2015-10-31": "-1.63000", "2015-07-31": "-1.93000", "2015-04-30": "3.67000", "2015-01-31": "3.19000", "2014-10-31": "-1.77000", "2014-07-31": "-2.07000", "2014-04-30": "3.26000", "2014-01-31": "1.64000", "2013-10-31": "-2.04000", "2013-07-31": "-1.66000", "2013-04-30": "2.72000", "2013-01-31": "1.69000", "2012-10-31": "-1.70000", "2012-07-31": "-1.50000", "2012-04-30": "2.21000", "2012-01-31": "1.29000", "2011-10-31": "-1.54000", "2011-07-31": "-1.49000", "2011-04-30": "2.13000", "2011-01-31": "1.52000", "2010-10-31": "-1.20000", "2010-07-31": "-1.15000", "2010-04-30": "2.01000", "2010-01-31": "1.12000", "2009-10-31": "-1.14000", "2009-07-31": "-1.08000", "2009-04-30": "1.69000", "2009-01-31": "1.66000", "2008-10-31": "-0.93000", "2008-07-31": "-0.28000", "2008-04-30": "2.26000", "2008-01-31": "1.32000", "2007-10-31": "-0.63000", "2007-07-31": "-0.88000", "2007-04-30": "2.02000", "2007-01-31": "1.37000", "2006-10-31": "-0.93000", "2006-07-31": "-0.79000", "2006-04-30": "1.78000", "2006-01-31": "1.15000", "2005-10-31": "-0.93000", "2005-07-31": "-1.01000", "2005-04-30": "1.64000", "2005-01-31": "0.91000"}, "EPS - Earnings Per Share": {"2020-10-31": "-3.82000", "2020-07-31": "-3.72000", "2020-04-30": "3.74000", "2020-01-31": "5.04000", "2019-10-31": "-2.64000", "2019-07-31": "-2.16000", "2019-04-30": "7.12000", "2019-01-31": "5.02000", "2018-10-31": "-2.66000", "2018-07-31": "-2.00000", "2018-04-30": "6.17000", "2018-01-31": "5.67000", "2017-10-31": "-0.71000", "2017-07-31": "-1.11000", "2017-04-30": "4.40000", "2017-01-31": "3.63000", "2016-10-31": "-1.70000", "2016-07-31": "-1.73000", "2016-04-30": "4.23000", "2016-01-31": "3.14000", "2015-10-31": "-1.63000", "2015-07-31": "-1.82000", "2015-04-30": "3.56000", "2015-01-31": "3.10000", "2014-10-31": "-1.77000", "2014-07-31": "-1.97000", "2014-04-30": "3.18000", "2014-01-31": "1.60000", "2013-10-31": "-2.04000", "2013-07-31": "-1.58000", "2013-04-30": "2.66000", "2013-01-31": "1.65000", "2012-10-31": "-1.70000", "2012-07-31": "-1.45000", "2012-04-30": "2.17000", "2012-01-31": "1.27000", "2011-10-31": "-1.54000", "2011-07-31": "-1.42000", "2011-04-30": "2.08000", "2011-01-31": "1.48000", "2010-10-31": "-1.20000", "2010-07-31": "-1.12000", "2010-04-30": "1.98000", "2010-01-31": "1.11000", "2009-10-31": "-1.14000", "2009-07-31": "-1.07000", "2009-04-30": "1.68000", "2009-01-31": "1.65000", "2008-10-31": "-0.93000", "2008-07-31": "-0.28000", "2008-04-30": "2.24000", "2008-01-31": "1.31000", "2007-10-31": "-0.63000", "2007-07-31": "-0.85000", "2007-04-30": "1.99000", "2007-01-31": "1.35000", "2006-10-31": "-0.93000", "2006-07-31": "-0.75000", "2006-04-30": "1.75000", "2006-01-31": "1.12000", "2005-10-31": "-0.93000", "2005-07-31": "-0.97000", "2005-04-30": "1.61000", "2005-01-31": "0.89000"}}, "balance sheet": {"Cash On Hand": {"2020-07-31": "402.08600", "2019-07-31": "118.38900", "2018-07-31": "185.04000", "2017-07-31": "127.66200", "2016-07-31": "73.94300", "2015-07-31": "48.47100", "2014-07-31": "57.58700", "2013-07-31": "151.22800", "2012-07-31": "60.33700", "2011-07-31": "82.58100", "2010-07-31": "26.57900", "2009-07-31": "80.36300", "2008-07-31": "220.78200", "2007-07-31": "285.56800", "2006-07-31": "212.11600", "2005-07-31": "154.83300"}, "Receivables": {"2020-07-31": "106.66400", "2019-07-31": "270.89600", "2018-07-31": "230.82900", "2017-07-31": "186.91300", "2016-07-31": "147.11300", "2015-07-31": "113.99000", "2014-07-31": "95.97700", "2013-07-31": "79.03700", "2012-07-31": "65.74300", "2011-07-31": "58.52900", "2010-07-31": "53.62200", "2009-07-31": "58.06300", "2008-07-31": "50.18500", "2007-07-31": "43.55700", "2006-07-31": "35.94900", "2005-07-31": "33.13600"}, "Inventory": {"2020-07-31": "101.85600", "2019-07-31": "96.53900", "2018-07-31": "85.58800", "2017-07-31": "84.81400", "2016-07-31": "74.58900", "2015-07-31": "73.48500", "2014-07-31": "67.18300", "2013-07-31": "68.31800", "2012-07-31": "65.87300", "2011-07-31": "54.00700", "2010-07-31": "48.29500", "2009-07-31": "48.94700", "2008-07-31": "49.70800", "2007-07-31": "48.06400", "2006-07-31": "42.27800", "2005-07-31": "36.07800"}, "Pre-Paid Expenses": {"2020-07-31": "", "2019-07-31": "", "2018-07-31": "", "2017-07-31": "", "2016-07-31": "", "2015-07-31": "", "2014-07-31": "", "2013-07-31": "", "2012-07-31": "", "2011-07-31": "", "2010-07-31": "", "2009-07-31": "", "2008-07-31": "", "2007-07-31": "", "2006-07-31": "", "2005-07-31": ""}, "Other Current Assets": {"2020-07-31": "54.48200", "2019-07-31": "42.11600", "2018-07-31": "37.27900", "2017-07-31": "33.68100", "2016-07-31": "27.22000", "2015-07-31": "24.23500", "2014-07-31": "25.05000", "2013-07-31": "19.69600", "2012-07-31": "15.95900", "2011-07-31": "21.34000", "2010-07-31": "20.84300", "2009-07-31": "20.31800", "2008-07-31": "23.07800", "2007-07-31": "19.39200", "2006-07-31": "23.69300", "2005-07-31": "47.43200"}, "Total Current Assets": {"2020-07-31": "665.08800", "2019-07-31": "527.94000", "2018-07-31": "538.73600", "2017-07-31": "433.07000", "2016-07-31": "322.86500", "2015-07-31": "288.14300", "2014-07-31": "275.04600", "2013-07-31": "343.46900", "2012-07-31": "232.37000", "2011-07-31": "245.62400", "2010-07-31": "170.74500", "2009-07-31": "228.98800", "2008-07-31": "358.89500", "2007-07-31": "411.63700", "2006-07-31": "325.97400", "2005-07-31": "282.88400"}, "Property, Plant, And Equipment": {"2020-07-31": "2192.67900", "2019-07-31": "1842.50000", "2018-07-31": "1627.21900", "2017-07-31": "1714.15400", "2016-07-31": "1363.81400", "2015-07-31": "1386.27500", "2014-07-31": "1147.99000", "2013-07-31": "1169.28800", "2012-07-31": "1049.20700", "2011-07-31": "1021.73600", "2010-07-31": "1027.39000", "2009-07-31": "1057.65800", "2008-07-31": "1056.83700", "2007-07-31": "885.92600", "2006-07-31": "851.11200", "2005-07-31": "843.04700"}, "Long-Term Investments": {"2020-07-31": "96.84400", "2019-07-31": "101.02100", "2018-07-31": "99.38500", "2017-07-31": "103.40500", "2016-07-31": "111.08800", "2015-07-31": "129.82500", "2014-07-31": "157.85800", "2013-07-31": "195.23000", "2012-07-31": "237.66800", "2011-07-31": "273.66300", "2010-07-31": "422.16400", "2009-07-31": "311.48500", "2008-07-31": "249.30500", "2007-07-31": "357.58600", "2006-07-31": "259.38400", "2005-07-31": "154.87400"}, "Goodwill And Intangible Assets": {"2020-07-31": "2023.79600", "2019-07-31": "1914.37900", "2018-07-31": "1756.25800", "2017-07-31": "1814.67500", "2016-07-31": "649.04400", "2015-07-31": "644.58200", "2014-07-31": "495.67100", "2013-07-31": "503.04300", "2012-07-31": "361.83900", "2011-07-31": "359.15600", "2010-07-31": "270.35800", "2009-07-31": "247.37900", "2008-07-31": "214.81200", "2007-07-31": "215.20600", "2006-07-31": "210.92000", "2005-07-31": "212.48100"}, "Other Long-Term Assets": {"2020-07-31": "", "2019-07-31": "", "2018-07-31": "", "2017-07-31": "", "2016-07-31": "", "2015-07-31": "", "2014-07-31": "", "2013-07-31": "", "2012-07-31": "", "2011-07-31": "", "2010-07-31": "", "2009-07-31": "", "2008-07-31": "", "2007-07-31": "", "2006-07-31": "", "2005-07-31": ""}, "Total Long-Term Assets": {"2020-07-31": "4579.14400", "2019-07-31": "3898.13700", "2018-07-31": "3526.24800", "2017-07-31": "3677.64800", "2016-07-31": "2159.15300", "2015-07-31": "2199.14900", "2014-07-31": "1898.80300", "2013-07-31": "1964.82800", "2012-07-31": "1695.24400", "2011-07-31": "1700.61200", "2010-07-31": "1752.06400", "2009-07-31": "1655.49200", "2008-07-31": "1567.05900", "2007-07-31": "1497.48600", "2006-07-31": "1361.66900", "2005-07-31": "1243.03700"}, "Total Assets": {"2020-07-31": "5244.23200", "2019-07-31": "4426.07700", "2018-07-31": "4064.98400", "2017-07-31": "4110.71800", "2016-07-31": "2482.01800", "2015-07-31": "2487.29200", "2014-07-31": "2173.84900", "2013-07-31": "2308.29700", "2012-07-31": "1927.61400", "2011-07-31": "1946.23600", "2010-07-31": "1922.80900", "2009-07-31": "1884.48000", "2008-07-31": "1925.95400", "2007-07-31": "1909.12300", "2006-07-31": "1687.64300", "2005-07-31": "1525.92100"}, "Total Current Liabilities": {"2020-07-31": "603.46500", "2019-07-31": "719.13300", "2018-07-31": "593.62000", "2017-07-31": "604.55700", "2016-07-31": "506.48100", "2015-07-31": "398.64700", "2014-07-31": "324.20600", "2013-07-31": "313.33500", "2012-07-31": "249.24900", "2011-07-31": "243.18200", "2010-07-31": "289.92400", "2009-07-31": "251.34800", "2008-07-31": "367.01100", "2007-07-31": "319.59700", "2006-07-31": "254.19400", "2005-07-31": "224.35200"}, "Long Term Debt": {"2020-07-31": "2387.12200", "2019-07-31": "1527.74400", "2018-07-31": "1234.27700", "2017-07-31": "1234.02400", "2016-07-31": "686.90900", "2015-07-31": "804.34700", "2014-07-31": "625.60000", "2013-07-31": "795.92800", "2012-07-31": "489.77500", "2011-07-31": "490.69800", "2010-07-31": "524.84200", "2009-07-31": "491.60800", "2008-07-31": "541.35000", "2007-07-31": "593.73300", "2006-07-31": "525.31300", "2005-07-31": "519.70600"}, "Other Non-Current Liabilities": {"2020-07-31": "270.24500", "2019-07-31": "283.60100", "2018-07-31": "291.50600", "2017-07-31": "301.73600", "2016-07-31": "270.16800", "2015-07-31": "255.91600", "2014-07-31": "260.68100", "2013-07-31": "242.90600", "2012-07-31": "232.86900", "2011-07-31": "235.42900", "2010-07-31": "197.16000", "2009-07-31": "233.16900", "2008-07-31": "183.64300", "2007-07-31": "181.83000", "2006-07-31": "159.73500", "2005-07-31": "140.45500"}, "Total Long Term Liabilities": {"2020-07-31": "3109.10000", "2019-07-31": "1980.10400", "2018-07-31": "1659.70100", "2017-07-31": "1707.20200", "2016-07-31": "1087.07100", "2015-07-31": "1208.05900", "2014-07-31": "1014.84300", "2013-07-31": "1157.09300", "2012-07-31": "862.03700", "2011-07-31": "859.33500", "2010-07-31": "830.49800", "2009-07-31": "852.42600", "2008-07-31": "830.18700", "2007-07-31": "875.48700", "2006-07-31": "790.67200", "2005-07-31": "761.04000"}, "Total Liabilities": {"2020-07-31": "3712.56500", "2019-07-31": "2699.23700", "2018-07-31": "2253.32100", "2017-07-31": "2311.75900", "2016-07-31": "1593.55200", "2015-07-31": "1606.70600", "2014-07-31": "1339.04900", "2013-07-31": "1470.42800", "2012-07-31": "1111.28600", "2011-07-31": "1102.51700", "2010-07-31": "1120.42200", "2009-07-31": "1103.77400", "2008-07-31": "1197.19800", "2007-07-31": "1195.08400", "2006-07-31": "1044.86600", "2005-07-31": "985.39200"}, "Common Stock Net": {"2020-07-31": "0.46400", "2019-07-31": "0.46100", "2018-07-31": "0.46000", "2017-07-31": "0.45400", "2016-07-31": "0.41600", "2015-07-31": "0.41500", "2014-07-31": "0.41200", "2013-07-31": "0.40900", "2012-07-31": "0.40500", "2011-07-31": "0.40300", "2010-07-31": "0.40100", "2009-07-31": "0.40000", "2008-07-31": "0.39900", "2007-07-31": "0.39700", "2006-07-31": "0.39000", "2005-07-31": "0.36600"}, "Retained Earnings (Accumulated Deficit)": {"2020-07-31": "645.90200", "2019-07-31": "759.80100", "2018-07-31": "726.72200", "2017-07-31": "550.98500", "2016-07-31": "486.66700", "2015-07-31": "440.74800", "2014-07-31": "401.50000", "2013-07-31": "418.04300", "2012-07-31": "408.66200", "2011-07-31": "416.45800", "2010-07-31": "387.38000", "2009-07-31": "356.99500", "2008-07-31": "308.04500", "2007-07-31": "205.11800", "2006-07-31": "143.72100", "2005-07-31": "97.96500"}, "Comprehensive Income": {"2020-07-31": "-56.83700", "2019-07-31": "-31.73000", "2018-07-31": "-2.22700", "2017-07-31": "44.39500", "2016-07-31": "-1.55000", "2015-07-31": "-4.91300", "2014-07-31": "-0.19900", "2013-07-31": "-0.06700", "2012-07-31": "-0.25500", "2011-07-31": "", "2010-07-31": "", "2009-07-31": "", "2008-07-31": "", "2007-07-31": "", "2006-07-31": "", "2005-07-31": ""}, "Other Share Holders Equity": {"2020-07-31": "", "2019-07-31": "0.00100", "2018-07-31": "0.00100", "2017-07-31": "0.00100", "2016-07-31": "", "2015-07-31": "", "2014-07-31": "", "2013-07-31": "", "2012-07-31": "", "2011-07-31": "", "2010-07-31": "", "2009-07-31": "", "2008-07-31": "", "2007-07-31": "", "2006-07-31": "", "2005-07-31": ""}, "Share Holder Equity": {"2020-07-31": "1531.66700", "2019-07-31": "1726.84000", "2018-07-31": "1811.66300", "2017-07-31": "1798.95900", "2016-07-31": "888.46600", "2015-07-31": "880.58600", "2014-07-31": "834.80000", "2013-07-31": "837.86900", "2012-07-31": "816.32800", "2011-07-31": "843.71900", "2010-07-31": "802.38700", "2009-07-31": "780.70600", "2008-07-31": "728.75600", "2007-07-31": "714.03900", "2006-07-31": "642.77700", "2005-07-31": "540.52900"}, "Total Liabilities And Share Holders Equity": {"2020-07-31": "5244.23200", "2019-07-31": "4426.07700", "2018-07-31": "4064.98400", "2017-07-31": "4110.71800", "2016-07-31": "2482.01800", "2015-07-31": "2487.29200", "2014-07-31": "2173.84900", "2013-07-31": "2308.29700", "2012-07-31": "1927.61400", "2011-07-31": "1946.23600", "2010-07-31": "1922.80900", "2009-07-31": "1884.48000", "2008-07-31": "1925.95400", "2007-07-31": "1909.12300", "2006-07-31": "1687.64300", "2005-07-31": "1525.92100"}}, "balance sheet, quarterly": {"Cash On Hand": {"2020-10-31": "472.37500", "2020-07-31": "402.08600", "2020-04-30": "493.11500", "2020-01-31": "140.44800", "2019-10-31": "150.35300", "2019-07-31": "118.38900", "2019-04-30": "68.51200", "2019-01-31": "179.32300", "2018-10-31": "153.03600", "2018-07-31": "185.04000", "2018-04-30": "189.02400", "2018-01-31": "259.02600", "2017-10-31": "157.00600", "2017-07-31": "127.66200", "2017-04-30": "204.46600", "2017-01-31": "158.04100", "2016-10-31": "119.95400", "2016-07-31": "73.94300", "2016-04-30": "74.49900", "2016-01-31": "51.48600", "2015-10-31": "45.16800", "2015-07-31": "48.47100", "2015-04-30": "138.35300", "2015-01-31": "49.44200", "2014-10-31": "43.12200", "2014-07-31": "57.58700", "2014-04-30": "320.48800", "2014-01-31": "218.21800", "2013-10-31": "126.62800", "2013-07-31": "151.22800", "2013-04-30": "249.72600", "2013-01-31": "148.77300", "2012-10-31": "58.51100", "2012-07-31": "60.33700", "2012-04-30": "160.77600", "2012-01-31": "111.86300", "2011-10-31": "58.35300", "2011-07-31": "82.58100", "2011-04-30": "181.59800", "2011-01-31": "113.15100", "2010-10-31": "32.49000", "2010-07-31": "26.57900", "2010-04-30": "62.97300", "2010-01-31": "73.54000", "2009-10-31": "26.45500", "2009-07-31": "80.36300", "2009-04-30": "180.66600", "2009-01-31": "153.77500", "2008-10-31": "115.12100", "2008-07-31": "220.78200", "2008-04-30": "364.69500", "2008-01-31": "330.71900", "2007-10-31": "208.92000", "2007-07-31": "285.56800", "2007-04-30": "356.84700", "2007-01-31": "281.65800", "2006-10-31": "137.66500", "2006-07-31": "212.11600", "2006-04-30": "272.42300", "2006-01-31": "199.25600", "2005-10-31": "76.09200", "2005-07-31": "154.83300", "2005-04-30": "58.77700", "2005-01-31": "38.12400"}, "Receivables": {"2020-10-31": "208.54000", "2020-07-31": "106.66400", "2020-04-30": "100.22500", "2020-01-31": "105.32500", "2019-10-31": "87.30100", "2019-07-31": "270.89600", "2019-04-30": "273.10800", "2019-01-31": "87.72100", "2018-10-31": "74.24000", "2018-07-31": "230.82900", "2018-04-30": "220.24800", "2018-01-31": "85.42800", "2017-10-31": "84.57100", "2017-07-31": "186.91300", "2017-04-30": "174.43300", "2017-01-31": "80.75800", "2016-10-31": "59.44500", "2016-07-31": "147.11300", "2016-04-30": "145.48300", "2016-01-31": "87.05500", "2015-10-31": "52.38900", "2015-07-31": "113.99000", "2015-04-30": "105.61700", "2015-01-31": "68.45400", "2014-10-31": "36.13700", "2014-07-31": "95.97700", "2014-04-30": "79.81500", "2014-01-31": "57.67300", "2013-10-31": "37.55100", "2013-07-31": "79.03700", "2013-04-30": "73.73300", "2013-01-31": "53.48600", "2012-10-31": "29.72100", "2012-07-31": "65.74300", "2012-04-30": "65.13300", "2012-01-31": "48.43000", "2011-10-31": "29.62700", "2011-07-31": "58.52900", "2011-04-30": "46.41700", "2011-01-31": "55.12300", "2010-10-31": "35.12000", "2010-07-31": "53.62200", "2010-04-30": "35.03900", "2010-01-31": "45.36600", "2009-10-31": "32.82100", "2009-07-31": "58.06300", "2009-04-30": "47.72900", "2009-01-31": "50.49500", "2008-10-31": "44.46800", "2008-07-31": "50.18500", "2008-04-30": "39.05400", "2008-01-31": "44.75600", "2007-10-31": "24.95400", "2007-07-31": "43.55700", "2007-04-30": "35.25800", "2007-01-31": "43.72800", "2006-10-31": "27.53200", "2006-07-31": "35.94900", "2006-04-30": "35.61800", "2006-01-31": "39.71200", "2005-10-31": "25.45800", "2005-07-31": "33.13600", "2005-04-30": "33.49300", "2005-01-31": "51.91700"}, "Inventory": {"2020-10-31": "100.87900", "2020-07-31": "101.85600", "2020-04-30": "101.74800", "2020-01-31": "113.90700", "2019-10-31": "127.85900", "2019-07-31": "96.53900", "2019-04-30": "84.05900", "2019-01-31": "103.01000", "2018-10-31": "114.98400", "2018-07-31": "85.58800", "2018-04-30": "79.36100", "2018-01-31": "97.48000", "2017-10-31": "108.08100", "2017-07-31": "84.81400", "2017-04-30": "77.33200", "2017-01-31": "93.39600", "2016-10-31": "112.79200", "2016-07-31": "74.58900", "2016-04-30": "68.88200", "2016-01-31": "78.77000", "2015-10-31": "95.00100", "2015-07-31": "73.48500", "2015-04-30": "62.16700", "2015-01-31": "72.90500", "2014-10-31": "88.27900", "2014-07-31": "67.18300", "2014-04-30": "60.40900", "2014-01-31": "72.50300", "2013-10-31": "89.53100", "2013-07-31": "68.31800", "2013-04-30": "61.20100", "2013-01-31": "70.34100", "2012-10-31": "84.75200", "2012-07-31": "65.87300", "2012-04-30": "56.23700", "2012-01-31": "62.59400", "2011-10-31": "75.78900", "2011-07-31": "54.00700", "2011-04-30": "45.23700", "2011-01-31": "54.58600", "2010-10-31": "64.23000", "2010-07-31": "48.29500", "2010-04-30": "42.66900", "2010-01-31": "51.64100", "2009-10-31": "62.77900", "2009-07-31": "48.94700", "2009-04-30": "45.66700", "2009-01-31": "52.18900", "2008-10-31": "67.71800", "2008-07-31": "49.70800", "2008-04-30": "45.08400", "2008-01-31": "51.51300", "2007-10-31": "63.70100", "2007-07-31": "48.06400", "2007-04-30": "42.62700", "2007-01-31": "49.82500", "2006-10-31": "56.62300", "2006-07-31": "42.27800", "2006-04-30": "36.83000", "2006-01-31": "43.97700", "2005-10-31": "50.57100", "2005-07-31": "36.07800", "2005-04-30": "31.09800", "2005-01-31": "37.36400"}, "Pre-Paid Expenses": {"2020-10-31": "", "2020-07-31": "", "2020-04-30": "", "2020-01-31": "", "2019-10-31": "", "2019-07-31": "", "2019-04-30": "", "2019-01-31": "", "2018-10-31": "", "2018-07-31": "", "2018-04-30": "", "2018-01-31": "", "2017-10-31": "", "2017-07-31": "", "2017-04-30": "", "2017-01-31": "", "2016-10-31": "", "2016-07-31": "", "2016-04-30": "", "2016-01-31": "", "2015-10-31": "", "2015-07-31": "", "2015-04-30": "", "2015-01-31": "", "2014-10-31": "", "2014-07-31": "", "2014-04-30": "", "2014-01-31": "", "2013-10-31": "", "2013-07-31": "", "2013-04-30": "", "2013-01-31": "", "2012-10-31": "", "2012-07-31": "", "2012-04-30": "", "2012-01-31": "", "2011-10-31": "", "2011-07-31": "", "2011-04-30": "", "2011-01-31": "", "2010-10-31": "", "2010-07-31": "", "2010-04-30": "", "2010-01-31": "", "2009-10-31": "", "2009-07-31": "", "2009-04-30": "", "2009-01-31": "", "2008-10-31": "", "2008-07-31": "", "2008-04-30": "", "2008-01-31": "", "2007-10-31": "", "2007-07-31": "", "2007-04-30": "", "2007-01-31": "", "2006-10-31": "", "2006-07-31": "", "2006-04-30": "", "2006-01-31": "", "2005-10-31": "", "2005-07-31": "", "2005-04-30": "", "2005-01-31": ""}, "Other Current Assets": {"2020-10-31": "59.82100", "2020-07-31": "54.48200", "2020-04-30": "55.79000", "2020-01-31": "54.12200", "2019-10-31": "62.82100", "2019-07-31": "42.11600", "2019-04-30": "41.17700", "2019-01-31": "45.21200", "2018-10-31": "50.75200", "2018-07-31": "37.27900", "2018-04-30": "31.02700", "2018-01-31": "39.07500", "2017-10-31": "46.04500", "2017-07-31": "33.68100", "2017-04-30": "42.48800", "2017-01-31": "41.51900", "2016-10-31": "40.17200", "2016-07-31": "27.22000", "2016-04-30": "57.45500", "2016-01-31": "60.96500", "2015-10-31": "61.76200", "2015-07-31": "24.23500", "2015-04-30": "64.05400", "2015-01-31": "67.00100", "2014-10-31": "64.45200", "2014-07-31": "25.05000", "2014-04-30": "58.69600", "2014-01-31": "54.50100", "2013-10-31": "57.33400", "2013-07-31": "19.69600", "2013-04-30": "50.47800", "2013-01-31": "49.63300", "2012-10-31": "49.11500", "2012-07-31": "15.95900", "2012-04-30": "55.67100", "2012-01-31": "56.99800", "2011-10-31": "57.82200", "2011-07-31": "21.34000", "2011-04-30": "49.98900", "2011-01-31": "47.19900", "2010-10-31": "45.78200", "2010-07-31": "20.84300", "2010-04-30": "46.03700", "2010-01-31": "51.68400", "2009-10-31": "48.82200", "2009-07-31": "20.31800", "2009-04-30": "34.76100", "2009-01-31": "39.11200", "2008-10-31": "41.98800", "2008-07-31": "23.07800", "2008-04-30": "41.84600", "2008-01-31": "52.60300", "2007-10-31": "46.61500", "2007-07-31": "19.39200", "2007-04-30": "32.83300", "2007-01-31": "38.91800", "2006-10-31": "39.08200", "2006-07-31": "23.69300", "2006-04-30": "34.74400", "2006-01-31": "43.90900", "2005-10-31": "69.11500", "2005-07-31": "47.43200", "2005-04-30": "27.98500", "2005-01-31": "34.81600"}, "Total Current Assets": {"2020-10-31": "841.61500", "2020-07-31": "665.08800", "2020-04-30": "750.87800", "2020-01-31": "413.80200", "2019-10-31": "428.33400", "2019-07-31": "527.94000", "2019-04-30": "466.85600", "2019-01-31": "415.26600", "2018-10-31": "393.01200", "2018-07-31": "538.73600", "2018-04-30": "519.66000", "2018-01-31": "481.00900", "2017-10-31": "395.70300", "2017-07-31": "433.07000", "2017-04-30": "498.71900", "2017-01-31": "373.71400", "2016-10-31": "332.36300", "2016-07-31": "322.86500", "2016-04-30": "346.31900", "2016-01-31": "278.27600", "2015-10-31": "254.32000", "2015-07-31": "288.14300", "2015-04-30": "370.19100", "2015-01-31": "257.80200", "2014-10-31": "231.99000", "2014-07-31": "275.04600", "2014-04-30": "519.40800", "2014-01-31": "402.89500", "2013-10-31": "311.04400", "2013-07-31": "343.46900", "2013-04-30": "435.13800", "2013-01-31": "322.23300", "2012-10-31": "222.09900", "2012-07-31": "232.37000", "2012-04-30": "337.81700", "2012-01-31": "279.88500", "2011-10-31": "221.59100", "2011-07-31": "245.62400", "2011-04-30": "323.24100", "2011-01-31": "270.05900", "2010-10-31": "177.62200", "2010-07-31": "170.74500", "2010-04-30": "186.71800", "2010-01-31": "222.23100", "2009-10-31": "170.87700", "2009-07-31": "228.98800", "2009-04-30": "308.82300", "2009-01-31": "295.57100", "2008-10-31": "269.29500", "2008-07-31": "358.89500", "2008-04-30": "490.67900", "2008-01-31": "479.59100", "2007-10-31": "344.19000", "2007-07-31": "411.63700", "2007-04-30": "467.56500", "2007-01-31": "414.12900", "2006-10-31": "260.90200", "2006-07-31": "325.97400", "2006-04-30": "379.61500", "2006-01-31": "326.85400", "2005-10-31": "221.23600", "2005-07-31": "282.88400", "2005-04-30": "151.35300", "2005-01-31": "162.22100"}, "Property, Plant, And Equipment": {"2020-10-31": "2166.60400", "2020-07-31": "2192.67900", "2020-04-30": "2201.80300", "2020-01-31": "2263.78100", "2019-10-31": "2280.08900", "2019-07-31": "1842.50000", "2019-04-30": "1847.43400", "2019-01-31": "1831.08700", "2018-10-31": "1825.98200", "2018-07-31": "1627.21900", "2018-04-30": "1640.72700", "2018-01-31": "1702.21300", "2017-10-31": "1694.69200", "2017-07-31": "1714.15400", "2017-04-30": "1647.00400", "2017-01-31": "1694.74600", "2016-10-31": "1699.08700", "2016-07-31": "1363.81400", "2016-04-30": "1370.37400", "2016-01-31": "1391.88900", "2015-10-31": "1388.56500", "2015-07-31": "1386.27500", "2015-04-30": "1259.09300", "2015-01-31": "1284.21500", "2014-10-31": "1295.53000", "2014-07-31": "1147.99000", "2014-04-30": "1164.38700", "2014-01-31": "1187.78900", "2013-10-31": "1185.51300", "2013-07-31": "1169.28800", "2013-04-30": "1039.90700", "2013-01-31": "1057.39900", "2012-10-31": "1056.64300", "2012-07-31": "1049.20700", "2012-04-30": "1056.24300", "2012-01-31": "1057.93000", "2011-10-31": "1050.02600", "2011-07-31": "1021.73600", "2011-04-30": "1027.30400", "2011-01-31": "1044.49800", "2010-10-31": "1046.54400", "2010-07-31": "1027.39000", "2010-04-30": "1024.97700", "2010-01-31": "1039.55500", "2009-10-31": "1051.93300", "2009-07-31": "1057.65800", "2009-04-30": "1066.16500", "2009-01-31": "1084.03100", "2008-10-31": "1077.76000", "2008-07-31": "1056.83700", "2008-04-30": "979.51100", "2008-01-31": "983.85800", "2007-10-31": "917.34400", "2007-07-31": "885.92600", "2007-04-30": "868.72300", "2007-01-31": "868.18500", "2006-10-31": "856.50200", "2006-07-31": "851.11200", "2006-04-30": "848.98400", "2006-01-31": "858.20000", "2005-10-31": "857.96000", "2005-07-31": "843.04700", "2005-04-30": "978.46400", "2005-01-31": "991.68700"}, "Long-Term Investments": {"2020-10-31": "96.66800", "2020-07-31": "96.84400", "2020-04-30": "96.56500", "2020-01-31": "96.94400", "2019-10-31": "96.93800", "2019-07-31": "101.02100", "2019-04-30": "101.25100", "2019-01-31": "101.73000", "2018-10-31": "101.74300", "2018-07-31": "99.38500", "2018-04-30": "99.62300", "2018-01-31": "103.21200", "2017-10-31": "102.69700", "2017-07-31": "103.40500", "2017-04-30": "108.21700", "2017-01-31": "112.63300", "2016-10-31": "116.85200", "2016-07-31": "111.08800", "2016-04-30": "116.87400", "2016-01-31": "117.99900", "2015-10-31": "120.76900", "2015-07-31": "129.82500", "2015-04-30": "137.74000", "2015-01-31": "151.10300", "2014-10-31": "157.18200", "2014-07-31": "157.85800", "2014-04-30": "170.81800", "2014-01-31": "184.10100", "2013-10-31": "188.20500", "2013-07-31": "195.23000", "2013-04-30": "201.86100", "2013-01-31": "216.81500", "2012-10-31": "227.66200", "2012-07-31": "237.66800", "2012-04-30": "248.26200", "2012-01-31": "257.16900", "2011-10-31": "263.13000", "2011-07-31": "273.66300", "2011-04-30": "282.16200", "2011-01-31": "281.69900", "2010-10-31": "296.98100", "2010-07-31": "422.16400", "2010-04-30": "445.88500", "2010-01-31": "414.50100", "2009-10-31": "366.74800", "2009-07-31": "311.48500", "2009-04-30": "276.95200", "2009-01-31": "247.32900", "2008-10-31": "256.32300", "2008-07-31": "249.30500", "2008-04-30": "394.00800", "2008-01-31": "381.37900", "2007-10-31": "415.41100", "2007-07-31": "357.58600", "2007-04-30": "305.08500", "2007-01-31": "293.21900", "2006-10-31": "301.78100", "2006-07-31": "259.38400", "2006-04-30": "240.61500", "2006-01-31": "221.04800", "2005-10-31": "194.69700", "2005-07-31": "154.87400", "2005-04-30": "140.00900", "2005-01-31": "135.29700"}, "Goodwill And Intangible Assets": {"2020-10-31": "2025.31500", "2020-07-31": "2023.79600", "2020-04-30": "1983.29100", "2020-01-31": "2071.40200", "2019-10-31": "2081.64100", "2019-07-31": "1914.37900", "2019-04-30": "1903.35600", "2019-01-31": "1852.96900", "2018-10-31": "1851.20900", "2018-07-31": "1756.25800", "2018-04-30": "1772.46500", "2018-01-31": "1827.12900", "2017-10-31": "1771.42800", "2017-07-31": "1814.67500", "2017-04-30": "1710.52400", "2017-01-31": "1758.96400", "2016-10-31": "1741.30300", "2016-07-31": "649.04400", "2016-04-30": "650.30500", "2016-01-31": "648.89900", "2015-10-31": "642.29400", "2015-07-31": "644.58200", "2015-04-30": "611.41300", "2015-01-31": "612.11800", "2014-10-31": "613.99000", "2014-07-31": "495.67100", "2014-04-30": "496.72700", "2014-01-31": "498.62100", "2013-10-31": "499.98900", "2013-07-31": "503.04300", "2013-04-30": "363.89400", "2013-01-31": "364.35200", "2012-10-31": "361.47800", "2012-07-31": "361.83900", "2012-04-30": "363.39300", "2012-01-31": "358.25400", "2011-10-31": "359.41800", "2011-07-31": "359.15600", "2011-04-30": "358.85400", "2011-01-31": "361.37400", "2010-10-31": "361.16500", "2010-07-31": "270.35800", "2010-04-30": "254.77800", "2010-01-31": "247.11700", "2009-10-31": "247.30300", "2009-07-31": "247.37900", "2009-04-30": "247.55700", "2009-01-31": "247.73500", "2008-10-31": "214.74500", "2008-07-31": "214.81200", "2008-04-30": "214.60800", "2008-01-31": "214.66900", "2007-10-31": "214.94200", "2007-07-31": "215.20600", "2007-04-30": "209.13800", "2007-01-31": "209.52600", "2006-10-31": "210.06300", "2006-07-31": "210.92000", "2006-04-30": "212.39800", "2006-01-31": "213.35200", "2005-10-31": "213.14900", "2005-07-31": "212.48100", "2005-04-30": "226.41500", "2005-01-31": "228.71000"}, "Other Long-Term Assets": {"2020-10-31": "41.42000", "2020-07-31": "40.08100", "2020-04-30": "39.79700", "2020-01-31": "40.35600", "2019-10-31": "41.03600", "2019-07-31": "", "2019-04-30": "42.83700", "2019-01-31": "43.87000", "2018-10-31": "43.97600", "2018-07-31": "", "2018-04-30": "42.96000", "2018-01-31": "43.24300", "2017-10-31": "44.09600", "2017-07-31": "", "2017-04-30": "44.40300", "2017-01-31": "42.41000", "2016-10-31": "34.51400", "2016-07-31": "", "2016-04-30": "35.30300", "2016-01-31": "35.89600", "2015-10-31": "37.12900", "2015-07-31": "", "2015-04-30": "41.06800", "2015-01-31": "40.91400", "2014-10-31": "42.17600", "2014-07-31": "", "2014-04-30": "97.10400", "2014-01-31": "101.44300", "2013-10-31": "97.99800", "2013-07-31": "", "2013-04-30": "38.86900", "2013-01-31": "42.95000", "2012-10-31": "45.55300", "2012-07-31": "", "2012-04-30": "44.02400", "2012-01-31": "45.99700", "2011-10-31": "46.18300", "2011-07-31": "", "2011-04-30": "47.37700", "2011-01-31": "44.16300", "2010-10-31": "36.47800", "2010-07-31": "", "2010-04-30": "32.48100", "2010-01-31": "32.66100", "2009-10-31": "33.26900", "2009-07-31": "", "2009-04-30": "41.15400", "2009-01-31": "42.93100", "2008-10-31": "47.06200", "2008-07-31": "", "2008-04-30": "42.62000", "2008-01-31": "42.31800", "2007-10-31": "43.03400", "2007-07-31": "", "2007-04-30": "44.60700", "2007-01-31": "47.55700", "2006-10-31": "45.73700", "2006-07-31": "", "2006-04-30": "31.12300", "2006-01-31": "33.22600", "2005-10-31": "32.76200", "2005-07-31": "", "2005-04-30": "34.04400", "2005-01-31": "33.89400"}, "Total Long-Term Assets": {"2020-10-31": "4548.90900", "2020-07-31": "4579.14400", "2020-04-30": "4538.77400", "2020-01-31": "4699.87700", "2019-10-31": "4729.41300", "2019-07-31": "3898.13700", "2019-04-30": "3894.87800", "2019-01-31": "3829.65600", "2018-10-31": "3822.91000", "2018-07-31": "3526.24800", "2018-04-30": "3555.77500", "2018-01-31": "3675.79700", "2017-10-31": "3612.91300", "2017-07-31": "3677.64800", "2017-04-30": "3510.14800", "2017-01-31": "3608.75300", "2016-10-31": "3591.75600", "2016-07-31": "2159.15300", "2016-04-30": "2172.85600", "2016-01-31": "2194.68300", "2015-10-31": "2188.75700", "2015-07-31": "2199.14900", "2015-04-30": "2049.31400", "2015-01-31": "2088.35000", "2014-10-31": "2108.87800", "2014-07-31": "1898.80300", "2014-04-30": "1929.03600", "2014-01-31": "1971.95400", "2013-10-31": "1971.70500", "2013-07-31": "1964.82800", "2013-04-30": "1644.53100", "2013-01-31": "1681.51600", "2012-10-31": "1691.33600", "2012-07-31": "1695.24400", "2012-04-30": "1711.92200", "2012-01-31": "1719.35000", "2011-10-31": "1718.75700", "2011-07-31": "1700.61200", "2011-04-30": "1715.69700", "2011-01-31": "1731.73400", "2010-10-31": "1741.16800", "2010-07-31": "1752.06400", "2010-04-30": "1758.12100", "2010-01-31": "1733.83400", "2009-10-31": "1699.25300", "2009-07-31": "1655.49200", "2009-04-30": "1631.82800", "2009-01-31": "1622.02600", "2008-10-31": "1595.89000", "2008-07-31": "1567.05900", "2008-04-30": "1630.74700", "2008-01-31": "1622.22400", "2007-10-31": "1590.73100", "2007-07-31": "1497.48600", "2007-04-30": "1427.55300", "2007-01-31": "1418.48700", "2006-10-31": "1414.08300", "2006-07-31": "1361.66900", "2006-04-30": "1333.12000", "2006-01-31": "1325.82600", "2005-10-31": "1298.56800", "2005-07-31": "1243.03700", "2005-04-30": "1378.93200", "2005-01-31": "1389.58800"}, "Total Assets": {"2020-10-31": "5390.52400", "2020-07-31": "5244.23200", "2020-04-30": "5289.65200", "2020-01-31": "5113.67900", "2019-10-31": "5157.74700", "2019-07-31": "4426.07700", "2019-04-30": "4361.73400", "2019-01-31": "4244.92200", "2018-10-31": "4215.92200", "2018-07-31": "4064.98400", "2018-04-30": "4075.43500", "2018-01-31": "4156.80600", "2017-10-31": "4008.61600", "2017-07-31": "4110.71800", "2017-04-30": "4008.86700", "2017-01-31": "3982.46700", "2016-10-31": "3924.11900", "2016-07-31": "2482.01800", "2016-04-30": "2519.17500", "2016-01-31": "2472.95900", "2015-10-31": "2443.07700", "2015-07-31": "2487.29200", "2015-04-30": "2419.50500", "2015-01-31": "2346.15200", "2014-10-31": "2340.86800", "2014-07-31": "2173.84900", "2014-04-30": "2448.44400", "2014-01-31": "2374.84900", "2013-10-31": "2282.74900", "2013-07-31": "2308.29700", "2013-04-30": "2079.66900", "2013-01-31": "2003.74900", "2012-10-31": "1913.43500", "2012-07-31": "1927.61400", "2012-04-30": "2049.73900", "2012-01-31": "1999.23500", "2011-10-31": "1940.34800", "2011-07-31": "1946.23600", "2011-04-30": "2038.93800", "2011-01-31": "2001.79300", "2010-10-31": "1918.79000", "2010-07-31": "1922.80900", "2010-04-30": "1944.83900", "2010-01-31": "1956.06500", "2009-10-31": "1870.13000", "2009-07-31": "1884.48000", "2009-04-30": "1940.65100", "2009-01-31": "1917.59700", "2008-10-31": "1865.18500", "2008-07-31": "1925.95400", "2008-04-30": "2121.42600", "2008-01-31": "2101.81500", "2007-10-31": "1934.92100", "2007-07-31": "1909.12300", "2007-04-30": "1895.11800", "2007-01-31": "1832.61600", "2006-10-31": "1674.98500", "2006-07-31": "1687.64300", "2006-04-30": "1712.73500", "2006-01-31": "1652.68000", "2005-10-31": "1519.80400", "2005-07-31": "1525.92100", "2005-04-30": "1530.28500", "2005-01-31": "1551.80900"}, "Total Current Liabilities": {"2020-10-31": "950.23000", "2020-07-31": "603.46500", "2020-04-30": "555.39400", "2020-01-31": "918.37800", "2019-10-31": "971.50000", "2019-07-31": "719.13300", "2019-04-30": "614.85400", "2019-01-31": "761.77300", "2018-10-31": "790.41800", "2018-07-31": "593.62000", "2018-04-30": "497.81400", "2018-01-31": "659.49300", "2017-10-31": "709.59600", "2017-07-31": "604.55700", "2017-04-30": "490.37300", "2017-01-31": "630.77000", "2016-10-31": "655.03600", "2016-07-31": "506.48100", "2016-04-30": "371.49700", "2016-01-31": "495.38800", "2015-10-31": "506.46800", "2015-07-31": "398.64700", "2015-04-30": "586.17000", "2015-01-31": "470.32900", "2014-10-31": "422.89600", "2014-07-31": "324.20600", "2014-04-30": "304.69900", "2014-01-31": "409.71600", "2013-10-31": "410.50000", "2013-07-31": "313.33500", "2013-04-30": "260.04300", "2013-01-31": "333.28900", "2012-10-31": "336.13200", "2012-07-31": "249.24900", "2012-04-30": "244.17100", "2012-01-31": "322.10000", "2011-10-31": "337.22300", "2011-07-31": "243.18200", "2011-04-30": "226.72100", "2011-01-31": "337.30200", "2010-10-31": "338.17600", "2010-07-31": "289.92400", "2010-04-30": "249.45600", "2010-01-31": "351.60800", "2009-10-31": "337.85900", "2009-07-31": "251.34800", "2009-04-30": "253.43300", "2009-01-31": "335.73700", "2008-10-31": "377.65400", "2008-07-31": "367.01100", "2008-04-30": "414.98300", "2008-01-31": "544.39200", "2007-10-31": "472.00400", "2007-07-31": "319.59700", "2007-04-30": "250.12100", "2007-01-31": "315.23300", "2006-10-31": "283.90600", "2006-07-31": "254.19400", "2006-04-30": "212.21500", "2006-01-31": "307.08900", "2005-10-31": "265.12000", "2005-07-31": "224.35200", "2005-04-30": "190.52700", "2005-01-31": "291.37500"}, "Long Term Debt": {"2020-10-31": "2387.86100", "2020-07-31": "2387.12200", "2020-04-30": "2365.37200", "2020-01-31": "1817.05800", "2019-10-31": "2005.05700", "2019-07-31": "1527.74400", "2019-04-30": "1310.87000", "2019-01-31": "1345.26200", "2018-10-31": "1486.96800", "2018-07-31": "1234.27700", "2018-04-30": "1078.00500", "2018-01-31": "1182.34900", "2017-10-31": "1262.32500", "2017-07-31": "1234.02400", "2017-04-30": "1168.21000", "2017-01-31": "1216.72100", "2016-10-31": "1371.77900", "2016-07-31": "686.90900", "2016-04-30": "613.70400", "2016-01-31": "680.00200", "2015-10-31": "814.79700", "2015-07-31": "804.34700", "2015-04-30": "379.79600", "2015-01-31": "634.73900", "2014-10-31": "819.23800", "2014-07-31": "625.60000", "2014-04-30": "799.22300", "2014-01-31": "798.31900", "2013-10-31": "797.06200", "2013-07-31": "795.92800", "2013-04-30": "489.24000", "2013-01-31": "489.49700", "2012-10-31": "489.52500", "2012-07-31": "489.77500", "2012-04-30": "489.75700", "2012-01-31": "490.30200", "2011-10-31": "490.37700", "2011-07-31": "490.69800", "2011-04-30": "490.47900", "2011-01-31": "495.04900", "2010-10-31": "513.00700", "2010-07-31": "524.84200", "2010-04-30": "489.82200", "2010-01-31": "489.86500", "2009-10-31": "489.91900", "2009-07-31": "491.60800", "2009-04-30": "491.66800", "2009-01-31": "491.77700", "2008-10-31": "491.77800", "2008-07-31": "541.35000", "2008-04-30": "575.27500", "2008-01-31": "554.41100", "2007-10-31": "534.52700", "2007-07-31": "593.73300", "2007-04-30": "575.16200", "2007-01-31": "551.86600", "2006-10-31": "542.99000", "2006-07-31": "525.31300", "2006-04-30": "516.87100", "2006-01-31": "517.63800", "2005-10-31": "524.17400", "2005-07-31": "519.70600", "2005-04-30": "520.34900", "2005-01-31": "546.42100"}, "Other Non-Current Liabilities": {"2020-10-31": "253.10800", "2020-07-31": "270.24500", "2020-04-30": "251.46400", "2020-01-31": "245.37500", "2019-10-31": "238.96400", "2019-07-31": "283.60100", "2019-04-30": "268.35000", "2019-01-31": "274.99800", "2018-10-31": "273.56600", "2018-07-31": "291.50600", "2018-04-30": "279.79700", "2018-01-31": "289.79300", "2017-10-31": "290.42000", "2017-07-31": "301.73600", "2017-04-30": "280.20300", "2017-01-31": "271.93500", "2016-10-31": "272.30900", "2016-07-31": "270.16800", "2016-04-30": "249.29800", "2016-01-31": "252.60600", "2015-10-31": "254.25100", "2015-07-31": "255.91600", "2015-04-30": "235.93200", "2015-01-31": "229.31300", "2014-10-31": "255.18600", "2014-07-31": "260.68100", "2014-04-30": "239.93400", "2014-01-31": "240.22600", "2013-10-31": "240.72500", "2013-07-31": "242.90600", "2013-04-30": "226.14500", "2013-01-31": "230.15700", "2012-10-31": "231.80000", "2012-07-31": "232.86900", "2012-04-30": "233.92300", "2012-01-31": "235.62900", "2011-10-31": "236.27500", "2011-07-31": "235.42900", "2011-04-30": "237.50400", "2011-01-31": "238.77600", "2010-10-31": "239.06800", "2010-07-31": "197.16000", "2010-04-30": "196.69300", "2010-01-31": "197.75900", "2009-10-31": "199.28800", "2009-07-31": "233.16900", "2009-04-30": "221.46200", "2009-01-31": "221.81400", "2008-10-31": "223.38100", "2008-07-31": "183.64300", "2008-04-30": "172.38000", "2008-01-31": "167.02000", "2007-10-31": "168.13100", "2007-07-31": "181.83000", "2007-04-30": "166.38200", "2007-01-31": "187.09400", "2006-10-31": "166.99100", "2006-07-31": "159.73500", "2006-04-30": "149.99400", "2006-01-31": "132.93300", "2005-10-31": "134.16600", "2005-07-31": "140.45500", "2005-04-30": "102.46700", "2005-01-31": "102.38100"}, "Total Long Term Liabilities": {"2020-10-31": "3064.56700", "2020-07-31": "3109.10000", "2020-04-30": "3103.99800", "2020-01-31": "2545.10300", "2019-10-31": "2663.81100", "2019-07-31": "1980.10400", "2019-04-30": "1853.52600", "2019-01-31": "1800.05400", "2018-10-31": "1875.70300", "2018-07-31": "1659.70100", "2018-04-30": "1573.49800", "2018-01-31": "1616.53500", "2017-10-31": "1689.60800", "2017-07-31": "1707.20200", "2017-04-30": "1730.22600", "2017-01-31": "1671.12800", "2016-10-31": "1742.28000", "2016-07-31": "1087.07100", "2016-04-30": "1168.13600", "2016-01-31": "1123.04900", "2015-10-31": "1179.96000", "2015-07-31": "1208.05900", "2015-04-30": "855.86100", "2015-01-31": "1012.36100", "2014-10-31": "1159.28600", "2014-07-31": "1014.84300", "2014-04-30": "1222.63000", "2014-01-31": "1151.07600", "2013-10-31": "1113.69700", "2013-07-31": "1157.09300", "2013-04-30": "916.89600", "2013-01-31": "860.35800", "2012-10-31": "824.87400", "2012-07-31": "862.03700", "2012-04-30": "908.84000", "2012-01-31": "855.89310", "2011-10-31": "825.77000", "2011-07-31": "859.33500", "2011-04-30": "912.35600", "2011-01-31": "843.78800", "2010-10-31": "818.27900", "2010-07-31": "830.49800", "2010-04-30": "838.60400", "2010-01-31": "822.75000", "2009-10-31": "794.04700", "2009-07-31": "852.42600", "2009-04-30": "860.11600", "2009-01-31": "832.51500", "2008-10-31": "804.16900", "2008-07-31": "830.18700", "2008-04-30": "910.27500", "2008-01-31": "836.53900", "2007-10-31": "781.54500", "2007-07-31": "875.48700", "2007-04-30": "901.80800", "2007-01-31": "858.96200", "2006-10-31": "786.77500", "2006-07-31": "790.67200", "2006-04-30": "820.93500", "2006-01-31": "758.95290", "2005-10-31": "734.74010", "2005-07-31": "761.04000", "2005-04-30": "778.59600", "2005-01-31": "764.81600"}, "Total Liabilities": {"2020-10-31": "4014.79700", "2020-07-31": "3712.56500", "2020-04-30": "3659.39200", "2020-01-31": "3463.48100", "2019-10-31": "3635.31100", "2019-07-31": "2699.23700", "2019-04-30": "2468.38000", "2019-01-31": "2561.82700", "2018-10-31": "2666.12100", "2018-07-31": "2253.32100", "2018-04-30": "2071.31200", "2018-01-31": "2276.02800", "2017-10-31": "2399.20400", "2017-07-31": "2311.75900", "2017-04-30": "2220.59900", "2017-01-31": "2301.89800", "2016-10-31": "2397.31600", "2016-07-31": "1593.55200", "2016-04-30": "1539.63300", "2016-01-31": "1618.43700", "2015-10-31": "1686.42800", "2015-07-31": "1606.70600", "2015-04-30": "1442.03100", "2015-01-31": "1482.69000", "2014-10-31": "1582.18200", "2014-07-31": "1339.04900", "2014-04-30": "1527.32900", "2014-01-31": "1560.79200", "2013-10-31": "1524.19700", "2013-07-31": "1470.42800", "2013-04-30": "1176.93900", "2013-01-31": "1193.64700", "2012-10-31": "1161.00600", "2012-07-31": "1111.28600", "2012-04-30": "1153.01100", "2012-01-31": "1177.99300", "2011-10-31": "1162.99300", "2011-07-31": "1102.51700", "2011-04-30": "1139.07700", "2011-01-31": "1181.09000", "2010-10-31": "1156.45500", "2010-07-31": "1120.42200", "2010-04-30": "1088.06000", "2010-01-31": "1174.35800", "2009-10-31": "1131.90600", "2009-07-31": "1103.77400", "2009-04-30": "1113.54900", "2009-01-31": "1168.25200", "2008-10-31": "1181.82300", "2008-07-31": "1197.19800", "2008-04-30": "1325.25800", "2008-01-31": "1380.93100", "2007-10-31": "1253.54900", "2007-07-31": "1195.08400", "2007-04-30": "1151.92900", "2007-01-31": "1174.19500", "2006-10-31": "1070.68100", "2006-07-31": "1044.86600", "2006-04-30": "1033.15000", "2006-01-31": "1066.04200", "2005-10-31": "999.86000", "2005-07-31": "985.39200", "2005-04-30": "969.12300", "2005-01-31": "1056.19100"}, "Common Stock Net": {"2020-10-31": "0.46400", "2020-07-31": "0.46400", "2020-04-30": "0.46200", "2020-01-31": "0.46200", "2019-10-31": "0.46200", "2019-07-31": "0.46100", "2019-04-30": "0.46100", "2019-01-31": "0.46100", "2018-10-31": "0.46100", "2018-07-31": "0.46000", "2018-04-30": "0.45800", "2018-01-31": "0.45800", "2017-10-31": "0.45800", "2017-07-31": "0.45400", "2017-04-30": "0.45400", "2017-01-31": "0.45400", "2016-10-31": "0.45100", "2016-07-31": "0.41600", "2016-04-30": "0.41600", "2016-01-31": "0.41600", "2015-10-31": "0.41600", "2015-07-31": "0.41500", "2015-04-30": "0.41300", "2015-01-31": "0.41300", "2014-10-31": "0.41300", "2014-07-31": "0.41200", "2014-04-30": "0.41100", "2014-01-31": "0.41100", "2013-10-31": "0.41100", "2013-07-31": "0.40900", "2013-04-30": "0.40900", "2013-01-31": "0.40900", "2012-10-31": "0.40800", "2012-07-31": "0.40500", "2012-04-30": "0.40500", "2012-01-31": "0.40500", "2011-10-31": "0.40500", "2011-07-31": "0.40300", "2011-04-30": "0.40300", "2011-01-31": "0.40300", "2010-10-31": "0.40200", "2010-07-31": "0.40100", "2010-04-30": "0.40200", "2010-01-31": "0.40100", "2009-10-31": "0.40100", "2009-07-31": "0.40000", "2009-04-30": "0.40000", "2009-01-31": "0.40000", "2008-10-31": "0.40000", "2008-07-31": "0.39900", "2008-04-30": "0.39900", "2008-01-31": "0.39900", "2007-10-31": "0.39900", "2007-07-31": "0.39700", "2007-04-30": "0.39600", "2007-01-31": "0.39500", "2006-10-31": "0.39200", "2006-07-31": "0.39000", "2006-04-30": "0.38900", "2006-01-31": "0.38000", "2005-10-31": "0.37200", "2005-07-31": "0.36600", "2005-04-30": "0.35900", "2005-01-31": "0.35500"}, "Retained Earnings (Accumulated Deficit)": {"2020-10-31": "492.13600", "2020-07-31": "645.90200", "2020-04-30": "799.50800", "2020-01-31": "717.64600", "2019-10-31": "582.23500", "2019-07-31": "759.80100", "2019-04-30": "920.32700", "2019-01-31": "699.04500", "2018-10-31": "551.86300", "2018-07-31": "726.72200", "2018-04-30": "869.86200", "2018-01-31": "673.06500", "2017-10-31": "479.99700", "2017-07-31": "550.98500", "2017-04-30": "650.33100", "2017-01-31": "511.48700", "2016-10-31": "394.69000", "2016-07-31": "486.66700", "2016-04-30": "581.24500", "2016-01-31": "452.92200", "2015-10-31": "358.50700", "2015-07-31": "440.74800", "2015-04-30": "533.61800", "2015-01-31": "422.84500", "2014-10-31": "322.16300", "2014-07-31": "401.50000", "2014-04-30": "491.87800", "2014-01-31": "388.94400", "2013-10-31": "337.17800", "2013-07-31": "418.04300", "2013-04-30": "485.36800", "2013-01-31": "395.17500", "2012-10-31": "341.35300", "2012-07-31": "408.66200", "2012-04-30": "469.14800", "2012-01-31": "396.33500", "2011-10-31": "355.31800", "2011-07-31": "416.45800", "2011-04-30": "475.77500", "2011-01-31": "398.90800", "2010-10-31": "344.35700", "2010-07-31": "387.38000", "2010-04-30": "429.30100", "2010-01-31": "356.51200", "2009-10-31": "315.82200", "2009-07-31": "356.99500", "2009-04-30": "395.72500", "2009-01-31": "330.70100", "2008-10-31": "260.01400", "2008-07-31": "308.04500", "2008-04-30": "319.16500", "2008-01-31": "231.82400", "2007-10-31": "180.50800", "2007-07-31": "205.11800", "2007-04-30": "239.44000", "2007-01-31": "160.93100", "2006-10-31": "107.90600", "2006-07-31": "143.72100", "2006-04-30": "174.98400", "2006-01-31": "106.64700", "2005-10-31": "63.63700", "2005-07-31": "97.96500", "2005-04-30": "134.39900", "2005-01-31": "75.61200"}, "Comprehensive Income": {"2020-10-31": "-52.38700", "2020-07-31": "-56.83700", "2020-04-30": "-109.57600", "2020-01-31": "-44.10000", "2019-10-31": "-27.26900", "2019-07-31": "-31.73000", "2019-04-30": "-36.54000", "2019-01-31": "-13.94900", "2018-10-31": "-20.59600", "2018-07-31": "-2.22700", "2018-04-30": "10.46900", "2018-01-31": "58.75000", "2017-10-31": "10.59100", "2017-07-31": "44.39500", "2017-04-30": "-44.67700", "2017-01-31": "-0.91400", "2016-10-31": "-19.78400", "2016-07-31": "-1.55000", "2016-04-30": "-1.16700", "2016-01-31": "-7.70700", "2015-10-31": "-7.32100", "2015-07-31": "-4.91300", "2015-04-30": "-0.62300", "2015-01-31": "-0.64600", "2014-10-31": "-0.33900", "2014-07-31": "-0.19900", "2014-04-30": "-0.10100", "2014-01-31": "-0.18600", "2013-10-31": "-0.05600", "2013-07-31": "-0.06700", "2013-04-30": "-0.00400", "2013-01-31": "0.19800", "2012-10-31": "0.03900", "2012-07-31": "-0.25500", "2012-04-30": "0.06100", "2012-01-31": "0.00000", "2011-10-31": "", "2011-07-31": "", "2011-04-30": "", "2011-01-31": "", "2010-10-31": "", "2010-07-31": "", "2010-04-30": "", "2010-01-31": "", "2009-10-31": "", "2009-07-31": "", "2009-04-30": "", "2009-01-31": "", "2008-10-31": "", "2008-07-31": "", "2008-04-30": "", "2008-01-31": "", "2007-10-31": "", "2007-07-31": "", "2007-04-30": "", "2007-01-31": "", "2006-10-31": "", "2006-07-31": "", "2006-04-30": "", "2006-01-31": "", "2005-10-31": "", "2005-07-31": "", "2005-04-30": "", "2005-01-31": ""}, "Other Share Holders Equity": {"2020-10-31": "", "2020-07-31": "", "2020-04-30": "0.00100", "2020-01-31": "0.00100", "2019-10-31": "0.00100", "2019-07-31": "0.00100", "2019-04-30": "0.00100", "2019-01-31": "0.00100", "2018-10-31": "0.00100", "2018-07-31": "0.00100", "2018-04-30": "0.00100", "2018-01-31": "0.00100", "2017-10-31": "0.00100", "2017-07-31": "0.00100", "2017-04-30": "0.00100", "2017-01-31": "0.00100", "2016-10-31": "0.00400", "2016-07-31": "", "2016-04-30": "", "2016-01-31": "", "2015-10-31": "", "2015-07-31": "", "2015-04-30": "", "2015-01-31": "", "2014-10-31": "", "2014-07-31": "", "2014-04-30": "", "2014-01-31": "", "2013-10-31": "", "2013-07-31": "", "2013-04-30": "", "2013-01-31": "", "2012-10-31": "", "2012-07-31": "", "2012-04-30": "", "2012-01-31": "", "2011-10-31": "", "2011-07-31": "", "2011-04-30": "", "2011-01-31": "", "2010-10-31": "", "2010-07-31": "", "2010-04-30": "", "2010-01-31": "", "2009-10-31": "", "2009-07-31": "", "2009-04-30": "", "2009-01-31": "", "2008-10-31": "", "2008-07-31": "", "2008-04-30": "", "2008-01-31": "", "2007-10-31": "", "2007-07-31": "", "2007-04-30": "", "2007-01-31": "", "2006-10-31": "", "2006-07-31": "", "2006-04-30": "", "2006-01-31": "", "2005-10-31": "", "2005-07-31": "", "2005-04-30": "", "2005-01-31": ""}, "Share Holder Equity": {"2020-10-31": "1375.72700", "2020-07-31": "1531.66700", "2020-04-30": "1630.26000", "2020-01-31": "1650.19800", "2019-10-31": "1522.43600", "2019-07-31": "1726.84000", "2019-04-30": "1893.35400", "2019-01-31": "1683.09500", "2018-10-31": "1549.80100", "2018-07-31": "1811.66300", "2018-04-30": "2004.12300", "2018-01-31": "1880.77800", "2017-10-31": "1609.41200", "2017-07-31": "1798.95900", "2017-04-30": "1788.26800", "2017-01-31": "1680.56900", "2016-10-31": "1526.80300", "2016-07-31": "888.46600", "2016-04-30": "979.54200", "2016-01-31": "854.52200", "2015-10-31": "756.64900", "2015-07-31": "880.58600", "2015-04-30": "977.47400", "2015-01-31": "863.46200", "2014-10-31": "758.68600", "2014-07-31": "834.80000", "2014-04-30": "921.11500", "2014-01-31": "814.05700", "2013-10-31": "758.55200", "2013-07-31": "837.86900", "2013-04-30": "902.73000", "2013-01-31": "810.10200", "2012-10-31": "752.42900", "2012-07-31": "816.32800", "2012-04-30": "896.72800", "2012-01-31": "821.24200", "2011-10-31": "777.35500", "2011-07-31": "843.71900", "2011-04-30": "899.86100", "2011-01-31": "820.70300", "2010-10-31": "762.33500", "2010-07-31": "802.38700", "2010-04-30": "856.77900", "2010-01-31": "781.70700", "2009-10-31": "738.22400", "2009-07-31": "780.70600", "2009-04-30": "827.10200", "2009-01-31": "749.34500", "2008-10-31": "683.36200", "2008-07-31": "728.75600", "2008-04-30": "796.16800", "2008-01-31": "720.88400", "2007-10-31": "681.37200", "2007-07-31": "714.03900", "2007-04-30": "743.18900", "2007-01-31": "658.42100", "2006-10-31": "604.30400", "2006-07-31": "642.77700", "2006-04-30": "679.58500", "2006-01-31": "586.63800", "2005-10-31": "519.94400", "2005-07-31": "540.52900", "2005-04-30": "561.16200", "2005-01-31": "495.61800"}, "Total Liabilities And Share Holders Equity": {"2020-10-31": "5390.52400", "2020-07-31": "5244.23200", "2020-04-30": "5289.65200", "2020-01-31": "5113.67900", "2019-10-31": "5157.74700", "2019-07-31": "4426.07700", "2019-04-30": "4361.73400", "2019-01-31": "4244.92200", "2018-10-31": "4215.92200", "2018-07-31": "4064.98400", "2018-04-30": "4075.43500", "2018-01-31": "4156.80600", "2017-10-31": "4008.61600", "2017-07-31": "4110.71800", "2017-04-30": "4008.86700", "2017-01-31": "3982.46700", "2016-10-31": "3924.11900", "2016-07-31": "2482.01800", "2016-04-30": "2519.17500", "2016-01-31": "2472.95900", "2015-10-31": "2443.07700", "2015-07-31": "2487.29200", "2015-04-30": "2419.50500", "2015-01-31": "2346.15200", "2014-10-31": "2340.86800", "2014-07-31": "2173.84900", "2014-04-30": "2448.44400", "2014-01-31": "2374.84900", "2013-10-31": "2282.74900", "2013-07-31": "2308.29700", "2013-04-30": "2079.66900", "2013-01-31": "2003.74900", "2012-10-31": "1913.43500", "2012-07-31": "1927.61400", "2012-04-30": "2049.73900", "2012-01-31": "1999.23500", "2011-10-31": "1940.34800", "2011-07-31": "1946.23600", "2011-04-30": "2038.93800", "2011-01-31": "2001.79300", "2010-10-31": "1918.79000", "2010-07-31": "1922.80900", "2010-04-30": "1944.83900", "2010-01-31": "1956.06500", "2009-10-31": "1870.13000", "2009-07-31": "1884.48000", "2009-04-30": "1940.65100", "2009-01-31": "1917.59700", "2008-10-31": "1865.18500", "2008-07-31": "1925.95400", "2008-04-30": "2121.42600", "2008-01-31": "2101.81500", "2007-10-31": "1934.92100", "2007-07-31": "1909.12300", "2007-04-30": "1895.11800", "2007-01-31": "1832.61600", "2006-10-31": "1674.98500", "2006-07-31": "1687.64300", "2006-04-30": "1712.73500", "2006-01-31": "1652.68000", "2005-10-31": "1519.80400", "2005-07-31": "1525.92100", "2005-04-30": "1530.28500", "2005-01-31": "1551.80900"}}, "cash flow statement": {"Net Income/Loss": {"2020-07-31": "109.05500", "2019-07-31": "323.49300", "2018-07-31": "401.23000", "2017-07-31": "231.71800", "2016-07-31": "149.45400", "2015-07-31": "114.61000", "2014-07-31": "28.20600", "2013-07-31": "37.61000", "2012-07-31": "16.39100", "2011-07-31": "34.42200", "2010-07-31": "35.77500", "2009-07-31": "50.55200", "2008-07-31": "107.84700", "2007-07-31": "61.39700", "2006-07-31": "45.75600", "2005-07-31": "23.13800"}, "Total Depreciation And Amortization - Cash Flow": {"2020-07-31": "249.57200", "2019-07-31": "218.11700", "2018-07-31": "204.46200", "2017-07-31": "189.15700", "2016-07-31": "161.48800", "2015-07-31": "149.12300", "2014-07-31": "140.60100", "2013-07-31": "132.68800", "2012-07-31": "127.58100", "2011-07-31": "117.95700", "2010-07-31": "110.63800", "2009-07-31": "107.21300", "2008-07-31": "93.79400", "2007-07-31": "87.66400", "2006-07-31": "86.09800", "2005-07-31": "89.96800"}, "Other Non-Cash Items": {"2020-07-31": "59.67000", "2019-07-31": "41.79300", "2018-07-31": "-24.49300", "2017-07-31": "52.72200", "2016-07-31": "36.88000", "2015-07-31": "31.75200", "2014-07-31": "58.51700", "2013-07-31": "22.51700", "2012-07-31": "50.11300", "2011-07-31": "214.31600", "2010-07-31": "36.61700", "2009-07-31": "140.10100", "2008-07-31": "212.94600", "2007-07-31": "93.36600", "2006-07-31": "38.39500", "2005-07-31": "44.10600"}, "Total Non-Cash Items": {"2020-07-31": "309.24200", "2019-07-31": "259.91000", "2018-07-31": "179.96900", "2017-07-31": "241.87900", "2016-07-31": "198.36800", "2015-07-31": "180.87500", "2014-07-31": "199.11800", "2013-07-31": "155.20500", "2012-07-31": "177.69400", "2011-07-31": "332.27300", "2010-07-31": "147.25500", "2009-07-31": "247.31400", "2008-07-31": "306.74000", "2007-07-31": "181.03000", "2006-07-31": "124.49300", "2005-07-31": "134.07400"}, "Change In Accounts Receivable": {"2020-07-31": "167.34700", "2019-07-31": "-35.40600", "2018-07-31": "-44.26100", "2017-07-31": "-36.29100", "2016-07-31": "-32.99100", "2015-07-31": "-15.35000", "2014-07-31": "-17.00700", "2013-07-31": "-11.71500", "2012-07-31": "-2.57700", "2011-07-31": "-1.63800", "2010-07-31": "5.68700", "2009-07-31": "-7.83300", "2008-07-31": "-12.17300", "2007-07-31": "-4.49600", "2006-07-31": "-2.64400", "2005-07-31": "-3.66500"}, "Change In Inventories": {"2020-07-31": "-1.92400", "2019-07-31": "-7.27400", "2018-07-31": "-0.96300", "2017-07-31": "8.08600", "2016-07-31": "-0.84300", "2015-07-31": "-1.30400", "2014-07-31": "1.33200", "2013-07-31": "-0.10500", "2012-07-31": "-10.85300", "2011-07-31": "-2.75800", "2010-07-31": "0.65200", "2009-07-31": "0.76100", "2008-07-31": "-1.64300", "2007-07-31": "-5.17100", "2006-07-31": "-4.81100", "2005-07-31": "-5.07400"}, "Change In Accounts Payable": {"2020-07-31": "", "2019-07-31": "", "2018-07-31": "", "2017-07-31": "", "2016-07-31": "", "2015-07-31": "", "2014-07-31": "", "2013-07-31": "", "2012-07-31": "", "2011-07-31": "", "2010-07-31": "", "2009-07-31": "", "2008-07-31": "", "2007-07-31": "", "2006-07-31": "", "2005-07-31": ""}, "Change In Assets/Liabilities": {"2020-07-31": "-93.18900", "2019-07-31": "44.37100", "2018-07-31": "43.25600", "2017-07-31": "29.63400", "2016-07-31": "50.41100", "2015-07-31": "-21.45200", "2014-07-31": "1.30700", "2013-07-31": "-0.06300", "2012-07-31": "7.58400", "2011-07-31": "-59.29400", "2010-07-31": "-167.49700", "2009-07-31": "-109.65300", "2008-07-31": "-209.75400", "2007-07-31": "-164.93300", "2006-07-31": "-129.86900", "2005-07-31": "-48.26200"}, "Total Change In Assets/Liabilities": {"2020-07-31": "-23.34700", "2019-07-31": "50.82800", "2018-07-31": "-32.71300", "2017-07-31": "-2.61400", "2016-07-31": "89.15500", "2015-07-31": "8.17500", "2014-07-31": "18.55400", "2013-07-31": "29.60800", "2012-07-31": "-8.66600", "2011-07-31": "-99.40800", "2010-07-31": "-147.08000", "2009-07-31": "-163.59000", "2008-07-31": "-197.59100", "2007-07-31": "-123.98500", "2006-07-31": "-106.57300", "2005-07-31": "-8.59800"}, "Cash Flow From Operating Activities": {"2020-07-31": "394.95000", "2019-07-31": "634.23100", "2018-07-31": "548.48600", "2017-07-31": "470.98300", "2016-07-31": "436.97700", "2015-07-31": "303.66000", "2014-07-31": "245.87800", "2013-07-31": "222.42300", "2012-07-31": "185.41900", "2011-07-31": "267.28700", "2010-07-31": "35.95000", "2009-07-31": "134.27600", "2008-07-31": "216.99600", "2007-07-31": "118.44200", "2006-07-31": "63.67600", "2005-07-31": "148.17700"}, "Net Change In Property, Plant, And Equipment": {"2020-07-31": "-172.33400", "2019-07-31": "-192.03500", "2018-07-31": "-140.61100", "2017-07-31": "-144.43200", "2016-07-31": "-109.23700", "2015-07-31": "-123.88400", "2014-07-31": "-118.30500", "2013-07-31": "-94.94600", "2012-07-31": "-132.62500", "2011-07-31": "-95.64000", "2010-07-31": "-60.03700", "2009-07-31": "-106.49100", "2008-07-31": "-150.89200", "2007-07-31": "-119.23200", "2006-07-31": "-88.90100", "2005-07-31": "-77.95600"}, "Net Change In Intangible Assets": {"2020-07-31": "", "2019-07-31": "", "2018-07-31": "", "2017-07-31": "", "2016-07-31": "", "2015-07-31": "", "2014-07-31": "", "2013-07-31": "", "2012-07-31": "", "2011-07-31": "", "2010-07-31": "", "2009-07-31": "", "2008-07-31": "", "2007-07-31": "", "2006-07-31": "", "2005-07-31": ""}, "Net Acquisitions/Divestitures": {"2020-07-31": "-327.55500", "2019-07-31": "-419.04400", "2018-07-31": "-1.35600", "2017-07-31": "-547.04400", "2016-07-31": "-20.24500", "2015-07-31": "-307.05100", "2014-07-31": "", "2013-07-31": "-8.86800", "2012-07-31": "-23.47900", "2011-07-31": "-62.34400", "2010-07-31": "-15.87000", "2009-07-31": "-38.17000", "2008-07-31": "", "2007-07-31": "3.54400", "2006-07-31": "30.71200", "2005-07-31": "108.39900"}, "Net Change In Short-term Investments": {"2020-07-31": "", "2019-07-31": "", "2018-07-31": "", "2017-07-31": "", "2016-07-31": "", "2015-07-31": "", "2014-07-31": "", "2013-07-31": "", "2012-07-31": "", "2011-07-31": "", "2010-07-31": "", "2009-07-31": "", "2008-07-31": "", "2007-07-31": "", "2006-07-31": "", "2005-07-31": ""}, "Net Change In Long-Term Investments": {"2020-07-31": "", "2019-07-31": "", "2018-07-31": "", "2017-07-31": "", "2016-07-31": "", "2015-07-31": "", "2014-07-31": "", "2013-07-31": "", "2012-07-31": "", "2011-07-31": "", "2010-07-31": "", "2009-07-31": "", "2008-07-31": "", "2007-07-31": "", "2006-07-31": "", "2005-07-31": "6.58800"}, "Net Change In Investments - Total": {"2020-07-31": "", "2019-07-31": "", "2018-07-31": "", "2017-07-31": "", "2016-07-31": "", "2015-07-31": "", "2014-07-31": "", "2013-07-31": "", "2012-07-31": "", "2011-07-31": "", "2010-07-31": "", "2009-07-31": "", "2008-07-31": "", "2007-07-31": "", "2006-07-31": "", "2005-07-31": "6.58800"}, "Investing Activities - Other": {"2020-07-31": "7.15000", "2019-07-31": "15.04500", "2018-07-31": "7.38800", "2017-07-31": "14.81600", "2016-07-31": "5.46600", "2015-07-31": "3.86700", "2014-07-31": "0.39900", "2013-07-31": "-4.42400", "2012-07-31": "0.15000", "2011-07-31": "-0.20400", "2010-07-31": "-7.64500", "2009-07-31": "0.03600", "2008-07-31": "2.75700", "2007-07-31": "-16.45800", "2006-07-31": "-3.80400", "2005-07-31": "-9.74800"}, "Cash Flow From Investing Activities": {"2020-07-31": "-492.73900", "2019-07-31": "-596.03400", "2018-07-31": "-134.57900", "2017-07-31": "-676.66000", "2016-07-31": "-124.01600", "2015-07-31": "-427.06800", "2014-07-31": "-117.90600", "2013-07-31": "-108.23800", "2012-07-31": "-155.95400", "2011-07-31": "-158.18800", "2010-07-31": "-83.55200", "2009-07-31": "-144.62500", "2008-07-31": "-148.13500", "2007-07-31": "-132.14600", "2006-07-31": "-61.99300", "2005-07-31": "27.28300"}, "Net Long-Term Debt": {"2020-07-31": "686.35210", "2019-07-31": "289.45800", "2018-07-31": "-2.92800", "2017-07-31": "419.27800", "2016-07-31": "-119.37500", "2015-07-31": "220.00000", "2014-07-31": "-175.99800", "2013-07-31": "-1.01100", "2012-07-31": "-1.05200", "2011-07-31": "-37.86100", "2010-07-31": "34.65300", "2009-07-31": "-64.74600", "2008-07-31": "-37.96900", "2007-07-31": "62.85400", "2006-07-31": "9.22100", "2005-07-31": "-103.56600"}, "Net Current Debt": {"2020-07-31": "", "2019-07-31": "", "2018-07-31": "", "2017-07-31": "", "2016-07-31": "", "2015-07-31": "", "2014-07-31": "", "2013-07-31": "", "2012-07-31": "", "2011-07-31": "", "2010-07-31": "", "2009-07-31": "", "2008-07-31": "", "2007-07-31": "", "2006-07-31": "", "2005-07-31": ""}, "Debt Issuance/Retirement Net - Total": {"2020-07-31": "686.35210", "2019-07-31": "289.45800", "2018-07-31": "-2.92800", "2017-07-31": "419.27800", "2016-07-31": "-119.37500", "2015-07-31": "220.00000", "2014-07-31": "-175.99800", "2013-07-31": "-1.01100", "2012-07-31": "-1.05200", "2011-07-31": "-37.86100", "2010-07-31": "34.65300", "2009-07-31": "-64.74600", "2008-07-31": "-37.96900", "2007-07-31": "62.85400", "2006-07-31": "9.22100", "2005-07-31": "-103.56600"}, "Net Common Equity Issued/Repurchased": {"2020-07-31": "-46.42200", "2019-07-31": "-85.00000", "2018-07-31": "-25.80000", "2017-07-31": "-0.21000", "2016-07-31": "-53.78700", "2015-07-31": "", "2014-07-31": "", "2013-07-31": "", "2012-07-31": "-30.36500", "2011-07-31": "", "2010-07-31": "-14.99900", "2009-07-31": "-22.36700", "2008-07-31": "-99.61500", "2007-07-31": "-15.00700", "2006-07-31": "35.81000", "2005-07-31": "21.93900"}, "Net Total Equity Issued/Repurchased": {"2020-07-31": "-46.42200", "2019-07-31": "-85.00000", "2018-07-31": "-25.80000", "2017-07-31": "-0.21000", "2016-07-31": "-53.78700", "2015-07-31": "", "2014-07-31": "", "2013-07-31": "", "2012-07-31": "-30.36500", "2011-07-31": "", "2010-07-31": "-14.99900", "2009-07-31": "-22.36700", "2008-07-31": "-99.61500", "2007-07-31": "-15.00700", "2006-07-31": "35.81000", "2005-07-31": "21.93900"}, "Total Common And Preferred Stock Dividends Paid": {"2020-07-31": "-212.73200", "2019-07-31": "-260.56700", "2018-07-31": "-204.16100", "2017-07-31": "-146.23500", "2016-07-31": "-103.83500", "2015-07-31": "-75.50600", "2014-07-31": "-45.02100", "2013-07-31": "-28.36200", "2012-07-31": "-24.24900", "2011-07-31": "-5.41100", "2010-07-31": "", "2009-07-31": "", "2008-07-31": "", "2007-07-31": "", "2006-07-31": "", "2005-07-31": ""}, "Financial Activities - Other": {"2020-07-31": "-50.96500", "2019-07-31": "-43.44900", "2018-07-31": "-117.82600", "2017-07-31": "-17.21600", "2016-07-31": "-4.43500", "2015-07-31": "-29.24300", "2014-07-31": "-1.19300", "2013-07-31": "7.58300", "2012-07-31": "2.14400", "2011-07-31": "-10.42900", "2010-07-31": "-26.60500", "2009-07-31": "4.41500", "2008-07-31": "0.24900", "2007-07-31": "4.88200", "2006-07-31": "8.50000", "2005-07-31": "-3.58100"}, "Cash Flow From Financial Activities": {"2020-07-31": "376.23300", "2019-07-31": "-99.55800", "2018-07-31": "-350.71500", "2017-07-31": "255.61700", "2016-07-31": "-281.43200", "2015-07-31": "115.25100", "2014-07-31": "-222.21200", "2013-07-31": "-21.79000", "2012-07-31": "-53.52200", "2011-07-31": "-53.70100", "2010-07-31": "-6.95100", "2009-07-31": "-82.69800", "2008-07-31": "-137.33500", "2007-07-31": "52.72900", "2006-07-31": "53.53100", "2005-07-31": "-85.20800"}, "Net Cash Flow": {"2020-07-31": "283.69700", "2019-07-31": "-66.65100", "2018-07-31": "57.37800", "2017-07-31": "53.71900", "2016-07-31": "32.43800", "2015-07-31": "-8.94700", "2014-07-31": "-94.19800", "2013-07-31": "92.55100", "2012-07-31": "-24.09000", "2011-07-31": "55.39800", "2010-07-31": "-54.55300", "2009-07-31": "-93.04700", "2008-07-31": "-68.47400", "2007-07-31": "39.02500", "2006-07-31": "55.21400", "2005-07-31": "90.25200"}, "Stock-Based Compensation": {"2020-07-31": "21.02100", "2019-07-31": "19.85600", "2018-07-31": "19.04000", "2017-07-31": "18.31500", "2016-07-31": "17.02500", "2015-07-31": "15.75300", "2014-07-31": "14.22400", "2013-07-31": "12.34900", "2012-07-31": "11.99900", "2011-07-31": "12.49300", "2010-07-31": "11.84300", "2009-07-31": "10.74100", "2008-07-31": "8.41400", "2007-07-31": "6.99800", "2006-07-31": "6.52300", "2005-07-31": "0.87400"}, "Common Stock Dividends Paid": {"2020-07-31": "-212.73200", "2019-07-31": "-260.56700", "2018-07-31": "-204.16100", "2017-07-31": "-146.23500", "2016-07-31": "-103.83500", "2015-07-31": "-75.50600", "2014-07-31": "-45.02100", "2013-07-31": "-28.36200", "2012-07-31": "-24.24900", "2011-07-31": "-5.41100", "2010-07-31": "0.00000", "2009-07-31": "", "2008-07-31": "", "2007-07-31": "", "2006-07-31": "", "2005-07-31": ""}}, "cash flow statement, quarterly": {"Net Income/Loss": {"2020-10-31": "-157.02100", "2020-07-31": -157.965, "2020-04-30": 159.831, "2020-01-31": 217.018, "2019-10-31": "-109.82900", "2019-07-31": -92.301, "2019-04-30": 308.53, "2019-01-31": 217.99, "2018-10-31": "-110.72600", "2018-07-31": -87.791, "2018-04-30": 272.275, "2018-01-31": 248.673, "2017-10-31": "-31.92700", "2017-07-31": -61.248, "2017-04-30": 196.856, "2017-01-31": 159.728, "2016-10-31": "-63.61800", "2016-07-31": -65.284, "2016-04-30": 157.537, "2016-01-31": 116.871, "2015-10-31": "-59.67000", "2015-07-31": -70.168, "2015-04-30": 133.402, "2015-01-31": 115.7, "2014-10-31": "-64.32400", "2014-07-31": -75.423, "2014-04-30": 117.866, "2014-01-31": 59.2, "2013-10-31": "-73.43700", "2013-07-31": -59.904, "2013-04-30": 97.588, "2013-01-31": 60.529, "2012-10-31": "-60.60300", "2012-07-31": -53.825, "2012-04-30": 79.529, "2012-01-31": 46.421, "2011-10-31": "-55.73400", "2011-07-31": -53.915, "2011-04-30": 76.84, "2011-01-31": 54.557, "2010-10-31": "-43.06000", "2010-07-31": -42.184, "2010-04-30": 76.391, "2010-01-31": 45.079, "2009-10-31": "-43.51100", "2009-07-31": -41.318, "2009-04-30": 64.392, "2009-01-31": 64.333, "2008-10-31": "-36.85500", "2008-07-31": -6.2, "2008-04-30": 87.341, "2008-01-31": 51.316, "2007-10-31": "-24.61000", "2007-07-31": -34.322, "2007-04-30": 78.509, "2007-01-31": 53.025, "2006-10-31": "-35.81500", "2006-07-31": 45.756, "2006-04-30": 0, "2006-01-31": 0, "2005-10-31": "0.00000", "2005-07-31": 23.138, "2005-04-30": 0, "2005-01-31": 0}, "Total Depreciation And Amortization - Cash Flow": {"2020-10-31": "62.62800", "2020-07-31": 63.185, "2020-04-30": 64.73, "2020-01-31": 63.812, "2019-10-31": "57.84500", "2019-07-31": 56.576, "2019-04-30": 55.26, "2019-01-31": 55.238, "2018-10-31": "51.04300", "2018-07-31": 50.33, "2018-04-30": 54.104, "2018-01-31": 51.404, "2017-10-31": "48.62400", "2017-07-31": 48.921, "2017-04-30": 50.029, "2017-01-31": 49.626, "2016-10-31": "40.58100", "2016-07-31": 40.775, "2016-04-30": 41.472, "2016-01-31": 40.541, "2015-10-31": "38.70000", "2015-07-31": 37.536, "2015-04-30": 38.242, "2015-01-31": 37.376, "2014-10-31": "35.96900", "2014-07-31": 34.653, "2014-04-30": 35.588, "2014-01-31": 36.204, "2013-10-31": "34.15600", "2013-07-31": 33.861, "2013-04-30": 33.73, "2013-01-31": 33.418, "2012-10-31": "31.67900", "2012-07-31": 32.336, "2012-04-30": 33.265, "2012-01-31": 33.05, "2011-10-31": "28.93000", "2011-07-31": 29.012, "2011-04-30": 30.937, "2011-01-31": 30.276, "2010-10-31": "27.73200", "2010-07-31": 27.87, "2010-04-30": 27.812, "2010-01-31": 27.772, "2009-10-31": "27.18400", "2009-07-31": 27.115, "2009-04-30": 27.582, "2009-01-31": 27.438, "2008-10-31": "25.07800", "2008-07-31": 23.94, "2008-04-30": 25.471, "2008-01-31": 23.622, "2007-10-31": "20.76100", "2007-07-31": 20.807, "2007-04-30": 23.513, "2007-01-31": 21.759, "2006-10-31": "21.58500", "2006-07-31": 86.098, "2006-04-30": 0, "2006-01-31": 0, "2005-10-31": "", "2005-07-31": 89.968, "2005-04-30": 0, "2005-01-31": 0}, "Other Non-Cash Items": {"2020-10-31": "-33.68200", "2020-07-31": -26.251, "2020-04-30": 52.541, "2020-01-31": 72.905, "2019-10-31": "-39.52500", "2019-07-31": -100.958, "2019-04-30": 100.917, "2019-01-31": 67.624, "2018-10-31": "-25.79000", "2018-07-31": -74.824, "2018-04-30": 84.641, "2018-01-31": -2.116, "2017-10-31": "-32.19400", "2017-07-31": -125.709, "2017-04-30": 133.138, "2017-01-31": 86.57, "2016-10-31": "-41.27700", "2016-07-31": -115.187, "2016-04-30": 100.43, "2016-01-31": 79.043, "2015-10-31": "-27.40600", "2015-07-31": -83.86, "2015-04-30": 103.972, "2015-01-31": 70.765, "2014-10-31": "-59.12500", "2014-07-31": -33.187, "2014-04-30": 84.774, "2014-01-31": 42.403, "2013-10-31": "-35.47300", "2013-07-31": -70.941, "2013-04-30": 71.472, "2013-01-31": 49.568, "2012-10-31": "-27.58200", "2012-07-31": -26.153, "2012-04-30": 62.58, "2012-01-31": 38.157, "2011-10-31": "-24.47100", "2011-07-31": -12.175, "2011-04-30": 68.687, "2011-01-31": 51.488, "2010-10-31": "106.31600", "2010-07-31": -1.442, "2010-04-30": 41.628, "2010-01-31": 26.693, "2009-10-31": "-30.26200", "2009-07-31": -11.286, "2009-04-30": 46.308, "2009-01-31": 83.38, "2008-10-31": "21.69900", "2008-07-31": 71.018, "2008-04-30": 90.171, "2008-01-31": 71.676, "2007-10-31": "-19.91900", "2007-07-31": -51.534, "2007-04-30": 69.165, "2007-01-31": 83.158, "2006-10-31": "-7.42300", "2006-07-31": 38.395, "2006-04-30": 0, "2006-01-31": 0, "2005-10-31": "", "2005-07-31": 44.106, "2005-04-30": 0, "2005-01-31": 0}, "Total Non-Cash Items": {"2020-10-31": "28.94600", "2020-07-31": 36.934, "2020-04-30": 117.271, "2020-01-31": 136.717, "2019-10-31": "18.32000", "2019-07-31": -44.382, "2019-04-30": 156.177, "2019-01-31": 122.862, "2018-10-31": "25.25300", "2018-07-31": -24.494, "2018-04-30": 138.745, "2018-01-31": 49.288, "2017-10-31": "16.43000", "2017-07-31": -76.788, "2017-04-30": 183.167, "2017-01-31": 136.196, "2016-10-31": "-0.69600", "2016-07-31": -74.412, "2016-04-30": 141.902, "2016-01-31": 119.584, "2015-10-31": "11.29400", "2015-07-31": -46.324, "2015-04-30": 142.214, "2015-01-31": 108.141, "2014-10-31": "-23.15600", "2014-07-31": 1.466, "2014-04-30": 120.362, "2014-01-31": 78.607, "2013-10-31": "-1.31700", "2013-07-31": -37.08, "2013-04-30": 105.202, "2013-01-31": 82.986, "2012-10-31": "4.09700", "2012-07-31": 6.183, "2012-04-30": 95.845, "2012-01-31": 71.207, "2011-10-31": "4.45900", "2011-07-31": 16.837, "2011-04-30": 99.624, "2011-01-31": 81.764, "2010-10-31": "134.04800", "2010-07-31": 26.428, "2010-04-30": 69.44, "2010-01-31": 54.465, "2009-10-31": "-3.07800", "2009-07-31": 15.829, "2009-04-30": 73.89, "2009-01-31": 110.818, "2008-10-31": "46.77700", "2008-07-31": 94.958, "2008-04-30": 115.642, "2008-01-31": 95.298, "2007-10-31": "0.84200", "2007-07-31": -30.727, "2007-04-30": 92.678, "2007-01-31": 104.917, "2006-10-31": "14.16200", "2006-07-31": 124.493, "2006-04-30": 0, "2006-01-31": 0, "2005-10-31": "", "2005-07-31": 134.074, "2005-04-30": 0, "2005-01-31": 0}, "Change In Accounts Receivable": {"2020-10-31": "-102.38700", "2020-07-31": -5.388, "2020-04-30": 5.318, "2020-01-31": -17.404, "2019-10-31": "184.82100", "2019-07-31": 1.74, "2019-04-30": -182.451, "2019-01-31": -12.454, "2018-10-31": "157.75900", "2018-07-31": -11.165, "2018-04-30": -136.787, "2018-01-31": 2.049, "2017-10-31": "101.64200", "2017-07-31": -9.916, "2017-04-30": -94.929, "2017-01-31": -21.877, "2016-10-31": "90.43100", "2016-07-31": -5.018, "2016-04-30": -55.669, "2016-01-31": -34.478, "2015-10-31": "62.17400", "2015-07-31": -15.35, "2015-04-30": -28.742, "2015-01-31": -32.274, "2014-10-31": "61.01600", "2014-07-31": -16.185, "2014-04-30": -23.218, "2014-01-31": -21.422, "2013-10-31": "43.81800", "2013-07-31": -4.361, "2013-04-30": -20.031, "2013-01-31": -22.546, "2012-10-31": "35.22300", "2012-07-31": -0.687, "2012-04-30": -11.809, "2012-01-31": -20.072, "2011-10-31": "29.99100", "2011-07-31": -11.866, "2011-04-30": 8.003, "2011-01-31": -20.093, "2010-10-31": "22.31800", "2010-07-31": -17.343, "2010-04-30": 10.333, "2010-01-31": -12.545, "2009-10-31": "25.24200", "2009-07-31": -10.832, "2009-04-30": 2.641, "2009-01-31": -6.258, "2008-10-31": "6.61600", "2008-07-31": -10.951, "2008-04-30": 5.602, "2008-01-31": -21.994, "2007-10-31": "15.17000", "2007-07-31": -4.105, "2007-04-30": 7.33, "2007-01-31": -16.293, "2006-10-31": "8.57200", "2006-07-31": -2.644, "2006-04-30": 0, "2006-01-31": 0, "2005-10-31": "", "2005-07-31": -3.665, "2005-04-30": 0, "2005-01-31": 0}, "Change In Inventories": {"2020-10-31": "0.74500", "2020-07-31": 1.236, "2020-04-30": 11.077, "2020-01-31": 13.73, "2019-10-31": "-27.96700", "2019-07-31": -12.444, "2019-04-30": 19.568, "2019-01-31": 11.613, "2018-10-31": "-26.01100", "2018-07-31": -6.572, "2018-04-30": 17.15, "2018-01-31": 11.667, "2017-10-31": "-23.20800", "2017-07-31": -5.562, "2017-04-30": 15.387, "2017-01-31": 20.751, "2016-10-31": "-22.49000", "2016-07-31": -5.7, "2016-04-30": 10.12, "2016-01-31": 16.349, "2015-10-31": "-21.61200", "2015-07-31": -6.684, "2015-04-30": 10.738, "2015-01-31": 15.375, "2014-10-31": "-20.73300", "2014-07-31": -6.757, "2014-04-30": 12.093, "2014-01-31": 17.028, "2013-10-31": "-21.03200", "2013-07-31": -6.049, "2013-04-30": 9.766, "2013-01-31": 15.057, "2012-10-31": "-18.87900", "2012-07-31": -9.359, "2012-04-30": 7.128, "2012-01-31": 13.16, "2011-10-31": "-21.78200", "2011-07-31": -7.634, "2011-04-30": 9.349, "2011-01-31": 9.644, "2010-10-31": "-14.11700", "2010-07-31": -5.626, "2010-04-30": 8.972, "2010-01-31": 11.138, "2009-10-31": "-13.83200", "2009-07-31": -3.28, "2009-04-30": 6.522, "2009-01-31": 15.529, "2008-10-31": "-18.01000", "2008-07-31": -4.623, "2008-04-30": 6.429, "2008-01-31": 12.188, "2007-10-31": "-15.63700", "2007-07-31": -4.789, "2007-04-30": 7.165, "2007-01-31": 6.797, "2006-10-31": "-14.34400", "2006-07-31": -4.811, "2006-04-30": 0, "2006-01-31": 0, "2005-10-31": "", "2005-07-31": -5.074, "2005-04-30": 0, "2005-01-31": 0}, "Change In Accounts Payable": {"2020-10-31": "", "2020-07-31": 0, "2020-04-30": 0, "2020-01-31": 0, "2019-10-31": "", "2019-07-31": 0, "2019-04-30": 0, "2019-01-31": 0, "2018-10-31": "", "2018-07-31": 0, "2018-04-30": 0, "2018-01-31": 0, "2017-10-31": "", "2017-07-31": 0, "2017-04-30": 0, "2017-01-31": 0, "2016-10-31": "", "2016-07-31": 0, "2016-04-30": 0, "2016-01-31": 0, "2015-10-31": "", "2015-07-31": 0, "2015-04-30": 0, "2015-01-31": 0, "2014-10-31": "", "2014-07-31": 0, "2014-04-30": 0, "2014-01-31": 0, "2013-10-31": "", "2013-07-31": 0, "2013-04-30": 0, "2013-01-31": 0, "2012-10-31": "", "2012-07-31": 0, "2012-04-30": 0, "2012-01-31": 0, "2011-10-31": "", "2011-07-31": 0, "2011-04-30": 0, "2011-01-31": 0, "2010-10-31": "", "2010-07-31": 0, "2010-04-30": 0, "2010-01-31": 0, "2009-10-31": "", "2009-07-31": 0, "2009-04-30": 0, "2009-01-31": 0, "2008-10-31": "", "2008-07-31": 0, "2008-04-30": 0, "2008-01-31": 0, "2007-10-31": "", "2007-07-31": 0, "2007-04-30": 0, "2007-01-31": 0, "2006-10-31": "", "2006-07-31": 0, "2006-04-30": 0, "2006-01-31": 0, "2005-10-31": "", "2005-07-31": 0, "2005-04-30": 0, "2005-01-31": 0}, "Change In Assets/Liabilities": {"2020-10-31": "299.71000", "2020-07-31": 41.972, "2020-04-30": -207.036, "2020-01-31": -110.564, "2019-10-31": "182.43900", "2019-07-31": 40.605, "2019-04-30": -41.757, "2019-01-31": -111.885, "2018-10-31": "157.40800", "2018-07-31": 24.498, "2018-04-30": -32.932, "2018-01-31": -105.73, "2017-10-31": "157.42000", "2017-07-31": 36.445, "2017-04-30": -44.07, "2017-01-31": -66.471, "2016-10-31": "103.73000", "2016-07-31": 35.662, "2016-04-30": 10.555, "2016-01-31": 2.819, "2015-10-31": "1.37500", "2015-07-31": -6.535, "2015-04-30": 0.298, "2015-01-31": -5.735, "2014-10-31": "-9.48000", "2014-07-31": 3.984, "2014-04-30": 4.871, "2014-01-31": 6.243, "2013-10-31": "-13.79100", "2013-07-31": 9.212, "2013-04-30": -1.488, "2013-01-31": 3.101, "2012-10-31": "-10.88800", "2012-07-31": 5.286, "2012-04-30": 7.784, "2012-01-31": 0.566, "2011-10-31": "-6.05200", "2011-07-31": 4.742, "2011-04-30": -12.696, "2011-01-31": -19.545, "2010-10-31": "-31.79500", "2010-07-31": -32.046, "2010-04-30": -25.386, "2010-01-31": -47.884, "2009-10-31": "-62.18100", "2009-07-31": -29.984, "2009-04-30": -26.658, "2009-01-31": -65.339, "2008-10-31": "12.32800", "2008-07-31": -55.748, "2008-04-30": -50.689, "2008-01-31": -60.547, "2007-10-31": "-42.77000", "2007-07-31": -46.796, "2007-04-30": -19.675, "2007-01-31": -33.195, "2006-10-31": "-65.26700", "2006-07-31": -129.869, "2006-04-30": 0, "2006-01-31": 0, "2005-10-31": "", "2005-07-31": -48.262, "2005-04-30": 0, "2005-01-31": 0}, "Total Change In Assets/Liabilities": {"2020-10-31": "240.06800", "2020-07-31": 49.002, "2020-04-30": -347.812, "2020-01-31": -25.385, "2019-10-31": "300.84800", "2019-07-31": 105.318, "2019-04-30": -305.292, "2019-01-31": -11.752, "2018-10-31": "262.55400", "2018-07-31": 80.108, "2018-04-30": -264.105, "2018-01-31": -19.62, "2017-10-31": "170.90400", "2017-07-31": 114.822, "2017-04-30": -215.719, "2017-01-31": -23.058, "2016-10-31": "121.34100", "2016-07-31": 121.246, "2016-04-30": -153.48, "2016-01-31": -1.558, "2015-10-31": "122.94700", "2015-07-31": 25.676, "2015-04-30": -155.325, "2015-01-31": 25.865, "2014-10-31": "111.95900", "2014-07-31": 13.638, "2014-04-30": -106.652, "2014-01-31": 20.468, "2013-10-31": "91.10000", "2013-07-31": 28.062, "2013-04-30": -87.089, "2013-01-31": -2.448, "2012-10-31": "91.08300", "2012-07-31": -0.984, "2012-04-30": -78.718, "2012-01-31": -18.574, "2011-10-31": "89.61000", "2011-07-31": 13.02, "2011-04-30": -128.824, "2011-01-31": -10.789, "2010-10-31": "27.18500", "2010-07-31": -5.005, "2010-04-30": -103.251, "2010-01-31": -40.462, "2009-10-31": "1.63800", "2009-07-31": -48.246, "2009-04-30": -96.935, "2009-01-31": -59.406, "2008-10-31": "40.99700", "2008-07-31": -39.906, "2008-04-30": -126.494, "2008-01-31": -35.584, "2007-10-31": "4.39300", "2007-07-31": 19.18, "2007-04-30": -115.195, "2007-01-31": 3.137, "2006-10-31": "-31.10700", "2006-07-31": -106.573, "2006-04-30": 0, "2006-01-31": 0, "2005-10-31": "", "2005-07-31": -8.598, "2005-04-30": 0, "2005-01-31": 0}, "Cash Flow From Operating Activities": {"2020-10-31": "111.99300", "2020-07-31": -72.029, "2020-04-30": -70.71, "2020-01-31": 328.35, "2019-10-31": "209.33900", "2019-07-31": -31.365, "2019-04-30": 159.415, "2019-01-31": 329.1, "2018-10-31": "177.08100", "2018-07-31": -32.177, "2018-04-30": 146.915, "2018-01-31": 278.341, "2017-10-31": "155.40700", "2017-07-31": -23.214, "2017-04-30": 164.304, "2017-01-31": 272.866, "2016-10-31": "57.02700", "2016-07-31": -18.45, "2016-04-30": 145.959, "2016-01-31": 234.897, "2015-10-31": "74.57100", "2015-07-31": -90.816, "2015-04-30": 120.291, "2015-01-31": 249.706, "2014-10-31": "24.47900", "2014-07-31": -60.319, "2014-04-30": 131.576, "2014-01-31": 158.275, "2013-10-31": "16.34600", "2013-07-31": -68.922, "2013-04-30": 115.701, "2013-01-31": 141.067, "2012-10-31": "34.57700", "2012-07-31": -48.626, "2012-04-30": 96.656, "2012-01-31": 99.054, "2011-10-31": "38.33500", "2011-07-31": -24.058, "2011-04-30": 47.64, "2011-01-31": 125.532, "2010-10-31": "118.17300", "2010-07-31": -20.761, "2010-04-30": 42.58, "2010-01-31": 59.082, "2009-10-31": "-44.95100", "2009-07-31": -73.735, "2009-04-30": 41.347, "2009-01-31": 115.745, "2008-10-31": "50.91900", "2008-07-31": 48.852, "2008-04-30": 76.489, "2008-01-31": 111.03, "2007-10-31": "-19.37500", "2007-07-31": -45.869, "2007-04-30": 55.992, "2007-01-31": 161.079, "2006-10-31": "-52.76000", "2006-07-31": -114.042, "2006-04-30": 77.292, "2006-01-31": 123.508, "2005-10-31": "-23.08200", "2005-07-31": -30.499, "2005-04-30": 67.956, "2005-01-31": 110.72}, "Net Change In Property, Plant, And Equipment": {"2020-10-31": "-30.16800", "2020-07-31": -26.562, "2020-04-30": -23.984, "2020-01-31": -69.167, "2019-10-31": "-52.62100", "2019-07-31": -45.139, "2019-04-30": -33.365, "2019-01-31": -65.65, "2018-10-31": "-47.88100", "2018-07-31": -34.297, "2018-04-30": -18.947, "2018-01-31": -49.918, "2017-10-31": "-37.44900", "2017-07-31": -32.596, "2017-04-30": -18.4, "2017-01-31": -47.393, "2016-10-31": "-46.04300", "2016-07-31": -20.93, "2016-04-30": -11.07, "2016-01-31": -52.16, "2015-10-31": "-25.07700", "2015-07-31": -38.301, "2015-04-30": -11.563, "2015-01-31": -46.264, "2014-10-31": "-27.75600", "2014-07-31": -10.205, "2014-04-30": -14.329, "2014-01-31": -59.967, "2013-10-31": "-33.80400", "2013-07-31": -29.485, "2013-04-30": -7.174, "2013-01-31": -22.38, "2012-10-31": "-35.90700", "2012-07-31": -24.626, "2012-04-30": -14.813, "2012-01-31": -42.183, "2011-10-31": "-51.00300", "2011-07-31": -22.071, "2011-04-30": -11.682, "2011-01-31": -24.986, "2010-10-31": "-36.90100", "2010-07-31": -11.236, "2010-04-30": -12.556, "2010-01-31": -15.492, "2009-10-31": "-20.75300", "2009-07-31": -19.402, "2009-04-30": -9.529, "2009-01-31": -34.176, "2008-10-31": "-43.38400", "2008-07-31": -38.29, "2008-04-30": -21.425, "2008-01-31": -38.887, "2007-10-31": "-52.29000", "2007-07-31": -37.22, "2007-04-30": -19.954, "2007-01-31": -33.5, "2006-10-31": "-28.55800", "2006-07-31": -25.218, "2006-04-30": -8.571, "2006-01-31": -22.664, "2005-10-31": "-32.44800", "2005-07-31": -9.941, "2005-04-30": -19.452, "2005-01-31": -48.563}, "Net Change In Intangible Assets": {"2020-10-31": "", "2020-07-31": 0, "2020-04-30": 0, "2020-01-31": 0, "2019-10-31": "", "2019-07-31": 0, "2019-04-30": 0, "2019-01-31": 0, "2018-10-31": "", "2018-07-31": 0, "2018-04-30": 0, "2018-01-31": 0, "2017-10-31": "", "2017-07-31": 0, "2017-04-30": 0, "2017-01-31": 0, "2016-10-31": "", "2016-07-31": 0, "2016-04-30": 0, "2016-01-31": 0, "2015-10-31": "", "2015-07-31": 0, "2015-04-30": 0, "2015-01-31": 0, "2014-10-31": "", "2014-07-31": 0, "2014-04-30": 0, "2014-01-31": 0, "2013-10-31": "", "2013-07-31": 0, "2013-04-30": 0, "2013-01-31": 0, "2012-10-31": "", "2012-07-31": 0, "2012-04-30": 0, "2012-01-31": 0, "2011-10-31": "", "2011-07-31": 0, "2011-04-30": 0, "2011-01-31": 0, "2010-10-31": "", "2010-07-31": 0, "2010-04-30": 0, "2010-01-31": 0, "2009-10-31": "", "2009-07-31": 0, "2009-04-30": 0, "2009-01-31": 0, "2008-10-31": "", "2008-07-31": 0, "2008-04-30": 0, "2008-01-31": 0, "2007-10-31": "", "2007-07-31": 0, "2007-04-30": 0, "2007-01-31": 0, "2006-10-31": "", "2006-07-31": 0, "2006-04-30": 0, "2006-01-31": 0, "2005-10-31": "", "2005-07-31": 0, "2005-04-30": 0, "2005-01-31": 0}, "Net Acquisitions/Divestitures": {"2020-10-31": "", "2020-07-31": 0, "2020-04-30": 0, "2020-01-31": 0.026, "2019-10-31": "-327.58100", "2019-07-31": 0, "2019-04-30": -126.434, "2019-01-31": 0.268, "2018-10-31": "-292.87800", "2018-07-31": 0, "2018-04-30": 0, "2018-01-31": 0, "2017-10-31": "-1.35600", "2017-07-31": -34.696, "2017-04-30": 0, "2017-01-31": 0, "2016-10-31": "-512.34800", "2016-07-31": 0, "2016-04-30": -3.644, "2016-01-31": -19.443, "2015-10-31": "2.84200", "2015-07-31": -124.551, "2015-04-30": 0, "2015-01-31": 0, "2014-10-31": "-182.50000", "2014-07-31": 0, "2014-04-30": 0, "2014-01-31": 0, "2013-10-31": "", "2013-07-31": 11.09, "2013-04-30": 0, "2013-01-31": -19.958, "2012-10-31": "", "2012-07-31": 0, "2012-04-30": -23.821, "2012-01-31": 0.342, "2011-10-31": "", "2011-07-31": -1.816, "2011-04-30": 0, "2011-01-31": 0, "2010-10-31": "-60.52800", "2010-07-31": -15.87, "2010-04-30": 0, "2010-01-31": 0, "2009-10-31": "", "2009-07-31": 0, "2009-04-30": 0, "2009-01-31": -38.17, "2008-10-31": "", "2008-07-31": 0, "2008-04-30": 0, "2008-01-31": 0, "2007-10-31": "", "2007-07-31": 0, "2007-04-30": 3.544, "2007-01-31": 0, "2006-10-31": "", "2006-07-31": 0, "2006-04-30": 0, "2006-01-31": 30.712, "2005-10-31": "", "2005-07-31": 95.663, "2005-04-30": 0, "2005-01-31": 12.736}, "Net Change In Short-term Investments": {"2020-10-31": "", "2020-07-31": 0, "2020-04-30": 0, "2020-01-31": 0, "2019-10-31": "", "2019-07-31": 0, "2019-04-30": 0, "2019-01-31": 0, "2018-10-31": "", "2018-07-31": 0, "2018-04-30": 0, "2018-01-31": 0, "2017-10-31": "", "2017-07-31": 0, "2017-04-30": 0, "2017-01-31": 0, "2016-10-31": "", "2016-07-31": 0, "2016-04-30": 0, "2016-01-31": 0, "2015-10-31": "", "2015-07-31": 0, "2015-04-30": 0, "2015-01-31": 0, "2014-10-31": "", "2014-07-31": 0, "2014-04-30": 0, "2014-01-31": 0, "2013-10-31": "", "2013-07-31": 0, "2013-04-30": 0, "2013-01-31": 0, "2012-10-31": "", "2012-07-31": 0, "2012-04-30": 0, "2012-01-31": 0, "2011-10-31": "", "2011-07-31": 0, "2011-04-30": 0, "2011-01-31": 0, "2010-10-31": "", "2010-07-31": 0, "2010-04-30": 0, "2010-01-31": 0, "2009-10-31": "", "2009-07-31": 0, "2009-04-30": 0, "2009-01-31": 0, "2008-10-31": "", "2008-07-31": 0, "2008-04-30": 0, "2008-01-31": 0, "2007-10-31": "", "2007-07-31": 0, "2007-04-30": 0, "2007-01-31": 0, "2006-10-31": "", "2006-07-31": 0, "2006-04-30": 0, "2006-01-31": 0, "2005-10-31": "", "2005-07-31": 0, "2005-04-30": 0, "2005-01-31": 0}, "Net Change In Long-Term Investments": {"2020-10-31": "", "2020-07-31": 0, "2020-04-30": 0, "2020-01-31": 0, "2019-10-31": "", "2019-07-31": 0, "2019-04-30": 0, "2019-01-31": 0, "2018-10-31": "", "2018-07-31": 0, "2018-04-30": 0, "2018-01-31": 0, "2017-10-31": "", "2017-07-31": 0, "2017-04-30": 0, "2017-01-31": 0, "2016-10-31": "", "2016-07-31": 0, "2016-04-30": 0, "2016-01-31": 0, "2015-10-31": "", "2015-07-31": 0, "2015-04-30": 0, "2015-01-31": 0, "2014-10-31": "", "2014-07-31": 0, "2014-04-30": 0, "2014-01-31": 0, "2013-10-31": "", "2013-07-31": 0, "2013-04-30": 0, "2013-01-31": 0, "2012-10-31": "", "2012-07-31": 0, "2012-04-30": 0, "2012-01-31": 0, "2011-10-31": "", "2011-07-31": 0, "2011-04-30": 0, "2011-01-31": 0, "2010-10-31": "", "2010-07-31": 0, "2010-04-30": 0, "2010-01-31": 0, "2009-10-31": "", "2009-07-31": 0, "2009-04-30": 0, "2009-01-31": 0, "2008-10-31": "", "2008-07-31": 0, "2008-04-30": 0, "2008-01-31": 0, "2007-10-31": "", "2007-07-31": 0, "2007-04-30": 0, "2007-01-31": 0, "2006-10-31": "", "2006-07-31": 88.366, "2006-04-30": -23.461, "2006-01-31": -26.793, "2005-10-31": "-38.11200", "2005-07-31": 40.377, "2005-04-30": -7.962, "2005-01-31": -25.827}, "Net Change In Investments - Total": {"2020-10-31": "", "2020-07-31": 0, "2020-04-30": 0, "2020-01-31": 0, "2019-10-31": "", "2019-07-31": 0, "2019-04-30": 0, "2019-01-31": 0, "2018-10-31": "", "2018-07-31": 0, "2018-04-30": 0, "2018-01-31": 0, "2017-10-31": "", "2017-07-31": 0, "2017-04-30": 0, "2017-01-31": 0, "2016-10-31": "", "2016-07-31": 0, "2016-04-30": 0, "2016-01-31": 0, "2015-10-31": "", "2015-07-31": 0, "2015-04-30": 0, "2015-01-31": 0, "2014-10-31": "", "2014-07-31": 0, "2014-04-30": 0, "2014-01-31": 0, "2013-10-31": "", "2013-07-31": 0, "2013-04-30": 0, "2013-01-31": 0, "2012-10-31": "", "2012-07-31": 0, "2012-04-30": 0, "2012-01-31": 0, "2011-10-31": "", "2011-07-31": 0, "2011-04-30": 0, "2011-01-31": 0, "2010-10-31": "", "2010-07-31": 0, "2010-04-30": 0, "2010-01-31": 0, "2009-10-31": "", "2009-07-31": 0, "2009-04-30": 0, "2009-01-31": 0, "2008-10-31": "", "2008-07-31": 0, "2008-04-30": 0, "2008-01-31": 0, "2007-10-31": "", "2007-07-31": 0, "2007-04-30": 0, "2007-01-31": 0, "2006-10-31": "", "2006-07-31": 88.366, "2006-04-30": -23.461, "2006-01-31": -26.793, "2005-10-31": "-38.11200", "2005-07-31": 40.377, "2005-04-30": -7.962, "2005-01-31": -25.827}, "Investing Activities - Other": {"2020-10-31": "0.89400", "2020-07-31": 0.301, "2020-04-30": 3.252, "2020-01-31": 0.149, "2019-10-31": "3.44800", "2019-07-31": 1.759, "2019-04-30": 11.469, "2019-01-31": 1.721, "2018-10-31": "0.09600", "2018-07-31": 0.3, "2018-04-30": 0.13, "2018-01-31": 1.805, "2017-10-31": "5.15300", "2017-07-31": 0.581, "2017-04-30": 0.272, "2017-01-31": 5.733, "2016-10-31": "8.23000", "2016-07-31": 4.586, "2016-04-30": 0.563, "2016-01-31": 0.136, "2015-10-31": "0.18100", "2015-07-31": 0.593, "2015-04-30": 2.57, "2015-01-31": 0.075, "2014-10-31": "0.62900", "2014-07-31": -0.521, "2014-04-30": 0.771, "2014-01-31": 0.049, "2013-10-31": "0.10000", "2013-07-31": -5.285, "2013-04-30": 0.615, "2013-01-31": -0.009, "2012-10-31": "0.25500", "2012-07-31": 1.094, "2012-04-30": -0.04, "2012-01-31": -0.768, "2011-10-31": "-0.13600", "2011-07-31": 0.161, "2011-04-30": -0.109, "2011-01-31": -0.33, "2010-10-31": "0.07400", "2010-07-31": -8.65, "2010-04-30": -7.681, "2010-01-31": -0.017, "2009-10-31": "8.70300", "2009-07-31": 0.391, "2009-04-30": 0.062, "2009-01-31": 2.165, "2008-10-31": "-2.58200", "2008-07-31": -0.186, "2008-04-30": -0.086, "2008-01-31": 2.506, "2007-10-31": "0.52300", "2007-07-31": -8.524, "2007-04-30": -8.288, "2007-01-31": 0.265, "2006-10-31": "0.08900", "2006-07-31": 0.615, "2006-04-30": -0.401, "2006-01-31": -0.065, "2005-10-31": "-3.95300", "2005-07-31": -11.323, "2005-04-30": 2.039, "2005-01-31": -0.464}, "Cash Flow From Investing Activities": {"2020-10-31": "-29.27400", "2020-07-31": -26.261, "2020-04-30": -20.732, "2020-01-31": -68.992, "2019-10-31": "-376.75400", "2019-07-31": -43.38, "2019-04-30": -148.33, "2019-01-31": -63.661, "2018-10-31": "-340.66300", "2018-07-31": -33.997, "2018-04-30": -18.817, "2018-01-31": -48.113, "2017-10-31": "-33.65200", "2017-07-31": -66.711, "2017-04-30": -18.128, "2017-01-31": -41.66, "2016-10-31": "-550.16100", "2016-07-31": -16.344, "2016-04-30": -14.151, "2016-01-31": -71.467, "2015-10-31": "-22.05400", "2015-07-31": -162.259, "2015-04-30": -8.993, "2015-01-31": -46.189, "2014-10-31": "-209.62700", "2014-07-31": -10.726, "2014-04-30": -13.558, "2014-01-31": -59.918, "2013-10-31": "-33.70400", "2013-07-31": -23.68, "2013-04-30": -6.559, "2013-01-31": -42.347, "2012-10-31": "-35.65200", "2012-07-31": -23.532, "2012-04-30": -38.674, "2012-01-31": -42.609, "2011-10-31": "-51.13900", "2011-07-31": -23.726, "2011-04-30": -11.791, "2011-01-31": -25.316, "2010-10-31": "-97.35500", "2010-07-31": -35.756, "2010-04-30": -20.237, "2010-01-31": -15.509, "2009-10-31": "-12.05000", "2009-07-31": -19.011, "2009-04-30": -9.467, "2009-01-31": -70.181, "2008-10-31": "-45.96600", "2008-07-31": -38.476, "2008-04-30": -21.511, "2008-01-31": -36.381, "2007-10-31": "-51.76700", "2007-07-31": -45.744, "2007-04-30": -24.698, "2007-01-31": -33.235, "2006-10-31": "-28.46900", "2006-07-31": 63.763, "2006-04-30": -32.433, "2006-01-31": -18.81, "2005-10-31": "-74.51300", "2005-07-31": 114.776, "2005-04-30": -25.375, "2005-01-31": -62.118}, "Net Long-Term Debt": {"2020-10-31": "-1.43800", "2020-07-31": 26.7172, "2020-04-30": 541.4979, "2020-01-31": -191.959, "2019-10-31": "310.09600", "2019-07-31": 214.976, "2019-04-30": -45.742, "2019-01-31": -143.068, "2018-10-31": "263.29200", "2018-07-31": 155.218, "2018-04-30": -102.176, "2018-01-31": -86.434, "2017-10-31": "30.46400", "2017-07-31": 55.313, "2017-04-30": -45.691, "2017-01-31": -159.719, "2016-10-31": "569.37500", "2016-07-31": 71.875, "2016-04-30": -67.625, "2016-01-31": -136.125, "2015-10-31": "12.50000", "2015-07-31": 221.013, "2015-04-30": -0.477, "2015-01-31": -183.283, "2014-10-31": "182.74700", "2014-07-31": -175.021, "2014-04-30": -0.977, "2014-01-31": 0, "2013-10-31": "", "2013-07-31": -0.022, "2013-04-30": -0.545, "2013-01-31": -0.444, "2012-10-31": "", "2012-07-31": -0.05, "2012-04-30": -0.619, "2012-01-31": -0.383, "2011-10-31": "", "2011-07-31": -44.093, "2011-04-30": 43.299, "2011-01-31": -20.369, "2010-10-31": "-16.69800", "2010-07-31": 34.937, "2010-04-30": -0.058, "2010-01-31": -0.047, "2009-10-31": "-0.17900", "2009-07-31": -0.059, "2009-04-30": -0.062, "2009-01-31": -0.063, "2008-10-31": "-64.56200", "2008-07-31": -92.762, "2008-04-30": -5.688, "2008-01-31": 43.121, "2007-10-31": "17.36000", "2007-07-31": 18.518, "2007-04-30": 23.258, "2007-01-31": 8.886, "2006-10-31": "12.19200", "2006-07-31": 9.936, "2006-04-30": -2.019, "2006-01-31": -7.28, "2005-10-31": "8.58400", "2005-07-31": -0.306, "2005-04-30": -26.124, "2005-01-31": -77.136}, "Net Current Debt": {"2020-10-31": "", "2020-07-31": 0, "2020-04-30": 0, "2020-01-31": 0, "2019-10-31": "", "2019-07-31": 0, "2019-04-30": 0, "2019-01-31": 0, "2018-10-31": "", "2018-07-31": 0, "2018-04-30": 0, "2018-01-31": 0, "2017-10-31": "", "2017-07-31": 0, "2017-04-30": 0, "2017-01-31": 0, "2016-10-31": "", "2016-07-31": 0, "2016-04-30": 0, "2016-01-31": 0, "2015-10-31": "", "2015-07-31": 0, "2015-04-30": 0, "2015-01-31": 0, "2014-10-31": "", "2014-07-31": 0, "2014-04-30": 0, "2014-01-31": 0, "2013-10-31": "", "2013-07-31": 0, "2013-04-30": 0, "2013-01-31": 0, "2012-10-31": "", "2012-07-31": 0, "2012-04-30": 0, "2012-01-31": 0, "2011-10-31": "", "2011-07-31": 0, "2011-04-30": 0, "2011-01-31": 0, "2010-10-31": "", "2010-07-31": 0, "2010-04-30": 0, "2010-01-31": 0, "2009-10-31": "", "2009-07-31": 0, "2009-04-30": 0, "2009-01-31": 0, "2008-10-31": "", "2008-07-31": 0, "2008-04-30": 0, "2008-01-31": 0, "2007-10-31": "", "2007-07-31": -13.422, "2007-04-30": 13.422, "2007-01-31": 0, "2006-10-31": "", "2006-07-31": 0, "2006-04-30": 0, "2006-01-31": 0, "2005-10-31": "", "2005-07-31": 0, "2005-04-30": 0, "2005-01-31": 0}, "Debt Issuance/Retirement Net - Total": {"2020-10-31": "-1.43800", "2020-07-31": 26.7172, "2020-04-30": 541.4979, "2020-01-31": -191.959, "2019-10-31": "310.09600", "2019-07-31": 214.976, "2019-04-30": -45.742, "2019-01-31": -143.068, "2018-10-31": "263.29200", "2018-07-31": 155.218, "2018-04-30": -102.176, "2018-01-31": -86.434, "2017-10-31": "30.46400", "2017-07-31": 55.313, "2017-04-30": -45.691, "2017-01-31": -159.719, "2016-10-31": "569.37500", "2016-07-31": 71.875, "2016-04-30": -67.625, "2016-01-31": -136.125, "2015-10-31": "12.50000", "2015-07-31": 221.013, "2015-04-30": -0.477, "2015-01-31": -183.283, "2014-10-31": "182.74700", "2014-07-31": -175.021, "2014-04-30": -0.977, "2014-01-31": 0, "2013-10-31": "", "2013-07-31": -0.022, "2013-04-30": -0.545, "2013-01-31": -0.444, "2012-10-31": "", "2012-07-31": -0.05, "2012-04-30": -0.619, "2012-01-31": -0.383, "2011-10-31": "", "2011-07-31": -44.093, "2011-04-30": 43.299, "2011-01-31": -20.369, "2010-10-31": "-16.69800", "2010-07-31": 34.937, "2010-04-30": -0.058, "2010-01-31": -0.047, "2009-10-31": "-0.17900", "2009-07-31": -0.059, "2009-04-30": -0.062, "2009-01-31": -0.063, "2008-10-31": "-64.56200", "2008-07-31": -92.762, "2008-04-30": -5.688, "2008-01-31": 43.121, "2007-10-31": "17.36000", "2007-07-31": 5.096, "2007-04-30": 36.68, "2007-01-31": 8.886, "2006-10-31": "12.19200", "2006-07-31": 9.936, "2006-04-30": -2.019, "2006-01-31": -7.28, "2005-10-31": "8.58400", "2005-07-31": -0.306, "2005-04-30": -26.124, "2005-01-31": -77.136}, "Net Common Equity Issued/Repurchased": {"2020-10-31": "", "2020-07-31": 0, "2020-04-30": -24.978, "2020-01-31": 0, "2019-10-31": "-21.44400", "2019-07-31": 0, "2019-04-30": 0, "2019-01-31": -35, "2018-10-31": "-50.00000", "2018-07-31": 0, "2018-04-30": -25.8, "2018-01-31": 0, "2017-10-31": "", "2017-07-31": 0, "2017-04-30": -0.21, "2017-01-31": 0, "2016-10-31": "", "2016-07-31": 0, "2016-04-30": -13.787, "2016-01-31": 0, "2015-10-31": "-40.00000", "2015-07-31": 0, "2015-04-30": 0, "2015-01-31": 0, "2014-10-31": "", "2014-07-31": 0, "2014-04-30": 0, "2014-01-31": 0, "2013-10-31": "", "2013-07-31": 0, "2013-04-30": 0, "2013-01-31": 0, "2012-10-31": "", "2012-07-31": -22.496, "2012-04-30": 0, "2012-01-31": 0, "2011-10-31": "-7.86900", "2011-07-31": 0, "2011-04-30": 0, "2011-01-31": 0, "2010-10-31": "", "2010-07-31": -14.999, "2010-04-30": 0, "2010-01-31": 0, "2009-10-31": "", "2009-07-31": -7.495, "2009-04-30": 0, "2009-01-31": -7.46, "2008-10-31": "-7.41200", "2008-07-31": -58.747, "2008-04-30": -14.998, "2008-01-31": -14.172, "2007-10-31": "-11.69800", "2007-07-31": -9.594, "2007-04-30": 2.791, "2007-01-31": -3.028, "2006-10-31": "-5.17600", "2006-07-31": -8.226, "2006-04-30": 16.401, "2006-01-31": 16.133, "2005-10-31": "11.50200", "2005-07-31": 11.866, "2005-04-30": 6.671, "2005-01-31": 3.402}, "Net Total Equity Issued/Repurchased": {"2020-10-31": "", "2020-07-31": 0, "2020-04-30": -24.978, "2020-01-31": 0, "2019-10-31": "-21.44400", "2019-07-31": 0, "2019-04-30": 0, "2019-01-31": -35, "2018-10-31": "-50.00000", "2018-07-31": 0, "2018-04-30": -25.8, "2018-01-31": 0, "2017-10-31": "", "2017-07-31": 0, "2017-04-30": -0.21, "2017-01-31": 0, "2016-10-31": "", "2016-07-31": 0, "2016-04-30": -13.787, "2016-01-31": 0, "2015-10-31": "-40.00000", "2015-07-31": 0, "2015-04-30": 0, "2015-01-31": 0, "2014-10-31": "", "2014-07-31": 0, "2014-04-30": 0, "2014-01-31": 0, "2013-10-31": "", "2013-07-31": 0, "2013-04-30": 0, "2013-01-31": 0, "2012-10-31": "", "2012-07-31": -22.496, "2012-04-30": 0, "2012-01-31": 0, "2011-10-31": "-7.86900", "2011-07-31": 0, "2011-04-30": 0, "2011-01-31": 0, "2010-10-31": "", "2010-07-31": -14.999, "2010-04-30": 0, "2010-01-31": 0, "2009-10-31": "", "2009-07-31": -7.495, "2009-04-30": 0, "2009-01-31": -7.46, "2008-10-31": "-7.41200", "2008-07-31": -58.747, "2008-04-30": -14.998, "2008-01-31": -14.172, "2007-10-31": "-11.69800", "2007-07-31": -9.594, "2007-04-30": 2.791, "2007-01-31": -3.028, "2006-10-31": "-5.17600", "2006-07-31": -8.226, "2006-04-30": 16.401, "2006-01-31": 16.133, "2005-10-31": "11.50200", "2005-07-31": 11.866, "2005-04-30": 6.671, "2005-01-31": 3.402}, "Total Common And Preferred Stock Dividends Paid": {"2020-10-31": "", "2020-07-31": 0.002, "2020-04-30": -70.684, "2020-01-31": -70.959, "2019-10-31": "-71.09100", "2019-07-31": -71.001, "2019-04-30": -70.852, "2019-01-31": -59.167, "2018-10-31": "-59.54700", "2018-07-31": -59.48, "2018-04-30": -59.455, "2018-01-31": -42.623, "2017-10-31": "-42.60300", "2017-07-31": -42.2, "2017-04-30": -42.263, "2017-01-31": -32.382, "2016-10-31": "-29.39000", "2016-07-31": -29.305, "2016-04-30": -29.309, "2016-01-31": -22.567, "2015-10-31": "-22.65400", "2015-07-31": -22.728, "2015-04-30": -22.637, "2015-01-31": -15.08, "2014-10-31": "-15.06100", "2014-07-31": -15.023, "2014-04-30": -15.012, "2014-01-31": -7.497, "2013-10-31": "-7.48900", "2013-07-31": -7.457, "2013-04-30": -7.447, "2013-01-31": -6.729, "2012-10-31": "-6.72900", "2012-07-31": -6.69, "2012-04-30": -6.758, "2012-01-31": -5.372, "2011-10-31": "-5.42900", "2011-07-31": -5.411, "2011-04-30": 0, "2011-01-31": 0, "2010-10-31": "", "2010-07-31": 0, "2010-04-30": 0, "2010-01-31": 0, "2009-10-31": "", "2009-07-31": 0, "2009-04-30": 0, "2009-01-31": 0, "2008-10-31": "", "2008-07-31": 0, "2008-04-30": 0, "2008-01-31": 0, "2007-10-31": "", "2007-07-31": 0, "2007-04-30": 0, "2007-01-31": 0, "2006-10-31": "", "2006-07-31": 0, "2006-04-30": 0, "2006-01-31": 0, "2005-10-31": "", "2005-07-31": 0, "2005-04-30": 0, "2005-01-31": 0}, "Financial Activities - Other": {"2020-10-31": "-11.24600", "2020-07-31": -21.86, "2020-04-30": -4.626, "2020-01-31": -5.358, "2019-10-31": "-19.12100", "2019-07-31": -18.888, "2019-04-30": -3.04, "2019-01-31": -3.671, "2018-10-31": "-17.85000", "2018-07-31": -32.51, "2018-04-30": -4.364, "2018-01-31": -4.483, "2017-10-31": "-76.46900", "2017-07-31": -2.249, "2017-04-30": -2.393, "2017-01-31": -4.506, "2016-10-31": "-8.06800", "2016-07-31": -8.934, "2016-04-30": 0.831, "2016-01-31": 1.092, "2015-10-31": "2.57600", "2015-07-31": -34.284, "2015-04-30": 0.448, "2015-01-31": 1.681, "2014-10-31": "2.91200", "2014-07-31": -1.925, "2014-04-30": 0.111, "2014-01-31": 0.176, "2013-10-31": "0.44500", "2013-07-31": 0.805, "2013-04-30": 0.056, "2013-01-31": 1.018, "2012-10-31": "5.70400", "2012-07-31": 0.366, "2012-04-30": 0.867, "2012-01-31": 0.214, "2011-10-31": "0.69700", "2011-07-31": -1.165, "2011-04-30": -7.803, "2011-01-31": -2.174, "2010-10-31": "0.71300", "2010-07-31": 0.177, "2010-04-30": -29.146, "2010-01-31": 1.463, "2009-10-31": "0.90100", "2009-07-31": -0.939, "2009-04-30": -0.453, "2009-01-31": -1.537, "2008-10-31": "7.34400", "2008-07-31": -0.655, "2008-04-30": -4.592, "2008-01-31": 4.791, "2007-10-31": "0.70500", "2007-07-31": 10.491, "2007-04-30": -9.192, "2007-01-31": 3.853, "2006-10-31": "-0.27000", "2006-07-31": 0.247, "2006-04-30": 5.334, "2006-01-31": 3.298, "2005-10-31": "-0.37900", "2005-07-31": -0.325, "2005-04-30": -1.177, "2005-01-31": -2.079}, "Cash Flow From Financial Activities": {"2020-10-31": "-12.68400", "2020-07-31": 4.859, "2020-04-30": 441.21, "2020-01-31": -268.276, "2019-10-31": "198.44000", "2019-07-31": 125.087, "2019-04-30": -119.634, "2019-01-31": -240.906, "2018-10-31": "135.89500", "2018-07-31": 63.228, "2018-04-30": -191.795, "2018-01-31": -133.54, "2017-10-31": "-88.60800", "2017-07-31": 10.864, "2017-04-30": -90.557, "2017-01-31": -196.607, "2016-10-31": "531.91700", "2016-07-31": 33.636, "2016-04-30": -109.89, "2016-01-31": -157.6, "2015-10-31": "-47.57800", "2015-07-31": 164.001, "2015-04-30": -22.666, "2015-01-31": -196.682, "2014-10-31": "170.59800", "2014-07-31": -191.969, "2014-04-30": -15.878, "2014-01-31": -7.321, "2013-10-31": "-7.04400", "2013-07-31": -6.674, "2013-04-30": -7.936, "2013-01-31": -6.155, "2012-10-31": "-1.02500", "2012-07-31": -28.87, "2012-04-30": -6.51, "2012-01-31": -5.541, "2011-10-31": "-12.60100", "2011-07-31": -50.669, "2011-04-30": 35.496, "2011-01-31": -22.543, "2010-10-31": "-15.98500", "2010-07-31": 20.115, "2010-04-30": -29.204, "2010-01-31": 1.416, "2009-10-31": "0.72200", "2009-07-31": -8.493, "2009-04-30": -0.515, "2009-01-31": -9.06, "2008-10-31": "-64.63000", "2008-07-31": -152.164, "2008-04-30": -25.278, "2008-01-31": 33.74, "2007-10-31": "6.36700", "2007-07-31": 5.993, "2007-04-30": 30.279, "2007-01-31": 9.711, "2006-10-31": "6.74600", "2006-07-31": 1.957, "2006-04-30": 19.716, "2006-01-31": 12.151, "2005-10-31": "19.70700", "2005-07-31": 11.235, "2005-04-30": -20.63, "2005-01-31": -75.813}, "Net Cash Flow": {"2020-10-31": "70.28900", "2020-07-31": -91.029, "2020-04-30": 352.667, "2020-01-31": -9.905, "2019-10-31": "31.96400", "2019-07-31": 49.877, "2019-04-30": -110.811, "2019-01-31": 26.287, "2018-10-31": "-32.00400", "2018-07-31": -3.984, "2018-04-30": -70.002, "2018-01-31": 102.02, "2017-10-31": "29.34400", "2017-07-31": -74.202, "2017-04-30": 54.909, "2017-01-31": 34.158, "2016-10-31": "38.85400", "2016-07-31": -0.668, "2016-04-30": 23.197, "2016-01-31": 5.762, "2015-10-31": "4.14700", "2015-07-31": -89.755, "2015-04-30": 88.636, "2015-01-31": 6.738, "2014-10-31": "-14.56600", "2014-07-31": -263.025, "2014-04-30": 102.155, "2014-01-31": 91.051, "2013-10-31": "-24.37900", "2013-07-31": -99.131, "2013-04-30": 101.156, "2013-01-31": 92.594, "2012-10-31": "-2.06800", "2012-07-31": -101.057, "2012-04-30": 51.468, "2012-01-31": 50.904, "2011-10-31": "-25.40500", "2011-07-31": -98.453, "2011-04-30": 71.345, "2011-01-31": 77.673, "2010-10-31": "4.83300", "2010-07-31": -36.402, "2010-04-30": -6.861, "2010-01-31": 44.989, "2009-10-31": "-56.27900", "2009-07-31": -101.239, "2009-04-30": 31.365, "2009-01-31": 36.504, "2008-10-31": "-59.67700", "2008-07-31": -141.788, "2008-04-30": 29.7, "2008-01-31": 108.389, "2007-10-31": "-64.77500", "2007-07-31": -85.62, "2007-04-30": 61.573, "2007-01-31": 137.555, "2006-10-31": "-74.48300", "2006-07-31": -48.322, "2006-04-30": 64.575, "2006-01-31": 116.849, "2005-10-31": "-77.88800", "2005-07-31": 95.512, "2005-04-30": 21.951, "2005-01-31": -27.211}, "Stock-Based Compensation": {"2020-10-31": "5.75400", "2020-07-31": 4.894, "2020-04-30": 5.338, "2020-01-31": 5.538, "2019-10-31": "5.25100", "2019-07-31": 5.07, "2019-04-30": 4.886, "2019-01-31": 5.147, "2018-10-31": "4.75300", "2018-07-31": 4.984, "2018-04-30": 4.644, "2018-01-31": 4.891, "2017-10-31": "4.52100", "2017-07-31": 4.727, "2017-04-30": 12.115, "2017-01-31": -3.104, "2016-10-31": "4.57700", "2016-07-31": 4.36, "2016-04-30": 4.275, "2016-01-31": 4.3, "2015-10-31": "4.09000", "2015-07-31": 4.035, "2015-04-30": 3.492, "2015-01-31": 4.025, "2014-10-31": "4.20100", "2014-07-31": 3.685, "2014-04-30": 3.485, "2014-01-31": 3.562, "2013-10-31": "3.49200", "2013-07-31": 2.805, "2013-04-30": 2.913, "2013-01-31": 3.159, "2012-10-31": "3.47200", "2012-07-31": 2.65, "2012-04-30": 2.529, "2012-01-31": 2.788, "2011-10-31": "4.03200", "2011-07-31": 3.155, "2011-04-30": 2.901, "2011-01-31": 3.147, "2010-10-31": "3.29000", "2010-07-31": 2.864, "2010-04-30": 2.611, "2010-01-31": 2.904, "2009-10-31": "3.46400", "2009-07-31": 2.947, "2009-04-30": 2.552, "2009-01-31": 2.675, "2008-10-31": "2.56700", "2008-07-31": 2.22, "2008-04-30": 2.137, "2008-01-31": 1.811, "2007-10-31": "2.24600", "2007-07-31": 2.183, "2007-04-30": 1.091, "2007-01-31": 1.764, "2006-10-31": "1.96000", "2006-07-31": 6.523, "2006-04-30": 0, "2006-01-31": 0, "2005-10-31": "", "2005-07-31": 0.874, "2005-04-30": 0, "2005-01-31": 0}, "Common Stock Dividends Paid": {"2020-10-31": "0.00000", "2020-07-31": 0.002, "2020-04-30": -70.684, "2020-01-31": -70.959, "2019-10-31": "-71.09100", "2019-07-31": -71.001, "2019-04-30": -70.852, "2019-01-31": -59.167, "2018-10-31": "-59.54700", "2018-07-31": -59.48, "2018-04-30": -59.455, "2018-01-31": -42.623, "2017-10-31": "-42.60300", "2017-07-31": -42.2, "2017-04-30": -42.263, "2017-01-31": -32.382, "2016-10-31": "-29.39000", "2016-07-31": -29.305, "2016-04-30": -29.309, "2016-01-31": -22.567, "2015-10-31": "-22.65400", "2015-07-31": -22.728, "2015-04-30": -22.637, "2015-01-31": -15.08, "2014-10-31": "-15.06100", "2014-07-31": -15.023, "2014-04-30": -15.012, "2014-01-31": -7.497, "2013-10-31": "-7.48900", "2013-07-31": -7.457, "2013-04-30": -7.447, "2013-01-31": -6.729, "2012-10-31": "-6.72900", "2012-07-31": -6.69, "2012-04-30": -6.758, "2012-01-31": -5.372, "2011-10-31": "-5.42900", "2011-07-31": -5.411, "2011-04-30": 0, "2011-01-31": 0, "2010-10-31": "0.00000", "2010-07-31": 0, "2010-04-30": 0, "2010-01-31": 0, "2009-10-31": "", "2009-07-31": 0, "2009-04-30": 0, "2009-01-31": 0, "2008-10-31": "", "2008-07-31": 0, "2008-04-30": 0, "2008-01-31": 0, "2007-10-31": "", "2007-07-31": 0, "2007-04-30": 0, "2007-01-31": 0, "2006-10-31": "", "2006-07-31": 0, "2006-04-30": 0, "2006-01-31": 0, "2005-10-31": "", "2005-07-31": 0, "2005-04-30": 0, "2005-01-31": 0}}, "financial ratios": {"Current Ratio": {"2020-07-31": "1.10210", "2019-07-31": "0.73410", "2018-07-31": "0.90750", "2017-07-31": "0.71630", "2016-07-31": "0.63750", "2015-07-31": "0.72280", "2014-07-31": "0.84840", "2013-07-31": "1.09620", "2012-07-31": "0.93230", "2011-07-31": "1.01000", "2010-07-31": "0.58890", "2009-07-31": "0.91100", "2008-07-31": "0.97790", "2007-07-31": "1.28800", "2006-07-31": "1.28240", "2005-07-31": "1.26090"}, "Long-term Debt / Capital": {"2020-07-31": "0.60910", "2019-07-31": "0.46940", "2018-07-31": "0.40520", "2017-07-31": "0.40690", "2016-07-31": "0.43600", "2015-07-31": "0.47740", "2014-07-31": "0.42840", "2013-07-31": "0.48720", "2012-07-31": "0.37500", "2011-07-31": "0.36770", "2010-07-31": "0.39540", "2009-07-31": "0.38640", "2008-07-31": "0.42620", "2007-07-31": "0.45400", "2006-07-31": "0.44970", "2005-07-31": "0.49020"}, "Debt/Equity Ratio": {"2020-07-31": "1.60010", "2019-07-31": "0.91280", "2018-07-31": "0.70250", "2017-07-31": "0.70730", "2016-07-31": "0.78820", "2015-07-31": "0.92500", "2014-07-31": "0.75060", "2013-07-31": "0.95110", "2012-07-31": "0.60120", "2011-07-31": "0.58280", "2010-07-31": "0.65640", "2009-07-31": "0.63010", "2008-07-31": "0.76390", "2007-07-31": "0.83200", "2006-07-31": "0.82650", "2005-07-31": "0.96520"}, "Gross Margin": {"2020-07-31": "39.51810", "2019-07-31": "42.88880", "2018-07-31": "43.11770", "2017-07-31": "43.05620", "2016-07-31": "41.07830", "2015-07-31": "37.23380", "2014-07-31": "20.76060", "2013-07-31": "20.00260", "2012-07-31": "18.38900", "2011-07-31": "18.46930", "2010-07-31": "19.49870", "2009-07-31": "21.34820", "2008-07-31": "23.48850", "2007-07-31": "23.21930", "2006-07-31": "23.40900", "2005-07-31": "22.51580"}, "Operating Margin": {"2020-07-31": "11.37590", "2019-07-31": "20.96650", "2018-07-31": "20.32350", "2017-07-31": "19.88530", "2016-07-31": "17.67200", "2015-07-31": "15.03750", "2014-07-31": "9.34630", "2013-07-31": "8.65040", "2012-07-31": "5.79180", "2011-07-31": "8.09500", "2010-07-31": "7.74570", "2009-07-31": "10.56740", "2008-07-31": "15.27610", "2007-07-31": "13.63120", "2006-07-31": "12.55750", "2005-07-31": "10.90500"}, "EBIT Margin": {"2020-07-31": "11.37590", "2019-07-31": "20.96650", "2018-07-31": "20.32350", "2017-07-31": "19.88530", "2016-07-31": "17.67200", "2015-07-31": "15.03750", "2014-07-31": "9.34630", "2013-07-31": "8.65040", "2012-07-31": "5.79180", "2011-07-31": "8.09500", "2010-07-31": "7.74570", "2009-07-31": "10.56740", "2008-07-31": "15.27610", "2007-07-31": "13.63120", "2006-07-31": "12.55750", "2005-07-31": "10.90500"}, "EBITDA Margin": {"2020-07-31": "24.08510", "2019-07-31": "30.56850", "2018-07-31": "30.48780", "2017-07-31": "29.80330", "2016-07-31": "27.75690", "2015-07-31": "25.68970", "2014-07-31": "20.55270", "2013-07-31": "20.48910", "2012-07-31": "18.24610", "2011-07-31": "18.20230", "2010-07-31": "20.11020", "2009-07-31": "21.24220", "2008-07-31": "23.41690", "2007-07-31": "22.95180", "2006-07-31": "22.82130", "2005-07-31": "22.01230"}, "Pre-Tax Profit Margin": {"2020-07-31": "5.92930", "2019-07-31": "17.56340", "2018-07-31": "16.90690", "2017-07-31": "18.27000", "2016-07-31": "15.15150", "2015-07-31": "10.66690", "2014-07-31": "3.51270", "2013-07-31": "5.28450", "2012-07-31": "2.64470", "2011-07-31": "4.75730", "2010-07-31": "6.01220", "2009-07-31": "8.08440", "2008-07-31": "14.83590", "2007-07-31": "10.70150", "2006-07-31": "8.94200", "2005-07-31": "4.64490"}, "Net Profit Margin": {"2020-07-31": "5.03300", "2019-07-31": "13.25790", "2018-07-31": "18.88580", "2017-07-31": "11.03980", "2016-07-31": "9.35210", "2015-07-31": "8.19720", "2014-07-31": "2.26980", "2013-07-31": "3.36750", "2012-07-31": "1.60610", "2011-07-31": "2.95520", "2010-07-31": "3.39570", "2009-07-31": "4.87380", "2008-07-31": "8.93340", "2007-07-31": "6.52790", "2006-07-31": "5.45460", "2005-07-31": "2.85660"}, "Asset Turnover": {"2020-07-31": "0.37450", "2019-07-31": "0.51320", "2018-07-31": "0.49480", "2017-07-31": "0.46400", "2016-07-31": "0.64520", "2015-07-31": "0.56280", "2014-07-31": "0.57720", "2013-07-31": "0.48560", "2012-07-31": "0.53140", "2011-07-31": "0.59960", "2010-07-31": "0.46540", "2009-07-31": "0.53300", "2008-07-31": "0.59820", "2007-07-31": "0.49270", "2006-07-31": "0.49710", "2005-07-31": "0.53080"}, "Inventory Turnover Ratio": {"2020-07-31": "11.66040", "2019-07-31": "13.43830", "2018-07-31": "13.36890", "2017-07-31": "12.80500", "2016-07-31": "12.64940", "2015-07-31": "11.95730", "2014-07-31": "14.79800", "2013-07-31": "13.12410", "2012-07-31": "12.69140", "2011-07-31": "17.61810", "2010-07-31": "14.91520", "2009-07-31": "16.13870", "2008-07-31": "17.73420", "2007-07-31": "15.02480", "2006-07-31": "15.19670", "2005-07-31": "17.39600"}, "Receiveable Turnover": {"2020-07-31": "18.41020", "2019-07-31": "8.38540", "2018-07-31": "8.71450", "2017-07-31": "10.20380", "2016-07-31": "10.88470", "2015-07-31": "12.28110", "2014-07-31": "13.07240", "2013-07-31": "14.18070", "2012-07-31": "15.58180", "2011-07-31": "19.93960", "2010-07-31": "16.68720", "2009-07-31": "17.29760", "2008-07-31": "22.95820", "2007-07-31": "21.59320", "2006-07-31": "23.33450", "2005-07-31": "24.44430"}, "Days Sales In Receivables": {"2020-07-31": "19.82600", "2019-07-31": "43.52800", "2018-07-31": "41.88440", "2017-07-31": "35.77110", "2016-07-31": "33.53320", "2015-07-31": "29.72040", "2014-07-31": "27.92150", "2013-07-31": "25.73930", "2012-07-31": "23.42480", "2011-07-31": "18.30530", "2010-07-31": "21.87300", "2009-07-31": "21.10110", "2008-07-31": "15.89850", "2007-07-31": "16.90350", "2006-07-31": "15.64210", "2005-07-31": "14.93190"}, "ROE - Return On Equity": {"2020-07-31": "7.12000", "2019-07-31": "18.73320", "2018-07-31": "22.14710", "2017-07-31": "12.88070", "2016-07-31": "16.82160", "2015-07-31": "13.01520", "2014-07-31": "3.37880", "2013-07-31": "4.48880", "2012-07-31": "2.00790", "2011-07-31": "4.07980", "2010-07-31": "4.45860", "2009-07-31": "6.47520", "2008-07-31": "14.79880", "2007-07-31": "8.59860", "2006-07-31": "7.11850", "2005-07-31": "4.28060"}, "Return On Tangible Equity": {"2020-07-31": "-22.15980", "2019-07-31": "-172.49380", "2018-07-31": "724.17940", "2017-07-31": "-1474.37900", "2016-07-31": "62.42280", "2015-07-31": "48.56280", "2014-07-31": "8.31720", "2013-07-31": "11.23270", "2012-07-31": "3.60650", "2011-07-31": "7.10370", "2010-07-31": "6.72430", "2009-07-31": "9.47860", "2008-07-31": "20.98420", "2007-07-31": "12.30810", "2006-07-31": "10.59520", "2005-07-31": "7.05320"}, "ROA - Return On Assets": {"2020-07-31": "2.07950", "2019-07-31": "7.30880", "2018-07-31": "9.87040", "2017-07-31": "5.63690", "2016-07-31": "6.02150", "2015-07-31": "4.60780", "2014-07-31": "1.29750", "2013-07-31": "1.62930", "2012-07-31": "0.85030", "2011-07-31": "1.76860", "2010-07-31": "1.86060", "2009-07-31": "2.68250", "2008-07-31": "5.59970", "2007-07-31": "3.21600", "2006-07-31": "2.71120", "2005-07-31": "1.51630"}, "ROI - Return On Investment": {"2020-07-31": "2.78290", "2019-07-31": "9.93960", "2018-07-31": "13.17260", "2017-07-31": "7.63990", "2016-07-31": "9.48690", "2015-07-31": "6.80210", "2014-07-31": "1.93140", "2013-07-31": "2.30200", "2012-07-31": "1.25500", "2011-07-31": "2.57960", "2010-07-31": "2.69550", "2009-07-31": "3.97320", "2008-07-31": "8.49120", "2007-07-31": "4.69480", "2006-07-31": "3.91720", "2005-07-31": "2.18230"}, "Book Value Per Share": {"2020-07-31": "38.11160", "2019-07-31": "42.86560", "2018-07-31": "44.76670", "2017-07-31": "44.96050", "2016-07-31": "24.55750", "2015-07-31": "24.11640", "2014-07-31": "23.05820", "2013-07-31": "23.30330", "2012-07-31": "22.94220", "2011-07-31": "23.39120", "2010-07-31": "22.34500", "2009-07-31": "21.58380", "2008-07-31": "19.73770", "2007-07-31": "18.27400", "2006-07-31": "16.46630", "2005-07-31": "14.77020"}, "Operating Cash Flow Per Share": {"2020-07-31": -5.7386, "2019-07-31": 2.2306, "2018-07-31": 1.5113, "2017-07-31": -0.0436, "2016-07-31": 3.5935, "2015-07-31": 1.4828, "2014-07-31": 0.58, "2013-07-31": 0.9991, "2012-07-31": -2.2163, "2011-07-31": 6.2936, "2010-07-31": -2.6827, "2009-07-31": -1.912, "2008-07-31": 2.5653, "2007-07-31": 1.3571, "2006-07-31": -2.4243, "2005-07-31": 4.0753}, "Free Cash Flow Per Share": {"2020-07-31": -5.2927, "2019-07-31": 0.9435, "2018-07-31": 1.7106, "2017-07-31": -0.694, "2016-07-31": 3.9777, "2015-07-31": 1.3635, "2014-07-31": -0.0278, "2013-07-31": 2.0308, "2012-07-31": -3.2306, "2011-07-31": 5.326, "2010-07-31": -1.4134, "2009-07-31": -0.9402, "2008-07-31": 1.7179, "2007-07-31": 0.634, "2006-07-31": -2.5854, "2005-07-31": 1.9313}}, "financial ratios, quarterly": {"Current Ratio": {"2020-10-31": "0.88570", "2020-07-31": "1.10210", "2020-04-30": "1.35200", "2020-01-31": "0.45060", "2019-10-31": "0.44090", "2019-07-31": "0.73410", "2019-04-30": "0.75930", "2019-01-31": "0.54510", "2018-10-31": "0.49720", "2018-07-31": "0.90750", "2018-04-30": "1.04390", "2018-01-31": "0.72940", "2017-10-31": "0.55760", "2017-07-31": "0.71630", "2017-04-30": "1.01700", "2017-01-31": "0.59250", "2016-10-31": "0.50740", "2016-07-31": "0.63750", "2016-04-30": "0.93220", "2016-01-31": "0.56170", "2015-10-31": "0.50210", "2015-07-31": "0.72280", "2015-04-30": "0.63150", "2015-01-31": "0.54810", "2014-10-31": "0.54860", "2014-07-31": "0.84840", "2014-04-30": "1.70470", "2014-01-31": "0.98340", "2013-10-31": "0.75770", "2013-07-31": "1.09620", "2013-04-30": "1.67330", "2013-01-31": "0.96680", "2012-10-31": "0.66070", "2012-07-31": "0.93230", "2012-04-30": "1.38350", "2012-01-31": "0.86890", "2011-10-31": "0.65710", "2011-07-31": "1.01000", "2011-04-30": "1.42570", "2011-01-31": "0.80060", "2010-10-31": "0.52520", "2010-07-31": "0.58890", "2010-04-30": "0.74850", "2010-01-31": "0.63200", "2009-10-31": "0.50580", "2009-07-31": "0.91100", "2009-04-30": "1.21860", "2009-01-31": "0.88040", "2008-10-31": "0.71310", "2008-07-31": "0.97790", "2008-04-30": "1.18240", "2008-01-31": "0.88100", "2007-10-31": "0.72920", "2007-07-31": "1.28800", "2007-04-30": "1.86940", "2007-01-31": "1.31370", "2006-10-31": "0.91900", "2006-07-31": "1.28240", "2006-04-30": "1.78880", "2006-01-31": "1.06440", "2005-10-31": "0.83450", "2005-07-31": "1.26090", "2005-04-30": "0.79440", "2005-01-31": "0.55670"}, "Long-term Debt / Capital": {"2020-10-31": "0.63450", "2020-07-31": "0.60910", "2020-04-30": "0.59200", "2020-01-31": "0.52410", "2019-10-31": "0.56840", "2019-07-31": "0.46940", "2019-04-30": "0.40910", "2019-01-31": "0.44420", "2018-10-31": "0.48970", "2018-07-31": "0.40520", "2018-04-30": "0.34980", "2018-01-31": "0.38600", "2017-10-31": "0.43960", "2017-07-31": "0.40690", "2017-04-30": "0.39510", "2017-01-31": "0.42000", "2016-10-31": "0.47330", "2016-07-31": "0.43600", "2016-04-30": "0.38520", "2016-01-31": "0.44310", "2015-10-31": "0.51850", "2015-07-31": "0.47740", "2015-04-30": "0.27980", "2015-01-31": "0.42370", "2014-10-31": "0.51920", "2014-07-31": "0.42840", "2014-04-30": "0.46460", "2014-01-31": "0.49510", "2013-10-31": "0.51240", "2013-07-31": "0.48720", "2013-04-30": "0.35150", "2013-01-31": "0.37670", "2012-10-31": "0.39420", "2012-07-31": "0.37500", "2012-04-30": "0.35320", "2012-01-31": "0.37380", "2011-10-31": "0.38680", "2011-07-31": "0.36770", "2011-04-30": "0.35280", "2011-01-31": "0.37620", "2010-10-31": "0.40230", "2010-07-31": "0.39540", "2010-04-30": "0.36370", "2010-01-31": "0.38520", "2009-10-31": "0.39890", "2009-07-31": "0.38640", "2009-04-30": "0.37280", "2009-01-31": "0.39620", "2008-10-31": "0.41850", "2008-07-31": "0.42620", "2008-04-30": "0.41950", "2008-01-31": "0.43470", "2007-10-31": "0.43960", "2007-07-31": "0.45400", "2007-04-30": "0.43630", "2007-01-31": "0.45600", "2006-10-31": "0.47330", "2006-07-31": "0.44970", "2006-04-30": "0.43200", "2006-01-31": "0.46880", "2005-10-31": "0.50200", "2005-07-31": "0.49020", "2005-04-30": "0.48110", "2005-01-31": "0.52440"}, "Debt/Equity Ratio": {"2020-10-31": "1.78200", "2020-07-31": "1.60010", "2020-04-30": "1.48990", "2020-01-31": "1.13960", "2019-10-31": "1.35890", "2019-07-31": "0.91280", "2019-04-30": "0.71800", "2019-01-31": "0.82810", "2018-10-31": "0.99070", "2018-07-31": "0.70250", "2018-04-30": "0.55710", "2018-01-31": "0.64910", "2017-10-31": "0.80820", "2017-07-31": "0.70730", "2017-04-30": "0.67470", "2017-01-31": "0.74680", "2016-10-31": "0.92360", "2016-07-31": "0.78820", "2016-04-30": "0.64010", "2016-01-31": "0.81140", "2015-10-31": "1.09450", "2015-07-31": "0.92500", "2015-04-30": "0.65140", "2015-01-31": "0.73650", "2014-10-31": "1.08120", "2014-07-31": "0.75060", "2014-04-30": "0.86860", "2014-01-31": "0.98190", "2013-10-31": "1.05210", "2013-07-31": "0.95110", "2013-04-30": "0.54250", "2013-01-31": "0.60520", "2012-10-31": "0.65170", "2012-07-31": "0.60120", "2012-04-30": "0.54740", "2012-01-31": "0.59830", "2011-10-31": "0.63220", "2011-07-31": "0.58280", "2011-04-30": "0.59550", "2011-01-31": "0.60650", "2010-10-31": "0.67550", "2010-07-31": "0.65640", "2010-04-30": "0.57390", "2010-01-31": "0.62910", "2009-10-31": "0.66620", "2009-07-31": "0.63010", "2009-04-30": "0.59490", "2009-01-31": "0.65670", "2008-10-31": "0.72020", "2008-07-31": "0.76390", "2008-04-30": "0.81570", "2008-01-31": "0.90880", "2007-10-31": "0.89740", "2007-07-31": "0.83200", "2007-04-30": "0.77450", "2007-01-31": "0.83880", "2006-10-31": "0.89920", "2006-07-31": "0.82650", "2006-04-30": "0.76710", "2006-01-31": "0.89210", "2005-10-31": "1.01990", "2005-07-31": "0.96520", "2005-04-30": "0.93120", "2005-01-31": "1.10700"}, "Gross Margin": {"2020-10-31": "-31.06020", "2020-07-31": "-68.25770", "2020-04-30": "52.51960", "2020-01-31": "50.63130", "2019-10-31": "-1.48190", "2019-07-31": "1.31630", "2019-04-30": "57.13470", "2019-01-31": "51.09020", "2018-10-31": "-4.70630", "2018-07-31": "-1.19790", "2018-04-30": "57.90930", "2018-01-31": "51.54380", "2017-10-31": "0.99800", "2017-07-31": "-0.01620", "2017-04-30": "56.67560", "2017-01-31": "51.80010", "2016-10-31": "-2.69540", "2016-07-31": "88.37580", "2016-04-30": "47.10580", "2016-01-31": "40.23920", "2015-10-31": "-27.13510", "2015-07-31": "80.77150", "2015-04-30": "45.89920", "2015-01-31": "37.24240", "2014-10-31": "-56.96000", "2014-07-31": "-42.86060", "2014-04-30": "43.84870", "2014-01-31": "32.67870", "2013-10-31": "-54.71960", "2013-07-31": "-50.22220", "2013-04-30": "42.43130", "2013-01-31": "33.11910", "2012-10-31": "-50.38080", "2012-07-31": "-42.48830", "2012-04-30": "41.25940", "2012-01-31": "31.65730", "2011-10-31": "-47.54540", "2011-07-31": "-44.72500", "2011-04-30": "40.99060", "2011-01-31": "32.33030", "2010-10-31": "-15.18350", "2010-07-31": "-18.03190", "2010-04-30": "41.71740", "2010-01-31": "33.70810", "2009-10-31": "-53.86560", "2009-07-31": "-23.70040", "2009-04-30": "40.59220", "2009-01-31": "34.56900", "2008-10-31": "-16.17810", "2008-07-31": "3.43270", "2008-04-30": "41.74430", "2008-01-31": "32.12070", "2007-10-31": "-31.88270", "2007-07-31": "-34.47960", "2007-04-30": "43.33150", "2007-01-31": "33.24280", "2006-10-31": "-25.07620", "2006-07-31": "-17.09150", "2006-04-30": "43.95950", "2006-01-31": "34.05120", "2005-10-31": "-35.80080", "2005-07-31": "-15.12680", "2005-04-30": "41.44830", "2005-01-31": "31.92970"}, "Operating Margin": {"2020-10-31": "-124.41460", "2020-07-31": "-220.24160", "2020-04-30": "31.44160", "2020-01-31": "33.60590", "2019-10-31": "-50.61430", "2019-07-31": "-49.41770", "2019-04-30": "44.11310", "2019-01-31": "35.52920", "2018-10-31": "-57.99670", "2018-07-31": "-53.38680", "2018-04-30": "43.57390", "2018-01-31": "35.05990", "2017-10-31": "-46.96220", "2017-07-31": "-49.05070", "2017-04-30": "40.27950", "2017-01-31": "34.78750", "2016-10-31": "-50.77720", "2016-07-31": "-52.13140", "2016-04-30": "40.67820", "2016-01-31": "33.37940", "2015-10-31": "-49.65940", "2015-07-31": "-54.58840", "2015-04-30": "39.31210", "2015-01-31": "30.18860", "2014-10-31": "-69.25820", "2014-07-31": "-69.74270", "2014-04-30": "37.41200", "2014-01-31": "24.45110", "2013-10-31": "-82.74830", "2013-07-31": "-74.84350", "2013-04-30": "35.20230", "2013-01-31": "25.08290", "2012-10-31": "-77.60980", "2012-07-31": "-71.26660", "2012-04-30": "33.33910", "2012-01-31": "22.55850", "2011-10-31": "-72.50310", "2011-07-31": "-71.61660", "2011-04-30": "33.04660", "2011-01-31": "24.56620", "2010-10-31": "-26.64490", "2010-07-31": "-35.42860", "2010-04-30": "33.78210", "2010-01-31": "24.47090", "2009-10-31": "-80.12730", "2009-07-31": "-44.87020", "2009-04-30": "32.25950", "2009-01-31": "27.40330", "2008-10-31": "-32.71020", "2008-07-31": "-5.85080", "2008-04-30": "35.73960", "2008-01-31": "25.71300", "2007-10-31": "-53.33090", "2007-07-31": "-56.84820", "2007-04-30": "36.85740", "2007-01-31": "27.07470", "2006-10-31": "-44.81380", "2006-07-31": "-36.30990", "2006-04-30": "36.10110", "2006-01-31": "26.73740", "2005-10-31": "-58.39380", "2005-07-31": "-33.09480", "2005-04-30": "33.30970", "2005-01-31": "22.89970"}, "EBIT Margin": {"2020-10-31": "-124.41460", "2020-07-31": "-220.24150", "2020-04-30": "31.44160", "2020-01-31": "33.60590", "2019-10-31": "-50.61430", "2019-07-31": "-49.41770", "2019-04-30": "44.11310", "2019-01-31": "35.52920", "2018-10-31": "-57.99670", "2018-07-31": "-53.38680", "2018-04-30": "43.57390", "2018-01-31": "35.05990", "2017-10-31": "-46.96220", "2017-07-31": "-49.05070", "2017-04-30": "40.27950", "2017-01-31": "34.78750", "2016-10-31": "-50.77720", "2016-07-31": "-52.13140", "2016-04-30": "40.67820", "2016-01-31": "33.37940", "2015-10-31": "-49.65940", "2015-07-31": "-54.58850", "2015-04-30": "39.31210", "2015-01-31": "30.18860", "2014-10-31": "-69.25820", "2014-07-31": "-69.74270", "2014-04-30": "37.41200", "2014-01-31": "24.45110", "2013-10-31": "-82.74830", "2013-07-31": "-74.84350", "2013-04-30": "35.20230", "2013-01-31": "25.08290", "2012-10-31": "-77.60980", "2012-07-31": "-71.26660", "2012-04-30": "33.33910", "2012-01-31": "22.55850", "2011-10-31": "-72.50310", "2011-07-31": "-71.61660", "2011-04-30": "33.04660", "2011-01-31": "24.56620", "2010-10-31": "-26.64490", "2010-07-31": "-35.42860", "2010-04-30": "33.78210", "2010-01-31": "24.47090", "2009-10-31": "-80.12730", "2009-07-31": "-44.87020", "2009-04-30": "32.25950", "2009-01-31": "27.40330", "2008-10-31": "-32.71020", "2008-07-31": "-5.85080", "2008-04-30": "35.73960", "2008-01-31": "25.71300", "2007-10-31": "-53.33090", "2007-07-31": "-56.84820", "2007-04-30": "36.85740", "2007-01-31": "27.07470", "2006-10-31": "-44.81380", "2006-07-31": "-36.30990", "2006-04-30": "36.10110", "2006-01-31": "26.73740", "2005-10-31": "-58.39380", "2005-07-31": "-33.09480", "2005-04-30": "33.30970", "2005-01-31": "22.89970"}, "EBITDA Margin": {"2020-10-31": "", "2020-07-31": "", "2020-04-30": "", "2020-01-31": "", "2019-10-31": "", "2019-07-31": "", "2019-04-30": "", "2019-01-31": "", "2018-10-31": "", "2018-07-31": "", "2018-04-30": "", "2018-01-31": "", "2017-10-31": "", "2017-07-31": "", "2017-04-30": "", "2017-01-31": "", "2016-10-31": "", "2016-07-31": "", "2016-04-30": "", "2016-01-31": "", "2015-10-31": "", "2015-07-31": "", "2015-04-30": "", "2015-01-31": "", "2014-10-31": "", "2014-07-31": "", "2014-04-30": "", "2014-01-31": "", "2013-10-31": "", "2013-07-31": "", "2013-04-30": "", "2013-01-31": "", "2012-10-31": "", "2012-07-31": "", "2012-04-30": "", "2012-01-31": "", "2011-10-31": "", "2011-07-31": "", "2011-04-30": "", "2011-01-31": "", "2010-10-31": "", "2010-07-31": "", "2010-04-30": "", "2010-01-31": "", "2009-10-31": "", "2009-07-31": "", "2009-04-30": "", "2009-01-31": "", "2008-10-31": "", "2008-07-31": "", "2008-04-30": "", "2008-01-31": "", "2007-10-31": "", "2007-07-31": "", "2007-04-30": "", "2007-01-31": "", "2006-10-31": "", "2006-07-31": "", "2006-04-30": "", "2006-01-31": "", "2005-10-31": "", "2005-07-31": "", "2005-04-30": "", "2005-01-31": ""}, "Pre-Tax Profit Margin": {"2020-10-31": "-147.58700", "2020-07-31": "-256.15810", "2020-04-30": "26.83680", "2020-01-31": "30.75050", "2019-10-31": "-58.40540", "2019-07-31": "-56.45070", "2019-04-30": "41.95010", "2019-01-31": "33.18860", "2018-10-31": "-66.87650", "2018-07-31": "-61.90550", "2018-04-30": "40.75480", "2018-01-31": "34.34190", "2017-10-31": "-56.74940", "2017-07-31": "-46.12100", "2017-04-30": "37.43760", "2017-01-31": "33.71980", "2016-10-31": "-54.48460", "2016-07-31": "-57.66600", "2016-04-30": "39.12770", "2016-01-31": "31.57590", "2015-10-31": "-55.13300", "2015-07-31": "-67.31410", "2015-04-30": "36.93960", "2015-01-31": "27.63410", "2014-10-31": "-79.60350", "2014-07-31": "-88.94520", "2014-04-30": "34.53590", "2014-01-31": "20.88270", "2013-10-31": "-95.22900", "2013-07-31": "-86.91870", "2013-04-30": "33.51180", "2013-01-31": "23.10970", "2012-10-31": "-84.38850", "2012-07-31": "-78.58800", "2012-04-30": "31.40990", "2012-01-31": "20.40110", "2011-10-31": "-79.16010", "2011-07-31": "-80.01710", "2011-04-30": "29.58550", "2011-01-31": "22.46670", "2010-10-31": "-29.51360", "2010-07-31": "-38.31840", "2010-04-30": "33.01290", "2010-01-31": "23.22340", "2009-10-31": "-85.51460", "2009-07-31": "-49.82020", "2009-04-30": "30.32510", "2009-01-31": "25.91210", "2008-10-31": "-36.82660", "2008-07-31": "-4.81290", "2008-04-30": "33.40240", "2008-01-31": "23.07430", "2007-10-31": "-41.55610", "2007-07-31": "-58.29560", "2007-04-30": "34.83220", "2007-01-31": "24.07720", "2006-10-31": "-51.73310", "2006-07-31": "-41.32250", "2006-04-30": "32.81540", "2006-01-31": "24.48090", "2005-10-31": "-65.88150", "2005-07-31": "-49.35890", "2005-04-30": "29.19190", "2005-01-31": "19.81080"}, "Net Profit Margin": {"2020-10-31": "-116.67860", "2020-07-31": "-198.95100", "2020-04-30": "21.97790", "2020-01-31": "22.31900", "2019-10-31": "-39.76360", "2019-07-31": "-36.68970", "2019-04-30": "30.49460", "2019-01-31": "24.28840", "2018-10-31": "-48.99680", "2018-07-31": "-39.53000", "2018-04-30": "30.34400", "2018-01-31": "32.08540", "2017-10-31": "-12.85260", "2017-07-31": "-27.32640", "2017-04-30": "22.79130", "2017-01-31": "20.57080", "2016-10-31": "-35.10900", "2016-07-31": "-36.28620", "2016-04-30": "24.34580", "2016-01-31": "19.51770", "2015-10-31": "-34.13420", "2015-07-31": "-43.27560", "2015-04-30": "23.02780", "2015-01-31": "21.83210", "2014-10-31": "-50.11310", "2014-07-31": "-55.61750", "2014-04-30": "21.71930", "2014-01-31": "13.09040", "2013-10-31": "-59.46630", "2013-07-31": "-53.30840", "2013-04-30": "20.78810", "2013-01-31": "14.33330", "2012-10-31": "-52.06700", "2012-07-31": "-47.37900", "2012-04-30": "18.89350", "2012-01-31": "12.42570", "2011-10-31": "-47.87110", "2011-07-31": "-49.60380", "2011-04-30": "18.20990", "2011-01-31": "13.80690", "2010-10-31": "-17.84030", "2010-07-31": "-25.67730", "2010-04-30": "20.78180", "2010-01-31": "13.53970", "2009-10-31": "-50.97940", "2009-07-31": "-29.95520", "2009-04-30": "18.48340", "2009-01-31": "15.57240", "2008-10-31": "-22.58400", "2008-07-31": "-4.11260", "2008-04-30": "20.60950", "2008-01-31": "14.25450", "2007-10-31": "-25.14120", "2007-07-31": "-35.56130", "2007-04-30": "21.24770", "2007-01-31": "14.68710", "2006-10-31": "-31.55670", "2006-07-31": "-25.20660", "2006-04-30": "20.01730", "2006-01-31": "14.93360", "2005-10-31": "-40.18850", "2005-07-31": "-30.35620", "2005-04-30": "17.95320", "2005-01-31": "12.18350"}, "Asset Turnover": {"2020-10-31": "0.02440", "2020-07-31": "0.01470", "2020-04-30": "0.13120", "2020-01-31": "0.18080", "2019-10-31": "0.05190", "2019-07-31": "0.05510", "2019-04-30": "0.21960", "2019-01-31": "0.20010", "2018-10-31": "0.05220", "2018-07-31": "0.05210", "2018-04-30": "0.20720", "2018-01-31": "0.17670", "2017-10-31": "0.05510", "2017-07-31": "0.05090", "2017-04-30": "0.19820", "2017-01-31": "0.18210", "2016-10-31": "0.04540", "2016-07-31": "0.07250", "2016-04-30": "0.25700", "2016-01-31": "0.24240", "2015-10-31": "0.07150", "2015-07-31": "0.06520", "2015-04-30": "0.23940", "2015-01-31": "0.22600", "2014-10-31": "0.05480", "2014-07-31": "0.06230", "2014-04-30": "0.22180", "2014-01-31": "0.19060", "2013-10-31": "0.05410", "2013-07-31": "0.04870", "2013-04-30": "0.22580", "2013-01-31": "0.21080", "2012-10-31": "0.06080", "2012-07-31": "0.05890", "2012-04-30": "0.20550", "2012-01-31": "0.18670", "2011-10-31": "0.06000", "2011-07-31": "0.05580", "2011-04-30": "0.20700", "2011-01-31": "0.19740", "2010-10-31": "0.12570", "2010-07-31": "0.08490", "2010-04-30": "0.18010", "2010-01-31": "0.15360", "2009-10-31": "0.04320", "2009-07-31": "0.06860", "2009-04-30": "0.17180", "2009-01-31": "0.20280", "2008-10-31": "0.08190", "2008-07-31": "0.14040", "2008-04-30": "0.19980", "2008-01-31": "0.17130", "2007-10-31": "0.05060", "2007-07-31": "0.05060", "2007-04-30": "0.19500", "2007-01-31": "0.19700", "2006-10-31": "0.06780", "2006-07-31": "0.07350", "2006-04-30": "0.19930", "2006-01-31": "0.17430", "2005-10-31": "0.05620", "2005-07-31": "0.07870", "2005-04-30": "0.21400", "2005-01-31": "0.17050"}, "Inventory Turnover Ratio": {"2020-10-31": "1.71210", "2020-07-31": "1.27540", "2020-04-30": "3.23890", "2020-01-31": "4.00750", "2019-10-31": "2.12530", "2019-07-31": "2.49430", "2019-04-30": "4.88520", "2019-01-31": "4.03390", "2018-10-31": "2.00340", "2018-07-31": "2.50240", "2018-04-30": "4.47890", "2018-01-31": "3.65150", "2017-10-31": "2.02300", "2017-07-31": "2.46610", "2017-04-30": "4.45180", "2017-01-31": "3.74260", "2016-10-31": "1.62310", "2016-07-31": "0.28030", "2016-04-30": "4.97190", "2016-01-31": "4.54720", "2015-10-31": "2.33610", "2015-07-31": "0.42410", "2015-04-30": "5.04170", "2015-01-31": "4.56440", "2014-10-31": "2.28050", "2014-07-31": "2.88110", "2014-04-30": "5.04770", "2014-01-31": "4.20360", "2013-10-31": "2.13230", "2013-07-31": "2.46940", "2013-04-30": "4.41810", "2013-01-31": "4.01670", "2012-10-31": "2.06450", "2012-07-31": "2.45600", "2012-04-30": "4.39890", "2012-01-31": "4.07620", "2011-10-31": "2.26550", "2011-07-31": "2.91220", "2011-04-30": "5.50630", "2011-01-31": "4.89800", "2010-10-31": "4.32470", "2010-07-31": "3.99010", "2010-04-30": "4.78420", "2010-01-31": "3.85780", "2009-10-31": "1.97950", "2009-07-31": "3.26750", "2009-04-30": "4.33830", "2009-01-31": "4.87450", "2008-10-31": "2.62110", "2008-07-31": "5.25420", "2008-04-30": "5.47600", "2008-01-31": "4.74400", "2007-10-31": "2.02660", "2007-07-31": "2.70040", "2007-04-30": "4.91200", "2007-01-31": "4.83730", "2006-10-31": "2.50700", "2006-07-31": "3.43500", "2006-04-30": "5.19460", "2006-01-31": "4.31910", "2005-10-31": "2.29380", "2005-07-31": "3.83010", "2005-04-30": "6.16530", "2005-01-31": "4.82100"}, "Receiveable Turnover": {"2020-10-31": "0.63190", "2020-07-31": "0.72390", "2020-04-30": "6.92530", "2020-01-31": "8.77890", "2019-10-31": "3.06720", "2019-07-31": "0.90070", "2019-04-30": "3.50770", "2019-01-31": "9.68500", "2018-10-31": "2.96340", "2018-07-31": "0.91690", "2018-04-30": "3.83430", "2018-01-31": "8.59880", "2017-10-31": "2.61140", "2017-07-31": "1.11880", "2017-04-30": "4.55550", "2017-01-31": "8.97990", "2016-10-31": "2.99880", "2016-07-31": "1.22280", "2016-04-30": "4.45050", "2016-01-31": "6.88490", "2015-10-31": "3.33210", "2015-07-31": "1.42190", "2015-04-30": "5.48530", "2015-01-31": "7.74590", "2014-10-31": "3.54930", "2014-07-31": "1.41170", "2014-04-30": "6.80380", "2014-01-31": "7.84980", "2013-10-31": "3.28600", "2013-07-31": "1.42090", "2013-04-30": "6.37020", "2013-01-31": "7.89830", "2012-10-31": "3.91470", "2012-07-31": "1.72710", "2012-04-30": "6.46590", "2012-01-31": "7.70870", "2011-10-31": "3.92790", "2011-07-31": "1.85670", "2011-04-30": "9.09400", "2011-01-31": "7.16760", "2010-10-31": "6.86670", "2010-07-31": "3.04470", "2010-04-30": "9.99610", "2010-01-31": "6.62440", "2009-10-31": "2.46070", "2009-07-31": "2.22680", "2009-04-30": "6.98700", "2009-01-31": "7.69970", "2008-10-31": "3.43580", "2008-07-31": "5.38920", "2008-04-30": "10.85140", "2008-01-31": "8.04410", "2007-10-31": "3.92270", "2007-07-31": "2.21580", "2007-04-30": "10.47960", "2007-01-31": "8.25640", "2006-10-31": "4.12230", "2006-07-31": "3.45010", "2006-04-30": "9.58470", "2006-01-31": "7.25260", "2005-10-31": "3.35530", "2005-07-31": "3.62220", "2005-04-30": "9.77670", "2005-01-31": "5.09710"}, "Days Sales In Receivables": {"2020-10-31": "142.41730", "2020-07-31": "124.33480", "2020-04-30": "12.99590", "2020-01-31": "10.25190", "2019-10-31": "29.34270", "2019-07-31": "99.91820", "2019-04-30": "25.65770", "2019-01-31": "9.29270", "2018-10-31": "30.37040", "2018-07-31": "98.16150", "2018-04-30": "23.47250", "2018-01-31": "10.46660", "2017-10-31": "34.46410", "2017-07-31": "80.44110", "2017-04-30": "19.75630", "2017-01-31": "10.02240", "2016-10-31": "30.01180", "2016-07-31": "73.60390", "2016-04-30": "20.22250", "2016-01-31": "13.07210", "2015-10-31": "27.00970", "2015-07-31": "63.29580", "2015-04-30": "16.40740", "2015-01-31": "11.61910", "2014-10-31": "25.35690", "2014-07-31": "63.75420", "2014-04-30": "13.22790", "2014-01-31": "11.46530", "2013-10-31": "27.38930", "2013-07-31": "63.33940", "2013-04-30": "14.12840", "2013-01-31": "11.39480", "2012-10-31": "22.99000", "2012-07-31": "52.11080", "2012-04-30": "13.91910", "2012-01-31": "11.67510", "2011-10-31": "22.91280", "2011-07-31": "48.47210", "2011-04-30": "9.89660", "2011-01-31": "12.55650", "2010-10-31": "13.10680", "2010-07-31": "29.55990", "2010-04-30": "9.00350", "2010-01-31": "13.58610", "2009-10-31": "36.57430", "2009-07-31": "40.41730", "2009-04-30": "12.88110", "2009-01-31": "11.68880", "2008-10-31": "26.19510", "2008-07-31": "16.70000", "2008-04-30": "8.29390", "2008-01-31": "11.18840", "2007-10-31": "22.94340", "2007-07-31": "40.61680", "2007-04-30": "8.58810", "2007-01-31": "10.90060", "2006-10-31": "21.83270", "2006-07-31": "26.08630", "2006-04-30": "9.38990", "2006-01-31": "12.40930", "2005-10-31": "26.82300", "2005-07-31": "24.84680", "2005-04-30": "9.20560", "2005-01-31": "17.65700"}, "ROE - Return On Equity": {"2020-10-31": "-11.41370", "2020-07-31": "-10.31330", "2020-04-30": "9.80400", "2020-01-31": "13.15100", "2019-10-31": "-7.21400", "2019-07-31": "-5.34510", "2019-04-30": "16.29540", "2019-01-31": "12.95170", "2018-10-31": "-7.14450", "2018-07-31": "-4.84590", "2018-04-30": "13.58570", "2018-01-31": "13.22180", "2017-10-31": "-1.98380", "2017-07-31": "-3.40460", "2017-04-30": "11.00820", "2017-01-31": "9.50440", "2016-10-31": "-4.16670", "2016-07-31": "-7.34790", "2016-04-30": "16.08270", "2016-01-31": "13.67680", "2015-10-31": "-7.88610", "2015-07-31": "-7.96830", "2015-04-30": "13.64760", "2015-01-31": "13.39960", "2014-10-31": "-8.47830", "2014-07-31": "-9.03490", "2014-04-30": "12.79600", "2014-01-31": "7.27220", "2013-10-31": "-9.68120", "2013-07-31": "-7.14960", "2013-04-30": "10.81030", "2013-01-31": "7.47180", "2012-10-31": "-8.05430", "2012-07-31": "-6.59340", "2012-04-30": "8.86870", "2012-01-31": "5.65250", "2011-10-31": "-7.16970", "2011-07-31": "-6.39020", "2011-04-30": "8.53910", "2011-01-31": "6.64760", "2010-10-31": "-5.64840", "2010-07-31": "-5.25730", "2010-04-30": "8.91610", "2010-01-31": "5.76670", "2009-10-31": "-5.89400", "2009-07-31": "-5.29240", "2009-04-30": "7.78530", "2009-01-31": "8.58520", "2008-10-31": "-5.39320", "2008-07-31": "-0.85120", "2008-04-30": "10.97020", "2008-01-31": "7.11890", "2007-10-31": "-3.61180", "2007-07-31": "-4.80670", "2007-04-30": "10.56370", "2007-01-31": "8.05350", "2006-10-31": "-5.92670", "2006-07-31": "-4.86370", "2006-04-30": "10.05570", "2006-01-31": "7.33180", "2005-10-31": "-6.60240", "2005-07-31": "-6.74060", "2005-04-30": "10.47610", "2005-01-31": "6.50520"}, "Return On Tangible Equity": {"2020-10-31": "24.17240", "2020-07-31": "32.09830", "2020-04-30": "-45.27390", "2020-01-31": "-51.52330", "2019-10-31": "19.64020", "2019-07-31": "49.21700", "2019-04-30": "-3084.69800", "2019-01-31": "-128.32450", "2018-10-31": "36.73620", "2018-07-31": "-158.45380", "2018-04-30": "117.53310", "2018-01-31": "463.51690", "2017-10-31": "19.70610", "2017-07-31": "389.70970", "2017-04-30": "253.21130", "2017-01-31": "-203.74790", "2016-10-31": "29.65870", "2016-07-31": "-27.26730", "2016-04-30": "47.84910", "2016-01-31": "56.83750", "2015-10-31": "-52.17970", "2015-07-31": "-29.73170", "2015-04-30": "36.44260", "2015-01-31": "46.03250", "2014-10-31": "-44.45460", "2014-07-31": "-22.24020", "2014-04-30": "27.77320", "2014-01-31": "18.76770", "2013-10-31": "-28.40200", "2013-07-31": "-17.89110", "2013-04-30": "18.11090", "2013-01-31": "13.57910", "2012-10-31": "-15.50140", "2012-07-31": "-11.84280", "2012-04-30": "14.91150", "2012-01-31": "10.02640", "2011-10-31": "-13.33550", "2011-07-31": "-11.12650", "2011-04-30": "14.20320", "2011-01-31": "11.87750", "2010-10-31": "-10.73360", "2010-07-31": "-7.92890", "2010-04-30": "12.68950", "2010-01-31": "8.43240", "2009-10-31": "-8.86310", "2009-07-31": "-7.74720", "2009-04-30": "11.11080", "2009-01-31": "12.82530", "2008-10-31": "-7.86460", "2008-07-31": "-1.20690", "2008-04-30": "15.01840", "2008-01-31": "10.13780", "2007-10-31": "-5.27620", "2007-07-31": "-6.88050", "2007-04-30": "14.70050", "2007-01-31": "11.81260", "2006-10-31": "-9.08450", "2006-07-31": "-7.23920", "2006-04-30": "14.62730", "2006-01-31": "11.52230", "2005-10-31": "-11.18960", "2005-07-31": "-11.10660", "2005-04-30": "17.56190", "2005-01-31": "12.07940"}, "ROA - Return On Assets": {"2020-10-31": "-2.91290", "2020-07-31": "-3.01220", "2020-04-30": "3.02160", "2020-01-31": "4.24390", "2019-10-31": "-2.12940", "2019-07-31": "-2.08540", "2019-04-30": "7.07360", "2019-01-31": "5.13530", "2018-10-31": "-2.62640", "2018-07-31": "-2.15970", "2018-04-30": "6.68090", "2018-01-31": "5.98230", "2017-10-31": "-0.79650", "2017-07-31": "-1.49000", "2017-04-30": "4.91050", "2017-01-31": "4.01080", "2016-10-31": "-1.62120", "2016-07-31": "-2.63030", "2016-04-30": "6.25350", "2016-01-31": "4.72600", "2015-10-31": "-2.44240", "2015-07-31": "-2.82110", "2015-04-30": "5.51360", "2015-01-31": "4.93150", "2014-10-31": "-2.74790", "2014-07-31": "-3.46960", "2014-04-30": "4.81390", "2014-01-31": "2.49280", "2013-10-31": "-3.21700", "2013-07-31": "-2.59520", "2013-04-30": "4.69250", "2013-01-31": "3.02080", "2012-10-31": "-3.16720", "2012-07-31": "-2.79230", "2012-04-30": "3.87990", "2012-01-31": "2.32190", "2011-10-31": "-2.87240", "2011-07-31": "-2.77020", "2011-04-30": "3.76860", "2011-01-31": "2.72540", "2010-10-31": "-2.24410", "2010-07-31": "-2.19390", "2010-04-30": "3.92790", "2010-01-31": "2.30460", "2009-10-31": "-2.32660", "2009-07-31": "-2.19250", "2009-04-30": "3.31810", "2009-01-31": "3.35490", "2008-10-31": "-1.97590", "2008-07-31": "-0.32210", "2008-04-30": "4.11710", "2008-01-31": "2.44170", "2007-10-31": "-1.27190", "2007-07-31": "-1.79780", "2007-04-30": "4.14260", "2007-01-31": "2.89350", "2006-10-31": "-2.13820", "2006-07-31": "-1.85250", "2006-04-30": "3.98990", "2006-01-31": "2.60250", "2005-10-31": "-2.25880", "2005-07-31": "-2.38770", "2005-04-30": "3.84160", "2005-01-31": "2.07760"}, "ROI - Return On Investment": {"2020-10-31": "-4.17210", "2020-07-31": "-4.03100", "2020-04-30": "4.00010", "2020-01-31": "6.25910", "2019-10-31": "-3.11350", "2019-07-31": "-2.83600", "2019-04-30": "9.62890", "2019-01-31": "7.19830", "2018-10-31": "-3.64620", "2018-07-31": "-2.88220", "2018-04-30": "8.83400", "2018-01-31": "8.11830", "2017-10-31": "-1.11180", "2017-07-31": "-2.01940", "2017-04-30": "6.65850", "2017-01-31": "5.51300", "2016-10-31": "-2.19480", "2016-07-31": "-4.14400", "2016-04-30": "9.88780", "2016-01-31": "7.61610", "2015-10-31": "-3.79710", "2015-07-31": "-4.16440", "2015-04-30": "9.82870", "2015-01-31": "7.72260", "2014-10-31": "-4.07650", "2014-07-31": "-5.16450", "2014-04-30": "6.85130", "2014-01-31": "3.67160", "2013-10-31": "-4.72080", "2013-07-31": "-3.66660", "2013-04-30": "7.01080", "2013-01-31": "4.65750", "2012-10-31": "-4.87960", "2012-07-31": "-4.12100", "2012-04-30": "5.73590", "2012-01-31": "3.53940", "2011-10-31": "-4.39640", "2011-07-31": "-4.04030", "2011-04-30": "5.52670", "2011-01-31": "4.14650", "2010-10-31": "-3.37630", "2010-07-31": "-3.17840", "2010-04-30": "5.67290", "2010-01-31": "3.54510", "2009-10-31": "-3.54280", "2009-07-31": "-3.24750", "2009-04-30": "4.88270", "2009-01-31": "5.18350", "2008-10-31": "-3.13620", "2008-07-31": "-0.48840", "2008-04-30": "6.36850", "2008-01-31": "4.02410", "2007-10-31": "-2.02400", "2007-07-31": "-2.62450", "2007-04-30": "5.95500", "2007-01-31": "4.38130", "2006-10-31": "-3.12170", "2006-07-31": "-2.67640", "2006-04-30": "5.71160", "2006-01-31": "3.89500", "2005-10-31": "-3.28780", "2005-07-31": "-3.43650", "2005-04-30": "5.43570", "2005-01-31": "3.09400"}, "Book Value Per Share": {"2020-10-31": "34.17870", "2020-07-31": "38.11160", "2020-04-30": "40.64980", "2020-01-31": "40.98450", "2019-10-31": "37.81790", "2019-07-31": "42.86560", "2019-04-30": "47.09840", "2019-01-31": "41.87220", "2018-10-31": "38.41180", "2018-07-31": "44.76670", "2018-04-30": "49.70300", "2018-01-31": "46.52970", "2017-10-31": "39.83100", "2017-07-31": "44.96050", "2017-04-30": "44.69890", "2017-01-31": "42.03210", "2016-10-31": "38.53030", "2016-07-31": "24.55750", "2016-04-30": "27.08910", "2016-01-31": "23.57240", "2015-10-31": "20.87940", "2015-07-31": "24.11640", "2015-04-30": "26.88250", "2015-01-31": "23.75670", "2014-10-31": "20.89120", "2014-07-31": "23.05820", "2014-04-30": "25.45920", "2014-01-31": "22.52390", "2013-10-31": "20.99860", "2013-07-31": "23.30330", "2013-04-30": "25.13660", "2013-01-31": "22.56110", "2012-10-31": "20.97190", "2012-07-31": "22.94220", "2012-04-30": "24.87590", "2012-01-31": "22.80590", "2011-10-31": "21.59320", "2011-07-31": "23.39120", "2011-04-30": "24.94970", "2011-01-31": "22.79410", "2010-10-31": "21.18950", "2010-07-31": "22.34500", "2010-04-30": "23.60790", "2010-01-31": "21.56610", "2009-10-31": "20.36870", "2009-07-31": "21.58380", "2009-04-30": "22.70080", "2009-01-31": "20.58240", "2008-10-31": "18.61110", "2008-07-31": "19.73770", "2008-04-30": "20.72920", "2008-01-31": "18.62850", "2007-10-31": "17.48990", "2007-07-31": "18.27400", "2007-04-30": "18.75270", "2007-01-31": "16.96830", "2006-10-31": "15.41160", "2006-07-31": "16.46630", "2006-04-30": "17.48080", "2006-01-31": "15.45170", "2005-10-31": "13.98980", "2005-07-31": "14.77020", "2005-04-30": "15.61080", "2005-01-31": "13.93710"}, "Operating Cash Flow Per Share": {"2020-10-31": "2.78260", "2020-07-31": -1.7902, "2020-04-30": -1.672, "2020-01-31": 7.9442, "2019-10-31": "5.18910", "2019-07-31": -0.8164, "2019-04-30": 3.918, "2019-01-31": 7.9363, "2018-10-31": "4.37180", "2018-07-31": -1.1802, "2018-04-30": 3.6429, "2018-01-31": 6.8516, "2017-10-31": "3.86480", "2017-07-31": -0.6662, "2017-04-30": 4.3088, "2017-01-31": 6.477, "2016-10-31": "1.54820", "2016-07-31": -0.5089, "2016-04-30": 3.9138, "2016-01-31": 6.2618, "2015-10-31": "2.04470", "2015-07-31": -2.4147, "2015-04-30": 3.195, "2015-01-31": 6.6623, "2014-10-31": "0.67530", "2014-07-31": -1.6284, "2014-04-30": 3.5593, "2014-01-31": 4.2505, "2013-10-31": "0.45370", "2013-07-31": -1.8675, "2013-04-30": 3.1318, "2013-01-31": 3.8223, "2012-10-31": "0.96850", "2012-07-31": -1.3206, "2012-04-30": 2.628, "2012-01-31": 2.6857, "2011-10-31": "1.06290", "2011-07-31": -0.6299, "2011-04-30": 1.2794, "2011-01-31": 3.3346, "2010-10-31": "3.28820", "2010-07-31": -0.5609, "2010-04-30": 1.1551, "2010-01-31": 1.6262, "2009-10-31": "-1.24170", "2009-07-31": -2.0106, "2009-04-30": 1.1262, "2009-01-31": 3.1667, "2008-10-31": "1.37910", "2008-07-31": 1.2542, "2008-04-30": 1.9778, "2008-01-31": 2.8396, "2007-10-31": "-0.49820", "2007-07-31": -1.1592, "2007-04-30": 1.4068, "2007-01-31": 4.1233, "2006-10-31": "-1.36280", "2006-07-31": -2.9031, "2006-04-30": 1.9335, "2006-01-31": 3.248, "2005-10-31": "-0.62740", "2005-07-31": -0.8209, "2005-04-30": 1.8235, "2005-01-31": 3.0727}, "Free Cash Flow Per Share": {"2020-10-31": "2.03300", "2020-07-31": -2.4323, "2020-04-30": -2.2751, "2020-01-31": 6.2739, "2019-10-31": "3.88470", "2019-07-31": -1.9012, "2019-04-30": 3.0976, "2019-01-31": 6.3578, "2018-10-31": "3.18970", "2018-07-31": -1.9299, "2018-04-30": 3.1724, "2018-01-31": 5.6244, "2017-10-31": "2.93350", "2017-07-31": -1.453, "2017-04-30": 3.7906, "2017-01-31": 5.454, "2016-10-31": "0.29820", "2016-07-31": -1.067, "2016-04-30": 3.6174, "2016-01-31": 4.8763, "2015-10-31": "1.35710", "2015-07-31": -3.4414, "2015-04-30": 2.8908, "2015-01-31": 5.4471, "2014-10-31": "-0.09040", "2014-07-31": -1.9036, "2014-04-30": 3.1681, "2014-01-31": 2.6627, "2013-10-31": "-0.48460", "2013-07-31": -2.6721, "2013-04-30": 2.9415, "2013-01-31": 3.2383, "2012-10-31": "-0.03730", "2012-07-31": -1.9945, "2012-04-30": 2.228, "2012-01-31": 1.5573, "2011-10-31": "-0.35120", "2011-07-31": -1.2366, "2011-04-30": 0.9658, "2011-01-31": 2.6795, "2010-10-31": "2.26150", "2010-07-31": -0.8705, "2010-04-30": 0.8164, "2010-01-31": 1.2133, "2009-10-31": "-1.81500", "2009-07-31": -2.5397, "2009-04-30": 0.8669, "2009-01-31": 2.2263, "2008-10-31": "0.20410", "2008-07-31": 0.271, "2008-04-30": 1.4146, "2008-01-31": 1.8549, "2007-10-31": "-1.84270", "2007-07-31": -2.1074, "2007-04-30": 0.9083, "2007-01-31": 3.2794, "2006-10-31": "-2.10040", "2006-07-31": -3.5763, "2006-04-30": 1.7397, "2006-01-31": 2.6919, "2005-10-31": "-1.50940", "2005-07-31": -1.1011, "2005-04-30": 1.3074, "2005-01-31": 1.725}}, "revenue": {"Vail Resorts Annual Revenue (Millions of US $)": {"2020": "$1,964", "2019": "$2,272", "2018": "$2,012", "2017": "$1,907", "2016": "$1,601", "2015": "$1,400", "2014": "$1,255", "2013": "$1,121", "2012": "$1,024", "2011": "$1,167", "2010": "$895", "2009": "$1,004", "2008": "$1,152", "2007": "$941", "2006": "$839", "2005": "$810"}, "Vail Resorts Quarterly Revenue (Millions of US $)": {"2020-10-31": "$132", "2020-07-31": "$77", "2020-04-30": "$694", "2020-01-31": "$925", "2019-10-31": "$268", "2019-07-31": "$244", "2019-04-30": "$958", "2019-01-31": "$850", "2018-10-31": "$220", "2018-07-31": "$212", "2018-04-30": "$844", "2018-01-31": "$735", "2017-10-31": "$221", "2017-07-31": "$209", "2017-04-30": "$795", "2017-01-31": "$725", "2016-10-31": "$178", "2016-07-31": "$180", "2016-04-30": "$647", "2016-01-31": "$599", "2015-10-31": "$175", "2015-07-31": "$162", "2015-04-30": "$579", "2015-01-31": "$530", "2014-10-31": "$128", "2014-07-31": "$135", "2014-04-30": "$543", "2014-01-31": "$453", "2013-10-31": "$123", "2013-07-31": "$112", "2013-04-30": "$470", "2013-01-31": "$422", "2012-10-31": "$116", "2012-07-31": "$114", "2012-04-30": "$421", "2012-01-31": "$373", "2011-10-31": "$116", "2011-07-31": "$109", "2011-04-30": "$422", "2011-01-31": "$395", "2010-10-31": "$241", "2010-07-31": "$163", "2010-04-30": "$350", "2010-01-31": "$301", "2009-10-31": "$81", "2009-07-31": "$129", "2009-04-30": "$333", "2009-01-31": "$389", "2008-10-31": "$153", "2008-07-31": "$270", "2008-04-30": "$424", "2008-01-31": "$360", "2007-10-31": "$98", "2007-07-31": "$97", "2007-04-30": "$369", "2007-01-31": "$361", "2006-10-31": "$113", "2006-07-31": "$124", "2006-04-30": "$341", "2006-01-31": "$288", "2005-10-31": "$85", "2005-07-31": "$120", "2005-04-30": "$327", "2005-01-31": "$265"}}, "gross-profit": {"Vail Resorts Annual Gross Profit (Millions of US $)": {"2020": "$776", "2019": "$974", "2018": "$867", "2017": "$821", "2016": "$658", "2015": "$521", "2014": "$260", "2013": "$224", "2012": "$188", "2011": "$216", "2010": "$174", "2009": "$214", "2008": "$271", "2007": "$218", "2006": "$196", "2005": "$182"}, "Vail Resorts Quarterly Gross Profit (Millions of US $)": {"2020-10-31": "$-41", "2020-07-31": "$-53", "2020-04-30": "$365", "2020-01-31": "$468", "2019-10-31": "$-4", "2019-07-31": "$3", "2019-04-30": "$547", "2019-01-31": "$434", "2018-10-31": "$-10", "2018-07-31": "$-3", "2018-04-30": "$489", "2018-01-31": "$379", "2017-10-31": "$2", "2017-07-31": "$-0", "2017-04-30": "$450", "2017-01-31": "$376", "2016-10-31": "$-5", "2016-07-31": "$159", "2016-04-30": "$305", "2016-01-31": "$241", "2015-10-31": "$-47", "2015-07-31": "$131", "2015-04-30": "$266", "2015-01-31": "$197", "2014-10-31": "$-73", "2014-07-31": "$-58", "2014-04-30": "$238", "2014-01-31": "$148", "2013-10-31": "$-68", "2013-07-31": "$-56", "2013-04-30": "$199", "2013-01-31": "$140", "2012-10-31": "$-59", "2012-07-31": "$-48", "2012-04-30": "$174", "2012-01-31": "$118", "2011-10-31": "$-55", "2011-07-31": "$-49", "2011-04-30": "$173", "2011-01-31": "$128", "2010-10-31": "$-37", "2010-07-31": "$-29", "2010-04-30": "$146", "2010-01-31": "$101", "2009-10-31": "$-44", "2009-07-31": "$-31", "2009-04-30": "$135", "2009-01-31": "$134", "2008-10-31": "$-25", "2008-07-31": "$9", "2008-04-30": "$177", "2008-01-31": "$116", "2007-10-31": "$-31", "2007-07-31": "$-33", "2007-04-30": "$160", "2007-01-31": "$120", "2006-10-31": "$-28", "2006-07-31": "$-21", "2006-04-30": "$150", "2006-01-31": "$98", "2005-10-31": "$-31", "2005-07-31": "$-18", "2005-04-30": "$136", "2005-01-31": "$84"}}, "operating-income": {"Vail Resorts Annual Operating Income (Millions of US $)": {"2020": "$223", "2019": "$476", "2018": "$409", "2017": "$379", "2016": "$283", "2015": "$211", "2014": "$117", "2013": "$97", "2012": "$59", "2011": "$94", "2010": "$69", "2009": "$106", "2008": "$176", "2007": "$128", "2006": "$105", "2005": "$88"}, "Vail Resorts Quarterly Operating Income (Millions of US $)": {"2020-10-31": "$-164", "2020-07-31": "$-170", "2020-04-30": "$218", "2020-01-31": "$311", "2019-10-31": "$-136", "2019-07-31": "$-121", "2019-04-30": "$423", "2019-01-31": "$302", "2018-10-31": "$-128", "2018-07-31": "$-113", "2018-04-30": "$368", "2018-01-31": "$258", "2017-10-31": "$-104", "2017-07-31": "$-103", "2017-04-30": "$320", "2017-01-31": "$252", "2016-10-31": "$-91", "2016-07-31": "$-94", "2016-04-30": "$263", "2016-01-31": "$200", "2015-10-31": "$-87", "2015-07-31": "$-88", "2015-04-30": "$228", "2015-01-31": "$160", "2014-10-31": "$-89", "2014-07-31": "$-94", "2014-04-30": "$203", "2014-01-31": "$111", "2013-10-31": "$-102", "2013-07-31": "$-84", "2013-04-30": "$165", "2013-01-31": "$106", "2012-10-31": "$-90", "2012-07-31": "$-81", "2012-04-30": "$140", "2012-01-31": "$84", "2011-10-31": "$-84", "2011-07-31": "$-78", "2011-04-30": "$139", "2011-01-31": "$97", "2010-10-31": "$-64", "2010-07-31": "$-58", "2010-04-30": "$118", "2010-01-31": "$74", "2009-10-31": "$-65", "2009-07-31": "$-58", "2009-04-30": "$108", "2009-01-31": "$107", "2008-10-31": "$-50", "2008-07-31": "$-16", "2008-04-30": "$151", "2008-01-31": "$93", "2007-10-31": "$-52", "2007-07-31": "$-55", "2007-04-30": "$136", "2007-01-31": "$98", "2006-10-31": "$-51", "2006-07-31": "$-45", "2006-04-30": "$123", "2006-01-31": "$77", "2005-10-31": "$-50", "2005-07-31": "$-40", "2005-04-30": "$109", "2005-01-31": "$61"}}, "ebitda": {"Vail Resorts Annual EBITDA (Millions of US $)": {"2020": "$473", "2019": "$694", "2018": "$613", "2017": "$568", "2016": "$444", "2015": "$360", "2014": "$258", "2013": "$230", "2012": "$187", "2011": "$212", "2010": "$180", "2009": "$213", "2008": "$270", "2007": "$216", "2006": "$191", "2005": "$178"}, "Vail Resorts Quarterly EBITDA (Millions of US $)": {"2020-10-31": "$-101", "2020-07-31": "$-107", "2020-04-30": "$283", "2020-01-31": "$375", "2019-10-31": "$-78", "2019-07-31": "$-64", "2019-04-30": "$478", "2019-01-31": "$357", "2018-10-31": "$-77", "2018-07-31": "$-63", "2018-04-30": "$422", "2018-01-31": "$309", "2017-10-31": "$-55", "2017-07-31": "$-54", "2017-04-30": "$370", "2017-01-31": "$302", "2016-10-31": "$-50", "2016-07-31": "$-53", "2016-04-30": "$305", "2016-01-31": "$241", "2015-10-31": "$-48", "2015-07-31": "$-51", "2015-04-30": "$266", "2015-01-31": "$197", "2014-10-31": "$-53", "2014-07-31": "$-60", "2014-04-30": "$239", "2014-01-31": "$147", "2013-10-31": "$-68", "2013-07-31": "$-50", "2013-04-30": "$199", "2013-01-31": "$139", "2012-10-31": "$-59", "2012-07-31": "$-49", "2012-04-30": "$174", "2012-01-31": "$117", "2011-10-31": "$-55", "2011-07-31": "$-49", "2011-04-30": "$170", "2011-01-31": "$127", "2010-10-31": "$-37", "2010-07-31": "$-30", "2010-04-30": "$146", "2010-01-31": "$101", "2009-10-31": "$-38", "2009-07-31": "$-31", "2009-04-30": "$135", "2009-01-31": "$134", "2008-10-31": "$-25", "2008-07-31": "$8", "2008-04-30": "$177", "2008-01-31": "$116", "2007-10-31": "$-31", "2007-07-31": "$-34", "2007-04-30": "$160", "2007-01-31": "$120", "2006-10-31": "$-29", "2006-07-31": "$-45", "2006-04-30": "$123", "2006-01-31": "$77", "2005-10-31": "$-50", "2005-07-31": "$-40", "2005-04-30": "$109", "2005-01-31": "$61"}}, "net-income": {"Vail Resorts Annual Net Income (Millions of US $)": {"2020": "$99", "2019": "$301", "2018": "$380", "2017": "$211", "2016": "$150", "2015": "$115", "2014": "$28", "2013": "$38", "2012": "$16", "2011": "$34", "2010": "$30", "2009": "$49", "2008": "$103", "2007": "$61", "2006": "$46", "2005": "$23"}, "Vail Resorts Quarterly Net Income (Millions of US $)": {"2020-10-31": "$-154", "2020-07-31": "$-154", "2020-04-30": "$153", "2020-01-31": "$206", "2019-10-31": "$-106", "2019-07-31": "$-90", "2019-04-30": "$292", "2019-01-31": "$206", "2018-10-31": "$-108", "2018-07-31": "$-84", "2018-04-30": "$256", "2018-01-31": "$236", "2017-10-31": "$-28", "2017-07-31": "$-57", "2017-04-30": "$181", "2017-01-31": "$149", "2016-10-31": "$-63", "2016-07-31": "$-65", "2016-04-30": "$158", "2016-01-31": "$117", "2015-10-31": "$-60", "2015-07-31": "$-70", "2015-04-30": "$133", "2015-01-31": "$116", "2014-10-31": "$-64", "2014-07-31": "$-75", "2014-04-30": "$118", "2014-01-31": "$59", "2013-10-31": "$-73", "2013-07-31": "$-60", "2013-04-30": "$98", "2013-01-31": "$61", "2012-10-31": "$-61", "2012-07-31": "$-54", "2012-04-30": "$80", "2012-01-31": "$46", "2011-10-31": "$-56", "2011-07-31": "$-54", "2011-04-30": "$77", "2011-01-31": "$55", "2010-10-31": "$-43", "2010-07-31": "$-42", "2010-04-30": "$73", "2010-01-31": "$41", "2009-10-31": "$-41", "2009-07-31": "$-39", "2009-04-30": "$62", "2009-01-31": "$61", "2008-10-31": "$-35", "2008-07-31": "$-11", "2008-04-30": "$87", "2008-01-31": "$51", "2007-10-31": "$-25", "2007-07-31": "$-34", "2007-04-30": "$79", "2007-01-31": "$53", "2006-10-31": "$-36", "2006-07-31": "$-31", "2006-04-30": "$68", "2006-01-31": "$43", "2005-10-31": "$-34", "2005-07-31": "$-36", "2005-04-30": "$59", "2005-01-31": "$32"}}, "eps-earnings-per-share-diluted": {"Vail Resorts Annual EPS": {"2020": "$2.42", "2019": "$7.32", "2018": "$9.13", "2017": "$5.22", "2016": "$4.01", "2015": "$3.07", "2014": "$0.77", "2013": "$1.03", "2012": "$0.45", "2011": "$0.94", "2010": "$0.83", "2009": "$1.33", "2008": "$2.64", "2007": "$1.56", "2006": "$1.19", "2005": "$0.64"}, "Vail Resorts Quarterly EPS": {"2020-10-31": "$-3.82", "2020-07-31": "$-3.72", "2020-04-30": "$3.74", "2020-01-31": "$5.04", "2019-10-31": "$-2.64", "2019-07-31": "$-2.16", "2019-04-30": "$7.12", "2019-01-31": "$5.02", "2018-10-31": "$-2.66", "2018-07-31": "$-2.00", "2018-04-30": "$6.17", "2018-01-31": "$5.67", "2017-10-31": "$-0.71", "2017-07-31": "$-1.11", "2017-04-30": "$4.40", "2017-01-31": "$3.63", "2016-10-31": "$-1.70", "2016-07-31": "$-1.73", "2016-04-30": "$4.23", "2016-01-31": "$3.14", "2015-10-31": "$-1.63", "2015-07-31": "$-1.82", "2015-04-30": "$3.56", "2015-01-31": "$3.10", "2014-10-31": "$-1.77", "2014-07-31": "$-1.97", "2014-04-30": "$3.18", "2014-01-31": "$1.60", "2013-10-31": "$-2.04", "2013-07-31": "$-1.58", "2013-04-30": "$2.66", "2013-01-31": "$1.65", "2012-10-31": "$-1.70", "2012-07-31": "$-1.45", "2012-04-30": "$2.17", "2012-01-31": "$1.27", "2011-10-31": "$-1.54", "2011-07-31": "$-1.42", "2011-04-30": "$2.08", "2011-01-31": "$1.48", "2010-10-31": "$-1.20", "2010-07-31": "$-1.12", "2010-04-30": "$1.98", "2010-01-31": "$1.11", "2009-10-31": "$-1.14", "2009-07-31": "$-1.07", "2009-04-30": "$1.68", "2009-01-31": "$1.65", "2008-10-31": "$-0.93", "2008-07-31": "$-0.28", "2008-04-30": "$2.24", "2008-01-31": "$1.31", "2007-10-31": "$-0.63", "2007-07-31": "$-0.85", "2007-04-30": "$1.99", "2007-01-31": "$1.35", "2006-10-31": "$-0.93", "2006-07-31": "$-0.75", "2006-04-30": "$1.75", "2006-01-31": "$1.12", "2005-10-31": "$-0.93", "2005-07-31": "$-0.97", "2005-04-30": "$1.61", "2005-01-31": "$0.89"}}, "shares-outstanding": {"Vail Resorts Annual Shares Outstanding (Millions of Shares)": {"2020": "41", "2019": "41", "2018": "42", "2017": "40", "2016": "37", "2015": "37", "2014": "37", "2013": "37", "2012": "37", "2011": "37", "2010": "37", "2009": "37", "2008": "39", "2007": "39", "2006": "39", "2005": "36"}, "Vail Resorts Quarterly Shares Outstanding (Millions of Shares)": {"2020-10-31": "40", "2020-07-31": "41", "2020-04-30": "41", "2020-01-31": "41", "2019-10-31": "40", "2019-07-31": "41", "2019-04-30": "41", "2019-01-31": "41", "2018-10-31": "41", "2018-07-31": "42", "2018-04-30": "40", "2018-01-31": "40", "2017-10-31": "40", "2017-07-31": "40", "2017-04-30": "40", "2017-01-31": "41", "2016-10-31": "37", "2016-07-31": "37", "2016-04-30": "37", "2016-01-31": "37", "2015-10-31": "36", "2015-07-31": "37", "2015-04-30": "37", "2015-01-31": "37", "2014-10-31": "36", "2014-07-31": "37", "2014-04-30": "37", "2014-01-31": "37", "2013-10-31": "36", "2013-07-31": "37", "2013-04-30": "37", "2013-01-31": "37", "2012-10-31": "36", "2012-07-31": "37", "2012-04-30": "37", "2012-01-31": "37", "2011-10-31": "36", "2011-07-31": "37", "2011-04-30": "37", "2011-01-31": "37", "2010-10-31": "36", "2010-07-31": "37", "2010-04-30": "37", "2010-01-31": "37", "2009-10-31": "36", "2009-07-31": "37", "2009-04-30": "37", "2009-01-31": "37", "2008-10-31": "37", "2008-07-31": "39", "2008-04-30": "39", "2008-01-31": "39", "2007-10-31": "39", "2007-07-31": "39", "2007-04-30": "39", "2007-01-31": "39", "2006-10-31": "39", "2006-07-31": "39", "2006-04-30": "39", "2006-01-31": "38", "2005-10-31": "37", "2005-07-31": "36", "2005-04-30": "36", "2005-01-31": "36"}}, "total-assets": {"Vail Resorts Annual Total Assets (Millions of US $)": {"2020": "$5,244", "2019": "$4,426", "2018": "$4,065", "2017": "$4,111", "2016": "$2,482", "2015": "$2,487", "2014": "$2,174", "2013": "$2,308", "2012": "$1,928", "2011": "$1,946", "2010": "$1,923", "2009": "$1,884", "2008": "$1,926", "2007": "$1,909", "2006": "$1,688", "2005": "$1,526"}, "Vail Resorts Quarterly Total Assets (Millions of US $)": {"2020-10-31": "$5,391", "2020-07-31": "$5,244", "2020-04-30": "$5,290", "2020-01-31": "$5,114", "2019-10-31": "$5,158", "2019-07-31": "$4,426", "2019-04-30": "$4,362", "2019-01-31": "$4,245", "2018-10-31": "$4,216", "2018-07-31": "$4,065", "2018-04-30": "$4,075", "2018-01-31": "$4,157", "2017-10-31": "$4,009", "2017-07-31": "$4,111", "2017-04-30": "$4,009", "2017-01-31": "$3,982", "2016-10-31": "$3,924", "2016-07-31": "$2,482", "2016-04-30": "$2,519", "2016-01-31": "$2,473", "2015-10-31": "$2,443", "2015-07-31": "$2,487", "2015-04-30": "$2,420", "2015-01-31": "$2,346", "2014-10-31": "$2,341", "2014-07-31": "$2,174", "2014-04-30": "$2,448", "2014-01-31": "$2,375", "2013-10-31": "$2,283", "2013-07-31": "$2,308", "2013-04-30": "$2,080", "2013-01-31": "$2,004", "2012-10-31": "$1,913", "2012-07-31": "$1,928", "2012-04-30": "$2,050", "2012-01-31": "$1,999", "2011-10-31": "$1,940", "2011-07-31": "$1,946", "2011-04-30": "$2,039", "2011-01-31": "$2,002", "2010-10-31": "$1,919", "2010-07-31": "$1,923", "2010-04-30": "$1,945", "2010-01-31": "$1,956", "2009-10-31": "$1,870", "2009-07-31": "$1,884", "2009-04-30": "$1,941", "2009-01-31": "$1,918", "2008-10-31": "$1,865", "2008-07-31": "$1,926", "2008-04-30": "$2,121", "2008-01-31": "$2,102", "2007-10-31": "$1,935", "2007-07-31": "$1,909", "2007-04-30": "$1,895", "2007-01-31": "$1,833", "2006-10-31": "$1,675", "2006-07-31": "$1,688", "2006-04-30": "$1,713", "2006-01-31": "$1,653", "2005-10-31": "$1,520", "2005-07-31": "$1,526", "2005-04-30": "$1,530", "2005-01-31": "$1,552"}}, "cash-on-hand": {"Vail Resorts Annual Cash on Hand (Millions of US $)": {"2020": "$402", "2019": "$118", "2018": "$185", "2017": "$128", "2016": "$74", "2015": "$48", "2014": "$58", "2013": "$151", "2012": "$60", "2011": "$83", "2010": "$27", "2009": "$80", "2008": "$221", "2007": "$286", "2006": "$212", "2005": "$155"}, "Vail Resorts Quarterly Cash on Hand (Millions of US $)": {"2020-10-31": "$472", "2020-07-31": "$402", "2020-04-30": "$493", "2020-01-31": "$140", "2019-10-31": "$150", "2019-07-31": "$118", "2019-04-30": "$69", "2019-01-31": "$179", "2018-10-31": "$153", "2018-07-31": "$185", "2018-04-30": "$189", "2018-01-31": "$259", "2017-10-31": "$157", "2017-07-31": "$128", "2017-04-30": "$204", "2017-01-31": "$158", "2016-10-31": "$120", "2016-07-31": "$74", "2016-04-30": "$74", "2016-01-31": "$51", "2015-10-31": "$45", "2015-07-31": "$48", "2015-04-30": "$138", "2015-01-31": "$49", "2014-10-31": "$43", "2014-07-31": "$58", "2014-04-30": "$320", "2014-01-31": "$218", "2013-10-31": "$127", "2013-07-31": "$151", "2013-04-30": "$250", "2013-01-31": "$149", "2012-10-31": "$59", "2012-07-31": "$60", "2012-04-30": "$161", "2012-01-31": "$112", "2011-10-31": "$58", "2011-07-31": "$83", "2011-04-30": "$182", "2011-01-31": "$113", "2010-10-31": "$32", "2010-07-31": "$27", "2010-04-30": "$63", "2010-01-31": "$74", "2009-10-31": "$26", "2009-07-31": "$80", "2009-04-30": "$181", "2009-01-31": "$154", "2008-10-31": "$115", "2008-07-31": "$221", "2008-04-30": "$365", "2008-01-31": "$331", "2007-10-31": "$209", "2007-07-31": "$286", "2007-04-30": "$357", "2007-01-31": "$282", "2006-10-31": "$138", "2006-07-31": "$212", "2006-04-30": "$272", "2006-01-31": "$199", "2005-10-31": "$76", "2005-07-31": "$155", "2005-04-30": "$59", "2005-01-31": "$38"}}, "long-term-debt": {"Vail Resorts Annual Long Term Debt (Millions of US $)": {"2020": "$2,387", "2019": "$1,528", "2018": "$1,234", "2017": "$1,234", "2016": "$687", "2015": "$804", "2014": "$626", "2013": "$796", "2012": "$490", "2011": "$491", "2010": "$525", "2009": "$492", "2008": "$541", "2007": "$594", "2006": "$525", "2005": "$520"}, "Vail Resorts Quarterly Long Term Debt (Millions of US $)": {"2020-10-31": "$2,388", "2020-07-31": "$2,387", "2020-04-30": "$2,365", "2020-01-31": "$1,817", "2019-10-31": "$2,005", "2019-07-31": "$1,528", "2019-04-30": "$1,311", "2019-01-31": "$1,345", "2018-10-31": "$1,487", "2018-07-31": "$1,234", "2018-04-30": "$1,078", "2018-01-31": "$1,182", "2017-10-31": "$1,262", "2017-07-31": "$1,234", "2017-04-30": "$1,168", "2017-01-31": "$1,217", "2016-10-31": "$1,372", "2016-07-31": "$687", "2016-04-30": "$614", "2016-01-31": "$680", "2015-10-31": "$815", "2015-07-31": "$804", "2015-04-30": "$380", "2015-01-31": "$635", "2014-10-31": "$819", "2014-07-31": "$626", "2014-04-30": "$799", "2014-01-31": "$798", "2013-10-31": "$797", "2013-07-31": "$796", "2013-04-30": "$489", "2013-01-31": "$489", "2012-10-31": "$490", "2012-07-31": "$490", "2012-04-30": "$490", "2012-01-31": "$490", "2011-10-31": "$490", "2011-07-31": "$491", "2011-04-30": "$490", "2011-01-31": "$495", "2010-10-31": "$513", "2010-07-31": "$525", "2010-04-30": "$490", "2010-01-31": "$490", "2009-10-31": "$490", "2009-07-31": "$492", "2009-04-30": "$492", "2009-01-31": "$492", "2008-10-31": "$492", "2008-07-31": "$541", "2008-04-30": "$575", "2008-01-31": "$554", "2007-10-31": "$535", "2007-07-31": "$594", "2007-04-30": "$575", "2007-01-31": "$552", "2006-10-31": "$543", "2006-07-31": "$525", "2006-04-30": "$517", "2006-01-31": "$518", "2005-10-31": "$524", "2005-07-31": "$520", "2005-04-30": "$520", "2005-01-31": "$546"}}, "total-liabilities": {"Vail Resorts Annual Total Liabilities (Millions of US $)": {"2020": "$3,713", "2019": "$2,699", "2018": "$2,253", "2017": "$2,312", "2016": "$1,594", "2015": "$1,607", "2014": "$1,339", "2013": "$1,470", "2012": "$1,111", "2011": "$1,103", "2010": "$1,120", "2009": "$1,104", "2008": "$1,197", "2007": "$1,195", "2006": "$1,045", "2005": "$985"}, "Vail Resorts Quarterly Total Liabilities (Millions of US $)": {"2020-10-31": "$4,015", "2020-07-31": "$3,713", "2020-04-30": "$3,659", "2020-01-31": "$3,463", "2019-10-31": "$3,635", "2019-07-31": "$2,699", "2019-04-30": "$2,468", "2019-01-31": "$2,562", "2018-10-31": "$2,666", "2018-07-31": "$2,253", "2018-04-30": "$2,071", "2018-01-31": "$2,276", "2017-10-31": "$2,399", "2017-07-31": "$2,312", "2017-04-30": "$2,221", "2017-01-31": "$2,302", "2016-10-31": "$2,397", "2016-07-31": "$1,594", "2016-04-30": "$1,540", "2016-01-31": "$1,618", "2015-10-31": "$1,686", "2015-07-31": "$1,607", "2015-04-30": "$1,442", "2015-01-31": "$1,483", "2014-10-31": "$1,582", "2014-07-31": "$1,339", "2014-04-30": "$1,527", "2014-01-31": "$1,561", "2013-10-31": "$1,524", "2013-07-31": "$1,470", "2013-04-30": "$1,177", "2013-01-31": "$1,194", "2012-10-31": "$1,161", "2012-07-31": "$1,111", "2012-04-30": "$1,153", "2012-01-31": "$1,178", "2011-10-31": "$1,163", "2011-07-31": "$1,103", "2011-04-30": "$1,139", "2011-01-31": "$1,181", "2010-10-31": "$1,156", "2010-07-31": "$1,120", "2010-04-30": "$1,088", "2010-01-31": "$1,174", "2009-10-31": "$1,132", "2009-07-31": "$1,104", "2009-04-30": "$1,114", "2009-01-31": "$1,168", "2008-10-31": "$1,182", "2008-07-31": "$1,197", "2008-04-30": "$1,325", "2008-01-31": "$1,381", "2007-10-31": "$1,254", "2007-07-31": "$1,195", "2007-04-30": "$1,152", "2007-01-31": "$1,174", "2006-10-31": "$1,071", "2006-07-31": "$1,045", "2006-04-30": "$1,033", "2006-01-31": "$1,066", "2005-10-31": "$1,000", "2005-07-31": "$985", "2005-04-30": "$969", "2005-01-31": "$1,056"}}, "total-share-holder-equity": {"Vail Resorts Annual Share Holder Equity (Millions of US $)": {"2020": "$1,532", "2019": "$1,727", "2018": "$1,812", "2017": "$1,799", "2016": "$888", "2015": "$881", "2014": "$835", "2013": "$838", "2012": "$816", "2011": "$844", "2010": "$802", "2009": "$781", "2008": "$729", "2007": "$714", "2006": "$643", "2005": "$541"}, "Vail Resorts Quarterly Share Holder Equity (Millions of US $)": {"2020-10-31": "$1,376", "2020-07-31": "$1,532", "2020-04-30": "$1,630", "2020-01-31": "$1,650", "2019-10-31": "$1,522", "2019-07-31": "$1,727", "2019-04-30": "$1,893", "2019-01-31": "$1,683", "2018-10-31": "$1,550", "2018-07-31": "$1,812", "2018-04-30": "$2,004", "2018-01-31": "$1,881", "2017-10-31": "$1,609", "2017-07-31": "$1,799", "2017-04-30": "$1,788", "2017-01-31": "$1,681", "2016-10-31": "$1,527", "2016-07-31": "$888", "2016-04-30": "$980", "2016-01-31": "$855", "2015-10-31": "$757", "2015-07-31": "$881", "2015-04-30": "$977", "2015-01-31": "$863", "2014-10-31": "$759", "2014-07-31": "$835", "2014-04-30": "$921", "2014-01-31": "$814", "2013-10-31": "$759", "2013-07-31": "$838", "2013-04-30": "$903", "2013-01-31": "$810", "2012-10-31": "$752", "2012-07-31": "$816", "2012-04-30": "$897", "2012-01-31": "$821", "2011-10-31": "$777", "2011-07-31": "$844", "2011-04-30": "$900", "2011-01-31": "$821", "2010-10-31": "$762", "2010-07-31": "$802", "2010-04-30": "$857", "2010-01-31": "$782", "2009-10-31": "$738", "2009-07-31": "$781", "2009-04-30": "$827", "2009-01-31": "$749", "2008-10-31": "$683", "2008-07-31": "$729", "2008-04-30": "$796", "2008-01-31": "$721", "2007-10-31": "$681", "2007-07-31": "$714", "2007-04-30": "$743", "2007-01-31": "$658", "2006-10-31": "$604", "2006-07-31": "$643", "2006-04-30": "$680", "2006-01-31": "$587", "2005-10-31": "$520", "2005-07-31": "$541", "2005-04-30": "$561", "2005-01-31": "$496"}}, "profit-margins": {"current": "2.82%"}, "gross margin": {"2020-10-31": "40.43%", "2020-07-31": "39.51%", "2020-04-30": "39.04%", "2020-01-31": "42.34%", "2019-10-31": "42.24%", "2019-07-31": "42.87%", "2019-04-30": "43.21%", "2019-01-31": "42.80%", "2018-10-31": "42.52%", "2018-07-31": "43.09%", "2018-04-30": "43.31%", "2018-01-31": "42.40%", "2017-10-31": "42.46%", "2017-07-31": "43.05%", "2017-04-30": "52.18%", "2017-01-31": "48.27%", "2016-10-31": "43.64%", "2016-07-31": "41.10%", "2016-04-30": "39.80%", "2016-01-31": "39.01%", "2015-10-31": "37.83%", "2015-07-31": "37.24%", "2015-04-30": "24.20%", "2015-01-31": "22.75%", "2014-10-31": "20.25%", "2014-07-31": "20.73%", "2014-04-30": "21.28%", "2014-01-31": "19.26%", "2013-10-31": "19.08%", "2013-07-31": "20.00%", "2013-04-30": "20.68%", "2013-01-31": "19.29%", "2012-10-31": "18.07%", "2012-07-31": "18.46%", "2012-04-30": "18.45%", "2012-01-31": "18.33%", "2011-10-31": "18.91%", "2011-07-31": "18.42%", "2011-04-30": "19.25%", "2011-01-31": "18.10%", "2010-10-31": "17.16%", "2010-07-31": "19.44%", "2010-04-30": "19.98%", "2010-01-31": "19.08%", "2009-10-31": "20.82%", "2009-07-31": "21.22%", "2009-04-30": "22.10%", "2009-01-31": "23.87%", "2008-10-31": "22.95%", "2008-07-31": "23.52%", "2008-04-30": "23.39%", "2008-01-31": "22.94%", "2007-10-31": "23.35%", "2007-07-31": "23.30%", "2007-04-30": "23.89%", "2007-01-31": "23.54%", "2006-10-31": "22.98%", "2006-07-31": "23.39%", "2006-04-30": "23.86%", "2006-01-31": "22.56%", "2005-10-31": "21.46%"}, "operating margin": {"2020-10-31": "10.67%", "2020-07-31": "11.35%", "2020-04-30": "12.76%", "2020-01-31": "19.92%", "2019-10-31": "20.17%", "2019-07-31": "20.95%", "2019-04-30": "21.61%", "2019-01-31": "20.18%", "2018-10-31": "19.14%", "2018-07-31": "20.33%", "2018-04-30": "20.86%", "2018-01-31": "18.93%", "2017-10-31": "18.72%", "2017-07-31": "19.82%", "2017-04-30": "20.61%", "2017-01-31": "19.08%", "2016-10-31": "17.33%", "2016-07-31": "17.61%", "2016-04-30": "18.19%", "2016-01-31": "16.70%", "2015-10-31": "14.73%", "2015-07-31": "15.08%", "2015-04-30": "14.94%", "2015-01-31": "13.47%", "2014-10-31": "10.41%", "2014-07-31": "9.41%", "2014-04-30": "10.40%", "2014-01-31": "7.77%", "2013-10-31": "7.54%", "2013-07-31": "8.66%", "2013-04-30": "8.91%", "2013-01-31": "6.99%", "2012-10-31": "5.18%", "2012-07-31": "5.76%", "2012-04-30": "6.08%", "2012-01-31": "5.98%", "2011-10-31": "7.10%", "2011-07-31": "8.05%", "2011-04-30": "9.34%", "2011-01-31": "8.09%", "2010-10-31": "6.64%", "2010-07-31": "7.71%", "2010-04-30": "8.01%", "2010-01-31": "6.99%", "2009-10-31": "9.87%", "2009-07-31": "10.66%", "2009-04-30": "13.01%", "2009-01-31": "15.53%", "2008-10-31": "14.75%", "2008-07-31": "15.28%", "2008-04-30": "13.99%", "2008-01-31": "13.20%", "2007-10-31": "13.73%", "2007-07-31": "13.62%", "2007-04-30": "14.27%", "2007-01-31": "13.31%", "2006-10-31": "12.01%", "2006-07-31": "12.53%", "2006-04-30": "13.19%", "2006-01-31": "11.71%", "2005-10-31": "10.04%"}, "ebitda margin": {"2020-10-31": "24.62%", "2020-07-31": "24.08%", "2020-04-30": "24.21%", "2020-01-31": "29.69%", "2019-10-31": "29.87%", "2019-07-31": "30.55%", "2019-04-30": "31.03%", "2019-01-31": "30.06%", "2018-10-31": "29.39%", "2018-07-31": "30.47%", "2018-04-30": "30.96%", "2018-01-31": "29.08%", "2017-10-31": "28.87%", "2017-07-31": "29.79%", "2017-04-30": "30.30%", "2017-01-31": "29.13%", "2016-10-31": "27.62%", "2016-07-31": "27.80%", "2016-04-30": "28.24%", "2016-01-31": "26.93%", "2015-10-31": "25.17%", "2015-07-31": "25.66%", "2015-04-30": "25.51%", "2015-01-31": "24.18%", "2014-10-31": "21.68%", "2014-07-31": "20.57%", "2014-04-30": "21.77%", "2014-01-31": "19.69%", "2013-10-31": "19.52%", "2013-07-31": "20.45%", "2013-04-30": "20.50%", "2013-01-31": "19.11%", "2012-10-31": "17.87%", "2012-07-31": "18.26%", "2012-04-30": "18.35%", "2012-01-31": "17.94%", "2011-10-31": "18.52%", "2011-07-31": "18.08%", "2011-04-30": "18.84%", "2011-01-31": "17.93%", "2010-10-31": "17.06%", "2010-07-31": "20.00%", "2010-04-30": "20.67%", "2010-01-31": "19.79%", "2009-10-31": "21.46%", "2009-07-31": "21.22%", "2009-04-30": "22.01%", "2009-01-31": "23.79%", "2008-10-31": "22.87%", "2008-07-31": "23.44%", "2008-04-30": "23.29%", "2008-01-31": "22.84%", "2007-10-31": "23.24%", "2007-07-31": "23.09%", "2007-04-30": "21.30%", "2007-01-31": "18.00%", "2006-10-31": "14.55%", "2006-07-31": "12.53%", "2006-04-30": "13.19%", "2006-01-31": "11.71%", "2005-10-31": "10.04%"}, "pre tax profit margin": {"2020-10-31": "4.27%", "2020-07-31": "5.91%", "2020-04-30": "8.26%", "2020-01-31": "16.37%", "2019-10-31": "16.81%", "2019-07-31": "17.56%", "2019-04-30": "18.13%", "2019-01-31": "16.37%", "2018-10-31": "15.81%", "2018-07-31": "16.90%", "2018-04-30": "18.67%", "2018-01-31": "16.73%", "2017-10-31": "16.46%", "2017-07-31": "18.30%", "2017-04-30": "18.16%", "2017-01-31": "17.17%", "2016-10-31": "15.02%", "2016-07-31": "15.12%", "2016-04-30": "14.97%", "2016-01-31": "13.07%", "2015-10-31": "10.79%", "2015-07-31": "10.72%", "2015-04-30": "10.06%", "2015-01-31": "8.38%", "2014-10-31": "4.77%", "2014-07-31": "3.51%", "2014-04-30": "5.44%", "2014-01-31": "3.11%", "2013-10-31": "3.46%", "2013-07-31": "5.27%", "2013-04-30": "6.06%", "2013-01-31": "4.01%", "2012-10-31": "2.05%", "2012-07-31": "2.64%", "2012-04-30": "2.85%", "2012-01-31": "2.16%", "2011-10-31": "3.36%", "2011-07-31": "4.80%", "2011-04-30": "6.55%", "2011-01-31": "6.18%", "2010-10-31": "4.93%", "2010-07-31": "6.03%", "2010-04-30": "6.16%", "2010-01-31": "4.50%", "2009-10-31": "7.40%", "2009-07-31": "8.17%", "2009-04-30": "11.62%", "2009-01-31": "14.08%", "2008-10-31": "12.92%", "2008-07-31": "14.84%", "2008-04-30": "13.07%", "2008-01-31": "12.45%", "2007-10-31": "12.86%", "2007-07-31": "10.74%", "2007-04-30": "10.96%", "2007-01-31": "9.48%", "2006-10-31": "8.43%", "2006-07-31": "9.07%", "2006-04-30": "8.15%", "2006-01-31": "6.34%", "2005-10-31": "4.14%"}, "net profit margin": {"2020-10-31": "2.79%", "2020-07-31": "5.04%", "2020-04-30": "7.65%", "2020-01-31": "12.61%", "2019-10-31": "13.02%", "2019-07-31": "13.20%", "2019-04-30": "13.66%", "2019-01-31": "12.70%", "2018-10-31": "14.92%", "2018-07-31": "18.89%", "2018-04-30": "20.26%", "2018-01-31": "16.94%", "2017-10-31": "12.56%", "2017-07-31": "11.01%", "2017-04-30": "10.76%", "2017-01-31": "10.35%", "2016-10-31": "9.16%", "2016-07-31": "9.37%", "2016-04-30": "9.16%", "2016-01-31": "7.92%", "2015-10-31": "8.23%", "2015-07-31": "8.22%", "2015-04-30": "8.02%", "2015-01-31": "7.11%", "2014-10-31": "3.02%", "2014-07-31": "2.31%", "2014-04-30": "3.57%", "2014-01-31": "2.07%", "2013-10-31": "2.31%", "2013-07-31": "3.39%", "2013-04-30": "3.92%", "2013-01-31": "2.42%", "2012-10-31": "1.07%", "2012-07-31": "1.56%", "2012-04-30": "1.57%", "2012-01-31": "1.27%", "2011-10-31": "2.11%", "2011-07-31": "3.00%", "2011-04-30": "3.85%", "2011-01-31": "3.74%", "2010-10-31": "2.75%", "2010-07-31": "3.46%", "2010-04-30": "3.95%", "2010-01-31": "2.73%", "2009-10-31": "4.61%", "2009-07-31": "4.88%", "2009-04-30": "6.72%", "2009-01-31": "8.25%", "2008-10-31": "7.62%", "2008-07-31": "8.85%", "2008-04-30": "8.07%", "2008-01-31": "7.68%", "2007-10-31": "7.89%", "2007-07-31": "6.60%", "2007-04-30": "6.72%", "2007-01-31": "5.75%", "2006-10-31": "5.08%", "2006-07-31": "5.49%", "2006-04-30": "4.92%", "2006-01-31": "3.90%", "2005-10-31": "2.63%"}, "pe ratio": {"current": "206.96", "2021-02-05": "246.90", "2020-10-31": "203.54", "2020-07-31": "82.77", "2020-04-30": "43.62", "2020-01-31": "31.76", "2019-10-31": "31.33", "2019-07-31": "33.07", "2019-04-30": "29.84", "2019-01-31": "27.93", "2018-10-31": "33.64", "2018-07-31": "28.91", "2018-04-30": "22.25", "2018-01-31": "25.77", "2017-10-31": "36.18", "2017-07-31": "39.83", "2017-04-30": "40.20", "2017-01-31": "36.05", "2016-10-31": "37.75", "2016-07-31": "33.10", "2016-04-30": "30.75", "2016-01-31": "35.73", "2015-10-31": "32.89", "2015-07-31": "32.90", "2015-04-30": "31.27", "2015-01-31": "31.79", "2014-10-31": "81.36", "2014-07-31": "99.74", "2014-04-30": "56.11", "2014-01-31": "106.81", "2013-10-31": "100.94", "2013-07-31": "61.06", "2013-04-30": "46.40", "2013-01-31": "72.55", "2012-10-31": "200.65", "2012-07-31": "104.56", "2012-04-30": "83.47", "2012-01-31": "113.88", "2011-10-31": "70.02", "2011-07-31": "43.63", "2011-04-30": "33.76", "2011-01-31": "36.12", "2010-10-31": "45.94", "2010-07-31": "39.65", "2010-04-30": "42.89", "2010-01-31": "48.05", "2009-10-31": "25.43", "2009-07-31": "17.79", "2009-04-30": "11.44", "2009-01-31": "7.22", "2008-10-31": "11.80", "2008-07-31": "12.70", "2008-04-30": "19.79", "2008-01-31": "21.77", "2007-10-31": "27.42", "2007-07-31": "28.94", "2007-04-30": "29.29", "2007-01-31": "27.32", "2006-10-31": "27.32"}, "price sales": {"2021-02-05": "6.28", "2020-10-31": "5.18", "2020-07-31": "3.99", "2020-04-30": "3.28", "2020-01-31": "3.96", "2019-10-31": "4.03", "2019-07-31": "4.34", "2019-04-30": "4.06", "2019-01-31": "3.47", "2018-10-31": "4.83", "2018-07-31": "5.28", "2018-04-30": "4.34", "2018-01-31": "4.20", "2017-10-31": "4.43", "2017-07-31": "4.11", "2017-04-30": "3.86", "2017-01-31": "3.52", "2016-10-31": "3.39", "2016-07-31": "3.03", "2016-04-30": "2.76", "2016-01-31": "2.77", "2015-10-31": "2.64", "2015-07-31": "2.60", "2015-04-30": "2.38", "2015-01-31": "2.14", "2014-10-31": "2.22", "2014-07-31": "1.94", "2014-04-30": "1.80", "2014-01-31": "1.87", "2013-10-31": "1.97", "2013-07-31": "1.88", "2013-04-30": "1.68", "2013-01-31": "1.53", "2012-10-31": "1.72", "2012-07-31": "1.49", "2012-04-30": "1.23", "2012-01-31": "1.31", "2011-10-31": "1.31", "2011-07-31": "1.19", "2011-04-30": "1.22", "2011-01-31": "1.27", "2010-10-31": "1.16", "2010-07-31": "1.29", "2010-04-30": "1.61", "2010-01-31": "1.21", "2009-10-31": "1.12", "2009-07-31": "0.86", "2009-04-30": "0.78", "2009-01-31": "0.59", "2008-10-31": "0.88", "2008-07-31": "1.13", "2008-04-30": "1.61", "2008-01-31": "1.66", "2007-10-31": "2.13", "2007-07-31": "1.85", "2007-04-30": "1.91", "2007-01-31": "1.59", "2006-10-31": "1.43"}, "price book": {"current": "8.24", "2021-02-05": "8.24", "2020-10-31": "6.79", "2020-07-31": "5.04", "2020-04-30": "4.21", "2020-01-31": "5.66", "2019-10-31": "6.03", "2019-07-31": "5.60", "2019-04-30": "4.70", "2019-01-31": "4.31", "2018-10-31": "6.23", "2018-07-31": "5.85", "2018-04-30": "4.34", "2018-01-31": "4.39", "2017-10-31": "5.35", "2017-07-31": "4.34", "2017-04-30": "4.07", "2017-01-31": "3.74", "2016-10-31": "3.79", "2016-07-31": "5.31", "2016-04-30": "4.34", "2016-01-31": "4.77", "2015-10-31": "4.90", "2015-07-31": "4.05", "2015-04-30": "3.27", "2015-01-31": "3.25", "2014-10-31": "3.62", "2014-07-31": "2.85", "2014-04-30": "2.36", "2014-01-31": "2.61", "2013-10-31": "2.88", "2013-07-31": "2.46", "2013-04-30": "2.05", "2013-01-31": "1.99", "2012-10-31": "2.30", "2012-07-31": "1.82", "2012-04-30": "1.38", "2012-01-31": "1.60", "2011-10-31": "1.72", "2011-07-31": "1.62", "2011-04-30": "1.62", "2011-01-31": "1.74", "2010-10-31": "1.58", "2010-07-31": "1.40", "2010-04-30": "1.60", "2010-01-31": "1.29", "2009-10-31": "1.40", "2009-07-31": "1.10", "2009-04-30": "1.06", "2009-01-31": "0.94", "2008-10-31": "1.48", "2008-07-31": "1.69", "2008-04-30": "1.95", "2008-01-31": "2.09", "2007-10-31": "2.87", "2007-07-31": "2.42", "2007-04-30": "2.51", "2007-01-31": "2.25", "2006-10-31": "2.07", "2006-07-31": "1.74", "2006-04-30": "1.78", "2006-01-31": "1.63"}, "price fcf": {"2021-02-05": "", "2020-10-31": "$3.60", "2020-07-31": "$5.45", "2020-04-30": "$5.98", "2020-01-31": "$11.36", "2019-10-31": "$11.44", "2019-07-31": "$10.74", "2019-04-30": "$10.72", "2019-01-31": "$10.79", "2018-10-31": "$10.06", "2018-07-31": "$9.80", "2018-04-30": "$10.28", "2018-01-31": "$10.90", "2017-10-31": "$10.73", "2017-07-31": "$8.09", "2017-04-30": "$8.48", "2017-01-31": "$8.30", "2016-10-31": "$7.72", "2016-07-31": "$8.78", "2016-04-30": "$6.41", "2016-01-31": "$5.68", "2015-10-31": "$6.25", "2015-07-31": "$4.81", "2015-04-30": "$6.34", "2015-01-31": "$6.62", "2014-10-31": "$3.84", "2014-07-31": "$3.44", "2014-04-30": "$2.67", "2014-01-31": "$2.45", "2013-10-31": "$3.02", "2013-07-31": "$3.47", "2013-04-30": "$4.15", "2013-01-31": "$3.43", "2012-10-31": "$1.75", "2012-07-31": "$1.44", "2012-04-30": "$2.20", "2012-01-31": "$0.94", "2011-10-31": "$2.06", "2011-07-31": "$4.67", "2011-04-30": "$5.04", "2011-01-31": "$4.89", "2010-10-31": "$3.42", "2010-07-31": "$-0.66", "2010-04-30": "$-2.33", "2010-01-31": "$-2.27", "2009-10-31": "$-1.26", "2009-07-31": "$0.76", "2009-04-30": "$3.57", "2009-01-31": "$4.12", "2008-10-31": "$3.74", "2008-07-31": "$1.70", "2008-04-30": "$-0.68", "2008-01-31": "$-1.19", "2007-10-31": "$0.24", "2007-07-31": "$-0.02", "2007-04-30": "$-1.49", "2007-01-31": "$-0.66", "2006-10-31": "$-2.75"}, "net worth": {"value": "$11.33B"}, "current ratio": {"current": "0.89", "2020-10-31": "0.89", "2020-07-31": "1.10", "2020-04-30": "1.35", "2020-01-31": "0.45", "2019-10-31": "0.44", "2019-07-31": "0.73", "2019-04-30": "0.76", "2019-01-31": "0.55", "2018-10-31": "0.50", "2018-07-31": "0.91", "2018-04-30": "1.04", "2018-01-31": "0.73", "2017-10-31": "0.56", "2017-07-31": "0.72", "2017-04-30": "1.02", "2017-01-31": "0.59", "2016-10-31": "0.51", "2016-07-31": "0.64", "2016-04-30": "0.93", "2016-01-31": "0.56", "2015-10-31": "0.50", "2015-07-31": "0.72", "2015-04-30": "0.63", "2015-01-31": "0.55", "2014-10-31": "0.55", "2014-07-31": "0.85", "2014-04-30": "1.71", "2014-01-31": "0.98", "2013-10-31": "0.76", "2013-07-31": "1.10", "2013-04-30": "1.67", "2013-01-31": "0.97", "2012-10-31": "0.66", "2012-07-31": "0.93", "2012-04-30": "1.38", "2012-01-31": "0.87", "2011-10-31": "0.66", "2011-07-31": "1.01", "2011-04-30": "1.43", "2011-01-31": "0.80", "2010-10-31": "0.53", "2010-07-31": "0.59", "2010-04-30": "0.75", "2010-01-31": "0.63", "2009-10-31": "0.51", "2009-07-31": "0.91", "2009-04-30": "1.22", "2009-01-31": "0.88", "2008-10-31": "0.71", "2008-07-31": "0.98", "2008-04-30": "1.18", "2008-01-31": "0.88", "2007-10-31": "0.73", "2007-07-31": "1.29", "2007-04-30": "1.87", "2007-01-31": "1.31", "2006-10-31": "0.92", "2006-07-31": "1.28", "2006-04-30": "1.79", "2006-01-31": "1.06", "2005-10-31": "0.83", "2005-07-31": "1.26", "2005-04-30": "0.79", "2005-01-31": "0.56"}, "quick ratio": {"2020-10-31": "0.78", "2020-07-31": "0.93", "2020-04-30": "1.17", "2020-01-31": "0.33", "2019-10-31": "0.31", "2019-07-31": "0.60", "2019-04-30": "0.62", "2019-01-31": "0.41", "2018-10-31": "0.35", "2018-07-31": "0.76", "2018-04-30": "0.88", "2018-01-31": "0.58", "2017-10-31": "0.41", "2017-07-31": "0.58", "2017-04-30": "0.86", "2017-01-31": "0.44", "2016-10-31": "0.34", "2016-07-31": "0.49", "2016-04-30": "0.75", "2016-01-31": "0.40", "2015-10-31": "0.32", "2015-07-31": "0.54", "2015-04-30": "0.53", "2015-01-31": "0.39", "2014-10-31": "0.34", "2014-07-31": "0.64", "2014-04-30": "1.51", "2014-01-31": "0.81", "2013-10-31": "0.54", "2013-07-31": "0.88", "2013-04-30": "1.44", "2013-01-31": "0.76", "2012-10-31": "0.41", "2012-07-31": "0.67", "2012-04-30": "1.15", "2012-01-31": "0.68", "2011-10-31": "0.43", "2011-07-31": "0.79", "2011-04-30": "1.23", "2011-01-31": "0.64", "2010-10-31": "0.34", "2010-07-31": "0.42", "2010-04-30": "0.58", "2010-01-31": "0.49", "2009-10-31": "0.32", "2009-07-31": "0.72", "2009-04-30": "1.04", "2009-01-31": "0.73", "2008-10-31": "0.53", "2008-07-31": "0.84", "2008-04-30": "1.07", "2008-01-31": "0.79", "2007-10-31": "0.59", "2007-07-31": "1.14", "2007-04-30": "1.70", "2007-01-31": "1.16", "2006-10-31": "0.72", "2006-07-31": "1.12", "2006-04-30": "1.62", "2006-01-31": "0.92", "2005-10-31": "0.64", "2005-07-31": "1.10", "2005-04-30": "0.63", "2005-01-31": "0.43"}, "debt equity ratio": {"current": "1.74", "2020-10-31": "2.92", "2020-07-31": "2.42", "2020-04-30": "2.25", "2020-01-31": "2.10", "2019-10-31": "2.39", "2019-07-31": "1.56", "2019-04-30": "1.30", "2019-01-31": "1.52", "2018-10-31": "1.72", "2018-07-31": "1.24", "2018-04-30": "1.03", "2018-01-31": "1.21", "2017-10-31": "1.49", "2017-07-31": "1.29", "2017-04-30": "1.24", "2017-01-31": "1.37", "2016-10-31": "1.57", "2016-07-31": "1.79", "2016-04-30": "1.57", "2016-01-31": "1.89", "2015-10-31": "2.23", "2015-07-31": "1.83", "2015-04-30": "1.48", "2015-01-31": "1.72", "2014-10-31": "2.09", "2014-07-31": "1.60", "2014-04-30": "1.66", "2014-01-31": "1.92", "2013-10-31": "2.01", "2013-07-31": "1.76", "2013-04-30": "1.30", "2013-01-31": "1.47", "2012-10-31": "1.54", "2012-07-31": "1.36", "2012-04-30": "1.29", "2012-01-31": "1.43", "2011-10-31": "1.50", "2011-07-31": "1.31", "2011-04-30": "1.27", "2011-01-31": "1.44", "2010-10-31": "1.52", "2010-07-31": "1.40", "2010-04-30": "1.27", "2010-01-31": "1.50", "2009-10-31": "1.53", "2009-07-31": "1.41", "2009-04-30": "1.35", "2009-01-31": "1.56", "2008-10-31": "1.73", "2008-07-31": "1.64", "2008-04-30": "1.67", "2008-01-31": "1.92", "2007-10-31": "1.84", "2007-07-31": "1.67", "2007-04-30": "1.55", "2007-01-31": "1.78", "2006-10-31": "1.77", "2006-07-31": "1.63", "2006-04-30": "1.52", "2006-01-31": "1.82", "2005-10-31": "1.92", "2005-07-31": "1.82", "2005-04-30": "1.73", "2005-01-31": "2.13"}, "return on equity": {"2020-10-31": "3.30%", "2020-07-31": "6.25%", "2020-04-30": "9.99%", "2020-01-31": "17.79%", "2019-10-31": "17.70%", "2019-07-31": "17.51%", "2019-04-30": "17.64%", "2019-01-31": "15.32%", "2018-10-31": "16.56%", "2018-07-31": "20.80%", "2018-04-30": "22.32%", "2018-01-31": "18.77%", "2017-10-31": "14.25%", "2017-07-31": "12.36%", "2017-04-30": "13.73%", "2017-01-31": "14.11%", "2016-10-31": "13.84%", "2016-07-31": "17.24%", "2016-04-30": "16.70%", "2016-01-31": "13.83%", "2015-10-31": "13.69%", "2015-07-31": "13.22%", "2015-04-30": "12.81%", "2015-01-31": "11.25%", "2014-10-31": "4.57%", "2014-07-31": "3.48%", "2014-04-30": "5.28%", "2014-01-31": "2.90%", "2013-10-31": "3.14%", "2013-07-31": "4.60%", "2013-04-30": "5.36%", "2013-01-31": "3.18%", "2012-10-31": "1.34%", "2012-07-31": "1.93%", "2012-04-30": "1.92%", "2012-01-31": "1.56%", "2011-10-31": "2.63%", "2011-07-31": "4.21%", "2011-04-30": "5.72%", "2011-01-31": "5.31%", "2010-10-31": "3.62%", "2010-07-31": "3.90%", "2010-04-30": "4.31%", "2010-01-31": "2.94%", "2009-10-31": "5.56%", "2009-07-31": "6.45%", "2009-04-30": "10.31%", "2009-01-31": "13.80%", "2008-10-31": "12.56%", "2008-07-31": "13.94%", "2008-04-30": "10.85%", "2008-01-31": "9.93%", "2007-10-31": "10.44%", "2007-07-31": "9.12%", "2007-04-30": "9.82%", "2007-01-31": "8.36%", "2006-10-31": "7.00%", "2006-07-31": "7.57%", "2006-04-30": "7.04%", "2006-01-31": "5.79%", "2005-10-31": "3.97%"}, "return on assets": {"2020-10-31": "0.97%", "2020-07-31": "1.90%", "2020-04-30": "3.26%", "2020-01-31": "6.34%", "2019-10-31": "6.64%", "2019-07-31": "6.96%", "2019-04-30": "7.25%", "2019-01-31": "6.51%", "2018-10-31": "7.27%", "2018-07-31": "9.32%", "2018-04-30": "9.96%", "2018-01-31": "8.15%", "2017-10-31": "6.08%", "2017-07-31": "5.24%", "2017-04-30": "5.61%", "2017-01-31": "5.55%", "2016-10-31": "5.16%", "2016-07-31": "6.05%", "2016-04-30": "5.85%", "2016-01-31": "4.89%", "2015-10-31": "4.91%", "2015-07-31": "4.79%", "2015-04-30": "4.74%", "2015-01-31": "4.08%", "2014-10-31": "1.63%", "2014-07-31": "1.25%", "2014-04-30": "1.87%", "2014-01-31": "1.06%", "2013-10-31": "1.20%", "2013-07-31": "1.83%", "2013-04-30": "2.22%", "2013-01-31": "1.32%", "2012-10-31": "0.56%", "2012-07-31": "0.81%", "2012-04-30": "0.81%", "2012-01-31": "0.66%", "2011-10-31": "1.11%", "2011-07-31": "1.77%", "2011-04-30": "2.38%", "2011-01-31": "2.21%", "2010-10-31": "1.50%", "2010-07-31": "1.61%", "2010-04-30": "1.78%", "2010-01-31": "1.20%", "2009-10-31": "2.26%", "2009-07-31": "2.58%", "2009-04-30": "4.03%", "2009-01-31": "5.21%", "2008-10-31": "4.59%", "2008-07-31": "5.05%", "2008-04-30": "3.92%", "2008-01-31": "3.62%", "2007-10-31": "3.86%", "2007-07-31": "3.39%", "2007-04-30": "3.67%", "2007-01-31": "3.13%", "2006-10-31": "2.62%", "2006-07-31": "2.80%", "2006-04-30": "2.56%", "2006-01-31": "2.05%", "2005-10-31": "1.37%"}, "return on investments": {"2020-10-31": "5.15%", "2020-07-31": "5.98%", "2020-04-30": "7.64%", "2020-01-31": "14.18%", "2019-10-31": "14.38%", "2019-07-31": "15.20%", "2019-04-30": "15.72%", "2019-01-31": "14.07%", "2018-10-31": "12.59%", "2018-07-31": "13.56%", "2018-04-30": "13.91%", "2018-01-31": "12.45%", "2017-10-31": "12.42%", "2017-07-31": "12.83%", "2017-04-30": "14.99%", "2017-01-31": "14.73%", "2016-10-31": "14.63%", "2016-07-31": "17.98%", "2016-04-30": "18.05%", "2016-01-31": "16.46%", "2015-10-31": "13.94%", "2015-07-31": "13.80%", "2015-04-30": "13.91%", "2015-01-31": "11.51%", "2014-10-31": "8.23%", "2014-07-31": "7.44%", "2014-04-30": "7.85%", "2014-01-31": "5.81%", "2013-10-31": "5.78%", "2013-07-31": "6.97%", "2013-04-30": "7.63%", "2013-01-31": "5.73%", "2012-10-31": "4.04%", "2012-07-31": "4.48%", "2012-04-30": "4.68%", "2012-01-31": "4.60%", "2011-10-31": "5.58%", "2011-07-31": "7.07%", "2011-04-30": "8.59%", "2011-01-31": "7.07%", "2010-10-31": "5.36%", "2010-07-31": "5.33%", "2010-04-30": "5.39%", "2010-01-31": "4.64%", "2009-10-31": "7.27%", "2009-07-31": "8.55%", "2009-04-30": "11.91%", "2009-01-31": "15.19%", "2008-10-31": "13.99%", "2008-07-31": "13.72%", "2008-04-30": "10.60%", "2008-01-31": "9.54%", "2007-10-31": "10.06%", "2007-07-31": "10.27%", "2007-04-30": "11.40%", "2007-01-31": "10.59%", "2006-10-31": "9.01%", "2006-07-31": "9.31%", "2006-04-30": "9.99%", "2006-01-31": "8.95%", "2005-10-31": "7.57%"}, "return on tangible equity": {"2020-10-31": "-10.65%", "2020-07-31": "-21.70%", "2020-04-30": "-42.87%", "2020-01-31": "-102.55%", "2019-10-31": "-130.31%", "2019-07-31": "-179.37%", "2019-04-30": "-287.32%", "2019-01-31": "-586.96%", "2018-10-31": "3000.00%", "2018-07-31": "849.16%", "2018-04-30": "1507.41%", "2018-01-31": "-2886.96%", "2017-10-31": "-550.56%", "2017-07-31": "-363.64%", "2017-04-30": "3366.67%", "2017-01-31": "260.36%", "2016-10-31": "105.19%", "2016-07-31": "67.57%", "2016-04-30": "65.54%", "2016-01-31": "52.06%", "2015-10-31": "49.22%", "2015-07-31": "46.09%", "2015-04-30": "39.96%", "2015-01-31": "32.79%", "2014-10-31": "12.43%", "2014-07-31": "8.68%", "2014-04-30": "13.20%", "2014-01-31": "6.63%", "2013-10-31": "6.59%", "2013-07-31": "8.88%", "2013-04-30": "9.62%", "2013-01-31": "5.70%", "2012-10-31": "2.39%", "2012-07-31": "3.43%", "2012-04-30": "3.37%", "2012-01-31": "2.73%", "2011-10-31": "4.62%", "2011-07-31": "7.42%", "2011-04-30": "9.73%", "2011-01-31": "8.63%", "2010-10-31": "5.60%", "2010-07-31": "5.74%", "2010-04-30": "6.29%", "2010-01-31": "4.30%", "2009-10-31": "8.17%", "2009-07-31": "9.40%", "2009-04-30": "14.92%", "2009-01-31": "19.74%", "2008-10-31": "17.77%", "2008-07-31": "19.73%", "2008-04-30": "15.39%", "2008-01-31": "14.16%", "2007-10-31": "14.99%", "2007-07-31": "13.22%", "2007-04-30": "14.37%", "2007-01-31": "12.40%", "2006-10-31": "10.56%", "2006-07-31": "11.65%", "2006-04-30": "11.12%", "2006-01-31": "9.53%", "2005-10-31": "6.79%"}, "dividend yield history": {"last payout": "$0.00", "last yield": "0.00%"}}