{"ticker": "VLO", "price": {"title": "Valero Energy Historical Annual Stock Price Data", "value": 61.72, "historical": {"2021": {"Average Stock Price": "58.7838", "Year Open": "55.7300", "Year High": "61.7200", "Year Low": "55.7300", "Year Close": "61.7200", "Annual % Change": "9.10%"}, "2020": {"Average Stock Price": "58.2723", "Year Open": "95.1300", "Year High": "96.8900", "Year Low": "32.6200", "Year Close": "56.5700", "Annual % Change": "-39.59%"}, "2019": {"Average Stock Price": "85.1730", "Year Open": "75.5600", "Year High": "101.4000", "Year Low": "70.4000", "Year Close": "93.6500", "Annual % Change": "24.92%"}, "2018": {"Average Stock Price": "101.8409", "Year Open": "92.8000", "Year High": "124.4400", "Year Low": "68.9400", "Year Close": "74.9700", "Annual % Change": "-18.43%"}, "2017": {"Average Stock Price": "70.8023", "Year Open": "70.4200", "Year High": "92.3000", "Year Low": "61.4700", "Year Close": "91.9100", "Annual % Change": "34.53%"}, "2016": {"Average Stock Price": "58.6967", "Year Open": "69.9400", "Year High": "72.0900", "Year Low": "47.2400", "Year Close": "68.3200", "Annual % Change": "-3.38%"}, "2015": {"Average Stock Price": "61.7027", "Year Open": "50.3400", "Year High": "73.0300", "Year Low": "44.0700", "Year Close": "70.7100", "Annual % Change": "42.85%"}, "2014": {"Average Stock Price": "51.2898", "Year Open": "49.8700", "Year High": "58.5100", "Year Low": "43.7600", "Year Close": "49.5000", "Annual % Change": "-1.79%"}, "2013": {"Average Stock Price": "39.8230", "Year Open": "35.4800", "Year High": "50.4000", "Year Low": "33.5400", "Year Close": "50.4000", "Annual % Change": "47.71%"}, "2012": {"Average Stock Price": "26.8856", "Year Open": "20.9300", "Year High": "34.3800", "Year Low": "19.6100", "Year Close": "34.1200", "Annual % Change": "62.09%"}, "2011": {"Average Stock Price": "24.5625", "Year Open": "23.7500", "Year High": "30.7300", "Year Low": "17.1700", "Year Close": "21.0500", "Annual % Change": "-8.95%"}, "2010": {"Average Stock Price": "18.6523", "Year Open": "17.8900", "Year High": "23.3500", "Year Low": "15.6500", "Year Close": "23.1200", "Annual % Change": "38.03%"}, "2009": {"Average Stock Price": "19.2142", "Year Open": "23.2400", "Year High": "25.8500", "Year Low": "15.5700", "Year Close": "16.7500", "Annual % Change": "-22.60%"}, "2008": {"Average Stock Price": "39.2462", "Year Open": "69.4500", "Year High": "69.4500", "Year Low": "14.0500", "Year Close": "21.6400", "Annual % Change": "-69.10%"}, "2007": {"Average Stock Price": "66.7147", "Year Open": "50.0500", "Year High": "77.7100", "Year Low": "48.2100", "Year Close": "70.0300", "Annual % Change": "36.88%"}, "2006": {"Average Stock Price": "58.0160", "Year Open": "54.3600", "Year High": "69.1000", "Year Low": "48.1500", "Year Close": "51.1600", "Annual % Change": "-0.85%"}, "2005": {"Average Stock Price": "41.3571", "Year Open": "21.5300", "Year High": "58.0600", "Year Low": "21.0800", "Year Close": "51.6000", "Annual % Change": "127.31%"}, "2004": {"Average Stock Price": "17.3929", "Year Open": "11.5050", "Year High": "23.8150", "Year Low": "11.5050", "Year Close": "22.7000", "Annual % Change": "95.94%"}, "2003": {"Average Stock Price": "9.7576", "Year Open": "9.5300", "Year High": "11.7000", "Year Low": "7.8475", "Year Close": "11.5850", "Annual % Change": "25.45%"}, "2002": {"Average Stock Price": "9.4812", "Year Open": "9.6750", "Year High": "12.3800", "Year Low": "5.8650", "Year Close": "9.2350", "Annual % Change": "-3.10%"}, "2001": {"Average Stock Price": "9.5754", "Year Open": "8.9375", "Year High": "12.9625", "Year Low": "8.1875", "Year Close": "9.5300", "Annual % Change": "2.50%"}, "2000": {"Average Stock Price": "7.4149", "Year Open": "4.7825", "Year High": "9.5950", "Year Low": "4.7350", "Year Close": "9.2975", "Annual % Change": "87.07%"}, "1999": {"Average Stock Price": "5.1535", "Year Open": "5.7975", "Year High": "6.2500", "Year Low": "4.1875", "Year Close": "4.9700", "Annual % Change": "-6.45%"}, "1998": {"Average Stock Price": "6.8905", "Year Open": "7.8275", "Year High": "9.1100", "Year Low": "4.4700", "Year Close": "5.3125", "Annual % Change": "-32.41%"}, "1997": {"Average Stock Price": "8.4005", "Year Open": "7.3750", "Year High": "10.7500", "Year Low": "7.1100", "Year Close": "7.8600", "Annual % Change": "9.85%"}, "1996": {"Average Stock Price": "6.1788", "Year Open": "6.2500", "Year High": "7.5000", "Year Low": "5.0950", "Year Close": "7.1550", "Annual % Change": "16.82%"}, "1995": {"Average Stock Price": "5.3185", "Year Open": "4.2200", "Year High": "6.4700", "Year Low": "4.0625", "Year Close": "6.1250", "Annual % Change": "45.14%"}, "1994": {"Average Stock Price": "5.0538", "Year Open": "5.0325", "Year High": "6.0000", "Year Low": "4.1575", "Year Close": "4.2200", "Annual % Change": "-20.11%"}, "1993": {"Average Stock Price": "5.8415", "Year Open": "5.6250", "Year High": "6.5000", "Year Low": "5.0000", "Year Close": "5.2825", "Annual % Change": "-7.65%"}, "1992": {"Average Stock Price": "6.5977", "Year Open": "7.4375", "Year High": "8.2825", "Year Low": "4.9700", "Year Close": "5.7200", "Annual % Change": "-23.09%"}, "1991": {"Average Stock Price": "5.8925", "Year Open": "3.9075", "Year High": "7.6575", "Year Low": "3.6875", "Year Close": "7.4375", "Annual % Change": "93.43%"}, "1990": {"Average Stock Price": "4.0370", "Year Open": "3.7825", "Year High": "5.0625", "Year Low": "3.4375", "Year Close": "3.8450", "Annual % Change": "1.72%"}, "1989": {"Average Stock Price": "3.6820", "Year Open": "2.2500", "Year High": "4.7200", "Year Low": "2.2500", "Year Close": "3.7800", "Annual % Change": "70.27%"}, "1988": {"Average Stock Price": "1.8071", "Year Open": "1.3425", "Year High": "2.3750", "Year Low": "1.1250", "Year Close": "2.2200", "Annual % Change": "77.60%"}, "1987": {"Average Stock Price": "2.4179", "Year Open": "1.7500", "Year High": "3.4375", "Year Low": "1.1550", "Year Close": "1.2500", "Annual % Change": "-27.33%"}, "1986": {"Average Stock Price": "2.1961", "Year Open": "3.4675", "Year High": "3.5000", "Year Low": "1.6875", "Year Close": "1.7200", "Annual % Change": "-49.96%"}, "1985": {"Average Stock Price": "2.7234", "Year Open": "1.6250", "Year High": "3.6250", "Year Low": "1.5625", "Year Close": "3.4375", "Annual % Change": "120.00%"}, "1984": {"Average Stock Price": "2.9057", "Year Open": "5.2200", "Year High": "5.9375", "Year Low": "1.4675", "Year Close": "1.5625", "Annual % Change": "-70.07%"}, "1983": {"Average Stock Price": "6.5822", "Year Open": "5.8125", "Year High": "9.0000", "Year Low": "4.5300", "Year Close": "5.2200", "Annual % Change": "-13.90%"}}}, "market cap": {"value": "$25.17B"}, "income statement": {"Revenue": {"2020-12-31": "64912.00000", "2019-12-31": "108324.00000", "2018-12-31": "117033.00000", "2017-12-31": "93980.00000", "2016-12-31": "75659.00000", "2015-12-31": "87804.00000", "2014-12-31": "130844.00000", "2013-12-31": "138074.00000", "2012-12-31": "138393.00000", "2011-12-31": "125987.00000", "2010-12-31": "82233.00000", "2009-12-31": "64599.00000", "2008-12-31": "106676.00000", "2007-12-31": "89987.00000", "2006-12-31": "87640.00000", "2005-12-31": "80616.00000"}, "Cost Of Goods Sold": {"2020-12-31": "65652.00000", "2019-12-31": "103546.00000", "2018-12-31": "111439.00000", "2017-12-31": "89475.00000", "2016-12-31": "65215.00000", "2015-12-31": "74651.00000", "2014-12-31": "118141.00000", "2013-12-31": "127316.00000", "2012-12-31": "126485.00000", "2011-12-31": "115719.00000", "2010-12-31": "74458.00000", "2009-12-31": "58686.00000", "2008-12-31": "96087.00000", "2007-12-31": "77059.00000", "2006-12-31": "73863.00000", "2005-12-31": "70438.00000"}, "Gross Profit": {"2020-12-31": "-740.00000", "2019-12-31": "4778.00000", "2018-12-31": "5594.00000", "2017-12-31": "4505.00000", "2016-12-31": "10444.00000", "2015-12-31": "13153.00000", "2014-12-31": "12703.00000", "2013-12-31": "10758.00000", "2012-12-31": "11908.00000", "2011-12-31": "10268.00000", "2010-12-31": "7775.00000", "2009-12-31": "5913.00000", "2008-12-31": "10589.00000", "2007-12-31": "12928.00000", "2006-12-31": "13777.00000", "2005-12-31": "10178.00000"}, "Research And Development Expenses": {"2020-12-31": "", "2019-12-31": "", "2018-12-31": "", "2017-12-31": "", "2016-12-31": "", "2015-12-31": "", "2014-12-31": "", "2013-12-31": "", "2012-12-31": "", "2011-12-31": "", "2010-12-31": "", "2009-12-31": "", "2008-12-31": "", "2007-12-31": "", "2006-12-31": "", "2005-12-31": ""}, "SG&A Expenses": {"2020-12-31": "756.00000", "2019-12-31": "868.00000", "2018-12-31": "925.00000", "2017-12-31": "829.00000", "2016-12-31": "4960.00000", "2015-12-31": "4953.00000", "2014-12-31": "5111.00000", "2013-12-31": "5081.00000", "2012-12-31": "5229.00000", "2011-12-31": "5054.00000", "2010-12-31": "4492.00000", "2009-12-31": "4247.00000", "2008-12-31": "4966.00000", "2007-12-31": "5054.00000", "2006-12-31": "4939.00000", "2005-12-31": "4074.00000"}, "Other Operating Income Or Expenses": {"2020-12-31": "-35.00000", "2019-12-31": "-21.00000", "2018-12-31": "-45.00000", "2017-12-31": "-61.00000", "2016-12-31": "-56.00000", "2015-12-31": "", "2014-12-31": "0.00000", "2013-12-31": "", "2012-12-31": "-86.00000", "2011-12-31": "", "2010-12-31": "-2.00000", "2009-12-31": "-222.00000", "2008-12-31": "219.00000", "2007-12-31": "", "2006-12-31": "", "2005-12-31": ""}, "Operating Expenses": {"2020-12-31": "66491.00000", "2019-12-31": "104488.00000", "2018-12-31": "112461.00000", "2017-12-31": "90417.00000", "2016-12-31": "72125.00000", "2015-12-31": "81446.00000", "2014-12-31": "124942.00000", "2013-12-31": "134117.00000", "2012-12-31": "133349.00000", "2011-12-31": "122307.00000", "2010-12-31": "80357.00000", "2009-12-31": "64516.00000", "2008-12-31": "106145.00000", "2007-12-31": "83357.00000", "2006-12-31": "79918.00000", "2005-12-31": "75348.00000"}, "Operating Income": {"2020-12-31": "-1579.00000", "2019-12-31": "3836.00000", "2018-12-31": "4572.00000", "2017-12-31": "3563.00000", "2016-12-31": "3534.00000", "2015-12-31": "6358.00000", "2014-12-31": "5902.00000", "2013-12-31": "3957.00000", "2012-12-31": "5044.00000", "2011-12-31": "3680.00000", "2010-12-31": "1876.00000", "2009-12-31": "83.00000", "2008-12-31": "531.00000", "2007-12-31": "6630.00000", "2006-12-31": "7722.00000", "2005-12-31": "5268.00000"}, "Total Non-Operating Income/Expense": {"2020-12-31": "-431.00000", "2019-12-31": "-350.00000", "2018-12-31": "-340.00000", "2017-12-31": "-356.00000", "2016-12-31": "-352.00000", "2015-12-31": "-387.00000", "2014-12-31": "-350.00000", "2013-12-31": "19.00000", "2012-12-31": "-304.00000", "2011-12-31": "-358.00000", "2010-12-31": "-378.00000", "2009-12-31": "-399.00000", "2008-12-31": "-247.00000", "2007-12-31": "-194.00000", "2006-12-31": "176.00000", "2005-12-31": "-174.00000"}, "Pre-Tax Income": {"2020-12-31": "-2010.00000", "2019-12-31": "3486.00000", "2018-12-31": "4232.00000", "2017-12-31": "3207.00000", "2016-12-31": "3182.00000", "2015-12-31": "5971.00000", "2014-12-31": "5552.00000", "2013-12-31": "3976.00000", "2012-12-31": "4740.00000", "2011-12-31": "3322.00000", "2010-12-31": "1498.00000", "2009-12-31": "-316.00000", "2008-12-31": "284.00000", "2007-12-31": "6436.00000", "2006-12-31": "7898.00000", "2005-12-31": "5094.00000"}, "Income Taxes": {"2020-12-31": "-903.00000", "2019-12-31": "702.00000", "2018-12-31": "879.00000", "2017-12-31": "-949.00000", "2016-12-31": "765.00000", "2015-12-31": "1870.00000", "2014-12-31": "1777.00000", "2013-12-31": "1254.00000", "2012-12-31": "1626.00000", "2011-12-31": "1226.00000", "2010-12-31": "575.00000", "2009-12-31": "-43.00000", "2008-12-31": "1438.00000", "2007-12-31": "2059.00000", "2006-12-31": "2611.00000", "2005-12-31": "1621.00000"}, "Income After Taxes": {"2020-12-31": "-1107.00000", "2019-12-31": "2784.00000", "2018-12-31": "3353.00000", "2017-12-31": "4156.00000", "2016-12-31": "2417.00000", "2015-12-31": "4101.00000", "2014-12-31": "3775.00000", "2013-12-31": "2722.00000", "2012-12-31": "3114.00000", "2011-12-31": "2096.00000", "2010-12-31": "923.00000", "2009-12-31": "-273.00000", "2008-12-31": "-1154.00000", "2007-12-31": "4377.00000", "2006-12-31": "5287.00000", "2005-12-31": "3473.00000"}, "Other Income": {"2020-12-31": "", "2019-12-31": "", "2018-12-31": "", "2017-12-31": "", "2016-12-31": "", "2015-12-31": "", "2014-12-31": "", "2013-12-31": "", "2012-12-31": "", "2011-12-31": "", "2010-12-31": "", "2009-12-31": "", "2008-12-31": "", "2007-12-31": "", "2006-12-31": "", "2005-12-31": ""}, "Income From Continuous Operations": {"2020-12-31": "-1107.00000", "2019-12-31": "2784.00000", "2018-12-31": "3353.00000", "2017-12-31": "4156.00000", "2016-12-31": "2417.00000", "2015-12-31": "4101.00000", "2014-12-31": "3775.00000", "2013-12-31": "2722.00000", "2012-12-31": "3114.00000", "2011-12-31": "2096.00000", "2010-12-31": "923.00000", "2009-12-31": "-273.00000", "2008-12-31": "-1154.00000", "2007-12-31": "4377.00000", "2006-12-31": "5287.00000", "2005-12-31": "3473.00000"}, "Income From Discontinued Operations": {"2020-12-31": "", "2019-12-31": "", "2018-12-31": "", "2017-12-31": "", "2016-12-31": "", "2015-12-31": "", "2014-12-31": "-64.00000", "2013-12-31": "6.00000", "2012-12-31": "-1034.00000", "2011-12-31": "-7.00000", "2010-12-31": "-599.00000", "2009-12-31": "-1709.00000", "2008-12-31": "23.00000", "2007-12-31": "857.00000", "2006-12-31": "176.00000", "2005-12-31": "117.00000"}, "Net Income": {"2020-12-31": "-1421.00000", "2019-12-31": "2422.00000", "2018-12-31": "3122.00000", "2017-12-31": "4065.00000", "2016-12-31": "2289.00000", "2015-12-31": "3990.00000", "2014-12-31": "3630.00000", "2013-12-31": "2720.00000", "2012-12-31": "2083.00000", "2011-12-31": "2090.00000", "2010-12-31": "324.00000", "2009-12-31": "-1982.00000", "2008-12-31": "-1131.00000", "2007-12-31": "5234.00000", "2006-12-31": "5461.00000", "2005-12-31": "3577.00000"}, "EBITDA": {"2020-12-31": "-1579.00000", "2019-12-31": "6091.00000", "2018-12-31": "6641.00000", "2017-12-31": "5549.00000", "2016-12-31": "5428.00000", "2015-12-31": "8200.00000", "2014-12-31": "7592.00000", "2013-12-31": "5677.00000", "2012-12-31": "6618.00000", "2011-12-31": "5214.00000", "2010-12-31": "3349.00000", "2009-12-31": "1610.00000", "2008-12-31": "6076.00000", "2007-12-31": "8006.00000", "2006-12-31": "8877.00000", "2005-12-31": "6108.00000"}, "EBIT": {"2020-12-31": "-1579.00000", "2019-12-31": "3836.00000", "2018-12-31": "4572.00000", "2017-12-31": "3563.00000", "2016-12-31": "3534.00000", "2015-12-31": "6358.00000", "2014-12-31": "5902.00000", "2013-12-31": "3957.00000", "2012-12-31": "5044.00000", "2011-12-31": "3680.00000", "2010-12-31": "1876.00000", "2009-12-31": "83.00000", "2008-12-31": "531.00000", "2007-12-31": "6630.00000", "2006-12-31": "7722.00000", "2005-12-31": "5268.00000"}, "Basic Shares Outstanding": {"2020-12-31": "407.00000", "2019-12-31": "413.00000", "2018-12-31": "426.00000", "2017-12-31": "442.00000", "2016-12-31": "461.00000", "2015-12-31": "497.00000", "2014-12-31": "526.00000", "2013-12-31": "542.00000", "2012-12-31": "550.00000", "2011-12-31": "563.00000", "2010-12-31": "563.00000", "2009-12-31": "541.00000", "2008-12-31": "524.00000", "2007-12-31": "565.00000", "2006-12-31": "611.00000", "2005-12-31": "549.00000"}, "Shares Outstanding": {"2020-12-31": "407.00000", "2019-12-31": "414.00000", "2018-12-31": "428.00000", "2017-12-31": "444.00000", "2016-12-31": "464.00000", "2015-12-31": "500.00000", "2014-12-31": "530.00000", "2013-12-31": "548.00000", "2012-12-31": "556.00000", "2011-12-31": "569.00000", "2010-12-31": "568.00000", "2009-12-31": "541.00000", "2008-12-31": "524.00000", "2007-12-31": "579.00000", "2006-12-31": "632.00000", "2005-12-31": "588.00000"}, "Basic EPS": {"2020-12-31": "-3.50000", "2019-12-31": "5.84000", "2018-12-31": "7.30000", "2017-12-31": "9.17000", "2016-12-31": "4.94000", "2015-12-31": "8.00000", "2014-12-31": "6.88000", "2013-12-31": "4.99000", "2012-12-31": "3.77000", "2011-12-31": "3.69000", "2010-12-31": "0.57000", "2009-12-31": "-3.67000", "2008-12-31": "-2.16000", "2007-12-31": "9.24000", "2006-12-31": "8.94000", "2005-12-31": "6.51000"}, "EPS - Earnings Per Share": {"2020-12-31": "-3.50000", "2019-12-31": "5.84000", "2018-12-31": "7.29000", "2017-12-31": "9.16000", "2016-12-31": "4.94000", "2015-12-31": "7.99000", "2014-12-31": "6.85000", "2013-12-31": "4.97000", "2012-12-31": "3.75000", "2011-12-31": "3.68000", "2010-12-31": "0.57000", "2009-12-31": "-3.67000", "2008-12-31": "-2.16000", "2007-12-31": "8.88000", "2006-12-31": "8.64000", "2005-12-31": "6.10000"}}, "income statement, quarterly": {"Revenue": {"2020-12-31": "16604.00000", "2020-09-30": "15809.00000", "2020-06-30": "10397.00000", "2020-03-31": "22102.00000", "2019-12-31": "27879.00000", "2019-09-30": "27249.00000", "2019-06-30": "28933.00000", "2019-03-31": "24263.00000", "2018-12-31": "28730.00000", "2018-09-30": "30849.00000", "2018-06-30": "31015.00000", "2018-03-31": "26439.00000", "2017-12-31": "26392.00000", "2017-09-30": "23562.00000", "2017-06-30": "22254.00000", "2017-03-31": "21772.00000", "2016-12-31": "20712.00000", "2016-09-30": "19649.00000", "2016-06-30": "19584.00000", "2016-03-31": "15714.00000", "2015-12-31": "18777.00000", "2015-09-30": "22579.00000", "2015-06-30": "25118.00000", "2015-03-31": "21330.00000", "2014-12-31": "27859.00000", "2014-09-30": "34408.00000", "2014-06-30": "34914.00000", "2014-03-31": "33663.00000", "2013-12-31": "34429.00000", "2013-09-30": "36137.00000", "2013-06-30": "34034.00000", "2013-03-31": "33474.00000", "2012-12-31": "33838.00000", "2012-09-30": "34726.00000", "2012-06-30": "34662.00000", "2012-03-31": "35167.00000", "2011-12-31": "34673.00000", "2011-09-30": "33713.00000", "2011-06-30": "31293.00000", "2011-03-31": "26308.00000", "2010-12-31": "22164.00000", "2010-09-30": "21015.00000", "2010-06-30": "20561.00000", "2010-03-31": "18493.00000", "2009-12-31": "15322.00000", "2009-09-30": "18573.00000", "2009-06-30": "17376.00000", "2009-03-31": "13328.00000", "2008-12-31": "6131.00000", "2008-09-30": "35960.00000", "2008-06-30": "36640.00000", "2008-03-31": "27945.00000", "2007-12-31": "23331.00000", "2007-09-30": "23699.00000", "2007-06-30": "24202.00000", "2007-03-31": "18755.00000", "2006-12-31": "17883.00000", "2006-09-30": "23238.00000", "2006-06-30": "25592.00000", "2006-03-31": "20927.00000", "2005-12-31": "24348.00000", "2005-09-30": "23283.00000", "2005-06-30": "18032.00000", "2005-03-31": "14953.00000"}, "Cost Of Goods Sold": {"2020-12-31": "16834.00000", "2020-09-30": "16207.00000", "2020-06-30": "8424.00000", "2020-03-31": "24187.00000", "2019-12-31": "25876.00000", "2019-09-30": "26130.00000", "2019-06-30": "27810.00000", "2019-03-31": "23730.00000", "2018-12-31": "27184.00000", "2018-09-30": "29398.00000", "2018-06-30": "29480.00000", "2018-03-31": "25377.00000", "2017-12-31": "25282.00000", "2017-09-30": "21948.00000", "2017-06-30": "21205.00000", "2017-03-31": "21040.00000", "2016-12-31": "18302.00000", "2016-09-30": "17033.00000", "2016-06-30": "16666.00000", "2016-03-31": "13214.00000", "2015-12-31": "16417.00000", "2015-09-30": "18677.00000", "2015-06-30": "21394.00000", "2015-03-31": "18163.00000", "2014-12-31": "24321.00000", "2014-09-30": "31023.00000", "2014-06-30": "32167.00000", "2014-03-31": "30630.00000", "2013-12-31": "31177.00000", "2013-09-30": "33931.00000", "2013-06-30": "31523.00000", "2013-03-31": "30685.00000", "2012-12-31": "30517.00000", "2012-09-30": "31312.00000", "2012-06-30": "31621.00000", "2012-03-31": "33035.00000", "2011-12-31": "32738.00000", "2011-09-30": "30033.00000", "2011-06-30": "28380.00000", "2011-03-31": "24568.00000", "2010-12-31": "20260.00000", "2010-09-30": "18915.00000", "2010-06-30": "18227.00000", "2010-03-31": "17056.00000", "2009-12-31": "14256.00000", "2009-09-30": "17212.00000", "2009-06-30": "16014.00000", "2009-03-31": "11204.00000", "2008-12-31": "4239.00000", "2008-09-30": "32506.00000", "2008-06-30": "33673.00000", "2008-03-31": "25669.00000", "2007-12-31": "21429.00000", "2007-09-30": "20810.00000", "2007-06-30": "19310.00000", "2007-03-31": "15510.00000", "2006-12-31": "14985.00000", "2006-09-30": "19482.00000", "2006-06-30": "21311.00000", "2006-03-31": "18085.00000", "2005-12-31": "21049.00000", "2005-09-30": "20638.00000", "2005-06-30": "15679.00000", "2005-03-31": "13072.00000"}, "Gross Profit": {"2020-12-31": "-230.00000", "2020-09-30": "-398.00000", "2020-06-30": "1973.00000", "2020-03-31": "-2085.00000", "2019-12-31": "2003.00000", "2019-09-30": "1119.00000", "2019-06-30": "1123.00000", "2019-03-31": "533.00000", "2018-12-31": "1546.00000", "2018-09-30": "1451.00000", "2018-06-30": "1535.00000", "2018-03-31": "1062.00000", "2017-12-31": "1110.00000", "2017-09-30": "1614.00000", "2017-06-30": "1049.00000", "2017-03-31": "732.00000", "2016-12-31": "2410.00000", "2016-09-30": "2616.00000", "2016-06-30": "2918.00000", "2016-03-31": "2500.00000", "2015-12-31": "2360.00000", "2015-09-30": "3902.00000", "2015-06-30": "3724.00000", "2015-03-31": "3167.00000", "2014-12-31": "3538.00000", "2014-09-30": "3385.00000", "2014-06-30": "2747.00000", "2014-03-31": "3033.00000", "2013-12-31": "3252.00000", "2013-09-30": "2206.00000", "2013-06-30": "2511.00000", "2013-03-31": "2789.00000", "2012-12-31": "3321.00000", "2012-09-30": "3414.00000", "2012-06-30": "3041.00000", "2012-03-31": "2132.00000", "2011-12-31": "1935.00000", "2011-09-30": "3680.00000", "2011-06-30": "2913.00000", "2011-03-31": "1740.00000", "2010-12-31": "1904.00000", "2010-09-30": "2100.00000", "2010-06-30": "2334.00000", "2010-03-31": "1437.00000", "2009-12-31": "1066.00000", "2009-09-30": "1361.00000", "2009-06-30": "1362.00000", "2009-03-31": "2124.00000", "2008-12-31": "1892.00000", "2008-09-30": "3454.00000", "2008-06-30": "2967.00000", "2008-03-31": "2276.00000", "2007-12-31": "1902.00000", "2007-09-30": "2889.00000", "2007-06-30": "4892.00000", "2007-03-31": "3245.00000", "2006-12-31": "2898.00000", "2006-09-30": "3756.00000", "2006-06-30": "4281.00000", "2006-03-31": "2842.00000", "2005-12-31": "3299.00000", "2005-09-30": "2645.00000", "2005-06-30": "2353.00000", "2005-03-31": "1881.00000"}, "Research And Development Expenses": {"2020-12-31": "", "2020-09-30": "", "2020-06-30": "", "2020-03-31": "", "2019-12-31": "", "2019-09-30": "", "2019-06-30": "", "2019-03-31": "", "2018-12-31": "", "2018-09-30": "", "2018-06-30": "", "2018-03-31": "", "2017-12-31": "", "2017-09-30": "", "2017-06-30": "", "2017-03-31": "", "2016-12-31": "", "2016-09-30": "", "2016-06-30": "", "2016-03-31": "", "2015-12-31": "", "2015-09-30": "", "2015-06-30": "", "2015-03-31": "", "2014-12-31": "", "2014-09-30": "", "2014-06-30": "", "2014-03-31": "", "2013-12-31": "", "2013-09-30": "", "2013-06-30": "", "2013-03-31": "", "2012-12-31": "", "2012-09-30": "", "2012-06-30": "", "2012-03-31": "", "2011-12-31": "", "2011-09-30": "", "2011-06-30": "", "2011-03-31": "", "2010-12-31": "", "2010-09-30": "", "2010-06-30": "", "2010-03-31": "", "2009-12-31": "", "2009-09-30": "", "2009-06-30": "", "2009-03-31": "", "2008-12-31": "", "2008-09-30": "", "2008-06-30": "", "2008-03-31": "", "2007-12-31": "", "2007-09-30": "", "2007-06-30": "", "2007-03-31": "", "2006-12-31": "", "2006-09-30": "", "2006-06-30": "", "2006-03-31": "", "2005-12-31": "", "2005-09-30": "", "2005-06-30": "", "2005-03-31": ""}, "SG&A Expenses": {"2020-12-31": "224.00000", "2020-09-30": "186.00000", "2020-06-30": "169.00000", "2020-03-31": "177.00000", "2019-12-31": "243.00000", "2019-09-30": "217.00000", "2019-06-30": "199.00000", "2019-03-31": "209.00000", "2018-12-31": "230.00000", "2018-09-30": "209.00000", "2018-06-30": "248.00000", "2018-03-31": "238.00000", "2017-12-31": "237.00000", "2017-09-30": "225.00000", "2017-06-30": "175.00000", "2017-03-31": "192.00000", "2016-12-31": "1360.00000", "2016-09-30": "1254.00000", "2016-06-30": "1160.00000", "2016-03-31": "1186.00000", "2015-12-31": "1220.00000", "2015-09-30": "1281.00000", "2015-06-30": "1221.00000", "2015-03-31": "1231.00000", "2014-12-31": "1317.00000", "2014-09-30": "1285.00000", "2014-06-30": "1248.00000", "2014-03-31": "1261.00000", "2013-12-31": "1256.00000", "2013-09-30": "1226.00000", "2013-06-30": "1301.00000", "2013-03-31": "1298.00000", "2012-12-31": "1196.00000", "2012-09-30": "1358.00000", "2012-06-30": "1294.00000", "2012-03-31": "1381.00000", "2011-12-31": "1375.00000", "2011-09-30": "1311.00000", "2011-06-30": "1237.00000", "2011-03-31": "1131.00000", "2010-12-31": "1164.00000", "2010-09-30": "1157.00000", "2010-06-30": "1078.00000", "2010-03-31": "1093.00000", "2009-12-31": "834.00000", "2009-09-30": "1180.00000", "2009-06-30": "1074.00000", "2009-03-31": "1159.00000", "2008-12-31": "583.00000", "2008-09-30": "1506.00000", "2008-06-30": "1440.00000", "2008-03-31": "1437.00000", "2007-12-31": "1064.00000", "2007-09-30": "1378.00000", "2007-06-30": "1362.00000", "2007-03-31": "1250.00000", "2006-12-31": "1216.00000", "2006-09-30": "1210.00000", "2006-06-30": "1264.00000", "2006-03-31": "1249.00000", "2005-12-31": "1245.00000", "2005-09-30": "1115.00000", "2005-06-30": "858.00000", "2005-03-31": "856.00000"}, "Other Operating Income Or Expenses": {"2020-12-31": "-5.00000", "2020-09-30": "-25.00000", "2020-06-30": "-3.00000", "2020-03-31": "-2.00000", "2019-12-31": "-7.00000", "2019-09-30": "-10.00000", "2019-06-30": "-2.00000", "2019-03-31": "-2.00000", "2018-12-31": "-4.00000", "2018-09-30": "-10.00000", "2018-06-30": "-21.00000", "2018-03-31": "-10.00000", "2017-12-31": "-17.00000", "2017-09-30": "-44.00000", "2017-06-30": "0.00000", "2017-03-31": "", "2016-12-31": "", "2016-09-30": "0.00000", "2016-06-30": "-56.00000", "2016-03-31": "", "2015-12-31": "", "2015-09-30": "0.00000", "2015-06-30": "0.00000", "2015-03-31": "", "2014-12-31": "", "2014-09-30": "", "2014-06-30": "", "2014-03-31": "", "2013-12-31": "", "2013-09-30": "", "2013-06-30": "", "2013-03-31": "", "2012-12-31": "870.00000", "2012-09-30": "-345.00000", "2012-06-30": "", "2012-03-31": "-611.00000", "2011-12-31": "", "2011-09-30": "0.00000", "2011-06-30": "", "2011-03-31": "0.00000", "2010-12-31": "", "2010-09-30": "0.00000", "2010-06-30": "-2.00000", "2010-03-31": "", "2009-12-31": "-23.00000", "2009-09-30": "-58.00000", "2009-06-30": "-119.00000", "2009-03-31": "-22.00000", "2008-12-31": "-43.00000", "2008-09-30": "262.00000", "2008-06-30": "", "2008-03-31": "", "2007-12-31": "", "2007-09-30": "", "2007-06-30": "", "2007-03-31": "", "2006-12-31": "", "2006-09-30": "", "2006-06-30": "", "2006-03-31": "", "2005-12-31": "", "2005-09-30": "", "2005-06-30": "", "2005-03-31": ""}, "Operating Expenses": {"2020-12-31": "17074.00000", "2020-09-30": "16430.00000", "2020-06-30": "8608.00000", "2020-03-31": "24379.00000", "2019-12-31": "26140.00000", "2019-09-30": "26368.00000", "2019-06-30": "28025.00000", "2019-03-31": "23955.00000", "2018-12-31": "27431.00000", "2018-09-30": "29630.00000", "2018-06-30": "29762.00000", "2018-03-31": "25638.00000", "2017-12-31": "25549.00000", "2017-09-30": "22230.00000", "2017-06-30": "21394.00000", "2017-03-31": "21244.00000", "2016-12-31": "20130.00000", "2016-09-30": "18757.00000", "2016-06-30": "18353.00000", "2016-03-31": "14885.00000", "2015-12-31": "18131.00000", "2015-09-30": "20440.00000", "2015-06-30": "23040.00000", "2015-03-31": "19835.00000", "2014-12-31": "26063.00000", "2014-09-30": "32738.00000", "2014-06-30": "33829.00000", "2014-03-31": "32312.00000", "2013-12-31": "32870.00000", "2013-09-30": "35605.00000", "2013-06-30": "33229.00000", "2013-03-31": "32413.00000", "2012-12-31": "31220.00000", "2012-09-30": "33417.00000", "2012-06-30": "33301.00000", "2012-03-31": "35411.00000", "2011-12-31": "34506.00000", "2011-09-30": "31734.00000", "2011-06-30": "30003.00000", "2011-03-31": "26064.00000", "2010-12-31": "21786.00000", "2010-09-30": "20425.00000", "2010-06-30": "19657.00000", "2010-03-31": "18489.00000", "2009-12-31": "15402.00000", "2009-09-30": "18811.00000", "2009-06-30": "17568.00000", "2009-03-31": "12735.00000", "2008-12-31": "9070.00000", "2008-09-30": "34120.00000", "2008-06-30": "35482.00000", "2008-03-31": "27473.00000", "2007-12-31": "22735.00000", "2007-09-30": "22531.00000", "2007-06-30": "21009.00000", "2007-03-31": "17082.00000", "2006-12-31": "16493.00000", "2006-09-30": "20977.00000", "2006-06-30": "22854.00000", "2006-03-31": "19594.00000", "2005-12-31": "22542.00000", "2005-09-30": "21972.00000", "2005-06-30": "16727.00000", "2005-03-31": "14107.00000"}, "Operating Income": {"2020-12-31": "-470.00000", "2020-09-30": "-621.00000", "2020-06-30": "1789.00000", "2020-03-31": "-2277.00000", "2019-12-31": "1739.00000", "2019-09-30": "881.00000", "2019-06-30": "908.00000", "2019-03-31": "308.00000", "2018-12-31": "1299.00000", "2018-09-30": "1219.00000", "2018-06-30": "1253.00000", "2018-03-31": "801.00000", "2017-12-31": "843.00000", "2017-09-30": "1332.00000", "2017-06-30": "860.00000", "2017-03-31": "528.00000", "2016-12-31": "582.00000", "2016-09-30": "892.00000", "2016-06-30": "1231.00000", "2016-03-31": "829.00000", "2015-12-31": "646.00000", "2015-09-30": "2139.00000", "2015-06-30": "2078.00000", "2015-03-31": "1495.00000", "2014-12-31": "1796.00000", "2014-09-30": "1670.00000", "2014-06-30": "1085.00000", "2014-03-31": "1351.00000", "2013-12-31": "1559.00000", "2013-09-30": "532.00000", "2013-06-30": "805.00000", "2013-03-31": "1061.00000", "2012-12-31": "2618.00000", "2012-09-30": "1309.00000", "2012-06-30": "1361.00000", "2012-03-31": "-244.00000", "2011-12-31": "167.00000", "2011-09-30": "1979.00000", "2011-06-30": "1290.00000", "2011-03-31": "244.00000", "2010-12-31": "378.00000", "2010-09-30": "590.00000", "2010-06-30": "904.00000", "2010-03-31": "4.00000", "2009-12-31": "-80.00000", "2009-09-30": "-238.00000", "2009-06-30": "-192.00000", "2009-03-31": "593.00000", "2008-12-31": "-2939.00000", "2008-09-30": "1840.00000", "2008-06-30": "1158.00000", "2008-03-31": "472.00000", "2007-12-31": "596.00000", "2007-09-30": "1168.00000", "2007-06-30": "3193.00000", "2007-03-31": "1673.00000", "2006-12-31": "1390.00000", "2006-09-30": "2261.00000", "2006-06-30": "2738.00000", "2006-03-31": "1333.00000", "2005-12-31": "1806.00000", "2005-09-30": "1311.00000", "2005-06-30": "1305.00000", "2005-03-31": "846.00000"}, "Total Non-Operating Income/Expense": {"2020-12-31": "-128.00000", "2020-09-30": "-95.00000", "2020-06-30": "-115.00000", "2020-03-31": "-93.00000", "2019-12-31": "-83.00000", "2019-09-30": "-77.00000", "2019-06-30": "-100.00000", "2019-03-31": "-90.00000", "2018-12-31": "-72.00000", "2018-09-30": "-69.00000", "2018-06-30": "-129.00000", "2018-03-31": "-70.00000", "2017-12-31": "-78.00000", "2017-09-30": "-91.00000", "2017-06-30": "-92.00000", "2017-03-31": "-95.00000", "2016-12-31": "-53.00000", "2016-09-30": "-103.00000", "2016-06-30": "-97.00000", "2016-03-31": "-99.00000", "2015-12-31": "-96.00000", "2015-09-30": "-109.00000", "2015-06-30": "-105.00000", "2015-03-31": "-77.00000", "2014-12-31": "-92.00000", "2014-09-30": "-87.00000", "2014-06-30": "-86.00000", "2014-03-31": "-85.00000", "2013-12-31": "240.00000", "2013-09-30": "-85.00000", "2013-06-30": "-67.00000", "2013-03-31": "-69.00000", "2012-12-31": "-60.00000", "2012-09-30": "-72.00000", "2012-06-30": "-79.00000", "2012-03-31": "-93.00000", "2011-12-31": "-74.00000", "2011-09-30": "-87.00000", "2011-06-30": "-97.00000", "2011-03-31": "-100.00000", "2010-12-31": "-44.00000", "2010-09-30": "-102.00000", "2010-06-30": "-116.00000", "2010-03-31": "-116.00000", "2009-12-31": "-88.00000", "2009-09-30": "-123.00000", "2009-06-30": "-107.00000", "2009-03-31": "-81.00000", "2008-12-31": "-57.00000", "2008-09-30": "-45.00000", "2008-06-30": "-68.00000", "2008-03-31": "-77.00000", "2007-12-31": "-87.00000", "2007-09-30": "22.00000", "2007-06-30": "-76.00000", "2007-03-31": "-53.00000", "2006-12-31": "160.00000", "2006-09-30": "106.00000", "2006-06-30": "-43.00000", "2006-03-31": "-47.00000", "2005-12-31": "-11.00000", "2005-09-30": "-43.00000", "2005-06-30": "-64.00000", "2005-03-31": "-56.00000"}, "Pre-Tax Income": {"2020-12-31": "-598.00000", "2020-09-30": "-716.00000", "2020-06-30": "1674.00000", "2020-03-31": "-2370.00000", "2019-12-31": "1656.00000", "2019-09-30": "804.00000", "2019-06-30": "808.00000", "2019-03-31": "218.00000", "2018-12-31": "1227.00000", "2018-09-30": "1150.00000", "2018-06-30": "1124.00000", "2018-03-31": "731.00000", "2017-12-31": "765.00000", "2017-09-30": "1241.00000", "2017-06-30": "768.00000", "2017-03-31": "433.00000", "2016-12-31": "529.00000", "2016-09-30": "789.00000", "2016-06-30": "1134.00000", "2016-03-31": "730.00000", "2015-12-31": "550.00000", "2015-09-30": "2030.00000", "2015-06-30": "1973.00000", "2015-03-31": "1418.00000", "2014-12-31": "1704.00000", "2014-09-30": "1583.00000", "2014-06-30": "999.00000", "2014-03-31": "1266.00000", "2013-12-31": "1799.00000", "2013-09-30": "447.00000", "2013-06-30": "738.00000", "2013-03-31": "992.00000", "2012-12-31": "2558.00000", "2012-09-30": "1237.00000", "2012-06-30": "1282.00000", "2012-03-31": "-337.00000", "2011-12-31": "93.00000", "2011-09-30": "1892.00000", "2011-06-30": "1193.00000", "2011-03-31": "144.00000", "2010-12-31": "334.00000", "2010-09-30": "488.00000", "2010-06-30": "788.00000", "2010-03-31": "-112.00000", "2009-12-31": "-168.00000", "2009-09-30": "-361.00000", "2009-06-30": "-299.00000", "2009-03-31": "512.00000", "2008-12-31": "-2996.00000", "2008-09-30": "1795.00000", "2008-06-30": "1090.00000", "2008-03-31": "395.00000", "2007-12-31": "509.00000", "2007-09-30": "1190.00000", "2007-06-30": "3117.00000", "2007-03-31": "1620.00000", "2006-12-31": "1550.00000", "2006-09-30": "2367.00000", "2006-06-30": "2695.00000", "2006-03-31": "1286.00000", "2005-12-31": "1795.00000", "2005-09-30": "1268.00000", "2005-06-30": "1241.00000", "2005-03-31": "790.00000"}, "Income Taxes": {"2020-12-31": "-289.00000", "2020-09-30": "-337.00000", "2020-06-30": "339.00000", "2020-03-31": "-616.00000", "2019-12-31": "326.00000", "2019-09-30": "165.00000", "2019-06-30": "160.00000", "2019-03-31": "51.00000", "2018-12-31": "205.00000", "2018-09-30": "276.00000", "2018-06-30": "249.00000", "2018-03-31": "149.00000", "2017-12-31": "-1635.00000", "2017-09-30": "378.00000", "2017-06-30": "196.00000", "2017-03-31": "112.00000", "2016-12-31": "113.00000", "2016-09-30": "144.00000", "2016-06-30": "291.00000", "2016-03-31": "217.00000", "2015-12-31": "155.00000", "2015-09-30": "657.00000", "2015-06-30": "608.00000", "2015-03-31": "450.00000", "2014-12-31": "484.00000", "2014-09-30": "521.00000", "2014-06-30": "343.00000", "2014-03-31": "429.00000", "2013-12-31": "515.00000", "2013-09-30": "123.00000", "2013-06-30": "276.00000", "2013-03-31": "340.00000", "2012-12-31": "515.00000", "2012-09-30": "564.00000", "2012-06-30": "452.00000", "2012-03-31": "95.00000", "2011-12-31": "48.00000", "2011-09-30": "689.00000", "2011-06-30": "449.00000", "2011-03-31": "40.00000", "2010-12-31": "154.00000", "2010-09-30": "185.00000", "2010-06-30": "268.00000", "2010-03-31": "-32.00000", "2009-12-31": "-65.00000", "2009-09-30": "-18.00000", "2009-06-30": "-108.00000", "2009-03-31": "148.00000", "2008-12-31": "305.00000", "2008-09-30": "643.00000", "2008-06-30": "356.00000", "2008-03-31": "134.00000", "2007-12-31": "130.00000", "2007-09-30": "342.00000", "2007-06-30": "1055.00000", "2007-03-31": "532.00000", "2006-12-31": "490.00000", "2006-09-30": "808.00000", "2006-06-30": "876.00000", "2006-03-31": "437.00000", "2005-12-31": "565.00000", "2005-09-30": "406.00000", "2005-06-30": "394.00000", "2005-03-31": "256.00000"}, "Income After Taxes": {"2020-12-31": "-309.00000", "2020-09-30": "-379.00000", "2020-06-30": "1335.00000", "2020-03-31": "-1754.00000", "2019-12-31": "1330.00000", "2019-09-30": "639.00000", "2019-06-30": "648.00000", "2019-03-31": "167.00000", "2018-12-31": "1022.00000", "2018-09-30": "874.00000", "2018-06-30": "875.00000", "2018-03-31": "582.00000", "2017-12-31": "2400.00000", "2017-09-30": "863.00000", "2017-06-30": "572.00000", "2017-03-31": "321.00000", "2016-12-31": "416.00000", "2016-09-30": "645.00000", "2016-06-30": "843.00000", "2016-03-31": "513.00000", "2015-12-31": "395.00000", "2015-09-30": "1373.00000", "2015-06-30": "1365.00000", "2015-03-31": "968.00000", "2014-12-31": "1220.00000", "2014-09-30": "1062.00000", "2014-06-30": "656.00000", "2014-03-31": "837.00000", "2013-12-31": "1284.00000", "2013-09-30": "324.00000", "2013-06-30": "462.00000", "2013-03-31": "652.00000", "2012-12-31": "2043.00000", "2012-09-30": "673.00000", "2012-06-30": "830.00000", "2012-03-31": "-432.00000", "2011-12-31": "45.00000", "2011-09-30": "1203.00000", "2011-06-30": "744.00000", "2011-03-31": "104.00000", "2010-12-31": "180.00000", "2010-09-30": "303.00000", "2010-06-30": "520.00000", "2010-03-31": "-80.00000", "2009-12-31": "-103.00000", "2009-09-30": "-343.00000", "2009-06-30": "-191.00000", "2009-03-31": "364.00000", "2008-12-31": "-3301.00000", "2008-09-30": "1152.00000", "2008-06-30": "734.00000", "2008-03-31": "261.00000", "2007-12-31": "379.00000", "2007-09-30": "848.00000", "2007-06-30": "2062.00000", "2007-03-31": "1088.00000", "2006-12-31": "1060.00000", "2006-09-30": "1559.00000", "2006-06-30": "1819.00000", "2006-03-31": "849.00000", "2005-12-31": "1230.00000", "2005-09-30": "862.00000", "2005-06-30": "847.00000", "2005-03-31": "534.00000"}, "Other Income": {"2020-12-31": "", "2020-09-30": "", "2020-06-30": "", "2020-03-31": "", "2019-12-31": "", "2019-09-30": "", "2019-06-30": "", "2019-03-31": "", "2018-12-31": "", "2018-09-30": "", "2018-06-30": "", "2018-03-31": "", "2017-12-31": "", "2017-09-30": "", "2017-06-30": "", "2017-03-31": "", "2016-12-31": "", "2016-09-30": "", "2016-06-30": "", "2016-03-31": "", "2015-12-31": "", "2015-09-30": "", "2015-06-30": "", "2015-03-31": "", "2014-12-31": "", "2014-09-30": "", "2014-06-30": "", "2014-03-31": "", "2013-12-31": "", "2013-09-30": "", "2013-06-30": "", "2013-03-31": "", "2012-12-31": "", "2012-09-30": "", "2012-06-30": "", "2012-03-31": "", "2011-12-31": "", "2011-09-30": "", "2011-06-30": "", "2011-03-31": "", "2010-12-31": "", "2010-09-30": "", "2010-06-30": "", "2010-03-31": "", "2009-12-31": "", "2009-09-30": "", "2009-06-30": "", "2009-03-31": "", "2008-12-31": "", "2008-09-30": "", "2008-06-30": "", "2008-03-31": "", "2007-12-31": "", "2007-09-30": "", "2007-06-30": "", "2007-03-31": "", "2006-12-31": "", "2006-09-30": "", "2006-06-30": "", "2006-03-31": "", "2005-12-31": "", "2005-09-30": "", "2005-06-30": "", "2005-03-31": ""}, "Income From Continuous Operations": {"2020-12-31": "-309.00000", "2020-09-30": "-379.00000", "2020-06-30": "1335.00000", "2020-03-31": "-1754.00000", "2019-12-31": "1330.00000", "2019-09-30": "639.00000", "2019-06-30": "648.00000", "2019-03-31": "167.00000", "2018-12-31": "1022.00000", "2018-09-30": "874.00000", "2018-06-30": "875.00000", "2018-03-31": "582.00000", "2017-12-31": "2400.00000", "2017-09-30": "863.00000", "2017-06-30": "572.00000", "2017-03-31": "321.00000", "2016-12-31": "416.00000", "2016-09-30": "645.00000", "2016-06-30": "843.00000", "2016-03-31": "513.00000", "2015-12-31": "395.00000", "2015-09-30": "1373.00000", "2015-06-30": "1365.00000", "2015-03-31": "968.00000", "2014-12-31": "1220.00000", "2014-09-30": "1062.00000", "2014-06-30": "656.00000", "2014-03-31": "837.00000", "2013-12-31": "1284.00000", "2013-09-30": "324.00000", "2013-06-30": "462.00000", "2013-03-31": "652.00000", "2012-12-31": "2043.00000", "2012-09-30": "673.00000", "2012-06-30": "830.00000", "2012-03-31": "-432.00000", "2011-12-31": "45.00000", "2011-09-30": "1203.00000", "2011-06-30": "744.00000", "2011-03-31": "104.00000", "2010-12-31": "180.00000", "2010-09-30": "303.00000", "2010-06-30": "520.00000", "2010-03-31": "-80.00000", "2009-12-31": "-103.00000", "2009-09-30": "-343.00000", "2009-06-30": "-191.00000", "2009-03-31": "364.00000", "2008-12-31": "-3301.00000", "2008-09-30": "1152.00000", "2008-06-30": "734.00000", "2008-03-31": "261.00000", "2007-12-31": "379.00000", "2007-09-30": "848.00000", "2007-06-30": "2062.00000", "2007-03-31": "1088.00000", "2006-12-31": "1060.00000", "2006-09-30": "1559.00000", "2006-06-30": "1819.00000", "2006-03-31": "849.00000", "2005-12-31": "1230.00000", "2005-09-30": "862.00000", "2005-06-30": "847.00000", "2005-03-31": "534.00000"}, "Income From Discontinued Operations": {"2020-12-31": "", "2020-09-30": "", "2020-06-30": "", "2020-03-31": "", "2019-12-31": "", "2019-09-30": "", "2019-06-30": "", "2019-03-31": "", "2018-12-31": "", "2018-09-30": "", "2018-06-30": "", "2018-03-31": "", "2017-12-31": "", "2017-09-30": "", "2017-06-30": "", "2017-03-31": "", "2016-12-31": "", "2016-09-30": "", "2016-06-30": "", "2016-03-31": "", "2015-12-31": "", "2015-09-30": "", "2015-06-30": "", "2015-03-31": "", "2014-12-31": "", "2014-09-30": "", "2014-06-30": "-63.00000", "2014-03-31": "-1.00000", "2013-12-31": "3.00000", "2013-09-30": "", "2013-06-30": "3.00000", "2013-03-31": "", "2012-12-31": "", "2012-09-30": "", "2012-06-30": "", "2012-03-31": "", "2011-12-31": "", "2011-09-30": "0.00000", "2011-06-30": "-1.00000", "2011-03-31": "-6.00000", "2010-12-31": "-618.00000", "2010-09-30": "-11.00000", "2010-06-30": "63.00000", "2010-03-31": "-33.00000", "2009-12-31": "-1591.00000", "2009-09-30": "", "2009-06-30": "-63.00000", "2009-03-31": "-55.00000", "2008-12-31": "", "2008-09-30": "", "2008-06-30": "", "2008-03-31": "", "2007-12-31": "188.00000", "2007-09-30": "426.00000", "2007-06-30": "187.00000", "2007-03-31": "56.00000", "2006-12-31": "54.00000", "2006-09-30": "44.00000", "2006-06-30": "78.00000", "2006-03-31": "", "2005-12-31": "", "2005-09-30": "", "2005-06-30": "", "2005-03-31": ""}, "Net Income": {"2020-12-31": "-359.00000", "2020-09-30": "-464.00000", "2020-06-30": "1253.00000", "2020-03-31": "-1851.00000", "2019-12-31": "1060.00000", "2019-09-30": "609.00000", "2019-06-30": "612.00000", "2019-03-31": "141.00000", "2018-12-31": "952.00000", "2018-09-30": "856.00000", "2018-06-30": "845.00000", "2018-03-31": "469.00000", "2017-12-31": "2371.00000", "2017-09-30": "841.00000", "2017-06-30": "548.00000", "2017-03-31": "305.00000", "2016-12-31": "367.00000", "2016-09-30": "613.00000", "2016-06-30": "814.00000", "2016-03-31": "495.00000", "2015-12-31": "298.00000", "2015-09-30": "1377.00000", "2015-06-30": "1351.00000", "2015-03-31": "964.00000", "2014-12-31": "1155.00000", "2014-09-30": "1059.00000", "2014-06-30": "588.00000", "2014-03-31": "828.00000", "2013-12-31": "1288.00000", "2013-09-30": "312.00000", "2013-06-30": "466.00000", "2013-03-31": "654.00000", "2012-12-31": "1010.00000", "2012-09-30": "674.00000", "2012-06-30": "831.00000", "2012-03-31": "-432.00000", "2011-12-31": "45.00000", "2011-09-30": "1203.00000", "2011-06-30": "744.00000", "2011-03-31": "98.00000", "2010-12-31": "-438.00000", "2010-09-30": "292.00000", "2010-06-30": "583.00000", "2010-03-31": "-113.00000", "2009-12-31": "-1408.00000", "2009-09-30": "-629.00000", "2009-06-30": "-254.00000", "2009-03-31": "309.00000", "2008-12-31": "-3278.00000", "2008-09-30": "1152.00000", "2008-06-30": "734.00000", "2008-03-31": "261.00000", "2007-12-31": "567.00000", "2007-09-30": "1274.00000", "2007-06-30": "2249.00000", "2007-03-31": "1144.00000", "2006-12-31": "1114.00000", "2006-09-30": "1603.00000", "2006-06-30": "1896.00000", "2006-03-31": "848.00000", "2005-12-31": "1346.00000", "2005-09-30": "858.00000", "2005-06-30": "843.00000", "2005-03-31": "530.00000"}, "EBITDA": {"2020-12-31": "", "2020-09-30": "-7.00000", "2020-06-30": "2367.00000", "2020-03-31": "-1695.00000", "2019-12-31": "2310.00000", "2019-09-30": "1448.00000", "2019-06-30": "1474.00000", "2019-03-31": "859.00000", "2018-12-31": "1830.00000", "2018-09-30": "1736.00000", "2018-06-30": "1776.00000", "2018-03-31": "1299.00000", "2017-12-31": "1333.00000", "2017-09-30": "1829.00000", "2017-06-30": "1359.00000", "2017-03-31": "1028.00000", "2016-12-31": "1050.00000", "2016-09-30": "1362.00000", "2016-06-30": "1702.00000", "2016-03-31": "1314.00000", "2015-12-31": "1140.00000", "2015-09-30": "2621.00000", "2015-06-30": "2503.00000", "2015-03-31": "1936.00000", "2014-12-31": "2221.00000", "2014-09-30": "2100.00000", "2014-06-30": "1499.00000", "2014-03-31": "1772.00000", "2013-12-31": "1996.00000", "2013-09-30": "980.00000", "2013-06-30": "1210.00000", "2013-03-31": "1491.00000", "2012-12-31": "3020.00000", "2012-09-30": "1711.00000", "2012-06-30": "1747.00000", "2012-03-31": "140.00000", "2011-12-31": "560.00000", "2011-09-30": "2369.00000", "2011-06-30": "1676.00000", "2011-03-31": "609.00000", "2010-12-31": "755.00000", "2010-09-30": "962.00000", "2010-06-30": "1271.00000", "2010-03-31": "361.00000", "2009-12-31": "291.00000", "2009-09-30": "151.00000", "2009-06-30": "197.00000", "2009-03-31": "971.00000", "2008-12-31": "1500.00000", "2008-09-30": "2210.00000", "2008-06-30": "1527.00000", "2008-03-31": "839.00000", "2007-12-31": "953.00000", "2007-09-30": "1512.00000", "2007-06-30": "3534.00000", "2007-03-31": "2007.00000", "2006-12-31": "1698.00000", "2006-09-30": "2555.00000", "2006-06-30": "3031.00000", "2006-03-31": "1593.00000", "2005-12-31": "2058.00000", "2005-09-30": "1530.00000", "2005-06-30": "1495.00000", "2005-03-31": "1025.00000"}, "EBIT": {"2020-12-31": "-470.00000", "2020-09-30": "-621.00000", "2020-06-30": "1789.00000", "2020-03-31": "-2277.00000", "2019-12-31": "1739.00000", "2019-09-30": "881.00000", "2019-06-30": "908.00000", "2019-03-31": "308.00000", "2018-12-31": "1299.00000", "2018-09-30": "1219.00000", "2018-06-30": "1253.00000", "2018-03-31": "801.00000", "2017-12-31": "843.00000", "2017-09-30": "1332.00000", "2017-06-30": "860.00000", "2017-03-31": "528.00000", "2016-12-31": "582.00000", "2016-09-30": "892.00000", "2016-06-30": "1231.00000", "2016-03-31": "829.00000", "2015-12-31": "646.00000", "2015-09-30": "2139.00000", "2015-06-30": "2078.00000", "2015-03-31": "1495.00000", "2014-12-31": "1796.00000", "2014-09-30": "1670.00000", "2014-06-30": "1085.00000", "2014-03-31": "1351.00000", "2013-12-31": "1559.00000", "2013-09-30": "532.00000", "2013-06-30": "805.00000", "2013-03-31": "1061.00000", "2012-12-31": "2618.00000", "2012-09-30": "1309.00000", "2012-06-30": "1361.00000", "2012-03-31": "-244.00000", "2011-12-31": "167.00000", "2011-09-30": "1979.00000", "2011-06-30": "1290.00000", "2011-03-31": "244.00000", "2010-12-31": "378.00000", "2010-09-30": "590.00000", "2010-06-30": "904.00000", "2010-03-31": "4.00000", "2009-12-31": "-80.00000", "2009-09-30": "-238.00000", "2009-06-30": "-192.00000", "2009-03-31": "593.00000", "2008-12-31": "-2939.00000", "2008-09-30": "1840.00000", "2008-06-30": "1158.00000", "2008-03-31": "472.00000", "2007-12-31": "596.00000", "2007-09-30": "1168.00000", "2007-06-30": "3193.00000", "2007-03-31": "1673.00000", "2006-12-31": "1390.00000", "2006-09-30": "2261.00000", "2006-06-30": "2738.00000", "2006-03-31": "1333.00000", "2005-12-31": "1806.00000", "2005-09-30": "1311.00000", "2005-06-30": "1305.00000", "2005-03-31": "846.00000"}, "Basic Shares Outstanding": {"2020-12-31": "407.00000", "2020-09-30": "407.00000", "2020-06-30": "406.00000", "2020-03-31": "408.00000", "2019-12-31": "413.00000", "2019-09-30": "412.00000", "2019-06-30": "415.00000", "2019-03-31": "416.00000", "2018-12-31": "426.00000", "2018-09-30": "425.00000", "2018-06-30": "429.00000", "2018-03-31": "431.00000", "2017-12-31": "442.00000", "2017-09-30": "439.00000", "2017-06-30": "444.00000", "2017-03-31": "448.00000", "2016-12-31": "461.00000", "2016-09-30": "458.00000", "2016-06-30": "467.00000", "2016-03-31": "469.00000", "2015-12-31": "497.00000", "2015-09-30": "491.00000", "2015-06-30": "505.00000", "2015-03-31": "513.00000", "2014-12-31": "526.00000", "2014-09-30": "526.00000", "2014-06-30": "529.00000", "2014-03-31": "531.00000", "2013-12-31": "542.00000", "2013-09-30": "540.00000", "2013-06-30": "543.00000", "2013-03-31": "550.00000", "2012-12-31": "550.00000", "2012-09-30": "549.00000", "2012-06-30": "550.00000", "2012-03-31": "551.00000", "2011-12-31": "563.00000", "2011-09-30": "564.00000", "2011-06-30": "567.00000", "2011-03-31": "566.00000", "2010-12-31": "563.00000", "2010-09-30": "564.00000", "2010-06-30": "563.00000", "2010-03-31": "562.00000", "2009-12-31": "541.00000", "2009-09-30": "561.00000", "2009-06-30": "525.00000", "2009-03-31": "514.00000", "2008-12-31": "524.00000", "2008-09-30": "522.00000", "2008-06-30": "526.00000", "2008-03-31": "532.00000", "2007-12-31": "565.00000", "2007-09-30": "551.00000", "2007-06-30": "563.00000", "2007-03-31": "599.00000", "2006-12-31": "611.00000", "2006-09-30": "609.00000", "2006-06-30": "611.00000", "2006-03-31": "619.00000", "2005-12-31": "549.00000", "2005-09-30": "551.00000", "2005-06-30": "514.00000", "2005-03-31": "512.00000"}, "Shares Outstanding": {"2020-12-31": "407.00000", "2020-09-30": "407.00000", "2020-06-30": "407.00000", "2020-03-31": "408.00000", "2019-12-31": "414.00000", "2019-09-30": "413.00000", "2019-06-30": "417.00000", "2019-03-31": "418.00000", "2018-12-31": "428.00000", "2018-09-30": "427.00000", "2018-06-30": "431.00000", "2018-03-31": "432.00000", "2017-12-31": "444.00000", "2017-09-30": "441.00000", "2017-06-30": "446.00000", "2017-03-31": "451.00000", "2016-12-31": "464.00000", "2016-09-30": "460.00000", "2016-06-30": "470.00000", "2016-03-31": "471.00000", "2015-12-31": "500.00000", "2015-09-30": "494.00000", "2015-06-30": "508.00000", "2015-03-31": "516.00000", "2014-12-31": "530.00000", "2014-09-30": "530.00000", "2014-06-30": "534.00000", "2014-03-31": "536.00000", "2013-12-31": "548.00000", "2013-09-30": "545.00000", "2013-06-30": "548.00000", "2013-03-31": "556.00000", "2012-12-31": "556.00000", "2012-09-30": "556.00000", "2012-06-30": "555.00000", "2012-03-31": "551.00000", "2011-12-31": "569.00000", "2011-09-30": "569.00000", "2011-06-30": "574.00000", "2011-03-31": "573.00000", "2010-12-31": "568.00000", "2010-09-30": "568.00000", "2010-06-30": "567.00000", "2010-03-31": "562.00000", "2009-12-31": "541.00000", "2009-09-30": "561.00000", "2009-06-30": "525.00000", "2009-03-31": "519.00000", "2008-12-31": "524.00000", "2008-09-30": "529.00000", "2008-06-30": "534.00000", "2008-03-31": "541.00000", "2007-12-31": "579.00000", "2007-09-30": "564.00000", "2007-06-30": "578.00000", "2007-03-31": "615.00000", "2006-12-31": "632.00000", "2006-09-30": "628.00000", "2006-06-30": "636.00000", "2006-03-31": "644.00000", "2005-12-31": "588.00000", "2005-09-30": "587.00000", "2005-06-30": "555.00000", "2005-03-31": "556.00000"}, "Basic EPS": {"2020-12-31": "-0.88000", "2020-09-30": "-1.14000", "2020-06-30": "3.07000", "2020-03-31": "-4.54000", "2019-12-31": "2.55000", "2019-09-30": "1.48000", "2019-06-30": "1.47000", "2019-03-31": "0.34000", "2018-12-31": "2.24000", "2018-09-30": "2.01000", "2018-06-30": "1.96000", "2018-03-31": "1.09000", "2017-12-31": "5.35000", "2017-09-30": "1.91000", "2017-06-30": "1.23000", "2017-03-31": "0.68000", "2016-12-31": "0.82000", "2016-09-30": "1.33000", "2016-06-30": "1.74000", "2016-03-31": "1.05000", "2015-12-31": "0.67000", "2015-09-30": "2.79000", "2015-06-30": "2.67000", "2015-03-31": "1.87000", "2014-12-31": "2.21000", "2014-09-30": "2.01000", "2014-06-30": "1.11000", "2014-03-31": "1.55000", "2013-12-31": "2.37000", "2013-09-30": "0.58000", "2013-06-30": "0.86000", "2013-03-31": "1.18000", "2012-12-31": "1.83000", "2012-09-30": "1.22000", "2012-06-30": "1.50000", "2012-03-31": "-0.78000", "2011-12-31": "0.09000", "2011-09-30": "2.12000", "2011-06-30": "1.31000", "2011-03-31": "0.17000", "2010-12-31": "-0.78000", "2010-09-30": "0.52000", "2010-06-30": "1.03000", "2010-03-31": "-0.20000", "2009-12-31": "-2.67000", "2009-09-30": "-1.12000", "2009-06-30": "-0.48000", "2009-03-31": "0.60000", "2008-12-31": "-6.24000", "2008-09-30": "2.20000", "2008-06-30": "1.39000", "2008-03-31": "0.49000", "2007-12-31": "1.03000", "2007-09-30": "2.31000", "2007-06-30": "3.99000", "2007-03-31": "1.91000", "2006-12-31": "1.84000", "2006-09-30": "2.63000", "2006-06-30": "3.10000", "2006-03-31": "1.37000", "2005-12-31": "2.28000", "2005-09-30": "1.56000", "2005-06-30": "1.64000", "2005-03-31": "1.03000"}, "EPS - Earnings Per Share": {"2020-12-31": "-0.88000", "2020-09-30": "-1.14000", "2020-06-30": "3.07000", "2020-03-31": "-4.54000", "2019-12-31": "2.55000", "2019-09-30": "1.48000", "2019-06-30": "1.47000", "2019-03-31": "0.34000", "2018-12-31": "2.23000", "2018-09-30": "2.01000", "2018-06-30": "1.96000", "2018-03-31": "1.09000", "2017-12-31": "5.34000", "2017-09-30": "1.91000", "2017-06-30": "1.23000", "2017-03-31": "0.68000", "2016-12-31": "0.83000", "2016-09-30": "1.33000", "2016-06-30": "1.73000", "2016-03-31": "1.05000", "2015-12-31": "0.67000", "2015-09-30": "2.79000", "2015-06-30": "2.66000", "2015-03-31": "1.87000", "2014-12-31": "2.21000", "2014-09-30": "2.00000", "2014-06-30": "1.10000", "2014-03-31": "1.54000", "2013-12-31": "2.37000", "2013-09-30": "0.57000", "2013-06-30": "0.85000", "2013-03-31": "1.18000", "2012-12-31": "1.82000", "2012-09-30": "1.21000", "2012-06-30": "1.50000", "2012-03-31": "-0.78000", "2011-12-31": "0.10000", "2011-09-30": "2.11000", "2011-06-30": "1.30000", "2011-03-31": "0.17000", "2010-12-31": "-0.77000", "2010-09-30": "0.51000", "2010-06-30": "1.03000", "2010-03-31": "-0.20000", "2009-12-31": "-2.66000", "2009-09-30": "-1.12000", "2009-06-30": "-0.48000", "2009-03-31": "0.59000", "2008-12-31": "-6.19000", "2008-09-30": "2.18000", "2008-06-30": "1.37000", "2008-03-31": "0.48000", "2007-12-31": "1.04000", "2007-09-30": "2.09000", "2007-06-30": "3.89000", "2007-03-31": "1.86000", "2006-12-31": "1.79000", "2006-09-30": "2.55000", "2006-06-30": "2.98000", "2006-03-31": "1.32000", "2005-12-31": "2.14000", "2005-09-30": "1.47000", "2005-06-30": "1.53000", "2005-03-31": "0.96000"}}, "balance sheet": {"Cash On Hand": {"2020-12-31": "", "2019-12-31": "2583.00000", "2018-12-31": "2982.00000", "2017-12-31": "5850.00000", "2016-12-31": "4816.00000", "2015-12-31": "4114.00000", "2014-12-31": "3689.00000", "2013-12-31": "4292.00000", "2012-12-31": "1723.00000", "2011-12-31": "1024.00000", "2010-12-31": "3334.00000", "2009-12-31": "825.00000", "2008-12-31": "1071.00000", "2007-12-31": "2495.00000", "2006-12-31": "1621.00000", "2005-12-31": "466.00000"}, "Receivables": {"2020-12-31": "", "2019-12-31": "8904.00000", "2018-12-31": "7345.00000", "2017-12-31": "6922.00000", "2016-12-31": "5901.00000", "2015-12-31": "4682.00000", "2014-12-31": "5976.00000", "2013-12-31": "8823.00000", "2012-12-31": "8336.00000", "2011-12-31": "8918.00000", "2010-12-31": "4926.00000", "2009-12-31": "4666.00000", "2008-12-31": "3092.00000", "2007-12-31": "7691.00000", "2006-12-31": "4416.00000", "2005-12-31": "3634.00000"}, "Inventory": {"2020-12-31": "", "2019-12-31": "7013.00000", "2018-12-31": "6532.00000", "2017-12-31": "6384.00000", "2016-12-31": "5709.00000", "2015-12-31": "5898.00000", "2014-12-31": "6623.00000", "2013-12-31": "5758.00000", "2012-12-31": "5973.00000", "2011-12-31": "5623.00000", "2010-12-31": "4947.00000", "2009-12-31": "4578.00000", "2008-12-31": "4620.00000", "2007-12-31": "4073.00000", "2006-12-31": "3979.00000", "2005-12-31": "4039.00000"}, "Pre-Paid Expenses": {"2020-12-31": "", "2019-12-31": "469.00000", "2018-12-31": "816.00000", "2017-12-31": "156.00000", "2016-12-31": "374.00000", "2015-12-31": "204.00000", "2014-12-31": "164.00000", "2013-12-31": "138.00000", "2012-12-31": "154.00000", "2011-12-31": "124.00000", "2010-12-31": "121.00000", "2009-12-31": "384.00000", "2008-12-31": "550.00000", "2007-12-31": "175.00000", "2006-12-31": "145.00000", "2005-12-31": "65.00000"}, "Other Current Assets": {"2020-12-31": "", "2019-12-31": "", "2018-12-31": "", "2017-12-31": "", "2016-12-31": "", "2015-12-31": "", "2014-12-31": "", "2013-12-31": "", "2012-12-31": "", "2011-12-31": "", "2010-12-31": "", "2009-12-31": "289.00000", "2008-12-31": "", "2007-12-31": "306.00000", "2006-12-31": "1527.00000", "2005-12-31": ""}, "Total Current Assets": {"2020-12-31": "", "2019-12-31": "18969.00000", "2018-12-31": "17675.00000", "2017-12-31": "19312.00000", "2016-12-31": "16800.00000", "2015-12-31": "14898.00000", "2014-12-31": "16614.00000", "2013-12-31": "19277.00000", "2012-12-31": "16460.00000", "2011-12-31": "15972.00000", "2010-12-31": "13518.00000", "2009-12-31": "10922.00000", "2008-12-31": "9450.00000", "2007-12-31": "14987.00000", "2006-12-31": "11831.00000", "2005-12-31": "8346.00000"}, "Property, Plant, And Equipment": {"2020-12-31": "", "2019-12-31": "29264.00000", "2018-12-31": "28848.00000", "2017-12-31": "27480.00000", "2016-12-31": "26472.00000", "2015-12-31": "26703.00000", "2014-12-31": "26735.00000", "2013-12-31": "25707.00000", "2012-12-31": "26300.00000", "2011-12-31": "25177.00000", "2010-12-31": "22669.00000", "2009-12-31": "21615.00000", "2008-12-31": "21421.00000", "2007-12-31": "21560.00000", "2006-12-31": "20180.00000", "2005-12-31": "17856.00000"}, "Long-Term Investments": {"2020-12-31": "", "2019-12-31": "", "2018-12-31": "", "2017-12-31": "", "2016-12-31": "", "2015-12-31": "", "2014-12-31": "", "2013-12-31": "", "2012-12-31": "", "2011-12-31": "", "2010-12-31": "", "2009-12-31": "", "2008-12-31": "", "2007-12-31": "", "2006-12-31": "", "2005-12-31": "327.00000"}, "Goodwill And Intangible Assets": {"2020-12-31": "", "2019-12-31": "", "2018-12-31": "", "2017-12-31": "", "2016-12-31": "", "2015-12-31": "", "2014-12-31": "", "2013-12-31": "", "2012-12-31": "213.00000", "2011-12-31": "227.00000", "2010-12-31": "224.00000", "2009-12-31": "227.00000", "2008-12-31": "224.00000", "2007-12-31": "4309.00000", "2006-12-31": "4406.00000", "2005-12-31": "5224.00000"}, "Other Long-Term Assets": {"2020-12-31": "", "2019-12-31": "", "2018-12-31": "", "2017-12-31": "", "2016-12-31": "", "2015-12-31": "", "2014-12-31": "", "2013-12-31": "", "2012-12-31": "", "2011-12-31": "", "2010-12-31": "", "2009-12-31": "1461.00000", "2008-12-31": "", "2007-12-31": "", "2006-12-31": "", "2005-12-31": ""}, "Total Long-Term Assets": {"2020-12-31": "", "2019-12-31": "34895.00000", "2018-12-31": "32480.00000", "2017-12-31": "30846.00000", "2016-12-31": "29373.00000", "2015-12-31": "29329.00000", "2014-12-31": "28936.00000", "2013-12-31": "27983.00000", "2012-12-31": "28017.00000", "2011-12-31": "26811.00000", "2010-12-31": "24103.00000", "2009-12-31": "24650.00000", "2008-12-31": "24967.00000", "2007-12-31": "27735.00000", "2006-12-31": "25922.00000", "2005-12-31": "24452.00000"}, "Total Assets": {"2020-12-31": "0.00000", "2019-12-31": "53864.00000", "2018-12-31": "50155.00000", "2017-12-31": "50158.00000", "2016-12-31": "46173.00000", "2015-12-31": "44227.00000", "2014-12-31": "45550.00000", "2013-12-31": "47260.00000", "2012-12-31": "44477.00000", "2011-12-31": "42783.00000", "2010-12-31": "37621.00000", "2009-12-31": "35572.00000", "2008-12-31": "34417.00000", "2007-12-31": "42722.00000", "2006-12-31": "37753.00000", "2005-12-31": "32798.00000"}, "Total Current Liabilities": {"2020-12-31": "", "2019-12-31": "13160.00000", "2018-12-31": "10724.00000", "2017-12-31": "11071.00000", "2016-12-31": "8328.00000", "2015-12-31": "6994.00000", "2014-12-31": "9980.00000", "2013-12-31": "13123.00000", "2012-12-31": "11929.00000", "2011-12-31": "12708.00000", "2010-12-31": "8784.00000", "2009-12-31": "7809.00000", "2008-12-31": "6209.00000", "2007-12-31": "11914.00000", "2006-12-31": "8860.00000", "2005-12-31": "7375.00000"}, "Long Term Debt": {"2020-12-31": "", "2019-12-31": "9178.00000", "2018-12-31": "8871.00000", "2017-12-31": "8750.00000", "2016-12-31": "7886.00000", "2015-12-31": "7208.00000", "2014-12-31": "5780.00000", "2013-12-31": "6261.00000", "2012-12-31": "6463.00000", "2011-12-31": "6732.00000", "2010-12-31": "7515.00000", "2009-12-31": "7163.00000", "2008-12-31": "6264.00000", "2007-12-31": "6470.00000", "2006-12-31": "4619.00000", "2005-12-31": "5156.00000"}, "Other Non-Current Liabilities": {"2020-12-31": "", "2019-12-31": "3887.00000", "2018-12-31": "2867.00000", "2017-12-31": "2729.00000", "2016-12-31": "1744.00000", "2015-12-31": "1611.00000", "2014-12-31": "1939.00000", "2013-12-31": "1329.00000", "2012-12-31": "2130.00000", "2011-12-31": "1881.00000", "2010-12-31": "1767.00000", "2009-12-31": "1869.00000", "2008-12-31": "2158.00000", "2007-12-31": "1810.00000", "2006-12-31": "1622.00000", "2005-12-31": "1602.00000"}, "Total Long Term Liabilities": {"2020-12-31": "", "2019-12-31": "18168.00000", "2018-12-31": "16700.00000", "2017-12-31": "16187.00000", "2016-12-31": "16991.00000", "2015-12-31": "15879.00000", "2014-12-31": "14326.00000", "2013-12-31": "14191.00000", "2012-12-31": "14453.00000", "2011-12-31": "13630.00000", "2010-12-31": "13812.00000", "2009-12-31": "13038.00000", "2008-12-31": "12588.00000", "2007-12-31": "12301.00000", "2006-12-31": "10288.00000", "2005-12-31": "10373.00000"}, "Total Liabilities": {"2020-12-31": "", "2019-12-31": "31328.00000", "2018-12-31": "27424.00000", "2017-12-31": "27258.00000", "2016-12-31": "25319.00000", "2015-12-31": "22873.00000", "2014-12-31": "24306.00000", "2013-12-31": "27314.00000", "2012-12-31": "26382.00000", "2011-12-31": "26338.00000", "2010-12-31": "22596.00000", "2009-12-31": "20847.00000", "2008-12-31": "18797.00000", "2007-12-31": "24215.00000", "2006-12-31": "19148.00000", "2005-12-31": "17748.00000"}, "Common Stock Net": {"2020-12-31": "", "2019-12-31": "7.00000", "2018-12-31": "7.00000", "2017-12-31": "7.00000", "2016-12-31": "7.00000", "2015-12-31": "7.00000", "2014-12-31": "7.00000", "2013-12-31": "7.00000", "2012-12-31": "7.00000", "2011-12-31": "7.00000", "2010-12-31": "7.00000", "2009-12-31": "7.00000", "2008-12-31": "6.00000", "2007-12-31": "6.00000", "2006-12-31": "6.00000", "2005-12-31": "6.00000"}, "Retained Earnings (Accumulated Deficit)": {"2020-12-31": "", "2019-12-31": "31974.00000", "2018-12-31": "31044.00000", "2017-12-31": "29200.00000", "2016-12-31": "26366.00000", "2015-12-31": "25188.00000", "2014-12-31": "22046.00000", "2013-12-31": "18970.00000", "2012-12-31": "17032.00000", "2011-12-31": "15309.00000", "2010-12-31": "13388.00000", "2009-12-31": "13178.00000", "2008-12-31": "15484.00000", "2007-12-31": "16914.00000", "2006-12-31": "11951.00000", "2005-12-31": "6673.00000"}, "Comprehensive Income": {"2020-12-31": "", "2019-12-31": "-1351.00000", "2018-12-31": "-1507.00000", "2017-12-31": "-940.00000", "2016-12-31": "-1410.00000", "2015-12-31": "-933.00000", "2014-12-31": "-367.00000", "2013-12-31": "350.00000", "2012-12-31": "108.00000", "2011-12-31": "96.00000", "2010-12-31": "388.00000", "2009-12-31": "365.00000", "2008-12-31": "-176.00000", "2007-12-31": "573.00000", "2006-12-31": "265.00000", "2005-12-31": "335.00000"}, "Other Share Holders Equity": {"2020-12-31": "", "2019-12-31": "", "2018-12-31": "", "2017-12-31": "", "2016-12-31": "", "2015-12-31": "", "2014-12-31": "", "2013-12-31": "", "2012-12-31": "", "2011-12-31": "", "2010-12-31": "", "2009-12-31": "", "2008-12-31": "", "2007-12-31": "", "2006-12-31": "", "2005-12-31": ""}, "Share Holder Equity": {"2020-12-31": "", "2019-12-31": "22536.00000", "2018-12-31": "22731.00000", "2017-12-31": "22900.00000", "2016-12-31": "20854.00000", "2015-12-31": "21354.00000", "2014-12-31": "21244.00000", "2013-12-31": "19946.00000", "2012-12-31": "18095.00000", "2011-12-31": "16445.00000", "2010-12-31": "15025.00000", "2009-12-31": "14725.00000", "2008-12-31": "15620.00000", "2007-12-31": "18507.00000", "2006-12-31": "18605.00000", "2005-12-31": "15050.00000"}, "Total Liabilities And Share Holders Equity": {"2020-12-31": "", "2019-12-31": "53864.00000", "2018-12-31": "50155.00000", "2017-12-31": "50158.00000", "2016-12-31": "46173.00000", "2015-12-31": "44227.00000", "2014-12-31": "45550.00000", "2013-12-31": "47260.00000", "2012-12-31": "44477.00000", "2011-12-31": "42783.00000", "2010-12-31": "37621.00000", "2009-12-31": "35572.00000", "2008-12-31": "34417.00000", "2007-12-31": "42722.00000", "2006-12-31": "37753.00000", "2005-12-31": "32798.00000"}}, "balance sheet, quarterly": {"Cash On Hand": {"2020-12-31": "", "2020-09-30": "4047.00000", "2020-06-30": "2319.00000", "2020-03-31": "1515.00000", "2019-12-31": "2583.00000", "2019-09-30": "2137.00000", "2019-06-30": "2033.00000", "2019-03-31": "2777.00000", "2018-12-31": "2982.00000", "2018-09-30": "3551.00000", "2018-06-30": "4451.00000", "2018-03-31": "4658.00000", "2017-12-31": "5850.00000", "2017-09-30": "5176.00000", "2017-06-30": "5207.00000", "2017-03-31": "4463.00000", "2016-12-31": "4816.00000", "2016-09-30": "5949.00000", "2016-06-30": "4925.00000", "2016-03-31": "3778.00000", "2015-12-31": "4114.00000", "2015-09-30": "5301.00000", "2015-06-30": "5764.00000", "2015-03-31": "4870.00000", "2014-12-31": "3689.00000", "2014-09-30": "4191.00000", "2014-06-30": "3480.00000", "2014-03-31": "3647.00000", "2013-12-31": "4292.00000", "2013-09-30": "1908.00000", "2013-06-30": "2398.00000", "2013-03-31": "1857.00000", "2012-12-31": "1723.00000", "2012-09-30": "2549.00000", "2012-06-30": "1295.00000", "2012-03-31": "1559.00000", "2011-12-31": "1024.00000", "2011-09-30": "2829.00000", "2011-06-30": "4107.00000", "2011-03-31": "4133.00000", "2010-12-31": "3334.00000", "2010-09-30": "2352.00000", "2010-06-30": "2014.00000", "2010-03-31": "2016.00000", "2009-12-31": "825.00000", "2009-09-30": "1749.00000", "2009-06-30": "1764.00000", "2009-03-31": "1854.00000", "2008-12-31": "1071.00000", "2008-09-30": "2888.00000", "2008-06-30": "1744.00000", "2008-03-31": "1472.00000", "2007-12-31": "2495.00000", "2007-09-30": "3140.00000", "2007-06-30": "2367.00000", "2007-03-31": "1727.00000", "2006-12-31": "1621.00000", "2006-09-30": "1060.00000", "2006-06-30": "968.00000", "2006-03-31": "466.00000", "2005-12-31": "466.00000", "2005-09-30": "827.00000", "2005-06-30": "973.00000", "2005-03-31": "710.00000"}, "Receivables": {"2020-12-31": "", "2020-09-30": "5601.00000", "2020-06-30": "4152.00000", "2020-03-31": "5392.00000", "2019-12-31": "8988.00000", "2019-09-30": "7994.00000", "2019-06-30": "9050.00000", "2019-03-31": "8289.00000", "2018-12-31": "7345.00000", "2018-09-30": "8249.00000", "2018-06-30": "7535.00000", "2018-03-31": "6814.00000", "2017-12-31": "6922.00000", "2017-09-30": "5959.00000", "2017-06-30": "4573.00000", "2017-03-31": "5104.00000", "2016-12-31": "5901.00000", "2016-09-30": "4722.00000", "2016-06-30": "4928.00000", "2016-03-31": "4692.00000", "2015-12-31": "4682.00000", "2015-09-30": "4698.00000", "2015-06-30": "5812.00000", "2015-03-31": "4977.00000", "2014-12-31": "5976.00000", "2014-09-30": "8254.00000", "2014-06-30": "8045.00000", "2014-03-31": "7887.00000", "2013-12-31": "8823.00000", "2013-09-30": "9234.00000", "2013-06-30": "7542.00000", "2013-03-31": "7748.00000", "2012-12-31": "8336.00000", "2012-09-30": "7491.00000", "2012-06-30": "6911.00000", "2012-03-31": "7644.00000", "2011-12-31": "8918.00000", "2011-09-30": "7514.00000", "2011-06-30": "6145.00000", "2011-03-31": "6174.00000", "2010-12-31": "4926.00000", "2010-09-30": "4340.00000", "2010-06-30": "4201.00000", "2010-03-31": "4005.00000", "2009-12-31": "4666.00000", "2009-09-30": "4004.00000", "2009-06-30": "4244.00000", "2009-03-31": "3242.00000", "2008-12-31": "3092.00000", "2008-09-30": "6581.00000", "2008-06-30": "7721.00000", "2008-03-31": "6009.00000", "2007-12-31": "7691.00000", "2007-09-30": "6463.00000", "2007-06-30": "4693.00000", "2007-03-31": "4173.00000", "2006-12-31": "4416.00000", "2006-09-30": "3672.00000", "2006-06-30": "4234.00000", "2006-03-31": "3115.00000", "2005-12-31": "3634.00000", "2005-09-30": "3553.00000", "2005-06-30": "2640.00000", "2005-03-31": "2153.00000"}, "Inventory": {"2020-12-31": "", "2020-09-30": "5357.00000", "2020-06-30": "5420.00000", "2020-03-31": "3675.00000", "2019-12-31": "7013.00000", "2019-09-30": "6376.00000", "2019-06-30": "6281.00000", "2019-03-31": "6554.00000", "2018-12-31": "6532.00000", "2018-09-30": "7501.00000", "2018-06-30": "6420.00000", "2018-03-31": "6555.00000", "2017-12-31": "6384.00000", "2017-09-30": "6137.00000", "2017-06-30": "5674.00000", "2017-03-31": "6025.00000", "2016-12-31": "5709.00000", "2016-09-30": "5979.00000", "2016-06-30": "6137.00000", "2016-03-31": "6056.00000", "2015-12-31": "5898.00000", "2015-09-30": "6557.00000", "2015-06-30": "6618.00000", "2015-03-31": "6666.00000", "2014-12-31": "6623.00000", "2014-09-30": "6860.00000", "2014-06-30": "6526.00000", "2014-03-31": "7106.00000", "2013-12-31": "5758.00000", "2013-09-30": "7063.00000", "2013-06-30": "6446.00000", "2013-03-31": "6937.00000", "2012-12-31": "5973.00000", "2012-09-30": "5787.00000", "2012-06-30": "5443.00000", "2012-03-31": "6145.00000", "2011-12-31": "5623.00000", "2011-09-30": "5164.00000", "2011-06-30": "3988.00000", "2011-03-31": "4338.00000", "2010-12-31": "4947.00000", "2010-09-30": "4804.00000", "2010-06-30": "4767.00000", "2010-03-31": "4724.00000", "2009-12-31": "4578.00000", "2009-09-30": "4576.00000", "2009-06-30": "4561.00000", "2009-03-31": "4669.00000", "2008-12-31": "4620.00000", "2008-09-30": "4859.00000", "2008-06-30": "4904.00000", "2008-03-31": "4643.00000", "2007-12-31": "4073.00000", "2007-09-30": "4616.00000", "2007-06-30": "4578.00000", "2007-03-31": "4835.00000", "2006-12-31": "3979.00000", "2006-09-30": "4666.00000", "2006-06-30": "4626.00000", "2006-03-31": "4381.00000", "2005-12-31": "4039.00000", "2005-09-30": "4475.00000", "2005-06-30": "3088.00000", "2005-03-31": "2801.00000"}, "Pre-Paid Expenses": {"2020-12-31": "", "2020-09-30": "417.00000", "2020-06-30": "871.00000", "2020-03-31": "883.00000", "2019-12-31": "385.00000", "2019-09-30": "526.00000", "2019-06-30": "447.00000", "2019-03-31": "860.00000", "2018-12-31": "816.00000", "2018-09-30": "590.00000", "2018-06-30": "542.00000", "2018-03-31": "233.00000", "2017-12-31": "156.00000", "2017-09-30": "170.00000", "2017-06-30": "277.00000", "2017-03-31": "316.00000", "2016-12-31": "374.00000", "2016-09-30": "228.00000", "2016-06-30": "190.00000", "2016-03-31": "335.00000", "2015-12-31": "204.00000", "2015-09-30": "173.00000", "2015-06-30": "157.00000", "2015-03-31": "154.00000", "2014-12-31": "164.00000", "2014-09-30": "132.00000", "2014-06-30": "124.00000", "2014-03-31": "134.00000", "2013-12-31": "138.00000", "2013-09-30": "131.00000", "2013-06-30": "136.00000", "2013-03-31": "384.00000", "2012-12-31": "154.00000", "2012-09-30": "148.00000", "2012-06-30": "138.00000", "2012-03-31": "118.00000", "2011-12-31": "124.00000", "2011-09-30": "109.00000", "2011-06-30": "162.00000", "2011-03-31": "149.00000", "2010-12-31": "121.00000", "2010-09-30": "172.00000", "2010-06-30": "170.00000", "2010-03-31": "181.00000", "2009-12-31": "384.00000", "2009-09-30": "386.00000", "2009-06-30": "472.00000", "2009-03-31": "625.00000", "2008-12-31": "550.00000", "2008-09-30": "192.00000", "2008-06-30": "160.00000", "2008-03-31": "119.00000", "2007-12-31": "175.00000", "2007-09-30": "238.00000", "2007-06-30": "133.00000", "2007-03-31": "113.00000", "2006-12-31": "145.00000", "2006-09-30": "177.00000", "2006-06-30": "170.00000", "2006-03-31": "74.00000", "2005-12-31": "65.00000", "2005-09-30": "257.00000", "2005-06-30": "91.00000", "2005-03-31": "43.00000"}, "Other Current Assets": {"2020-12-31": "", "2020-09-30": "", "2020-06-30": "", "2020-03-31": "", "2019-12-31": "", "2019-09-30": "", "2019-06-30": "", "2019-03-31": "", "2018-12-31": "", "2018-09-30": "", "2018-06-30": "", "2018-03-31": "", "2017-12-31": "", "2017-09-30": "", "2017-06-30": "", "2017-03-31": "", "2016-12-31": "", "2016-09-30": "", "2016-06-30": "", "2016-03-31": "", "2015-12-31": "", "2015-09-30": "", "2015-06-30": "", "2015-03-31": "", "2014-12-31": "", "2014-09-30": "", "2014-06-30": "", "2014-03-31": "", "2013-12-31": "", "2013-09-30": "", "2013-06-30": "", "2013-03-31": "", "2012-12-31": "", "2012-09-30": "", "2012-06-30": "", "2012-03-31": "", "2011-12-31": "", "2011-09-30": "", "2011-06-30": "", "2011-03-31": "", "2010-12-31": "", "2010-09-30": "", "2010-06-30": "25.00000", "2010-03-31": "219.00000", "2009-12-31": "289.00000", "2009-09-30": "", "2009-06-30": "", "2009-03-31": "", "2008-12-31": "", "2008-09-30": "", "2008-06-30": "335.00000", "2008-03-31": "", "2007-12-31": "306.00000", "2007-09-30": "", "2007-06-30": "1613.00000", "2007-03-31": "", "2006-12-31": "1527.00000", "2006-09-30": "", "2006-06-30": "", "2006-03-31": "", "2005-12-31": "", "2005-09-30": "", "2005-06-30": "", "2005-03-31": ""}, "Total Current Assets": {"2020-12-31": "", "2020-09-30": "15422.00000", "2020-06-30": "12762.00000", "2020-03-31": "11465.00000", "2019-12-31": "18969.00000", "2019-09-30": "17033.00000", "2019-06-30": "17811.00000", "2019-03-31": "18480.00000", "2018-12-31": "17675.00000", "2018-09-30": "19891.00000", "2018-06-30": "18948.00000", "2018-03-31": "18260.00000", "2017-12-31": "19312.00000", "2017-09-30": "17442.00000", "2017-06-30": "15731.00000", "2017-03-31": "15908.00000", "2016-12-31": "16800.00000", "2016-09-30": "16878.00000", "2016-06-30": "16180.00000", "2016-03-31": "14861.00000", "2015-12-31": "14898.00000", "2015-09-30": "16827.00000", "2015-06-30": "18492.00000", "2015-03-31": "16788.00000", "2014-12-31": "16614.00000", "2014-09-30": "19666.00000", "2014-06-30": "18450.00000", "2014-03-31": "19030.00000", "2013-12-31": "19277.00000", "2013-09-30": "18593.00000", "2013-06-30": "16768.00000", "2013-03-31": "17206.00000", "2012-12-31": "16460.00000", "2012-09-30": "16267.00000", "2012-06-30": "14033.00000", "2012-03-31": "15824.00000", "2011-12-31": "15972.00000", "2011-09-30": "15870.00000", "2011-06-30": "14687.00000", "2011-03-31": "15056.00000", "2010-12-31": "13518.00000", "2010-09-30": "11877.00000", "2010-06-30": "11348.00000", "2010-03-31": "11320.00000", "2009-12-31": "10922.00000", "2009-09-30": "10865.00000", "2009-06-30": "11173.00000", "2009-03-31": "10468.00000", "2008-12-31": "9450.00000", "2008-09-30": "14826.00000", "2008-06-30": "15252.00000", "2008-03-31": "12514.00000", "2007-12-31": "14987.00000", "2007-09-30": "14654.00000", "2007-06-30": "13567.00000", "2007-03-31": "10995.00000", "2006-12-31": "11831.00000", "2006-09-30": "9731.00000", "2006-06-30": "10174.00000", "2006-03-31": "8181.00000", "2005-12-31": "8346.00000", "2005-09-30": "9112.00000", "2005-06-30": "6898.00000", "2005-03-31": "5856.00000"}, "Property, Plant, And Equipment": {"2020-12-31": "", "2020-09-30": "30729.00000", "2020-06-30": "30653.00000", "2020-03-31": "30526.00000", "2019-12-31": "29264.00000", "2019-09-30": "28890.00000", "2019-06-30": "28784.00000", "2019-03-31": "28408.00000", "2018-12-31": "28848.00000", "2018-09-30": "28428.00000", "2018-06-30": "28180.00000", "2018-03-31": "27731.00000", "2017-12-31": "27480.00000", "2017-09-30": "27274.00000", "2017-06-30": "27054.00000", "2017-03-31": "26991.00000", "2016-12-31": "26472.00000", "2016-09-30": "26518.00000", "2016-06-30": "26589.00000", "2016-03-31": "26745.00000", "2015-12-31": "26703.00000", "2015-09-30": "26688.00000", "2015-06-30": "26734.00000", "2015-03-31": "26596.00000", "2014-12-31": "26735.00000", "2014-09-30": "26449.00000", "2014-06-30": "26122.00000", "2014-03-31": "25766.00000", "2013-12-31": "25707.00000", "2013-09-30": "25642.00000", "2013-06-30": "25386.00000", "2013-03-31": "26398.00000", "2012-12-31": "26300.00000", "2012-09-30": "25873.00000", "2012-06-30": "25521.00000", "2012-03-31": "25155.00000", "2011-12-31": "25177.00000", "2011-09-30": "24219.00000", "2011-06-30": "23206.00000", "2011-03-31": "22895.00000", "2010-12-31": "22669.00000", "2010-09-30": "23590.00000", "2010-06-30": "23363.00000", "2010-03-31": "23335.00000", "2009-12-31": "21615.00000", "2009-09-30": "24231.00000", "2009-06-30": "24284.00000", "2009-03-31": "23532.00000", "2008-12-31": "21421.00000", "2008-09-30": "22743.00000", "2008-06-30": "22275.00000", "2008-03-31": "21984.00000", "2007-12-31": "21560.00000", "2007-09-30": "21224.00000", "2007-06-30": "20785.00000", "2007-03-31": "21294.00000", "2006-12-31": "20180.00000", "2006-09-30": "20564.00000", "2006-06-30": "19988.00000", "2006-03-31": "18424.00000", "2005-12-31": "17856.00000", "2005-09-30": "17152.00000", "2005-06-30": "10839.00000", "2005-03-31": "10585.00000"}, "Long-Term Investments": {"2020-12-31": "", "2020-09-30": "", "2020-06-30": "", "2020-03-31": "", "2019-12-31": "", "2019-09-30": "", "2019-06-30": "", "2019-03-31": "", "2018-12-31": "", "2018-09-30": "", "2018-06-30": "", "2018-03-31": "", "2017-12-31": "", "2017-09-30": "", "2017-06-30": "", "2017-03-31": "", "2016-12-31": "", "2016-09-30": "", "2016-06-30": "", "2016-03-31": "", "2015-12-31": "", "2015-09-30": "", "2015-06-30": "", "2015-03-31": "", "2014-12-31": "", "2014-09-30": "", "2014-06-30": "", "2014-03-31": "", "2013-12-31": "", "2013-09-30": "", "2013-06-30": "", "2013-03-31": "", "2012-12-31": "", "2012-09-30": "", "2012-06-30": "", "2012-03-31": "", "2011-12-31": "", "2011-09-30": "", "2011-06-30": "", "2011-03-31": "", "2010-12-31": "", "2010-09-30": "", "2010-06-30": "", "2010-03-31": "", "2009-12-31": "", "2009-09-30": "", "2009-06-30": "", "2009-03-31": "", "2008-12-31": "", "2008-09-30": "", "2008-06-30": "", "2008-03-31": "", "2007-12-31": "", "2007-09-30": "", "2007-06-30": "", "2007-03-31": "", "2006-12-31": "", "2006-09-30": "480.00000", "2006-06-30": "481.00000", "2006-03-31": "326.00000", "2005-12-31": "327.00000", "2005-09-30": "292.00000", "2005-06-30": "262.00000", "2005-03-31": "263.00000"}, "Goodwill And Intangible Assets": {"2020-12-31": "", "2020-09-30": "", "2020-06-30": "", "2020-03-31": "", "2019-12-31": "", "2019-09-30": "", "2019-06-30": "", "2019-03-31": "", "2018-12-31": "", "2018-09-30": "", "2018-06-30": "", "2018-03-31": "", "2017-12-31": "", "2017-09-30": "", "2017-06-30": "", "2017-03-31": "", "2016-12-31": "", "2016-09-30": "", "2016-06-30": "", "2016-03-31": "", "2015-12-31": "", "2015-09-30": "", "2015-06-30": "", "2015-03-31": "", "2014-12-31": "", "2014-09-30": "", "2014-06-30": "", "2014-03-31": "", "2013-12-31": "", "2013-09-30": "160.00000", "2013-06-30": "159.00000", "2013-03-31": "203.00000", "2012-12-31": "213.00000", "2012-09-30": "216.00000", "2012-06-30": "218.00000", "2012-03-31": "227.00000", "2011-12-31": "227.00000", "2011-09-30": "251.00000", "2011-06-30": "222.00000", "2011-03-31": "225.00000", "2010-12-31": "224.00000", "2010-09-30": "224.00000", "2010-06-30": "223.00000", "2010-03-31": "226.00000", "2009-12-31": "227.00000", "2009-09-30": "229.00000", "2009-06-30": "221.00000", "2009-03-31": "213.00000", "2008-12-31": "224.00000", "2008-09-30": "4309.00000", "2008-06-30": "4307.00000", "2008-03-31": "4335.00000", "2007-12-31": "4309.00000", "2007-09-30": "4359.00000", "2007-06-30": "4385.00000", "2007-03-31": "4502.00000", "2006-12-31": "4406.00000", "2006-09-30": "4572.00000", "2006-06-30": "4604.00000", "2006-03-31": "5213.00000", "2005-12-31": "5224.00000", "2005-09-30": "5270.00000", "2005-06-30": "2728.00000", "2005-03-31": "2704.00000"}, "Other Long-Term Assets": {"2020-12-31": "", "2020-09-30": "", "2020-06-30": "", "2020-03-31": "", "2019-12-31": "", "2019-09-30": "", "2019-06-30": "", "2019-03-31": "", "2018-12-31": "", "2018-09-30": "", "2018-06-30": "", "2018-03-31": "", "2017-12-31": "", "2017-09-30": "", "2017-06-30": "", "2017-03-31": "", "2016-12-31": "", "2016-09-30": "", "2016-06-30": "", "2016-03-31": "", "2015-12-31": "", "2015-09-30": "", "2015-06-30": "", "2015-03-31": "", "2014-12-31": "", "2014-09-30": "", "2014-06-30": "", "2014-03-31": "", "2013-12-31": "", "2013-09-30": "", "2013-06-30": "", "2013-03-31": "", "2012-12-31": "", "2012-09-30": "", "2012-06-30": "", "2012-03-31": "", "2011-12-31": "", "2011-09-30": "", "2011-06-30": "", "2011-03-31": "", "2010-12-31": "", "2010-09-30": "", "2010-06-30": "", "2010-03-31": "", "2009-12-31": "1461.00000", "2009-09-30": "", "2009-06-30": "", "2009-03-31": "", "2008-12-31": "", "2008-09-30": "", "2008-06-30": "", "2008-03-31": "", "2007-12-31": "", "2007-09-30": "", "2007-06-30": "", "2007-03-31": "", "2006-12-31": "", "2006-09-30": "", "2006-06-30": "", "2006-03-31": "", "2005-12-31": "", "2005-09-30": "", "2005-06-30": "", "2005-03-31": ""}, "Total Long-Term Assets": {"2020-12-31": "", "2020-09-30": "36310.00000", "2020-06-30": "36337.00000", "2020-03-31": "36282.00000", "2019-12-31": "34895.00000", "2019-09-30": "34196.00000", "2019-06-30": "34211.00000", "2019-03-31": "33615.00000", "2018-12-31": "32480.00000", "2018-09-30": "32003.00000", "2018-06-30": "31730.00000", "2018-03-31": "31116.00000", "2017-12-31": "30846.00000", "2017-09-30": "30546.00000", "2017-06-30": "30243.00000", "2017-03-31": "30139.00000", "2016-12-31": "29373.00000", "2016-09-30": "29387.00000", "2016-06-30": "29272.00000", "2016-03-31": "29398.00000", "2015-12-31": "29329.00000", "2015-09-30": "28998.00000", "2015-06-30": "29107.00000", "2015-03-31": "28953.00000", "2014-12-31": "28936.00000", "2014-09-30": "28789.00000", "2014-06-30": "28563.00000", "2014-03-31": "28069.00000", "2013-12-31": "27983.00000", "2013-09-30": "27700.00000", "2013-06-30": "27409.00000", "2013-03-31": "28295.00000", "2012-12-31": "28017.00000", "2012-09-30": "27525.00000", "2012-06-30": "27155.00000", "2012-03-31": "26810.00000", "2011-12-31": "26811.00000", "2011-09-30": "25813.00000", "2011-06-30": "24839.00000", "2011-03-31": "24536.00000", "2010-12-31": "24103.00000", "2010-09-30": "25399.00000", "2010-06-30": "25129.00000", "2010-03-31": "25145.00000", "2009-12-31": "24650.00000", "2009-09-30": "25940.00000", "2009-06-30": "26048.00000", "2009-03-31": "25308.00000", "2008-12-31": "24967.00000", "2008-09-30": "28981.00000", "2008-06-30": "28404.00000", "2008-03-31": "28155.00000", "2007-12-31": "27735.00000", "2007-09-30": "27207.00000", "2007-06-30": "26783.00000", "2007-03-31": "27192.00000", "2006-12-31": "25922.00000", "2006-09-30": "26911.00000", "2006-06-30": "26350.00000", "2006-03-31": "25122.00000", "2005-12-31": "24452.00000", "2005-09-30": "23662.00000", "2005-06-30": "14743.00000", "2005-03-31": "14458.00000"}, "Total Assets": {"2020-12-31": "0.00000", "2020-09-30": "51732.00000", "2020-06-30": "49099.00000", "2020-03-31": "47747.00000", "2019-12-31": "53864.00000", "2019-09-30": "51229.00000", "2019-06-30": "52022.00000", "2019-03-31": "52095.00000", "2018-12-31": "50155.00000", "2018-09-30": "51894.00000", "2018-06-30": "50678.00000", "2018-03-31": "49376.00000", "2017-12-31": "50158.00000", "2017-09-30": "47988.00000", "2017-06-30": "45974.00000", "2017-03-31": "46047.00000", "2016-12-31": "46173.00000", "2016-09-30": "46265.00000", "2016-06-30": "45452.00000", "2016-03-31": "44259.00000", "2015-12-31": "44227.00000", "2015-09-30": "45825.00000", "2015-06-30": "47599.00000", "2015-03-31": "45741.00000", "2014-12-31": "45550.00000", "2014-09-30": "48455.00000", "2014-06-30": "47013.00000", "2014-03-31": "47099.00000", "2013-12-31": "47260.00000", "2013-09-30": "46293.00000", "2013-06-30": "44177.00000", "2013-03-31": "45501.00000", "2012-12-31": "44477.00000", "2012-09-30": "43792.00000", "2012-06-30": "41188.00000", "2012-03-31": "42634.00000", "2011-12-31": "42783.00000", "2011-09-30": "41683.00000", "2011-06-30": "39526.00000", "2011-03-31": "39592.00000", "2010-12-31": "37621.00000", "2010-09-30": "37276.00000", "2010-06-30": "36477.00000", "2010-03-31": "36465.00000", "2009-12-31": "35572.00000", "2009-09-30": "36805.00000", "2009-06-30": "37221.00000", "2009-03-31": "35776.00000", "2008-12-31": "34417.00000", "2008-09-30": "43807.00000", "2008-06-30": "43656.00000", "2008-03-31": "40669.00000", "2007-12-31": "42722.00000", "2007-09-30": "41861.00000", "2007-06-30": "40350.00000", "2007-03-31": "38187.00000", "2006-12-31": "37753.00000", "2006-09-30": "36642.00000", "2006-06-30": "36524.00000", "2006-03-31": "33303.00000", "2005-12-31": "32798.00000", "2005-09-30": "32774.00000", "2005-06-30": "21641.00000", "2005-03-31": "20314.00000"}, "Total Current Liabilities": {"2020-12-31": "", "2020-09-30": "8122.00000", "2020-06-30": "7300.00000", "2020-03-31": "8732.00000", "2019-12-31": "13160.00000", "2019-09-30": "12130.00000", "2019-06-30": "12548.00000", "2019-03-31": "12913.00000", "2018-12-31": "10724.00000", "2018-09-30": "12482.00000", "2018-06-30": "11341.00000", "2018-03-31": "10752.00000", "2017-12-31": "11071.00000", "2017-09-30": "9130.00000", "2017-06-30": "7683.00000", "2017-03-31": "7899.00000", "2016-12-31": "8328.00000", "2016-09-30": "8224.00000", "2016-06-30": "8652.00000", "2016-03-31": "6775.00000", "2015-12-31": "6994.00000", "2015-09-30": "8289.00000", "2015-06-30": "9865.00000", "2015-03-31": "8634.00000", "2014-12-31": "9980.00000", "2014-09-30": "13460.00000", "2014-06-30": "12523.00000", "2014-03-31": "12926.00000", "2013-12-31": "13123.00000", "2013-09-30": "13668.00000", "2013-06-30": "12035.00000", "2013-03-31": "12705.00000", "2012-12-31": "11929.00000", "2012-09-30": "12251.00000", "2012-06-30": "10798.00000", "2012-03-31": "13076.00000", "2011-12-31": "12708.00000", "2011-09-30": "11683.00000", "2011-06-30": "10231.00000", "2011-03-31": "10406.00000", "2010-12-31": "8784.00000", "2010-09-30": "8213.00000", "2010-06-30": "7914.00000", "2010-03-31": "8095.00000", "2009-12-31": "7809.00000", "2009-09-30": "7757.00000", "2009-06-30": "7324.00000", "2009-03-31": "6237.00000", "2008-12-31": "6209.00000", "2008-09-30": "11770.00000", "2008-06-30": "12848.00000", "2008-03-31": "10157.00000", "2007-12-31": "11914.00000", "2007-09-30": "10242.00000", "2007-06-30": "9465.00000", "2007-03-31": "9034.00000", "2006-12-31": "8860.00000", "2006-09-30": "8037.00000", "2006-06-30": "9107.00000", "2006-03-31": "7444.00000", "2005-12-31": "7375.00000", "2005-09-30": "7987.00000", "2005-06-30": "5900.00000", "2005-03-31": "5547.00000"}, "Long Term Debt": {"2020-12-31": "", "2020-09-30": "14577.00000", "2020-06-30": "12090.00000", "2020-03-31": "10574.00000", "2019-12-31": "9178.00000", "2019-09-30": "9170.00000", "2019-06-30": "9167.00000", "2019-03-31": "9006.00000", "2018-12-31": "8871.00000", "2018-09-30": "8877.00000", "2018-06-30": "8876.00000", "2018-03-31": "8086.00000", "2017-12-31": "8750.00000", "2017-09-30": "8364.00000", "2017-06-30": "8366.00000", "2017-03-31": "8369.00000", "2016-12-31": "7886.00000", "2016-09-30": "7888.00000", "2016-06-30": "6646.00000", "2016-03-31": "7207.00000", "2015-12-31": "7208.00000", "2015-09-30": "7252.00000", "2015-06-30": "7199.00000", "2015-03-31": "7224.00000", "2014-12-31": "5780.00000", "2014-09-30": "5783.00000", "2014-06-30": "5784.00000", "2014-03-31": "5860.00000", "2013-12-31": "6261.00000", "2013-09-30": "6261.00000", "2013-06-30": "6261.00000", "2013-03-31": "6463.00000", "2012-12-31": "6463.00000", "2012-09-30": "6463.00000", "2012-06-30": "6460.00000", "2012-03-31": "6460.00000", "2011-12-31": "6732.00000", "2011-09-30": "6781.00000", "2011-06-30": "6762.00000", "2011-03-31": "7517.00000", "2010-12-31": "7515.00000", "2010-09-30": "7513.00000", "2010-06-30": "7511.00000", "2010-03-31": "7718.00000", "2009-12-31": "7163.00000", "2009-09-30": "7162.00000", "2009-06-30": "7231.00000", "2009-03-31": "7264.00000", "2008-12-31": "6264.00000", "2008-09-30": "6264.00000", "2008-06-30": "6263.00000", "2008-03-31": "6471.00000", "2007-12-31": "6470.00000", "2007-09-30": "6854.00000", "2007-06-30": "6855.00000", "2007-03-31": "4649.00000", "2006-12-31": "4619.00000", "2006-09-30": "4897.00000", "2006-06-30": "4913.00000", "2006-03-31": "5135.00000", "2005-12-31": "5156.00000", "2005-09-30": "6109.00000", "2005-06-30": "3641.00000", "2005-03-31": "3610.00000"}, "Other Non-Current Liabilities": {"2020-12-31": "", "2020-09-30": "3720.00000", "2020-06-30": "3770.00000", "2020-03-31": "3847.00000", "2019-12-31": "3887.00000", "2019-09-30": "3421.00000", "2019-06-30": "3571.00000", "2019-03-31": "3530.00000", "2018-12-31": "2867.00000", "2018-09-30": "2850.00000", "2018-06-30": "2897.00000", "2018-03-31": "2902.00000", "2017-12-31": "2729.00000", "2017-09-30": "1908.00000", "2017-06-30": "1906.00000", "2017-03-31": "1932.00000", "2016-12-31": "1744.00000", "2016-09-30": "1654.00000", "2016-06-30": "1471.00000", "2016-03-31": "1590.00000", "2015-12-31": "1611.00000", "2015-09-30": "1760.00000", "2015-06-30": "1889.00000", "2015-03-31": "1917.00000", "2014-12-31": "1939.00000", "2014-09-30": "1549.00000", "2014-06-30": "1327.00000", "2014-03-31": "1290.00000", "2013-12-31": "1329.00000", "2013-09-30": "1665.00000", "2013-06-30": "1697.00000", "2013-03-31": "1784.00000", "2012-12-31": "2130.00000", "2012-09-30": "1934.00000", "2012-06-30": "1896.00000", "2012-03-31": "1896.00000", "2011-12-31": "1881.00000", "2011-09-30": "1607.00000", "2011-06-30": "1740.00000", "2011-03-31": "1752.00000", "2010-12-31": "1767.00000", "2010-09-30": "1720.00000", "2010-06-30": "1731.00000", "2010-03-31": "1855.00000", "2009-12-31": "1869.00000", "2009-09-30": "2124.00000", "2009-06-30": "2154.00000", "2009-03-31": "2183.00000", "2008-12-31": "2158.00000", "2008-09-30": "1788.00000", "2008-06-30": "1780.00000", "2008-03-31": "1801.00000", "2007-12-31": "1810.00000", "2007-09-30": "1856.00000", "2007-06-30": "1769.00000", "2007-03-31": "1726.00000", "2006-12-31": "1622.00000", "2006-09-30": "1506.00000", "2006-06-30": "1588.00000", "2006-03-31": "1570.00000", "2005-12-31": "1602.00000", "2005-09-30": "1464.00000", "2005-06-30": "1148.00000", "2005-03-31": "1192.00000"}, "Total Long Term Liabilities": {"2020-12-31": "", "2020-09-30": "23594.00000", "2020-06-30": "21165.00000", "2020-03-31": "19330.00000", "2019-12-31": "18168.00000", "2019-09-30": "17511.00000", "2019-06-30": "17637.00000", "2019-03-31": "17403.00000", "2018-12-31": "16700.00000", "2018-09-30": "16452.00000", "2018-06-30": "16533.00000", "2018-03-31": "15699.00000", "2017-12-31": "16187.00000", "2017-09-30": "17634.00000", "2017-06-30": "17526.00000", "2017-03-31": "17497.00000", "2016-12-31": "16991.00000", "2016-09-30": "16911.00000", "2016-06-30": "15396.00000", "2016-03-31": "15989.00000", "2015-12-31": "15879.00000", "2015-09-30": "15668.00000", "2015-06-30": "15728.00000", "2015-03-31": "15765.00000", "2014-12-31": "14326.00000", "2014-09-30": "13933.00000", "2014-06-30": "13770.00000", "2014-03-31": "13765.00000", "2013-12-31": "14191.00000", "2013-09-30": "14238.00000", "2013-06-30": "14117.00000", "2013-03-31": "14378.00000", "2012-12-31": "14453.00000", "2012-09-30": "14155.00000", "2012-06-30": "13767.00000", "2012-03-31": "13566.00000", "2011-12-31": "13630.00000", "2011-09-30": "13330.00000", "2011-06-30": "13303.00000", "2011-03-31": "13962.00000", "2010-12-31": "13812.00000", "2010-09-30": "13663.00000", "2010-06-30": "13512.00000", "2010-03-31": "13704.00000", "2009-12-31": "13038.00000", "2009-09-30": "13158.00000", "2009-06-30": "13490.00000", "2009-03-31": "13736.00000", "2008-12-31": "12588.00000", "2008-09-30": "12323.00000", "2008-06-30": "12128.00000", "2008-03-31": "12280.00000", "2007-12-31": "12301.00000", "2007-09-30": "12651.00000", "2007-06-30": "12770.00000", "2007-03-31": "10423.00000", "2006-12-31": "10288.00000", "2006-09-30": "10790.00000", "2006-06-30": "10653.00000", "2006-03-31": "10461.00000", "2005-12-31": "10373.00000", "2005-09-30": "10993.00000", "2005-06-30": "6842.00000", "2005-03-31": "6776.00000"}, "Total Liabilities": {"2020-12-31": "", "2020-09-30": "31716.00000", "2020-06-30": "28465.00000", "2020-03-31": "28062.00000", "2019-12-31": "31328.00000", "2019-09-30": "29641.00000", "2019-06-30": "30185.00000", "2019-03-31": "30316.00000", "2018-12-31": "27424.00000", "2018-09-30": "28934.00000", "2018-06-30": "27874.00000", "2018-03-31": "26451.00000", "2017-12-31": "27258.00000", "2017-09-30": "26764.00000", "2017-06-30": "25209.00000", "2017-03-31": "25396.00000", "2016-12-31": "25319.00000", "2016-09-30": "25135.00000", "2016-06-30": "24048.00000", "2016-03-31": "22764.00000", "2015-12-31": "22873.00000", "2015-09-30": "23957.00000", "2015-06-30": "25593.00000", "2015-03-31": "24399.00000", "2014-12-31": "24306.00000", "2014-09-30": "27393.00000", "2014-06-30": "26293.00000", "2014-03-31": "26691.00000", "2013-12-31": "27314.00000", "2013-09-30": "27906.00000", "2013-06-30": "26152.00000", "2013-03-31": "27083.00000", "2012-12-31": "26382.00000", "2012-09-30": "26406.00000", "2012-06-30": "24565.00000", "2012-03-31": "26642.00000", "2011-12-31": "26338.00000", "2011-09-30": "25013.00000", "2011-06-30": "23534.00000", "2011-03-31": "24368.00000", "2010-12-31": "22596.00000", "2010-09-30": "21876.00000", "2010-06-30": "21426.00000", "2010-03-31": "21799.00000", "2009-12-31": "20847.00000", "2009-09-30": "20915.00000", "2009-06-30": "20814.00000", "2009-03-31": "19973.00000", "2008-12-31": "18797.00000", "2008-09-30": "24093.00000", "2008-06-30": "24976.00000", "2008-03-31": "22437.00000", "2007-12-31": "24215.00000", "2007-09-30": "22893.00000", "2007-06-30": "22235.00000", "2007-03-31": "19457.00000", "2006-12-31": "19148.00000", "2006-09-30": "18827.00000", "2006-06-30": "19760.00000", "2006-03-31": "17905.00000", "2005-12-31": "17748.00000", "2005-09-30": "18980.00000", "2005-06-30": "12742.00000", "2005-03-31": "12323.00000"}, "Common Stock Net": {"2020-12-31": "", "2020-09-30": "7.00000", "2020-06-30": "7.00000", "2020-03-31": "7.00000", "2019-12-31": "7.00000", "2019-09-30": "7.00000", "2019-06-30": "7.00000", "2019-03-31": "7.00000", "2018-12-31": "7.00000", "2018-09-30": "7.00000", "2018-06-30": "7.00000", "2018-03-31": "7.00000", "2017-12-31": "7.00000", "2017-09-30": "7.00000", "2017-06-30": "7.00000", "2017-03-31": "7.00000", "2016-12-31": "7.00000", "2016-09-30": "7.00000", "2016-06-30": "7.00000", "2016-03-31": "7.00000", "2015-12-31": "7.00000", "2015-09-30": "7.00000", "2015-06-30": "7.00000", "2015-03-31": "7.00000", "2014-12-31": "7.00000", "2014-09-30": "7.00000", "2014-06-30": "7.00000", "2014-03-31": "7.00000", "2013-12-31": "7.00000", "2013-09-30": "7.00000", "2013-06-30": "7.00000", "2013-03-31": "7.00000", "2012-12-31": "7.00000", "2012-09-30": "7.00000", "2012-06-30": "7.00000", "2012-03-31": "7.00000", "2011-12-31": "7.00000", "2011-09-30": "7.00000", "2011-06-30": "7.00000", "2011-03-31": "7.00000", "2010-12-31": "7.00000", "2010-09-30": "7.00000", "2010-06-30": "7.00000", "2010-03-31": "7.00000", "2009-12-31": "7.00000", "2009-09-30": "7.00000", "2009-06-30": "7.00000", "2009-03-31": "6.00000", "2008-12-31": "6.00000", "2008-09-30": "6.00000", "2008-06-30": "6.00000", "2008-03-31": "6.00000", "2007-12-31": "6.00000", "2007-09-30": "6.00000", "2007-06-30": "6.00000", "2007-03-31": "6.00000", "2006-12-31": "6.00000", "2006-09-30": "6.00000", "2006-06-30": "6.00000", "2006-03-31": "6.00000", "2005-12-31": "6.00000", "2005-09-30": "3.00000", "2005-06-30": "3.00000", "2005-03-31": "3.00000"}, "Retained Earnings (Accumulated Deficit)": {"2020-12-31": "", "2020-09-30": "29712.00000", "2020-06-30": "30575.00000", "2020-03-31": "29722.00000", "2019-12-31": "31974.00000", "2019-09-30": "31283.00000", "2019-06-30": "31046.00000", "2019-03-31": "30810.00000", "2018-12-31": "31044.00000", "2018-09-30": "30430.00000", "2018-06-30": "29915.00000", "2018-03-31": "29415.00000", "2017-12-31": "29200.00000", "2017-09-30": "27135.00000", "2017-06-30": "26603.00000", "2017-03-31": "26366.00000", "2016-12-31": "26366.00000", "2016-09-30": "26270.00000", "2016-06-30": "25933.00000", "2016-03-31": "25401.00000", "2015-12-31": "25188.00000", "2015-09-30": "25130.00000", "2015-06-30": "23953.00000", "2015-03-31": "22804.00000", "2014-12-31": "22046.00000", "2014-09-30": "21034.00000", "2014-06-30": "20120.00000", "2014-03-31": "19665.00000", "2013-12-31": "18970.00000", "2013-09-30": "17804.00000", "2013-06-30": "17593.00000", "2013-03-31": "17575.00000", "2012-12-31": "17032.00000", "2012-09-30": "16119.00000", "2012-06-30": "15542.00000", "2012-03-31": "14794.00000", "2011-12-31": "15309.00000", "2011-09-30": "15347.00000", "2011-06-30": "14173.00000", "2011-03-31": "13458.00000", "2010-12-31": "13388.00000", "2010-09-30": "13855.00000", "2010-06-30": "13591.00000", "2010-03-31": "13036.00000", "2009-12-31": "13178.00000", "2009-09-30": "14670.00000", "2009-06-30": "15384.00000", "2009-03-31": "15715.00000", "2008-12-31": "15484.00000", "2008-09-30": "18839.00000", "2008-06-30": "17765.00000", "2008-03-31": "17110.00000", "2007-12-31": "16914.00000", "2007-09-30": "16413.00000", "2007-06-30": "15204.00000", "2007-03-31": "13022.00000", "2006-12-31": "11951.00000", "2006-09-30": "10885.00000", "2006-06-30": "9331.00000", "2006-03-31": "7484.00000", "2005-12-31": "6673.00000", "2005-09-30": "5359.00000", "2005-06-30": "4526.00000", "2005-03-31": "3709.00000"}, "Comprehensive Income": {"2020-12-31": "", "2020-09-30": "-1571.00000", "2020-06-30": "-1799.00000", "2020-03-31": "-1937.00000", "2019-12-31": "-1351.00000", "2019-09-30": "-1529.00000", "2019-06-30": "-1350.00000", "2019-03-31": "-1352.00000", "2018-12-31": "-1507.00000", "2018-09-30": "-1235.00000", "2018-06-30": "-1262.00000", "2018-03-31": "-983.00000", "2017-12-31": "-940.00000", "2017-09-30": "-893.00000", "2017-06-30": "-1123.00000", "2017-03-31": "-1334.00000", "2016-12-31": "-1410.00000", "2016-09-30": "-1120.00000", "2016-06-30": "-1002.00000", "2016-03-31": "-802.00000", "2015-12-31": "-933.00000", "2015-09-30": "-795.00000", "2015-06-30": "-529.00000", "2015-03-31": "-730.00000", "2014-12-31": "-367.00000", "2014-09-30": "149.00000", "2014-06-30": "426.00000", "2014-03-31": "277.00000", "2013-12-31": "350.00000", "2013-09-30": "83.00000", "2013-06-30": "-99.00000", "2013-03-31": "121.00000", "2012-12-31": "108.00000", "2012-09-30": "252.00000", "2012-06-30": "119.00000", "2012-03-31": "221.00000", "2011-12-31": "96.00000", "2011-09-30": "232.00000", "2011-06-30": "498.00000", "2011-03-31": "479.00000", "2010-12-31": "388.00000", "2010-09-30": "314.00000", "2010-06-30": "240.00000", "2010-03-31": "432.00000", "2009-12-31": "365.00000", "2009-09-30": "68.00000", "2009-06-30": "-115.00000", "2009-03-31": "-237.00000", "2008-12-31": "-176.00000", "2008-09-30": "400.00000", "2008-06-30": "427.00000", "2008-03-31": "432.00000", "2007-12-31": "573.00000", "2007-09-30": "491.00000", "2007-06-30": "335.00000", "2007-03-31": "233.00000", "2006-12-31": "265.00000", "2006-09-30": "431.00000", "2006-06-30": "403.00000", "2006-03-31": "323.00000", "2005-12-31": "335.00000", "2005-09-30": "149.00000", "2005-06-30": "88.00000", "2005-03-31": "33.00000"}, "Other Share Holders Equity": {"2020-12-31": "", "2020-09-30": "", "2020-06-30": "", "2020-03-31": "", "2019-12-31": "", "2019-09-30": "", "2019-06-30": "", "2019-03-31": "", "2018-12-31": "", "2018-09-30": "", "2018-06-30": "", "2018-03-31": "", "2017-12-31": "", "2017-09-30": "", "2017-06-30": "", "2017-03-31": "", "2016-12-31": "", "2016-09-30": "", "2016-06-30": "", "2016-03-31": "", "2015-12-31": "", "2015-09-30": "", "2015-06-30": "", "2015-03-31": "", "2014-12-31": "", "2014-09-30": "", "2014-06-30": "", "2014-03-31": "", "2013-12-31": "", "2013-09-30": "", "2013-06-30": "", "2013-03-31": "", "2012-12-31": "", "2012-09-30": "", "2012-06-30": "", "2012-03-31": "", "2011-12-31": "", "2011-09-30": "", "2011-06-30": "", "2011-03-31": "", "2010-12-31": "", "2010-09-30": "", "2010-06-30": "", "2010-03-31": "", "2009-12-31": "", "2009-09-30": "", "2009-06-30": "", "2009-03-31": "", "2008-12-31": "", "2008-09-30": "", "2008-06-30": "", "2008-03-31": "", "2007-12-31": "", "2007-09-30": "", "2007-06-30": "", "2007-03-31": "", "2006-12-31": "", "2006-09-30": "", "2006-06-30": "", "2006-03-31": "", "2005-12-31": "", "2005-09-30": "", "2005-06-30": "", "2005-03-31": ""}, "Share Holder Equity": {"2020-12-31": "", "2020-09-30": "20016.00000", "2020-06-30": "20634.00000", "2020-03-31": "19685.00000", "2019-12-31": "22536.00000", "2019-09-30": "21588.00000", "2019-06-30": "21837.00000", "2019-03-31": "21779.00000", "2018-12-31": "22731.00000", "2018-09-30": "22960.00000", "2018-06-30": "22804.00000", "2018-03-31": "22925.00000", "2017-12-31": "22900.00000", "2017-09-30": "21224.00000", "2017-06-30": "20765.00000", "2017-03-31": "20651.00000", "2016-12-31": "20854.00000", "2016-09-30": "21130.00000", "2016-06-30": "21404.00000", "2016-03-31": "21495.00000", "2015-12-31": "21354.00000", "2015-09-30": "21868.00000", "2015-06-30": "22006.00000", "2015-03-31": "21342.00000", "2014-12-31": "21244.00000", "2014-09-30": "21062.00000", "2014-06-30": "20720.00000", "2014-03-31": "20408.00000", "2013-12-31": "19946.00000", "2013-09-30": "18387.00000", "2013-06-30": "18025.00000", "2013-03-31": "18418.00000", "2012-12-31": "18095.00000", "2012-09-30": "17386.00000", "2012-06-30": "16623.00000", "2012-03-31": "15992.00000", "2011-12-31": "16445.00000", "2011-09-30": "16670.00000", "2011-06-30": "15992.00000", "2011-03-31": "15224.00000", "2010-12-31": "15025.00000", "2010-09-30": "15400.00000", "2010-06-30": "15051.00000", "2010-03-31": "14666.00000", "2009-12-31": "14725.00000", "2009-09-30": "15890.00000", "2009-06-30": "16407.00000", "2009-03-31": "15803.00000", "2008-12-31": "15620.00000", "2008-09-30": "19714.00000", "2008-06-30": "18680.00000", "2008-03-31": "18232.00000", "2007-12-31": "18507.00000", "2007-09-30": "18968.00000", "2007-06-30": "18115.00000", "2007-03-31": "18730.00000", "2006-12-31": "18605.00000", "2006-09-30": "17815.00000", "2006-06-30": "16764.00000", "2006-03-31": "15398.00000", "2005-12-31": "15050.00000", "2005-09-30": "13794.00000", "2005-06-30": "8899.00000", "2005-03-31": "7991.00000"}, "Total Liabilities And Share Holders Equity": {"2020-12-31": "", "2020-09-30": "51732.00000", "2020-06-30": "49099.00000", "2020-03-31": "47747.00000", "2019-12-31": "53864.00000", "2019-09-30": "51229.00000", "2019-06-30": "52022.00000", "2019-03-31": "52095.00000", "2018-12-31": "50155.00000", "2018-09-30": "51894.00000", "2018-06-30": "50678.00000", "2018-03-31": "49376.00000", "2017-12-31": "50158.00000", "2017-09-30": "47988.00000", "2017-06-30": "45974.00000", "2017-03-31": "46047.00000", "2016-12-31": "46173.00000", "2016-09-30": "46265.00000", "2016-06-30": "45452.00000", "2016-03-31": "44259.00000", "2015-12-31": "44227.00000", "2015-09-30": "45825.00000", "2015-06-30": "47599.00000", "2015-03-31": "45741.00000", "2014-12-31": "45550.00000", "2014-09-30": "48455.00000", "2014-06-30": "47013.00000", "2014-03-31": "47099.00000", "2013-12-31": "47260.00000", "2013-09-30": "46293.00000", "2013-06-30": "44177.00000", "2013-03-31": "45501.00000", "2012-12-31": "44477.00000", "2012-09-30": "43792.00000", "2012-06-30": "41188.00000", "2012-03-31": "42634.00000", "2011-12-31": "42783.00000", "2011-09-30": "41683.00000", "2011-06-30": "39526.00000", "2011-03-31": "39592.00000", "2010-12-31": "37621.00000", "2010-09-30": "37276.00000", "2010-06-30": "36477.00000", "2010-03-31": "36465.00000", "2009-12-31": "35572.00000", "2009-09-30": "36805.00000", "2009-06-30": "37221.00000", "2009-03-31": "35776.00000", "2008-12-31": "34417.00000", "2008-09-30": "43807.00000", "2008-06-30": "43656.00000", "2008-03-31": "40669.00000", "2007-12-31": "42722.00000", "2007-09-30": "41861.00000", "2007-06-30": "40350.00000", "2007-03-31": "38187.00000", "2006-12-31": "37753.00000", "2006-09-30": "36642.00000", "2006-06-30": "36524.00000", "2006-03-31": "33303.00000", "2005-12-31": "32798.00000", "2005-09-30": "32774.00000", "2005-06-30": "21641.00000", "2005-03-31": "20314.00000"}}, "cash flow statement": {"Net Income/Loss": {"2020-12-31": "0.00000", "2019-12-31": "2784.00000", "2018-12-31": "3353.00000", "2017-12-31": "4156.00000", "2016-12-31": "2417.00000", "2015-12-31": "4101.00000", "2014-12-31": "3711.00000", "2013-12-31": "2728.00000", "2012-12-31": "2080.00000", "2011-12-31": "2089.00000", "2010-12-31": "324.00000", "2009-12-31": "-1982.00000", "2008-12-31": "-1131.00000", "2007-12-31": "5234.00000", "2006-12-31": "5463.00000", "2005-12-31": "3590.00000"}, "Total Depreciation And Amortization - Cash Flow": {"2020-12-31": "", "2019-12-31": "2255.00000", "2018-12-31": "2069.00000", "2017-12-31": "1986.00000", "2016-12-31": "1894.00000", "2015-12-31": "1842.00000", "2014-12-31": "1690.00000", "2013-12-31": "1720.00000", "2012-12-31": "1574.00000", "2011-12-31": "1534.00000", "2010-12-31": "1473.00000", "2009-12-31": "1527.00000", "2008-12-31": "5545.00000", "2007-12-31": "1376.00000", "2006-12-31": "1155.00000", "2005-12-31": "840.00000"}, "Other Non-Cash Items": {"2020-12-31": "", "2019-12-31": "234.00000", "2018-12-31": "203.00000", "2017-12-31": "-2543.00000", "2016-12-31": "-461.00000", "2015-12-31": "955.00000", "2014-12-31": "508.00000", "2013-12-31": "176.00000", "2012-12-31": "2035.00000", "2011-12-31": "531.00000", "2010-12-31": "1236.00000", "2009-12-31": "2198.00000", "2008-12-31": "456.00000", "2007-12-31": "-868.00000", "2006-12-31": "101.00000", "2005-12-31": "311.00000"}, "Total Non-Cash Items": {"2020-12-31": "", "2019-12-31": "2489.00000", "2018-12-31": "2272.00000", "2017-12-31": "-557.00000", "2016-12-31": "1433.00000", "2015-12-31": "2797.00000", "2014-12-31": "2198.00000", "2013-12-31": "1896.00000", "2012-12-31": "3609.00000", "2011-12-31": "2065.00000", "2010-12-31": "2709.00000", "2009-12-31": "3725.00000", "2008-12-31": "6001.00000", "2007-12-31": "508.00000", "2006-12-31": "1256.00000", "2005-12-31": "1151.00000"}, "Change In Accounts Receivable": {"2020-12-31": "", "2019-12-31": "-1468.00000", "2018-12-31": "-457.00000", "2017-12-31": "-870.00000", "2016-12-31": "", "2015-12-31": "", "2014-12-31": "2753.00000", "2013-12-31": "", "2012-12-31": "", "2011-12-31": "", "2010-12-31": "", "2009-12-31": "", "2008-12-31": "", "2007-12-31": "", "2006-12-31": "", "2005-12-31": ""}, "Change In Inventories": {"2020-12-31": "", "2019-12-31": "-385.00000", "2018-12-31": "-197.00000", "2017-12-31": "-516.00000", "2016-12-31": "", "2015-12-31": "", "2014-12-31": "-1014.00000", "2013-12-31": "", "2012-12-31": "", "2011-12-31": "", "2010-12-31": "", "2009-12-31": "", "2008-12-31": "", "2007-12-31": "", "2006-12-31": "", "2005-12-31": ""}, "Change In Accounts Payable": {"2020-12-31": "", "2019-12-31": "1534.00000", "2018-12-31": "304.00000", "2017-12-31": "1842.00000", "2016-12-31": "", "2015-12-31": "", "2014-12-31": "-3149.00000", "2013-12-31": "", "2012-12-31": "", "2011-12-31": "", "2010-12-31": "", "2009-12-31": "", "2008-12-31": "", "2007-12-31": "", "2006-12-31": "", "2005-12-31": ""}, "Change In Assets/Liabilities": {"2020-12-31": "", "2019-12-31": "391.00000", "2018-12-31": "-34.00000", "2017-12-31": "745.00000", "2016-12-31": "970.00000", "2015-12-31": "-1287.00000", "2014-12-31": "110.00000", "2013-12-31": "940.00000", "2012-12-31": "-419.00000", "2011-12-31": "-116.00000", "2010-12-31": "12.00000", "2009-12-31": "80.00000", "2008-12-31": "-1775.00000", "2007-12-31": "-484.00000", "2006-12-31": "-407.00000", "2005-12-31": "1109.00000"}, "Total Change In Assets/Liabilities": {"2020-12-31": "", "2019-12-31": "258.00000", "2018-12-31": "-1254.00000", "2017-12-31": "1883.00000", "2016-12-31": "970.00000", "2015-12-31": "-1287.00000", "2014-12-31": "-1668.00000", "2013-12-31": "940.00000", "2012-12-31": "-419.00000", "2011-12-31": "-116.00000", "2010-12-31": "12.00000", "2009-12-31": "80.00000", "2008-12-31": "-1775.00000", "2007-12-31": "-484.00000", "2006-12-31": "-407.00000", "2005-12-31": "1109.00000"}, "Cash Flow From Operating Activities": {"2020-12-31": "", "2019-12-31": "5531.00000", "2018-12-31": "4371.00000", "2017-12-31": "5482.00000", "2016-12-31": "4820.00000", "2015-12-31": "5611.00000", "2014-12-31": "4241.00000", "2013-12-31": "5564.00000", "2012-12-31": "5270.00000", "2011-12-31": "4038.00000", "2010-12-31": "3045.00000", "2009-12-31": "1823.00000", "2008-12-31": "3095.00000", "2007-12-31": "5258.00000", "2006-12-31": "6312.00000", "2005-12-31": "5850.00000"}, "Net Change In Property, Plant, And Equipment": {"2020-12-31": "", "2019-12-31": "-2756.00000", "2018-12-31": "-2640.00000", "2017-12-31": "-1898.00000", "2016-12-31": "-1278.00000", "2015-12-31": "-1618.00000", "2014-12-31": "-2153.00000", "2013-12-31": "-2121.00000", "2012-12-31": "-2931.00000", "2011-12-31": "-2355.00000", "2010-12-31": "-1730.00000", "2009-12-31": "-2306.00000", "2008-12-31": "-2893.00000", "2007-12-31": "-2197.00000", "2006-12-31": "-3123.00000", "2005-12-31": "-2103.00000"}, "Net Change In Intangible Assets": {"2020-12-31": "", "2019-12-31": "", "2018-12-31": "", "2017-12-31": "", "2016-12-31": "", "2015-12-31": "", "2014-12-31": "", "2013-12-31": "", "2012-12-31": "", "2011-12-31": "", "2010-12-31": "", "2009-12-31": "", "2008-12-31": "", "2007-12-31": "", "2006-12-31": "", "2005-12-31": ""}, "Net Acquisitions/Divestitures": {"2020-12-31": "", "2019-12-31": "-75.00000", "2018-12-31": "-1088.00000", "2017-12-31": "-72.00000", "2016-12-31": "", "2015-12-31": "", "2014-12-31": "", "2013-12-31": "", "2012-12-31": "160.00000", "2011-12-31": "-2238.00000", "2010-12-31": "507.00000", "2009-12-31": "-606.00000", "2008-12-31": "319.00000", "2007-12-31": "2353.00000", "2006-12-31": "-101.00000", "2005-12-31": "-2383.00000"}, "Net Change In Short-term Investments": {"2020-12-31": "", "2019-12-31": "", "2018-12-31": "", "2017-12-31": "", "2016-12-31": "", "2015-12-31": "", "2014-12-31": "", "2013-12-31": "", "2012-12-31": "", "2011-12-31": "", "2010-12-31": "", "2009-12-31": "", "2008-12-31": "", "2007-12-31": "", "2006-12-31": "", "2005-12-31": ""}, "Net Change In Long-Term Investments": {"2020-12-31": "", "2019-12-31": "-164.00000", "2018-12-31": "-181.00000", "2017-12-31": "-406.00000", "2016-12-31": "-4.00000", "2015-12-31": "-141.00000", "2014-12-31": "-14.00000", "2013-12-31": "-76.00000", "2012-12-31": "", "2011-12-31": "", "2010-12-31": "330.00000", "2009-12-31": "", "2008-12-31": "", "2007-12-31": "", "2006-12-31": "880.00000", "2005-12-31": "78.00000"}, "Net Change In Investments - Total": {"2020-12-31": "", "2019-12-31": "-164.00000", "2018-12-31": "-181.00000", "2017-12-31": "-406.00000", "2016-12-31": "-4.00000", "2015-12-31": "-141.00000", "2014-12-31": "-14.00000", "2013-12-31": "-76.00000", "2012-12-31": "", "2011-12-31": "", "2010-12-31": "330.00000", "2009-12-31": "", "2008-12-31": "", "2007-12-31": "", "2006-12-31": "880.00000", "2005-12-31": "78.00000"}, "Investing Activities - Other": {"2020-12-31": "", "2019-12-31": "-6.00000", "2018-12-31": "-19.00000", "2017-12-31": "-6.00000", "2016-12-31": "-724.00000", "2015-12-31": "-728.00000", "2014-12-31": "-677.00000", "2013-12-31": "-615.00000", "2012-12-31": "-580.00000", "2011-12-31": "-705.00000", "2010-12-31": "-512.00000", "2009-12-31": "-380.00000", "2008-12-31": "-391.00000", "2007-12-31": "-738.00000", "2006-12-31": "-627.00000", "2005-12-31": "-492.00000"}, "Cash Flow From Investing Activities": {"2020-12-31": "", "2019-12-31": "-3001.00000", "2018-12-31": "-3928.00000", "2017-12-31": "-2382.00000", "2016-12-31": "-2006.00000", "2015-12-31": "-2487.00000", "2014-12-31": "-2844.00000", "2013-12-31": "-2812.00000", "2012-12-31": "-3351.00000", "2011-12-31": "-5298.00000", "2010-12-31": "-1405.00000", "2009-12-31": "-3292.00000", "2008-12-31": "-2965.00000", "2007-12-31": "-582.00000", "2006-12-31": "-2971.00000", "2005-12-31": "-4900.00000"}, "Net Long-Term Debt": {"2020-12-31": "", "2019-12-31": "320.00000", "2018-12-31": "8.00000", "2017-12-31": "359.00000", "2016-12-31": "678.00000", "2015-12-31": "933.00000", "2014-12-31": "-176.00000", "2013-12-31": "-486.00000", "2012-12-31": "-712.00000", "2011-12-31": "-628.00000", "2010-12-31": "1027.00000", "2009-12-31": "713.00000", "2008-12-31": "-374.00000", "2007-12-31": "1782.00000", "2006-12-31": "-249.00000", "2005-12-31": "-874.00000"}, "Net Current Debt": {"2020-12-31": "", "2019-12-31": "", "2018-12-31": "", "2017-12-31": "", "2016-12-31": "", "2015-12-31": "", "2014-12-31": "", "2013-12-31": "1017.00000", "2012-12-31": "", "2011-12-31": "", "2010-12-31": "", "2009-12-31": "", "2008-12-31": "", "2007-12-31": "", "2006-12-31": "", "2005-12-31": ""}, "Debt Issuance/Retirement Net - Total": {"2020-12-31": "", "2019-12-31": "320.00000", "2018-12-31": "8.00000", "2017-12-31": "359.00000", "2016-12-31": "678.00000", "2015-12-31": "933.00000", "2014-12-31": "-176.00000", "2013-12-31": "531.00000", "2012-12-31": "-712.00000", "2011-12-31": "-628.00000", "2010-12-31": "1027.00000", "2009-12-31": "713.00000", "2008-12-31": "-374.00000", "2007-12-31": "1782.00000", "2006-12-31": "-249.00000", "2005-12-31": "-874.00000"}, "Net Common Equity Issued/Repurchased": {"2020-12-31": "", "2019-12-31": "-777.00000", "2018-12-31": "-1708.00000", "2017-12-31": "-1372.00000", "2016-12-31": "-1336.00000", "2015-12-31": "-2615.00000", "2014-12-31": "-1249.00000", "2013-12-31": "-500.00000", "2012-12-31": "-222.00000", "2011-12-31": "-300.00000", "2010-12-31": "7.00000", "2009-12-31": "806.00000", "2008-12-31": "-939.00000", "2007-12-31": "-5629.00000", "2006-12-31": "-1898.00000", "2005-12-31": "-389.00000"}, "Net Total Equity Issued/Repurchased": {"2020-12-31": "", "2019-12-31": "-777.00000", "2018-12-31": "-1708.00000", "2017-12-31": "-1372.00000", "2016-12-31": "-1336.00000", "2015-12-31": "-2615.00000", "2014-12-31": "-1249.00000", "2013-12-31": "-500.00000", "2012-12-31": "-222.00000", "2011-12-31": "-300.00000", "2010-12-31": "7.00000", "2009-12-31": "806.00000", "2008-12-31": "-939.00000", "2007-12-31": "-5629.00000", "2006-12-31": "-1898.00000", "2005-12-31": "-389.00000"}, "Total Common And Preferred Stock Dividends Paid": {"2020-12-31": "", "2019-12-31": "-1562.00000", "2018-12-31": "-1485.00000", "2017-12-31": "-1309.00000", "2016-12-31": "-1176.00000", "2015-12-31": "-893.00000", "2014-12-31": "-554.00000", "2013-12-31": "-462.00000", "2012-12-31": "-360.00000", "2011-12-31": "-169.00000", "2010-12-31": "-114.00000", "2009-12-31": "-324.00000", "2008-12-31": "-299.00000", "2007-12-31": "-271.00000", "2006-12-31": "-184.00000", "2005-12-31": "-106.00000"}, "Financial Activities - Other": {"2020-12-31": "", "2019-12-31": "-978.00000", "2018-12-31": "17.00000", "2017-12-31": "50.00000", "2016-12-31": "-178.00000", "2015-12-31": "30.00000", "2014-12-31": "49.00000", "2013-12-31": "268.00000", "2012-12-31": "61.00000", "2011-12-31": "31.00000", "2010-12-31": "-104.00000", "2009-12-31": "94.00000", "2008-12-31": "5.00000", "2007-12-31": "287.00000", "2006-12-31": "143.00000", "2005-12-31": "-13.00000"}, "Cash Flow From Financial Activities": {"2020-12-31": "", "2019-12-31": "-2997.00000", "2018-12-31": "-3168.00000", "2017-12-31": "-2272.00000", "2016-12-31": "-2012.00000", "2015-12-31": "-2545.00000", "2014-12-31": "-1930.00000", "2013-12-31": "-163.00000", "2012-12-31": "-1233.00000", "2011-12-31": "-1066.00000", "2010-12-31": "816.00000", "2009-12-31": "1289.00000", "2008-12-31": "-1607.00000", "2007-12-31": "-3831.00000", "2006-12-31": "-2188.00000", "2005-12-31": "-1382.00000"}, "Net Cash Flow": {"2020-12-31": "", "2019-12-31": "-399.00000", "2018-12-31": "-2868.00000", "2017-12-31": "1034.00000", "2016-12-31": "702.00000", "2015-12-31": "425.00000", "2014-12-31": "-603.00000", "2013-12-31": "2569.00000", "2012-12-31": "699.00000", "2011-12-31": "-2310.00000", "2010-12-31": "2509.00000", "2009-12-31": "-115.00000", "2008-12-31": "-1524.00000", "2007-12-31": "874.00000", "2006-12-31": "1154.00000", "2005-12-31": "-428.00000"}, "Stock-Based Compensation": {"2020-12-31": "", "2019-12-31": "", "2018-12-31": "", "2017-12-31": "", "2016-12-31": "", "2015-12-31": "", "2014-12-31": "", "2013-12-31": "", "2012-12-31": "58.00000", "2011-12-31": "58.00000", "2010-12-31": "54.00000", "2009-12-31": "66.00000", "2008-12-31": "59.00000", "2007-12-31": "100.00000", "2006-12-31": "108.00000", "2005-12-31": "80.00000"}, "Common Stock Dividends Paid": {"2020-12-31": "", "2019-12-31": "-1562.00000", "2018-12-31": "-1485.00000", "2017-12-31": "-1309.00000", "2016-12-31": "-1176.00000", "2015-12-31": "-893.00000", "2014-12-31": "-554.00000", "2013-12-31": "-462.00000", "2012-12-31": "-360.00000", "2011-12-31": "-169.00000", "2010-12-31": "-114.00000", "2009-12-31": "-324.00000", "2008-12-31": "-299.00000", "2007-12-31": "-271.00000", "2006-12-31": "-184.00000", "2005-12-31": "-106.00000"}}, "cash flow statement, quarterly": {"Net Income/Loss": {"2020-12-31": 798, "2020-09-30": -379, "2020-06-30": 1335, "2020-03-31": "-1754.00000", "2019-12-31": 1330, "2019-09-30": 639, "2019-06-30": 648, "2019-03-31": "167.00000", "2018-12-31": 1022, "2018-09-30": 874, "2018-06-30": 875, "2018-03-31": "582.00000", "2017-12-31": 2400, "2017-09-30": 863, "2017-06-30": 572, "2017-03-31": "321.00000", "2016-12-31": 416, "2016-09-30": 645, "2016-06-30": 843, "2016-03-31": "513.00000", "2015-12-31": 395, "2015-09-30": 1373, "2015-06-30": 1365, "2015-03-31": "968.00000", "2014-12-31": 1220, "2014-09-30": 1062, "2014-06-30": 593, "2014-03-31": "836.00000", "2013-12-31": 1287, "2013-09-30": 324, "2013-06-30": 465, "2013-03-31": "652.00000", "2012-12-31": 1009, "2012-09-30": 673, "2012-06-30": 830, "2012-03-31": "-432.00000", "2011-12-31": 45, "2011-09-30": 1203, "2011-06-30": 743, "2011-03-31": "98.00000", "2010-12-31": -438, "2010-09-30": 292, "2010-06-30": 583, "2010-03-31": "-113.00000", "2009-12-31": -1408, "2009-09-30": -629, "2009-06-30": -254, "2009-03-31": "309.00000", "2008-12-31": -3278, "2008-09-30": 1152, "2008-06-30": 734, "2008-03-31": "261.00000", "2007-12-31": 567, "2007-09-30": 1274, "2007-06-30": 2249, "2007-03-31": "1144.00000", "2006-12-31": 1114, "2006-09-30": 1603, "2006-06-30": 1897, "2006-03-31": "849.00000", "2005-12-31": 1347, "2005-09-30": 862, "2005-06-30": 847, "2005-03-31": "534.00000"}, "Total Depreciation And Amortization - Cash Flow": {"2020-12-31": -1774, "2020-09-30": 614, "2020-06-30": 578, "2020-03-31": "582.00000", "2019-12-31": 571, "2019-09-30": 567, "2019-06-30": 566, "2019-03-31": "551.00000", "2018-12-31": 531, "2018-09-30": 517, "2018-06-30": 523, "2018-03-31": "498.00000", "2017-12-31": 490, "2017-09-30": 497, "2017-06-30": 499, "2017-03-31": "500.00000", "2016-12-31": 468, "2016-09-30": 470, "2016-06-30": 471, "2016-03-31": "485.00000", "2015-12-31": 494, "2015-09-30": 482, "2015-06-30": 425, "2015-03-31": "441.00000", "2014-12-31": 425, "2014-09-30": 430, "2014-06-30": 414, "2014-03-31": "421.00000", "2013-12-31": 437, "2013-09-30": 448, "2013-06-30": 405, "2013-03-31": "430.00000", "2012-12-31": 402, "2012-09-30": 402, "2012-06-30": 386, "2012-03-31": "384.00000", "2011-12-31": 393, "2011-09-30": 390, "2011-06-30": 386, "2011-03-31": "365.00000", "2010-12-31": 377, "2010-09-30": 372, "2010-06-30": 367, "2010-03-31": "357.00000", "2009-12-31": 371, "2009-09-30": 389, "2009-06-30": 389, "2009-03-31": "378.00000", "2008-12-31": 4439, "2008-09-30": 370, "2008-06-30": 369, "2008-03-31": "367.00000", "2007-12-31": 357, "2007-09-30": 344, "2007-06-30": 341, "2007-03-31": "334.00000", "2006-12-31": 308, "2006-09-30": 294, "2006-06-30": 293, "2006-03-31": "260.00000", "2005-12-31": 252, "2005-09-30": 219, "2005-06-30": 190, "2005-03-31": "179.00000"}, "Other Non-Cash Items": {"2020-12-31": -158, "2020-09-30": -359, "2020-06-30": -1863, "2020-03-31": "2380.00000", "2019-12-31": 215, "2019-09-30": 31, "2019-06-30": 10, "2019-03-31": "-22.00000", "2018-12-31": 265, "2018-09-30": -38, "2018-06-30": -26, "2018-03-31": "2.00000", "2017-12-31": -2623, "2017-09-30": 56, "2017-06-30": 28, "2017-03-31": "-4.00000", "2016-12-31": 37, "2016-09-30": -2, "2016-06-30": -324, "2016-03-31": "-172.00000", "2015-12-31": 878, "2015-09-30": 159, "2015-06-30": -21, "2015-03-31": "-61.00000", "2014-12-31": 254, "2014-09-30": 118, "2014-06-30": 48, "2014-03-31": "88.00000", "2013-12-31": -312, "2013-09-30": 147, "2013-06-30": 168, "2013-03-31": "173.00000", "2012-12-31": 456, "2012-09-30": 457, "2012-06-30": 433, "2012-03-31": "689.00000", "2011-12-31": 84, "2011-09-30": 237, "2011-06-30": 235, "2011-03-31": "-25.00000", "2010-12-31": 1001, "2010-09-30": 216, "2010-06-30": -9, "2010-03-31": "28.00000", "2009-12-31": 1864, "2009-09-30": 262, "2009-06-30": -147, "2009-03-31": "219.00000", "2008-12-31": 422, "2008-09-30": 103, "2008-06-30": -89, "2008-03-31": "20.00000", "2007-12-31": -24, "2007-09-30": -1043, "2007-06-30": 125, "2007-03-31": "74.00000", "2006-12-31": -12, "2006-09-30": -55, "2006-06-30": 25, "2006-03-31": "143.00000", "2005-12-31": 217, "2005-09-30": -123, "2005-06-30": 101, "2005-03-31": "116.00000"}, "Total Non-Cash Items": {"2020-12-31": -1932, "2020-09-30": 255, "2020-06-30": -1285, "2020-03-31": "2962.00000", "2019-12-31": 786, "2019-09-30": 598, "2019-06-30": 576, "2019-03-31": "529.00000", "2018-12-31": 796, "2018-09-30": 479, "2018-06-30": 497, "2018-03-31": "500.00000", "2017-12-31": -2133, "2017-09-30": 553, "2017-06-30": 527, "2017-03-31": "496.00000", "2016-12-31": 505, "2016-09-30": 468, "2016-06-30": 147, "2016-03-31": "313.00000", "2015-12-31": 1372, "2015-09-30": 641, "2015-06-30": 404, "2015-03-31": "380.00000", "2014-12-31": 679, "2014-09-30": 548, "2014-06-30": 462, "2014-03-31": "509.00000", "2013-12-31": 125, "2013-09-30": 595, "2013-06-30": 573, "2013-03-31": "603.00000", "2012-12-31": 858, "2012-09-30": 859, "2012-06-30": 819, "2012-03-31": "1073.00000", "2011-12-31": 477, "2011-09-30": 627, "2011-06-30": 621, "2011-03-31": "340.00000", "2010-12-31": 1378, "2010-09-30": 588, "2010-06-30": 358, "2010-03-31": "385.00000", "2009-12-31": 2235, "2009-09-30": 651, "2009-06-30": 242, "2009-03-31": "597.00000", "2008-12-31": 4861, "2008-09-30": 473, "2008-06-30": 280, "2008-03-31": "387.00000", "2007-12-31": 333, "2007-09-30": -699, "2007-06-30": 466, "2007-03-31": "408.00000", "2006-12-31": 296, "2006-09-30": 239, "2006-06-30": 318, "2006-03-31": "403.00000", "2005-12-31": 469, "2005-09-30": 96, "2005-06-30": 291, "2005-03-31": "295.00000"}, "Change In Accounts Receivable": {"2020-12-31": -3229, "2020-09-30": -1387, "2020-06-30": 1219, "2020-03-31": "3397.00000", "2019-12-31": -1227, "2019-09-30": 1423, "2019-06-30": -769, "2019-03-31": "-895.00000", "2018-12-31": -457, "2018-09-30": 0, "2018-06-30": 0, "2018-03-31": "", "2017-12-31": -870, "2017-09-30": 0, "2017-06-30": 0, "2017-03-31": "", "2016-12-31": 0, "2016-09-30": 0, "2016-06-30": 0, "2016-03-31": "", "2015-12-31": -1093, "2015-09-30": 1016, "2015-06-30": 77, "2015-03-31": "", "2014-12-31": 2250, "2014-09-30": 503, "2014-06-30": 0, "2014-03-31": "", "2013-12-31": 1135, "2013-09-30": -1547, "2013-06-30": 412, "2013-03-31": "", "2012-12-31": -1133, "2012-09-30": -794, "2012-06-30": 768, "2012-03-31": "1159.00000", "2011-12-31": 0, "2011-09-30": 1422, "2011-06-30": -1422, "2011-03-31": "", "2010-12-31": 0, "2010-09-30": 0, "2010-06-30": 0, "2010-03-31": "", "2009-12-31": 0, "2009-09-30": 0, "2009-06-30": 0, "2009-03-31": "", "2008-12-31": 0, "2008-09-30": 0, "2008-06-30": 0, "2008-03-31": "", "2007-12-31": 0, "2007-09-30": 0, "2007-06-30": 0, "2007-03-31": "", "2006-12-31": 0, "2006-09-30": 0, "2006-06-30": 0, "2006-03-31": "", "2005-12-31": 0, "2005-09-30": 0, "2005-06-30": 0, "2005-03-31": ""}, "Change In Inventories": {"2020-12-31": -1577, "2020-09-30": 441, "2020-06-30": 509, "2020-03-31": "627.00000", "2019-12-31": -511, "2019-09-30": -152, "2019-06-30": 250, "2019-03-31": "28.00000", "2018-12-31": -197, "2018-09-30": 0, "2018-06-30": 0, "2018-03-31": "", "2017-12-31": -516, "2017-09-30": 0, "2017-06-30": 0, "2017-03-31": "", "2016-12-31": 0, "2016-09-30": 0, "2016-06-30": 0, "2016-03-31": "", "2015-12-31": 45, "2015-09-30": -26, "2015-06-30": -19, "2015-03-31": "", "2014-12-31": 150, "2014-09-30": -1164, "2014-06-30": 0, "2014-03-31": "", "2013-12-31": 1335, "2013-09-30": -511, "2013-06-30": -824, "2013-03-31": "", "2012-12-31": 116, "2012-09-30": -314, "2012-06-30": 669, "2012-03-31": "-471.00000", "2011-12-31": 0, "2011-09-30": -978, "2011-06-30": 978, "2011-03-31": "", "2010-12-31": 0, "2010-09-30": 0, "2010-06-30": 0, "2010-03-31": "", "2009-12-31": 0, "2009-09-30": 0, "2009-06-30": 0, "2009-03-31": "", "2008-12-31": 0, "2008-09-30": 0, "2008-06-30": 0, "2008-03-31": "", "2007-12-31": 0, "2007-09-30": 0, "2007-06-30": 0, "2007-03-31": "", "2006-12-31": 0, "2006-09-30": 0, "2006-06-30": 0, "2006-03-31": "", "2005-12-31": 0, "2005-09-30": 0, "2005-06-30": 0, "2005-03-31": ""}, "Change In Accounts Payable": {"2020-12-31": 4893, "2020-09-30": 553, "2020-06-30": -1224, "2020-03-31": "-4222.00000", "2019-12-31": 620, "2019-09-30": -641, "2019-06-30": 155, "2019-03-31": "1400.00000", "2018-12-31": 304, "2018-09-30": 0, "2018-06-30": 0, "2018-03-31": "", "2017-12-31": 1842, "2017-09-30": 0, "2017-06-30": 0, "2017-03-31": "", "2016-12-31": 0, "2016-09-30": 0, "2016-06-30": 0, "2016-03-31": "", "2015-12-31": 1007, "2015-09-30": -1582, "2015-06-30": 575, "2015-03-31": "", "2014-12-31": -3092, "2014-09-30": -57, "2014-06-30": 0, "2014-03-31": "", "2013-12-31": -2031, "2013-09-30": 1406, "2013-06-30": 625, "2013-03-31": "", "2012-12-31": 150, "2012-09-30": 1263, "2012-06-30": -1823, "2012-03-31": "410.00000", "2011-12-31": 0, "2011-09-30": -1147, "2011-06-30": 1147, "2011-03-31": "", "2010-12-31": 0, "2010-09-30": 0, "2010-06-30": 0, "2010-03-31": "", "2009-12-31": 0, "2009-09-30": 0, "2009-06-30": 0, "2009-03-31": "", "2008-12-31": 0, "2008-09-30": 0, "2008-06-30": 0, "2008-03-31": "", "2007-12-31": 0, "2007-09-30": 0, "2007-06-30": 0, "2007-03-31": "", "2006-12-31": 0, "2006-09-30": 0, "2006-06-30": 0, "2006-03-31": "", "2005-12-31": 0, "2005-09-30": 0, "2005-06-30": 0, "2005-03-31": ""}, "Change In Assets/Liabilities": {"2020-12-31": -20, "2020-09-30": 496, "2020-06-30": 111, "2020-03-31": "-587.00000", "2019-12-31": 508, "2019-09-30": -584, "2019-06-30": 400, "2019-03-31": "67.00000", "2018-12-31": 1080, "2018-09-30": -857, "2018-06-30": 687, "2018-03-31": "-944.00000", "2017-12-31": 255, "2017-09-30": -379, "2017-06-30": 698, "2017-03-31": "171.00000", "2016-12-31": 77, "2016-09-30": -250, "2016-06-30": 1329, "2016-03-31": "-186.00000", "2015-12-31": -1223, "2015-09-30": -101, "2015-06-30": -48, "2015-03-31": "85.00000", "2014-12-31": 66, "2014-09-30": 1066, "2014-06-30": 79, "2014-03-31": "-1101.00000", "2013-12-31": 878, "2013-09-30": -17, "2013-06-30": -215, "2013-03-31": "294.00000", "2012-12-31": -328, "2012-09-30": -55, "2012-06-30": -42, "2012-03-31": "6.00000", "2011-12-31": -812, "2011-09-30": 694, "2011-06-30": -1618, "2011-03-31": "1620.00000", "2010-12-31": -517, "2010-09-30": -28, "2010-06-30": -153, "2010-03-31": "710.00000", "2009-12-31": -944, "2009-09-30": 511, "2009-06-30": 638, "2009-03-31": "-125.00000", "2008-12-31": -2008, "2008-09-30": 93, "2008-06-30": 160, "2008-03-31": "-20.00000", "2007-12-31": 352, "2007-09-30": -920, "2007-06-30": -250, "2007-03-31": "334.00000", "2006-12-31": -194, "2006-09-30": -569, "2006-06-30": -132, "2006-03-31": "488.00000", "2005-12-31": 151, "2005-09-30": 1146, "2005-06-30": -163, "2005-03-31": "-25.00000"}, "Total Change In Assets/Liabilities": {"2020-12-31": 282, "2020-09-30": 289, "2020-06-30": 686, "2020-03-31": "-1257.00000", "2019-12-31": -408, "2019-09-30": 192, "2019-06-30": 293, "2019-03-31": "181.00000", "2018-12-31": -140, "2018-09-30": -857, "2018-06-30": 687, "2018-03-31": "-944.00000", "2017-12-31": 1393, "2017-09-30": -379, "2017-06-30": 698, "2017-03-31": "171.00000", "2016-12-31": 77, "2016-09-30": -250, "2016-06-30": 1329, "2016-03-31": "-186.00000", "2015-12-31": -1280, "2015-09-30": -652, "2015-06-30": 560, "2015-03-31": "85.00000", "2014-12-31": -902, "2014-09-30": 256, "2014-06-30": 79, "2014-03-31": "-1101.00000", "2013-12-31": 1117, "2013-09-30": -698, "2013-06-30": 227, "2013-03-31": "294.00000", "2012-12-31": -1544, "2012-09-30": 581, "2012-06-30": -359, "2012-03-31": "903.00000", "2011-12-31": -812, "2011-09-30": -456, "2011-06-30": -468, "2011-03-31": "1620.00000", "2010-12-31": -517, "2010-09-30": -28, "2010-06-30": -153, "2010-03-31": "710.00000", "2009-12-31": -944, "2009-09-30": 511, "2009-06-30": 638, "2009-03-31": "-125.00000", "2008-12-31": -2008, "2008-09-30": 93, "2008-06-30": 160, "2008-03-31": "-20.00000", "2007-12-31": 352, "2007-09-30": -920, "2007-06-30": -250, "2007-03-31": "334.00000", "2006-12-31": -194, "2006-09-30": -569, "2006-06-30": -132, "2006-03-31": "488.00000", "2005-12-31": 151, "2005-09-30": 1146, "2005-06-30": -163, "2005-03-31": "-25.00000"}, "Cash Flow From Operating Activities": {"2020-12-31": -852, "2020-09-30": 165, "2020-06-30": 736, "2020-03-31": "-49.00000", "2019-12-31": 1708, "2019-09-30": 1429, "2019-06-30": 1517, "2019-03-31": "877.00000", "2018-12-31": 1678, "2018-09-30": 496, "2018-06-30": 2059, "2018-03-31": "138.00000", "2017-12-31": 1660, "2017-09-30": 1037, "2017-06-30": 1797, "2017-03-31": "988.00000", "2016-12-31": 998, "2016-09-30": 863, "2016-06-30": 2319, "2016-03-31": "640.00000", "2015-12-31": 487, "2015-09-30": 1362, "2015-06-30": 2329, "2015-03-31": "1433.00000", "2014-12-31": 997, "2014-09-30": 1866, "2014-06-30": 1134, "2014-03-31": "244.00000", "2013-12-31": 2529, "2013-09-30": 221, "2013-06-30": 1265, "2013-03-31": "1549.00000", "2012-12-31": 323, "2012-09-30": 2113, "2012-06-30": 1290, "2012-03-31": "1544.00000", "2011-12-31": -290, "2011-09-30": 1374, "2011-06-30": 896, "2011-03-31": "2058.00000", "2010-12-31": 423, "2010-09-30": 852, "2010-06-30": 788, "2010-03-31": "982.00000", "2009-12-31": -117, "2009-09-30": 533, "2009-06-30": 626, "2009-03-31": "781.00000", "2008-12-31": -425, "2008-09-30": 1718, "2008-06-30": 1174, "2008-03-31": "628.00000", "2007-12-31": 1252, "2007-09-30": -345, "2007-06-30": 2465, "2007-03-31": "1886.00000", "2006-12-31": 1216, "2006-09-30": 1273, "2006-06-30": 2083, "2006-03-31": "1740.00000", "2005-12-31": 1967, "2005-09-30": 2104, "2005-06-30": 975, "2005-03-31": "804.00000"}, "Net Change In Property, Plant, And Equipment": {"2020-12-31": 1282, "2020-09-30": 30, "2020-06-30": -873, "2020-03-31": "-439.00000", "2019-12-31": -1347, "2019-09-30": 35, "2019-06-30": -981, "2019-03-31": "-463.00000", "2018-12-31": -1383, "2018-09-30": -439, "2018-06-30": -434, "2018-03-31": "-384.00000", "2017-12-31": -985, "2017-09-30": -341, "2017-06-30": -293, "2017-03-31": "-279.00000", "2016-12-31": -366, "2016-09-30": -302, "2016-06-30": -294, "2016-03-31": "-316.00000", "2015-12-31": -432, "2015-09-30": -358, "2015-06-30": -370, "2015-03-31": "-458.00000", "2014-12-31": -700, "2014-09-30": -499, "2014-06-30": -566, "2014-03-31": "-388.00000", "2013-12-31": -431, "2013-09-30": -479, "2013-06-30": -634, "2013-03-31": "-577.00000", "2012-12-31": -802, "2012-09-30": -709, "2012-06-30": -694, "2012-03-31": "-726.00000", "2011-12-31": -771, "2011-09-30": -615, "2011-06-30": -531, "2011-03-31": "-438.00000", "2010-12-31": -504, "2010-09-30": -441, "2010-06-30": -403, "2010-03-31": "-382.00000", "2009-12-31": -486, "2009-09-30": -469, "2009-06-30": -616, "2009-03-31": "-735.00000", "2008-12-31": -999, "2008-09-30": -716, "2008-06-30": -641, "2008-03-31": "-537.00000", "2007-12-31": -644, "2007-09-30": -511, "2007-06-30": -491, "2007-03-31": "-551.00000", "2006-12-31": -792, "2006-09-30": -743, "2006-06-30": -813, "2006-03-31": "-775.00000", "2005-12-31": -814, "2005-09-30": -513, "2005-06-30": -438, "2005-03-31": "-338.00000"}, "Net Change In Intangible Assets": {"2020-12-31": 0, "2020-09-30": 0, "2020-06-30": 0, "2020-03-31": "", "2019-12-31": 0, "2019-09-30": 0, "2019-06-30": 0, "2019-03-31": "", "2018-12-31": 0, "2018-09-30": 0, "2018-06-30": 0, "2018-03-31": "", "2017-12-31": 0, "2017-09-30": 0, "2017-06-30": 0, "2017-03-31": "", "2016-12-31": 0, "2016-09-30": 0, "2016-06-30": 0, "2016-03-31": "", "2015-12-31": 0, "2015-09-30": 0, "2015-06-30": 0, "2015-03-31": "", "2014-12-31": 0, "2014-09-30": 0, "2014-06-30": 0, "2014-03-31": "", "2013-12-31": 0, "2013-09-30": 0, "2013-06-30": 0, "2013-03-31": "", "2012-12-31": 0, "2012-09-30": 0, "2012-06-30": 0, "2012-03-31": "", "2011-12-31": 0, "2011-09-30": 0, "2011-06-30": 0, "2011-03-31": "", "2010-12-31": 0, "2010-09-30": 0, "2010-06-30": 0, "2010-03-31": "", "2009-12-31": 0, "2009-09-30": 0, "2009-06-30": 0, "2009-03-31": "", "2008-12-31": 0, "2008-09-30": 0, "2008-06-30": 0, "2008-03-31": "", "2007-12-31": 0, "2007-09-30": 0, "2007-06-30": 0, "2007-03-31": "", "2006-12-31": 0, "2006-09-30": 0, "2006-06-30": 0, "2006-03-31": "", "2005-12-31": 0, "2005-09-30": 0, "2005-06-30": 0, "2005-03-31": ""}, "Net Acquisitions/Divestitures": {"2020-12-31": 0, "2020-09-30": 0, "2020-06-30": 0, "2020-03-31": "", "2019-12-31": -10, "2019-09-30": -36, "2019-06-30": -29, "2019-03-31": "", "2018-12-31": -353, "2018-09-30": -28, "2018-06-30": -622, "2018-03-31": "-85.00000", "2017-12-31": 0, "2017-09-30": 0, "2017-06-30": 0, "2017-03-31": "-72.00000", "2016-12-31": 0, "2016-09-30": 0, "2016-06-30": 0, "2016-03-31": "", "2015-12-31": 0, "2015-09-30": 0, "2015-06-30": 0, "2015-03-31": "", "2014-12-31": 0, "2014-09-30": 0, "2014-06-30": 0, "2014-03-31": "", "2013-12-31": 0, "2013-09-30": 0, "2013-06-30": 0, "2013-03-31": "", "2012-12-31": 77, "2012-09-30": -11, "2012-06-30": -66, "2012-03-31": "160.00000", "2011-12-31": -526, "2011-09-30": -1638, "2011-06-30": -37, "2011-03-31": "-37.00000", "2010-12-31": 547, "2010-09-30": 0, "2010-06-30": 220, "2010-03-31": "-260.00000", "2009-12-31": -21, "2009-09-30": 0, "2009-06-30": -572, "2009-03-31": "-13.00000", "2008-12-31": 25, "2008-09-30": 359, "2008-06-30": 17, "2008-03-31": "-82.00000", "2007-12-31": -18, "2007-09-30": 2335, "2007-06-30": 79, "2007-03-31": "-43.00000", "2006-12-31": -355, "2006-09-30": 330, "2006-06-30": -26, "2006-03-31": "-50.00000", "2005-12-31": 0, "2005-09-30": -2343, "2005-06-30": 10, "2005-03-31": "-50.00000"}, "Net Change In Short-term Investments": {"2020-12-31": 0, "2020-09-30": 0, "2020-06-30": 0, "2020-03-31": "", "2019-12-31": 0, "2019-09-30": 0, "2019-06-30": 0, "2019-03-31": "", "2018-12-31": 0, "2018-09-30": 0, "2018-06-30": 0, "2018-03-31": "", "2017-12-31": 0, "2017-09-30": 0, "2017-06-30": 0, "2017-03-31": "", "2016-12-31": 0, "2016-09-30": 0, "2016-06-30": 0, "2016-03-31": "", "2015-12-31": 0, "2015-09-30": 0, "2015-06-30": 0, "2015-03-31": "", "2014-12-31": 0, "2014-09-30": 0, "2014-06-30": 0, "2014-03-31": "", "2013-12-31": 0, "2013-09-30": 0, "2013-06-30": 0, "2013-03-31": "", "2012-12-31": 0, "2012-09-30": 0, "2012-06-30": 0, "2012-03-31": "", "2011-12-31": 0, "2011-09-30": 0, "2011-06-30": 0, "2011-03-31": "", "2010-12-31": 0, "2010-09-30": 0, "2010-06-30": 0, "2010-03-31": "", "2009-12-31": 0, "2009-09-30": 0, "2009-06-30": 0, "2009-03-31": "", "2008-12-31": 0, "2008-09-30": 0, "2008-06-30": 0, "2008-03-31": "", "2007-12-31": 0, "2007-09-30": 0, "2007-06-30": 0, "2007-03-31": "", "2006-12-31": 0, "2006-09-30": 0, "2006-06-30": 0, "2006-03-31": "", "2005-12-31": 0, "2005-09-30": 0, "2005-06-30": 0, "2005-03-31": ""}, "Net Change In Long-Term Investments": {"2020-12-31": 39, "2020-09-30": -10, "2020-06-30": -10, "2020-03-31": "-19.00000", "2019-12-31": -42, "2019-09-30": -32, "2019-06-30": -27, "2019-03-31": "-63.00000", "2018-12-31": -57, "2018-09-30": -5, "2018-06-30": -64, "2018-03-31": "-55.00000", "2017-12-31": -33, "2017-09-30": -151, "2017-06-30": -105, "2017-03-31": "-117.00000", "2016-12-31": -4, "2016-09-30": 0, "2016-06-30": 2, "2016-03-31": "-2.00000", "2015-12-31": -141, "2015-09-30": 0, "2015-06-30": 0, "2015-03-31": "", "2014-12-31": -14, "2014-09-30": 0, "2014-06-30": 0, "2014-03-31": "", "2013-12-31": -76, "2013-09-30": 0, "2013-06-30": 0, "2013-03-31": "", "2012-12-31": 0, "2012-09-30": 0, "2012-06-30": 0, "2012-03-31": "", "2011-12-31": 0, "2011-09-30": 0, "2011-06-30": 0, "2011-03-31": "", "2010-12-31": 330, "2010-09-30": 0, "2010-06-30": 0, "2010-03-31": "", "2009-12-31": 0, "2009-09-30": 0, "2009-06-30": 0, "2009-03-31": "", "2008-12-31": -11, "2008-09-30": -1, "2008-06-30": 12, "2008-03-31": "", "2007-12-31": 212, "2007-09-30": 3, "2007-06-30": -215, "2007-03-31": "", "2006-12-31": 893, "2006-09-30": -3, "2006-06-30": -10, "2006-03-31": "", "2005-12-31": 107, "2005-09-30": -29, "2005-06-30": 0, "2005-03-31": ""}, "Net Change In Investments - Total": {"2020-12-31": 39, "2020-09-30": -10, "2020-06-30": -10, "2020-03-31": "-19.00000", "2019-12-31": -42, "2019-09-30": -32, "2019-06-30": -27, "2019-03-31": "-63.00000", "2018-12-31": -57, "2018-09-30": -5, "2018-06-30": -64, "2018-03-31": "-55.00000", "2017-12-31": -33, "2017-09-30": -151, "2017-06-30": -105, "2017-03-31": "-117.00000", "2016-12-31": -4, "2016-09-30": 0, "2016-06-30": 2, "2016-03-31": "-2.00000", "2015-12-31": -141, "2015-09-30": 0, "2015-06-30": 0, "2015-03-31": "", "2014-12-31": -14, "2014-09-30": 0, "2014-06-30": 0, "2014-03-31": "", "2013-12-31": -76, "2013-09-30": 0, "2013-06-30": 0, "2013-03-31": "", "2012-12-31": 0, "2012-09-30": 0, "2012-06-30": 0, "2012-03-31": "", "2011-12-31": 0, "2011-09-30": 0, "2011-06-30": 0, "2011-03-31": "", "2010-12-31": 330, "2010-09-30": 0, "2010-06-30": 0, "2010-03-31": "", "2009-12-31": 0, "2009-09-30": 0, "2009-06-30": 0, "2009-03-31": "", "2008-12-31": -11, "2008-09-30": -1, "2008-06-30": 12, "2008-03-31": "", "2007-12-31": 212, "2007-09-30": 3, "2007-06-30": -215, "2007-03-31": "", "2006-12-31": 893, "2006-09-30": -3, "2006-06-30": -10, "2006-03-31": "", "2005-12-31": 107, "2005-09-30": -29, "2005-06-30": 0, "2005-03-31": ""}, "Investing Activities - Other": {"2020-12-31": 531, "2020-09-30": -533, "2020-06-30": 301, "2020-03-31": "-299.00000", "2019-12-31": 588, "2019-09-30": -602, "2019-06-30": 229, "2019-03-31": "-221.00000", "2018-12-31": 633, "2018-09-30": -164, "2018-06-30": -260, "2018-03-31": "-228.00000", "2017-12-31": 376, "2017-09-30": -74, "2017-06-30": -62, "2017-03-31": "-246.00000", "2016-12-31": -252, "2016-09-30": -151, "2016-06-30": -158, "2016-03-31": "-163.00000", "2015-12-31": -235, "2015-09-30": -107, "2015-06-30": -131, "2015-03-31": "-255.00000", "2014-12-31": -144, "2014-09-30": -121, "2014-06-30": -242, "2014-03-31": "-170.00000", "2013-12-31": -32, "2013-09-30": -111, "2013-06-30": -189, "2013-03-31": "-283.00000", "2012-12-31": -213, "2012-09-30": -112, "2012-06-30": -107, "2012-03-31": "-148.00000", "2011-12-31": -180, "2011-09-30": -74, "2011-06-30": -143, "2011-03-31": "-308.00000", "2010-12-31": -117, "2010-09-30": -63, "2010-06-30": -118, "2010-03-31": "-214.00000", "2009-12-31": -102, "2009-09-30": -40, "2009-06-30": -77, "2009-03-31": "-161.00000", "2008-12-31": -128, "2008-09-30": -74, "2008-06-30": -92, "2008-03-31": "-97.00000", "2007-12-31": -400, "2007-09-30": -108, "2007-06-30": -101, "2007-03-31": "-129.00000", "2006-12-31": -205, "2006-09-30": -63, "2006-06-30": -171, "2006-03-31": "-188.00000", "2005-12-31": -224, "2005-09-30": -65, "2005-06-30": -62, "2005-03-31": "-141.00000"}, "Cash Flow From Investing Activities": {"2020-12-31": 1852, "2020-09-30": -513, "2020-06-30": -582, "2020-03-31": "-757.00000", "2019-12-31": -811, "2019-09-30": -635, "2019-06-30": -808, "2019-03-31": "-747.00000", "2018-12-31": -1160, "2018-09-30": -636, "2018-06-30": -1380, "2018-03-31": "-752.00000", "2017-12-31": -642, "2017-09-30": -566, "2017-06-30": -460, "2017-03-31": "-714.00000", "2016-12-31": -622, "2016-09-30": -453, "2016-06-30": -450, "2016-03-31": "-481.00000", "2015-12-31": -808, "2015-09-30": -465, "2015-06-30": -501, "2015-03-31": "-713.00000", "2014-12-31": -858, "2014-09-30": -620, "2014-06-30": -808, "2014-03-31": "-558.00000", "2013-12-31": -539, "2013-09-30": -590, "2013-06-30": -823, "2013-03-31": "-860.00000", "2012-12-31": -938, "2012-09-30": -832, "2012-06-30": -867, "2012-03-31": "-714.00000", "2011-12-31": -1477, "2011-09-30": -2327, "2011-06-30": -711, "2011-03-31": "-783.00000", "2010-12-31": 256, "2010-09-30": -504, "2010-06-30": -301, "2010-03-31": "-856.00000", "2009-12-31": -609, "2009-09-30": -509, "2009-06-30": -1265, "2009-03-31": "-909.00000", "2008-12-31": -1113, "2008-09-30": -432, "2008-06-30": -704, "2008-03-31": "-716.00000", "2007-12-31": -850, "2007-09-30": 1719, "2007-06-30": -728, "2007-03-31": "-723.00000", "2006-12-31": -459, "2006-09-30": -479, "2006-06-30": -1020, "2006-03-31": "-1013.00000", "2005-12-31": -931, "2005-09-30": -2950, "2005-06-30": -490, "2005-03-31": "-529.00000"}, "Net Long-Term Debt": {"2020-12-31": -4057, "2020-09-30": 2530, "2020-06-30": 1173, "2020-03-31": "354.00000", "2019-12-31": 86, "2019-09-30": 67, "2019-06-30": -841, "2019-03-31": "1008.00000", "2018-12-31": 31, "2018-09-30": 8, "2018-06-30": -114, "2018-03-31": "83.00000", "2017-12-31": 374, "2017-09-30": -4, "2017-06-30": -6, "2017-03-31": "-5.00000", "2016-12-31": -947, "2016-09-30": 1452, "2016-06-30": 176, "2016-03-31": "-3.00000", "2015-12-31": -4, "2015-09-30": -30, "2015-06-30": -76, "2015-03-31": "1043.00000", "2014-12-31": 24, "2014-09-30": 0, "2014-06-30": -200, "2014-03-31": "", "2013-12-31": -6, "2013-09-30": 0, "2013-06-30": -300, "2013-03-31": "-180.00000", "2012-12-31": -150, "2012-09-30": 0, "2012-06-30": -562, "2012-03-31": "", "2011-12-31": 90, "2011-09-30": 0, "2011-06-30": -208, "2011-03-31": "-510.00000", "2010-12-31": 300, "2010-09-30": 0, "2010-06-30": -223, "2010-03-31": "950.00000", "2009-12-31": -76, "2009-09-30": 0, "2009-06-30": -209, "2009-03-31": "998.00000", "2008-12-31": 0, "2008-09-30": 0, "2008-06-30": 0, "2008-03-31": "-374.00000", "2007-12-31": -50, "2007-09-30": 0, "2007-06-30": 2015, "2007-03-31": "-183.00000", "2006-12-31": 0, "2006-09-30": -28, "2006-06-30": -1, "2006-03-31": "-220.00000", "2005-12-31": -193, "2005-09-30": -202, "2005-06-30": -201, "2005-03-31": "-278.00000"}, "Net Current Debt": {"2020-12-31": 0, "2020-09-30": 0, "2020-06-30": 0, "2020-03-31": "", "2019-12-31": 0, "2019-09-30": 0, "2019-06-30": 0, "2019-03-31": "", "2018-12-31": 0, "2018-09-30": 0, "2018-06-30": 0, "2018-03-31": "", "2017-12-31": 0, "2017-09-30": 0, "2017-06-30": 0, "2017-03-31": "", "2016-12-31": 0, "2016-09-30": 0, "2016-06-30": 0, "2016-03-31": "", "2015-12-31": 0, "2015-09-30": 0, "2015-06-30": 0, "2015-03-31": "", "2014-12-31": 0, "2014-09-30": 0, "2014-06-30": 0, "2014-03-31": "", "2013-12-31": 467, "2013-09-30": 0, "2013-06-30": 550, "2013-03-31": "", "2012-12-31": 0, "2012-09-30": 0, "2012-06-30": 0, "2012-03-31": "", "2011-12-31": 0, "2011-09-30": 0, "2011-06-30": 0, "2011-03-31": "", "2010-12-31": 0, "2010-09-30": 0, "2010-06-30": 0, "2010-03-31": "", "2009-12-31": 0, "2009-09-30": 0, "2009-06-30": 0, "2009-03-31": "", "2008-12-31": 0, "2008-09-30": 0, "2008-06-30": 0, "2008-03-31": "", "2007-12-31": 0, "2007-09-30": 0, "2007-06-30": 0, "2007-03-31": "", "2006-12-31": -1, "2006-09-30": -61, "2006-06-30": 62, "2006-03-31": "", "2005-12-31": -800, "2005-09-30": 800, "2005-06-30": 0, "2005-03-31": ""}, "Debt Issuance/Retirement Net - Total": {"2020-12-31": -4057, "2020-09-30": 2530, "2020-06-30": 1173, "2020-03-31": "354.00000", "2019-12-31": 86, "2019-09-30": 67, "2019-06-30": -841, "2019-03-31": "1008.00000", "2018-12-31": 31, "2018-09-30": 8, "2018-06-30": -114, "2018-03-31": "83.00000", "2017-12-31": 374, "2017-09-30": -4, "2017-06-30": -6, "2017-03-31": "-5.00000", "2016-12-31": -947, "2016-09-30": 1452, "2016-06-30": 176, "2016-03-31": "-3.00000", "2015-12-31": -4, "2015-09-30": -30, "2015-06-30": -76, "2015-03-31": "1043.00000", "2014-12-31": 24, "2014-09-30": 0, "2014-06-30": -200, "2014-03-31": "", "2013-12-31": 461, "2013-09-30": 0, "2013-06-30": 250, "2013-03-31": "-180.00000", "2012-12-31": -150, "2012-09-30": 0, "2012-06-30": -562, "2012-03-31": "", "2011-12-31": 90, "2011-09-30": 0, "2011-06-30": -208, "2011-03-31": "-510.00000", "2010-12-31": 300, "2010-09-30": 0, "2010-06-30": -223, "2010-03-31": "950.00000", "2009-12-31": -76, "2009-09-30": 0, "2009-06-30": -209, "2009-03-31": "998.00000", "2008-12-31": 0, "2008-09-30": 0, "2008-06-30": 0, "2008-03-31": "-374.00000", "2007-12-31": -50, "2007-09-30": 0, "2007-06-30": 2015, "2007-03-31": "-183.00000", "2006-12-31": -1, "2006-09-30": -89, "2006-06-30": 61, "2006-03-31": "-220.00000", "2005-12-31": -993, "2005-09-30": 598, "2005-06-30": -201, "2005-03-31": "-278.00000"}, "Net Common Equity Issued/Repurchased": {"2020-12-31": 147, "2020-09-30": 0, "2020-06-30": 0, "2020-03-31": "-147.00000", "2019-12-31": -222, "2019-09-30": -307, "2019-06-30": -212, "2019-03-31": "-36.00000", "2018-12-31": -627, "2018-09-30": -434, "2018-06-30": -327, "2018-03-31": "-320.00000", "2017-12-31": -457, "2017-09-30": -291, "2017-06-30": -345, "2017-03-31": "-279.00000", "2016-12-31": -172, "2016-09-30": -499, "2016-06-30": -400, "2016-03-31": "-265.00000", "2015-12-31": -544, "2015-09-30": -1099, "2015-06-30": -662, "2015-03-31": "-310.00000", "2014-12-31": -487, "2014-09-30": -339, "2014-06-30": -221, "2014-03-31": "-202.00000", "2013-12-31": 43, "2013-09-30": -26, "2013-06-30": -251, "2013-03-31": "-266.00000", "2012-12-31": -110, "2012-09-30": 24, "2012-06-30": -39, "2012-03-31": "-97.00000", "2011-12-31": -72, "2011-09-30": -258, "2011-06-30": 9, "2011-03-31": "21.00000", "2010-12-31": -3, "2010-09-30": -1, "2010-06-30": 8, "2010-03-31": "3.00000", "2009-12-31": 0, "2009-09-30": 3, "2009-06-30": 802, "2009-03-31": "1.00000", "2008-12-31": -179, "2008-09-30": -71, "2008-06-30": -178, "2008-03-31": "-511.00000", "2007-12-31": -1008, "2007-09-30": -551, "2007-06-30": -3203, "2007-03-31": "-867.00000", "2006-12-31": -183, "2006-09-30": -593, "2006-06-30": -564, "2006-03-31": "-558.00000", "2005-12-31": -315, "2005-09-30": 69, "2005-06-30": 8, "2005-03-31": "-151.00000"}, "Net Total Equity Issued/Repurchased": {"2020-12-31": 147, "2020-09-30": 0, "2020-06-30": 0, "2020-03-31": "-147.00000", "2019-12-31": -222, "2019-09-30": -307, "2019-06-30": -212, "2019-03-31": "-36.00000", "2018-12-31": -627, "2018-09-30": -434, "2018-06-30": -327, "2018-03-31": "-320.00000", "2017-12-31": -457, "2017-09-30": -291, "2017-06-30": -345, "2017-03-31": "-279.00000", "2016-12-31": -172, "2016-09-30": -499, "2016-06-30": -400, "2016-03-31": "-265.00000", "2015-12-31": -544, "2015-09-30": -1099, "2015-06-30": -662, "2015-03-31": "-310.00000", "2014-12-31": -487, "2014-09-30": -339, "2014-06-30": -221, "2014-03-31": "-202.00000", "2013-12-31": 43, "2013-09-30": -26, "2013-06-30": -251, "2013-03-31": "-266.00000", "2012-12-31": -110, "2012-09-30": 24, "2012-06-30": -39, "2012-03-31": "-97.00000", "2011-12-31": -72, "2011-09-30": -258, "2011-06-30": 9, "2011-03-31": "21.00000", "2010-12-31": -3, "2010-09-30": -1, "2010-06-30": 8, "2010-03-31": "3.00000", "2009-12-31": 0, "2009-09-30": 3, "2009-06-30": 802, "2009-03-31": "1.00000", "2008-12-31": -179, "2008-09-30": -71, "2008-06-30": -178, "2008-03-31": "-511.00000", "2007-12-31": -1008, "2007-09-30": -551, "2007-06-30": -3203, "2007-03-31": "-867.00000", "2006-12-31": -183, "2006-09-30": -593, "2006-06-30": -564, "2006-03-31": "-558.00000", "2005-12-31": -315, "2005-09-30": 69, "2005-06-30": 8, "2005-03-31": "-151.00000"}, "Total Common And Preferred Stock Dividends Paid": {"2020-12-31": 1200, "2020-09-30": -399, "2020-06-30": -400, "2020-03-31": "-401.00000", "2019-12-31": -439, "2019-09-30": -372, "2019-06-30": -376, "2019-03-31": "-375.00000", "2018-12-31": -391, "2018-09-30": -354, "2018-06-30": -384, "2018-03-31": "-356.00000", "2017-12-31": -317, "2017-09-30": -320, "2017-06-30": -323, "2017-03-31": "-349.00000", "2016-12-31": -336, "2016-09-30": -276, "2016-06-30": -282, "2016-03-31": "-282.00000", "2015-12-31": -285, "2015-09-30": -199, "2015-06-30": -203, "2015-03-31": "-206.00000", "2014-12-31": -143, "2014-09-30": -145, "2014-06-30": -133, "2014-03-31": "-133.00000", "2013-12-31": -120, "2013-09-30": -122, "2013-06-30": -109, "2013-03-31": "-111.00000", "2012-12-31": -97, "2012-09-30": -97, "2012-06-30": -83, "2012-03-31": "-83.00000", "2011-12-31": -84, "2011-09-30": -28, "2011-06-30": -29, "2011-03-31": "-28.00000", "2010-12-31": -29, "2010-09-30": -28, "2010-06-30": -29, "2010-03-31": "-28.00000", "2009-12-31": -85, "2009-09-30": -84, "2009-06-30": -78, "2009-03-31": "-77.00000", "2008-12-31": -78, "2008-09-30": -78, "2008-06-30": -79, "2008-03-31": "-64.00000", "2007-12-31": -66, "2007-09-30": -66, "2007-06-30": -66, "2007-03-31": "-73.00000", "2006-12-31": -48, "2006-09-30": -49, "2006-06-30": -49, "2006-03-31": "-38.00000", "2005-12-31": -31, "2005-09-30": -27, "2005-06-30": -26, "2005-03-31": "-22.00000"}, "Financial Activities - Other": {"2020-12-31": 240, "2020-09-30": -96, "2020-06-30": -143, "2020-03-31": "-1.00000", "2019-12-31": 52, "2019-09-30": -37, "2019-06-30": -18, "2019-03-31": "-975.00000", "2018-12-31": 0, "2018-09-30": 1, "2018-06-30": -4, "2018-03-31": "20.00000", "2017-12-31": 71, "2017-09-30": 0, "2017-06-30": -2, "2017-03-31": "-19.00000", "2016-12-31": 22, "2016-09-30": -19, "2016-06-30": -187, "2016-03-31": "6.00000", "2015-12-31": 15, "2015-09-30": 33, "2015-06-30": -17, "2015-03-31": "-1.00000", "2014-12-31": -8, "2014-09-30": -5, "2014-06-30": 39, "2014-03-31": "23.00000", "2013-12-31": 11, "2013-09-30": 3, "2013-06-30": 219, "2013-03-31": "35.00000", "2012-12-31": 169, "2012-09-30": 19, "2012-06-30": 12, "2012-03-31": "-139.00000", "2011-12-31": 2, "2011-09-30": 13, "2011-06-30": 11, "2011-03-31": "5.00000", "2010-12-31": 1, "2010-09-30": 1, "2010-06-30": -97, "2010-03-31": "-9.00000", "2009-12-31": 107, "2009-09-30": -4, "2009-06-30": -1, "2009-03-31": "-8.00000", "2008-12-31": -8, "2008-09-30": 2, "2008-06-30": 3, "2008-03-31": "8.00000", "2007-12-31": 79, "2007-09-30": 14, "2007-06-30": 131, "2007-03-31": "63.00000", "2006-12-31": 41, "2006-09-30": 27, "2006-06-30": -14, "2006-03-31": "89.00000", "2005-12-31": -1, "2005-09-30": -12, "2005-06-30": 0, "2005-03-31": ""}, "Cash Flow From Financial Activities": {"2020-12-31": -2470, "2020-09-30": 2035, "2020-06-30": 630, "2020-03-31": "-195.00000", "2019-12-31": -523, "2019-09-30": -649, "2019-06-30": -1447, "2019-03-31": "-378.00000", "2018-12-31": -987, "2018-09-30": -779, "2018-06-30": -829, "2018-03-31": "-573.00000", "2017-12-31": -329, "2017-09-30": -615, "2017-06-30": -676, "2017-03-31": "-652.00000", "2016-12-31": -1433, "2016-09-30": 658, "2016-06-30": -693, "2016-03-31": "-544.00000", "2015-12-31": -818, "2015-09-30": -1295, "2015-06-30": -958, "2015-03-31": "526.00000", "2014-12-31": -614, "2014-09-30": -489, "2014-06-30": -515, "2014-03-31": "-312.00000", "2013-12-31": 395, "2013-09-30": -145, "2013-06-30": 109, "2013-03-31": "-522.00000", "2012-12-31": -188, "2012-09-30": -54, "2012-06-30": -672, "2012-03-31": "-319.00000", "2011-12-31": -64, "2011-09-30": -273, "2011-06-30": -217, "2011-03-31": "-512.00000", "2010-12-31": 269, "2010-09-30": -28, "2010-06-30": -341, "2010-03-31": "916.00000", "2009-12-31": -54, "2009-09-30": -85, "2009-06-30": 514, "2009-03-31": "914.00000", "2008-12-31": -265, "2008-09-30": -147, "2008-06-30": -254, "2008-03-31": "-941.00000", "2007-12-31": -1045, "2007-09-30": -603, "2007-06-30": -1123, "2007-03-31": "-1060.00000", "2006-12-31": -191, "2006-09-30": -704, "2006-06-30": -566, "2006-03-31": "-727.00000", "2005-12-31": -1340, "2005-09-30": 628, "2005-06-30": -219, "2005-03-31": "-451.00000"}, "Net Cash Flow": {"2020-12-31": -1464, "2020-09-30": 1728, "2020-06-30": 804, "2020-03-31": "-1068.00000", "2019-12-31": 446, "2019-09-30": 104, "2019-06-30": -744, "2019-03-31": "-205.00000", "2018-12-31": -569, "2018-09-30": -900, "2018-06-30": -207, "2018-03-31": "-1192.00000", "2017-12-31": 674, "2017-09-30": -31, "2017-06-30": 744, "2017-03-31": "-353.00000", "2016-12-31": -1133, "2016-09-30": 1024, "2016-06-30": 1147, "2016-03-31": "-336.00000", "2015-12-31": -1187, "2015-09-30": -463, "2015-06-30": 894, "2015-03-31": "1181.00000", "2014-12-31": -502, "2014-09-30": 711, "2014-06-30": -167, "2014-03-31": "-645.00000", "2013-12-31": 2384, "2013-09-30": -490, "2013-06-30": 541, "2013-03-31": "134.00000", "2012-12-31": -826, "2012-09-30": 1254, "2012-06-30": -264, "2012-03-31": "535.00000", "2011-12-31": -1805, "2011-09-30": -1278, "2011-06-30": -26, "2011-03-31": "799.00000", "2010-12-31": 982, "2010-09-30": 351, "2010-06-30": 114, "2010-03-31": "1062.00000", "2009-12-31": -780, "2009-09-30": -18, "2009-06-30": -92, "2009-03-31": "775.00000", "2008-12-31": -1827, "2008-09-30": 1123, "2008-06-30": 213, "2008-03-31": "-1033.00000", "2007-12-31": -645, "2007-09-30": 773, "2007-06-30": 640, "2007-03-31": "106.00000", "2006-12-31": 561, "2006-09-30": 92, "2006-06-30": 501, "2006-03-31": "", "2005-12-31": -301, "2005-09-30": -212, "2005-06-30": 263, "2005-03-31": "-178.00000"}, "Stock-Based Compensation": {"2020-12-31": 0, "2020-09-30": 0, "2020-06-30": 0, "2020-03-31": "", "2019-12-31": 0, "2019-09-30": 0, "2019-06-30": 0, "2019-03-31": "", "2018-12-31": 0, "2018-09-30": 0, "2018-06-30": 0, "2018-03-31": "", "2017-12-31": 0, "2017-09-30": 0, "2017-06-30": 0, "2017-03-31": "", "2016-12-31": 0, "2016-09-30": 0, "2016-06-30": 0, "2016-03-31": "", "2015-12-31": 0, "2015-09-30": 0, "2015-06-30": 0, "2015-03-31": "", "2014-12-31": 0, "2014-09-30": 0, "2014-06-30": 0, "2014-03-31": "", "2013-12-31": 0, "2013-09-30": 0, "2013-06-30": 0, "2013-03-31": "", "2012-12-31": 29, "2012-09-30": 9, "2012-06-30": 10, "2012-03-31": "10.00000", "2011-12-31": 24, "2011-09-30": 11, "2011-06-30": 11, "2011-03-31": "12.00000", "2010-12-31": 22, "2010-09-30": 10, "2010-06-30": 10, "2010-03-31": "12.00000", "2009-12-31": 31, "2009-09-30": 12, "2009-06-30": 11, "2009-03-31": "12.00000", "2008-12-31": 23, "2008-09-30": 12, "2008-06-30": 12, "2008-03-31": "12.00000", "2007-12-31": 42, "2007-09-30": 12, "2007-06-30": 16, "2007-03-31": "30.00000", "2006-12-31": 38, "2006-09-30": 18, "2006-06-30": 29, "2006-03-31": "23.00000", "2005-12-31": 20, "2005-09-30": 30, "2005-06-30": 16, "2005-03-31": "14.00000"}, "Common Stock Dividends Paid": {"2020-12-31": 1200, "2020-09-30": -399, "2020-06-30": -400, "2020-03-31": "-401.00000", "2019-12-31": -439, "2019-09-30": -372, "2019-06-30": -376, "2019-03-31": "-375.00000", "2018-12-31": -391, "2018-09-30": -354, "2018-06-30": -384, "2018-03-31": "-356.00000", "2017-12-31": -317, "2017-09-30": -320, "2017-06-30": -323, "2017-03-31": "-349.00000", "2016-12-31": -336, "2016-09-30": -276, "2016-06-30": -282, "2016-03-31": "-282.00000", "2015-12-31": -285, "2015-09-30": -199, "2015-06-30": -203, "2015-03-31": "-206.00000", "2014-12-31": -143, "2014-09-30": -145, "2014-06-30": -133, "2014-03-31": "-133.00000", "2013-12-31": -120, "2013-09-30": -122, "2013-06-30": -109, "2013-03-31": "-111.00000", "2012-12-31": -97, "2012-09-30": -97, "2012-06-30": -83, "2012-03-31": "-83.00000", "2011-12-31": -84, "2011-09-30": -28, "2011-06-30": -29, "2011-03-31": "-28.00000", "2010-12-31": -29, "2010-09-30": -28, "2010-06-30": -29, "2010-03-31": "-28.00000", "2009-12-31": -85, "2009-09-30": -84, "2009-06-30": -78, "2009-03-31": "-77.00000", "2008-12-31": -78, "2008-09-30": -78, "2008-06-30": -79, "2008-03-31": "-64.00000", "2007-12-31": -66, "2007-09-30": -66, "2007-06-30": -66, "2007-03-31": "-73.00000", "2006-12-31": -48, "2006-09-30": -49, "2006-06-30": -49, "2006-03-31": "-38.00000", "2005-12-31": -31, "2005-09-30": -27, "2005-06-30": -26, "2005-03-31": "-22.00000"}}, "financial ratios": {"Current Ratio": {"2019-12-31": "1.44140", "2018-12-31": "1.64820", "2017-12-31": "1.74440", "2016-12-31": "2.01730", "2015-12-31": "2.13010", "2014-12-31": "1.66470", "2013-12-31": "1.46890", "2012-12-31": "1.37980", "2011-12-31": "1.25680", "2010-12-31": "1.53890", "2009-12-31": "1.39860", "2008-12-31": "1.52200", "2007-12-31": "1.25790", "2006-12-31": "1.33530", "2005-12-31": "1.13170"}, "Long-term Debt / Capital": {"2019-12-31": "0.28940", "2018-12-31": "0.28070", "2017-12-31": "0.27650", "2016-12-31": "0.27440", "2015-12-31": "0.25240", "2014-12-31": "0.21390", "2013-12-31": "0.23890", "2012-12-31": "0.26320", "2011-12-31": "0.29050", "2010-12-31": "0.33340", "2009-12-31": "0.32730", "2008-12-31": "0.28620", "2007-12-31": "0.25900", "2006-12-31": "0.19890", "2005-12-31": "0.25520"}, "Debt/Equity Ratio": {"2019-12-31": "0.42920", "2018-12-31": "0.40070", "2017-12-31": "0.38740", "2016-12-31": "0.38370", "2015-12-31": "0.34350", "2014-12-31": "0.30060", "2013-12-31": "0.32910", "2012-12-31": "0.38960", "2011-12-31": "0.47070", "2010-12-31": "0.55490", "2009-12-31": "0.50250", "2008-12-31": "0.42100", "2007-12-31": "0.37080", "2006-12-31": "0.27380", "2005-12-31": "0.35730"}, "Gross Margin": {"2019-12-31": "4.41080", "2018-12-31": "4.77980", "2017-12-31": "4.79360", "2016-12-31": "13.80400", "2015-12-31": "14.98000", "2014-12-31": "9.70850", "2013-12-31": "7.79150", "2012-12-31": "8.60450", "2011-12-31": "8.15000", "2010-12-31": "9.45480", "2009-12-31": "9.15340", "2008-12-31": "9.92630", "2007-12-31": "14.36650", "2006-12-31": "15.72000", "2005-12-31": "12.62530"}, "Operating Margin": {"2019-12-31": "3.54120", "2018-12-31": "3.90660", "2017-12-31": "3.79120", "2016-12-31": "4.67100", "2015-12-31": "7.24110", "2014-12-31": "4.51070", "2013-12-31": "2.86590", "2012-12-31": "3.64470", "2011-12-31": "2.92090", "2010-12-31": "2.28130", "2009-12-31": "0.12850", "2008-12-31": "0.49780", "2007-12-31": "7.36770", "2006-12-31": "8.81100", "2005-12-31": "6.53470"}, "EBIT Margin": {"2019-12-31": "3.54120", "2018-12-31": "3.90660", "2017-12-31": "3.79120", "2016-12-31": "4.67100", "2015-12-31": "7.24110", "2014-12-31": "4.51070", "2013-12-31": "2.86590", "2012-12-31": "3.64470", "2011-12-31": "2.92090", "2010-12-31": "2.28130", "2009-12-31": "0.12850", "2008-12-31": "0.49780", "2007-12-31": "7.36770", "2006-12-31": "8.81100", "2005-12-31": "6.53470"}, "EBITDA Margin": {"2019-12-31": "5.62290", "2018-12-31": "5.67450", "2017-12-31": "5.90440", "2016-12-31": "7.17430", "2015-12-31": "9.33900", "2014-12-31": "5.80230", "2013-12-31": "4.11160", "2012-12-31": "4.78200", "2011-12-31": "4.13850", "2010-12-31": "4.07260", "2009-12-31": "2.49230", "2008-12-31": "5.69580", "2007-12-31": "8.89680", "2006-12-31": "10.12890", "2005-12-31": "7.57670"}, "Pre-Tax Profit Margin": {"2019-12-31": "3.21810", "2018-12-31": "3.61610", "2017-12-31": "3.41240", "2016-12-31": "4.20570", "2015-12-31": "6.80040", "2014-12-31": "4.24320", "2013-12-31": "2.87960", "2012-12-31": "3.42500", "2011-12-31": "2.63680", "2010-12-31": "1.82170", "2009-12-31": "-0.48920", "2008-12-31": "0.26620", "2007-12-31": "7.15210", "2006-12-31": "9.01190", "2005-12-31": "6.31880"}, "Net Profit Margin": {"2019-12-31": "2.23590", "2018-12-31": "2.66760", "2017-12-31": "4.32540", "2016-12-31": "3.02540", "2015-12-31": "4.54420", "2014-12-31": "2.77430", "2013-12-31": "1.97000", "2012-12-31": "1.50510", "2011-12-31": "1.65890", "2010-12-31": "0.39400", "2009-12-31": "-3.06820", "2008-12-31": "-1.06020", "2007-12-31": "5.81640", "2006-12-31": "6.23120", "2005-12-31": "4.43710"}, "Asset Turnover": {"2019-12-31": "2.01110", "2018-12-31": "2.33340", "2017-12-31": "1.87370", "2016-12-31": "1.63860", "2015-12-31": "1.98530", "2014-12-31": "2.87250", "2013-12-31": "2.92160", "2012-12-31": "3.11160", "2011-12-31": "2.94480", "2010-12-31": "2.18580", "2009-12-31": "1.81600", "2008-12-31": "3.09950", "2007-12-31": "2.10630", "2006-12-31": "2.32140", "2005-12-31": "2.45800"}, "Inventory Turnover Ratio": {"2019-12-31": "14.76490", "2018-12-31": "17.06050", "2017-12-31": "14.01550", "2016-12-31": "11.42320", "2015-12-31": "12.65700", "2014-12-31": "17.83800", "2013-12-31": "22.11120", "2012-12-31": "21.17610", "2011-12-31": "20.57960", "2010-12-31": "15.05110", "2009-12-31": "12.81910", "2008-12-31": "20.79810", "2007-12-31": "18.91950", "2006-12-31": "18.56320", "2005-12-31": "17.43950"}, "Receiveable Turnover": {"2019-12-31": "12.16580", "2018-12-31": "15.93370", "2017-12-31": "13.57700", "2016-12-31": "12.82140", "2015-12-31": "18.75350", "2014-12-31": "21.89490", "2013-12-31": "15.64930", "2012-12-31": "16.60190", "2011-12-31": "14.12730", "2010-12-31": "16.69370", "2009-12-31": "13.84460", "2008-12-31": "34.50070", "2007-12-31": "11.70030", "2006-12-31": "19.84600", "2005-12-31": "22.18380"}, "Days Sales In Receivables": {"2019-12-31": "30.00220", "2018-12-31": "22.90740", "2017-12-31": "26.88370", "2016-12-31": "28.46810", "2015-12-31": "19.46300", "2014-12-31": "16.67050", "2013-12-31": "23.32370", "2012-12-31": "21.98550", "2011-12-31": "25.83660", "2010-12-31": "21.86460", "2009-12-31": "26.36400", "2008-12-31": "10.57950", "2007-12-31": "31.19580", "2006-12-31": "18.39160", "2005-12-31": "16.45340"}, "ROE - Return On Equity": {"2019-12-31": "12.35360", "2018-12-31": "14.75080", "2017-12-31": "18.14850", "2016-12-31": "11.59010", "2015-12-31": "19.20480", "2014-12-31": "17.76970", "2013-12-31": "13.64690", "2012-12-31": "17.20920", "2011-12-31": "12.74550", "2010-12-31": "6.14310", "2009-12-31": "-1.85400", "2008-12-31": "-7.38800", "2007-12-31": "23.65050", "2006-12-31": "28.41710", "2005-12-31": "23.18120"}, "Return On Tangible Equity": {"2019-12-31": "12.35360", "2018-12-31": "14.75080", "2017-12-31": "18.14850", "2016-12-31": "11.59010", "2015-12-31": "19.20480", "2014-12-31": "17.76970", "2013-12-31": "13.64690", "2012-12-31": "17.41420", "2011-12-31": "12.92390", "2010-12-31": "6.23610", "2009-12-31": "-1.88300", "2008-12-31": "-7.49550", "2007-12-31": "30.82830", "2006-12-31": "37.23500", "2005-12-31": "35.34500"}, "ROA - Return On Assets": {"2019-12-31": "5.16860", "2018-12-31": "6.68530", "2017-12-31": "8.28580", "2016-12-31": "5.23470", "2015-12-31": "9.27260", "2014-12-31": "8.28760", "2013-12-31": "5.75960", "2012-12-31": "7.00140", "2011-12-31": "4.89910", "2010-12-31": "2.45340", "2009-12-31": "-0.76750", "2008-12-31": "-3.35300", "2007-12-31": "10.24530", "2006-12-31": "14.00420", "2005-12-31": "10.58910"}, "ROI - Return On Investment": {"2019-12-31": "8.77850", "2018-12-31": "10.61010", "2017-12-31": "13.13110", "2016-12-31": "8.40990", "2015-12-31": "14.35820", "2014-12-31": "13.96910", "2013-12-31": "10.38650", "2012-12-31": "12.68020", "2011-12-31": "9.04340", "2010-12-31": "4.09490", "2009-12-31": "-1.24730", "2008-12-31": "-5.27330", "2007-12-31": "17.52410", "2006-12-31": "22.76520", "2005-12-31": "17.18800"}, "Book Value Per Share": {"2019-12-31": "55.06090", "2018-12-31": "54.43290", "2017-12-31": "52.77740", "2016-12-31": "46.18810", "2015-12-31": "45.14220", "2014-12-31": "41.30670", "2013-12-31": "37.24260", "2012-12-31": "32.77520", "2011-12-31": "29.53420", "2010-12-31": "26.43440", "2009-12-31": "26.07570", "2008-12-31": "30.25900", "2007-12-31": "34.48550", "2006-12-31": "30.81510", "2005-12-31": "24.37560"}, "Operating Cash Flow Per Share": {"2019-12-31": 3.1473, "2018-12-31": -2.1343, "2017-12-31": 1.959, "2016-12-31": -0.8341, "2015-12-31": 3.2201, "2014-12-31": -2.1514, "2013-12-31": 0.6749, "2012-12-31": 2.3817, "2011-12-31": 1.7358, "2010-12-31": 1.9912, "2009-12-31": -2.5368, "2008-12-31": -3.1747, "2007-12-31": -0.9061, "2006-12-31": 0.0383, "2005-12-31": 9.949}, "Free Cash Flow Per Share": {"2019-12-31": 2.6585, "2018-12-31": -4.0277, "2017-12-31": 0.4385, "2016-12-31": -0.3524, "2015-12-31": 4.0464, "2014-12-31": -2.3432, "2013-12-31": 2.076, "2012-12-31": 1.249, "2011-12-31": 0.6427, "2010-12-31": 3.2079, "2009-12-31": -1.2783, "2008-12-31": -4.9012, "2007-12-31": 0.2408, "2006-12-31": -1.3265, "2005-12-31": 6.3724}}, "financial ratios, quarterly": {"Current Ratio": {"2020-09-30": "1.89880", "2020-06-30": "1.74820", "2020-03-31": "1.31300", "2019-12-31": "1.44140", "2019-09-30": "1.40420", "2019-06-30": "1.41940", "2019-03-31": "1.43110", "2018-12-31": "1.64820", "2018-09-30": "1.59360", "2018-06-30": "1.67080", "2018-03-31": "1.69830", "2017-12-31": "1.74440", "2017-09-30": "1.91040", "2017-06-30": "2.04750", "2017-03-31": "2.01390", "2016-12-31": "2.01730", "2016-09-30": "2.05230", "2016-06-30": "1.87010", "2016-03-31": "2.19350", "2015-12-31": "2.13010", "2015-09-30": "2.03000", "2015-06-30": "1.87450", "2015-03-31": "1.94440", "2014-12-31": "1.66470", "2014-09-30": "1.46110", "2014-06-30": "1.47330", "2014-03-31": "1.47220", "2013-12-31": "1.46890", "2013-09-30": "1.36030", "2013-06-30": "1.39330", "2013-03-31": "1.35430", "2012-12-31": "1.37980", "2012-09-30": "1.32780", "2012-06-30": "1.29960", "2012-03-31": "1.21020", "2011-12-31": "1.25680", "2011-09-30": "1.35840", "2011-06-30": "1.43550", "2011-03-31": "1.44690", "2010-12-31": "1.53890", "2010-09-30": "1.44610", "2010-06-30": "1.43390", "2010-03-31": "1.39840", "2009-12-31": "1.39860", "2009-09-30": "1.40070", "2009-06-30": "1.52550", "2009-03-31": "1.67840", "2008-12-31": "1.52200", "2008-09-30": "1.25960", "2008-06-30": "1.18710", "2008-03-31": "1.23210", "2007-12-31": "1.25790", "2007-09-30": "1.43080", "2007-06-30": "1.43340", "2007-03-31": "1.21710", "2006-12-31": "1.33530", "2006-09-30": "1.21080", "2006-06-30": "1.11720", "2006-03-31": "1.09900", "2005-12-31": "1.13170", "2005-09-30": "1.14090", "2005-06-30": "1.16920", "2005-03-31": "1.05570"}, "Long-term Debt / Capital": {"2020-09-30": "0.42140", "2020-06-30": "0.36950", "2020-03-31": "0.34940", "2019-12-31": "0.28940", "2019-09-30": "0.29810", "2019-06-30": "0.29570", "2019-03-31": "0.29250", "2018-12-31": "0.28070", "2018-09-30": "0.27880", "2018-06-30": "0.28020", "2018-03-31": "0.26070", "2017-12-31": "0.27650", "2017-09-30": "0.28270", "2017-06-30": "0.28720", "2017-03-31": "0.28840", "2016-12-31": "0.27440", "2016-09-30": "0.27180", "2016-06-30": "0.23690", "2016-03-31": "0.25110", "2015-12-31": "0.25240", "2015-09-30": "0.24900", "2015-06-30": "0.24650", "2015-03-31": "0.25290", "2014-12-31": "0.21390", "2014-09-30": "0.21540", "2014-06-30": "0.21820", "2014-03-31": "0.22310", "2013-12-31": "0.23890", "2013-09-30": "0.25400", "2013-06-30": "0.25780", "2013-03-31": "0.25980", "2012-12-31": "0.26320", "2012-09-30": "0.27100", "2012-06-30": "0.27990", "2012-03-31": "0.28770", "2011-12-31": "0.29050", "2011-09-30": "0.28920", "2011-06-30": "0.29720", "2011-03-31": "0.33050", "2010-12-31": "0.33340", "2010-09-30": "0.32790", "2010-06-30": "0.33290", "2010-03-31": "0.34480", "2009-12-31": "0.32730", "2009-09-30": "0.31070", "2009-06-30": "0.30590", "2009-03-31": "0.31490", "2008-12-31": "0.28620", "2008-09-30": "0.24110", "2008-06-30": "0.25110", "2008-03-31": "0.26200", "2007-12-31": "0.25900", "2007-09-30": "0.26540", "2007-06-30": "0.27450", "2007-03-31": "0.19890", "2006-12-31": "0.19890", "2006-09-30": "0.21560", "2006-06-30": "0.22660", "2006-03-31": "0.25010", "2005-12-31": "0.25520", "2005-09-30": "0.30690", "2005-06-30": "0.29040", "2005-03-31": "0.31120"}, "Debt/Equity Ratio": {"2020-09-30": "0.76000", "2020-06-30": "0.61440", "2020-03-31": "0.58220", "2019-12-31": "0.42920", "2019-09-30": "0.44340", "2019-06-30": "0.43460", "2019-03-31": "0.46450", "2018-12-31": "0.40070", "2018-09-30": "0.39530", "2018-06-30": "0.39730", "2018-03-31": "0.39070", "2017-12-31": "0.38740", "2017-09-30": "0.39980", "2017-06-30": "0.40870", "2017-03-31": "0.41110", "2016-12-31": "0.38370", "2016-09-30": "0.42370", "2016-06-30": "0.35090", "2016-03-31": "0.34120", "2015-12-31": "0.34350", "2015-09-30": "0.33750", "2015-06-30": "0.33400", "2015-03-31": "0.34790", "2014-12-31": "0.30060", "2014-09-30": "0.30310", "2014-06-30": "0.30820", "2014-03-31": "0.32160", "2013-12-31": "0.32910", "2013-09-30": "0.35700", "2013-06-30": "0.36420", "2013-03-31": "0.37300", "2012-12-31": "0.38960", "2012-09-30": "0.40540", "2012-06-30": "0.42360", "2012-03-31": "0.47540", "2011-12-31": "0.47070", "2011-09-30": "0.45880", "2011-06-30": "0.47670", "2011-03-31": "0.51430", "2010-12-31": "0.55490", "2010-09-30": "0.52180", "2010-06-30": "0.53380", "2010-03-31": "0.56950", "2009-12-31": "0.50250", "2009-09-30": "0.46410", "2009-06-30": "0.44910", "2009-03-31": "0.47940", "2008-12-31": "0.42100", "2008-09-30": "0.32840", "2008-06-30": "0.34660", "2008-03-31": "0.35510", "2007-12-31": "0.37080", "2007-09-30": "0.36450", "2007-06-30": "0.38210", "2007-03-31": "0.26410", "2006-12-31": "0.27380", "2006-09-30": "0.28820", "2006-06-30": "0.30950", "2006-03-31": "0.33370", "2005-12-31": "0.35730", "2005-09-30": "0.46240", "2005-06-30": "0.43570", "2005-03-31": "0.50620"}, "Gross Margin": {"2020-09-30": "-2.51760", "2020-06-30": "18.97660", "2020-03-31": "-9.43350", "2019-12-31": "7.18460", "2019-09-30": "4.10660", "2019-06-30": "3.88140", "2019-03-31": "2.19680", "2018-12-31": "5.38110", "2018-09-30": "4.70360", "2018-06-30": "4.94920", "2018-03-31": "4.01680", "2017-12-31": "4.20580", "2017-09-30": "6.85000", "2017-06-30": "4.71380", "2017-03-31": "3.36210", "2016-12-31": "11.63580", "2016-09-30": "13.31370", "2016-06-30": "14.89990", "2016-03-31": "15.90940", "2015-12-31": "12.56860", "2015-09-30": "17.28150", "2015-06-30": "14.82600", "2015-03-31": "14.84760", "2014-12-31": "12.69970", "2014-09-30": "9.83780", "2014-06-30": "7.86790", "2014-03-31": "9.00990", "2013-12-31": "9.44550", "2013-09-30": "6.10450", "2013-06-30": "7.37790", "2013-03-31": "8.33180", "2012-12-31": "9.81440", "2012-09-30": "9.83130", "2012-06-30": "8.77330", "2012-03-31": "6.06250", "2011-12-31": "5.58070", "2011-09-30": "10.91570", "2011-06-30": "9.30880", "2011-03-31": "6.61400", "2010-12-31": "8.59050", "2010-09-30": "9.99290", "2010-06-30": "11.35160", "2010-03-31": "7.77050", "2009-12-31": "6.95730", "2009-09-30": "7.32780", "2009-06-30": "7.83840", "2009-03-31": "15.93640", "2008-12-31": "30.85960", "2008-09-30": "9.60510", "2008-06-30": "8.09770", "2008-03-31": "8.14460", "2007-12-31": "8.15220", "2007-09-30": "12.19040", "2007-06-30": "20.21320", "2007-03-31": "17.30210", "2006-12-31": "16.20530", "2006-09-30": "16.16320", "2006-06-30": "16.72790", "2006-03-31": "13.58050", "2005-12-31": "13.54940", "2005-09-30": "11.36020", "2005-06-30": "13.04900", "2005-03-31": "12.57940"}, "Operating Margin": {"2020-09-30": "-3.92810", "2020-06-30": "17.20690", "2020-03-31": "-10.30220", "2019-12-31": "6.23770", "2019-09-30": "3.23310", "2019-06-30": "3.13830", "2019-03-31": "1.26940", "2018-12-31": "4.52140", "2018-09-30": "3.95150", "2018-06-30": "4.04000", "2018-03-31": "3.02960", "2017-12-31": "3.19410", "2017-09-30": "5.65320", "2017-06-30": "3.86450", "2017-03-31": "2.42510", "2016-12-31": "2.81000", "2016-09-30": "4.53970", "2016-06-30": "6.28570", "2016-03-31": "5.27560", "2015-12-31": "3.44040", "2015-09-30": "9.47340", "2015-06-30": "8.27300", "2015-03-31": "7.00890", "2014-12-31": "6.44680", "2014-09-30": "4.85350", "2014-06-30": "3.10760", "2014-03-31": "4.01330", "2013-12-31": "4.52820", "2013-09-30": "1.47220", "2013-06-30": "2.36530", "2013-03-31": "3.16960", "2012-12-31": "7.73690", "2012-09-30": "3.76950", "2012-06-30": "3.92650", "2012-03-31": "-0.69380", "2011-12-31": "0.48160", "2011-09-30": "5.87010", "2011-06-30": "4.12230", "2011-03-31": "0.92750", "2010-12-31": "1.70550", "2010-09-30": "2.80750", "2010-06-30": "4.39670", "2010-03-31": "0.02160", "2009-12-31": "-0.52210", "2009-09-30": "-1.28140", "2009-06-30": "-1.10500", "2009-03-31": "4.44930", "2008-12-31": "-47.93670", "2008-09-30": "5.11680", "2008-06-30": "3.16050", "2008-03-31": "1.68900", "2007-12-31": "2.55450", "2007-09-30": "4.92850", "2007-06-30": "13.19310", "2007-03-31": "8.92030", "2006-12-31": "7.77270", "2006-09-30": "9.72980", "2006-06-30": "10.69870", "2006-03-31": "6.36980", "2005-12-31": "7.41740", "2005-09-30": "5.63070", "2005-06-30": "7.23710", "2005-03-31": "5.65770"}, "EBIT Margin": {"2020-09-30": "-3.92810", "2020-06-30": "17.20690", "2020-03-31": "-10.30220", "2019-12-31": "6.23770", "2019-09-30": "3.23310", "2019-06-30": "3.13830", "2019-03-31": "1.26940", "2018-12-31": "4.52140", "2018-09-30": "3.95150", "2018-06-30": "4.04000", "2018-03-31": "3.02960", "2017-12-31": "3.19410", "2017-09-30": "5.65320", "2017-06-30": "3.86450", "2017-03-31": "2.42510", "2016-12-31": "2.81000", "2016-09-30": "4.53970", "2016-06-30": "6.28570", "2016-03-31": "5.27560", "2015-12-31": "3.44040", "2015-09-30": "9.47340", "2015-06-30": "8.27300", "2015-03-31": "7.00890", "2014-12-31": "6.44680", "2014-09-30": "4.85350", "2014-06-30": "3.10760", "2014-03-31": "4.01330", "2013-12-31": "4.52820", "2013-09-30": "1.47220", "2013-06-30": "2.36530", "2013-03-31": "3.16960", "2012-12-31": "7.73690", "2012-09-30": "3.76950", "2012-06-30": "3.92650", "2012-03-31": "-0.69380", "2011-12-31": "0.48160", "2011-09-30": "5.87010", "2011-06-30": "4.12230", "2011-03-31": "0.92750", "2010-12-31": "1.70550", "2010-09-30": "2.80750", "2010-06-30": "4.39670", "2010-03-31": "0.02160", "2009-12-31": "-0.52210", "2009-09-30": "-1.28140", "2009-06-30": "-1.10500", "2009-03-31": "4.44930", "2008-12-31": "-47.93670", "2008-09-30": "5.11680", "2008-06-30": "3.16050", "2008-03-31": "1.68900", "2007-12-31": "2.55450", "2007-09-30": "4.92850", "2007-06-30": "13.19310", "2007-03-31": "8.92030", "2006-12-31": "7.77270", "2006-09-30": "9.72980", "2006-06-30": "10.69870", "2006-03-31": "6.36980", "2005-12-31": "7.41740", "2005-09-30": "5.63070", "2005-06-30": "7.23710", "2005-03-31": "5.65770"}, "EBITDA Margin": {"2020-09-30": "", "2020-06-30": "", "2020-03-31": "", "2019-12-31": "", "2019-09-30": "", "2019-06-30": "", "2019-03-31": "", "2018-12-31": "", "2018-09-30": "", "2018-06-30": "", "2018-03-31": "", "2017-12-31": "", "2017-09-30": "", "2017-06-30": "", "2017-03-31": "", "2016-12-31": "", "2016-09-30": "", "2016-06-30": "", "2016-03-31": "", "2015-12-31": "", "2015-09-30": "", "2015-06-30": "", "2015-03-31": "", "2014-12-31": "", "2014-09-30": "", "2014-06-30": "", "2014-03-31": "", "2013-12-31": "", "2013-09-30": "", "2013-06-30": "", "2013-03-31": "", "2012-12-31": "", "2012-09-30": "", "2012-06-30": "", "2012-03-31": "", "2011-12-31": "", "2011-09-30": "", "2011-06-30": "", "2011-03-31": "", "2010-12-31": "", "2010-09-30": "", "2010-06-30": "", "2010-03-31": "", "2009-12-31": "", "2009-09-30": "", "2009-06-30": "", "2009-03-31": "", "2008-12-31": "", "2008-09-30": "", "2008-06-30": "", "2008-03-31": "", "2007-12-31": "", "2007-09-30": "", "2007-06-30": "", "2007-03-31": "", "2006-12-31": "", "2006-09-30": "", "2006-06-30": "", "2006-03-31": "", "2005-12-31": "", "2005-09-30": "", "2005-06-30": "", "2005-03-31": ""}, "Pre-Tax Profit Margin": {"2020-09-30": "-4.52910", "2020-06-30": "16.10080", "2020-03-31": "-10.72300", "2019-12-31": "5.94000", "2019-09-30": "2.95060", "2019-06-30": "2.79270", "2019-03-31": "0.89850", "2018-12-31": "4.27080", "2018-09-30": "3.72780", "2018-06-30": "3.62410", "2018-03-31": "2.76490", "2017-12-31": "2.89860", "2017-09-30": "5.26700", "2017-06-30": "3.45110", "2017-03-31": "1.98880", "2016-12-31": "2.55410", "2016-09-30": "4.01550", "2016-06-30": "5.79040", "2016-03-31": "4.64550", "2015-12-31": "2.92910", "2015-09-30": "8.99070", "2015-06-30": "7.85490", "2015-03-31": "6.64790", "2014-12-31": "6.11650", "2014-09-30": "4.60070", "2014-06-30": "2.86130", "2014-03-31": "3.76080", "2013-12-31": "5.22520", "2013-09-30": "1.23700", "2013-06-30": "2.16840", "2013-03-31": "2.96350", "2012-12-31": "7.55950", "2012-09-30": "3.56220", "2012-06-30": "3.69860", "2012-03-31": "-0.95830", "2011-12-31": "0.26820", "2011-09-30": "5.61210", "2011-06-30": "3.81240", "2011-03-31": "0.54740", "2010-12-31": "1.50690", "2010-09-30": "2.32220", "2010-06-30": "3.83250", "2010-03-31": "-0.60560", "2009-12-31": "-1.09650", "2009-09-30": "-1.94370", "2009-06-30": "-1.72080", "2009-03-31": "3.84150", "2008-12-31": "-48.86640", "2008-09-30": "4.99170", "2008-06-30": "2.97490", "2008-03-31": "1.41350", "2007-12-31": "2.18160", "2007-09-30": "5.02130", "2007-06-30": "12.87910", "2007-03-31": "8.63770", "2006-12-31": "8.66750", "2006-09-30": "10.18590", "2006-06-30": "10.53060", "2006-03-31": "6.14520", "2005-12-31": "7.37230", "2005-09-30": "5.44600", "2005-06-30": "6.88220", "2005-03-31": "5.28320"}, "Net Profit Margin": {"2020-09-30": "-2.93500", "2020-06-30": "12.05160", "2020-03-31": "-8.37480", "2019-12-31": "3.80210", "2019-09-30": "2.23490", "2019-06-30": "2.11520", "2019-03-31": "0.58110", "2018-12-31": "3.31360", "2018-09-30": "2.77480", "2018-06-30": "2.72450", "2018-03-31": "1.77390", "2017-12-31": "8.98380", "2017-09-30": "3.56930", "2017-06-30": "2.46250", "2017-03-31": "1.40090", "2016-12-31": "1.77190", "2016-09-30": "3.11980", "2016-06-30": "4.15650", "2016-03-31": "3.15010", "2015-12-31": "1.58700", "2015-09-30": "6.09860", "2015-06-30": "5.37860", "2015-03-31": "4.51950", "2014-12-31": "4.14590", "2014-09-30": "3.07780", "2014-06-30": "1.68410", "2014-03-31": "2.45970", "2013-12-31": "3.74100", "2013-09-30": "0.86340", "2013-06-30": "1.36920", "2013-03-31": "1.95380", "2012-12-31": "2.98480", "2012-09-30": "1.94090", "2012-06-30": "2.39740", "2012-03-31": "-1.22840", "2011-12-31": "0.12980", "2011-09-30": "3.56840", "2011-06-30": "2.37750", "2011-03-31": "0.37250", "2010-12-31": "-1.97620", "2010-09-30": "1.38950", "2010-06-30": "2.83550", "2010-03-31": "-0.61100", "2009-12-31": "-9.18940", "2009-09-30": "-3.38660", "2009-06-30": "-1.46180", "2009-03-31": "2.31840", "2008-12-31": "-53.46600", "2008-09-30": "3.20360", "2008-06-30": "2.00330", "2008-03-31": "0.93400", "2007-12-31": "2.43020", "2007-09-30": "5.37580", "2007-06-30": "9.29260", "2007-03-31": "6.09970", "2006-12-31": "6.22940", "2006-09-30": "6.89820", "2006-06-30": "7.40860", "2006-03-31": "4.05220", "2005-12-31": "5.52820", "2005-09-30": "3.68510", "2005-06-30": "4.67500", "2005-03-31": "3.54440"}, "Asset Turnover": {"2020-09-30": "0.30560", "2020-06-30": "0.21180", "2020-03-31": "0.46290", "2019-12-31": "0.51760", "2019-09-30": "0.53190", "2019-06-30": "0.55620", "2019-03-31": "0.46570", "2018-12-31": "0.57280", "2018-09-30": "0.59450", "2018-06-30": "0.61200", "2018-03-31": "0.53550", "2017-12-31": "0.52620", "2017-09-30": "0.49100", "2017-06-30": "0.48410", "2017-03-31": "0.47280", "2016-12-31": "0.44860", "2016-09-30": "0.42470", "2016-06-30": "0.43090", "2016-03-31": "0.35500", "2015-12-31": "0.42460", "2015-09-30": "0.49270", "2015-06-30": "0.52770", "2015-03-31": "0.46630", "2014-12-31": "0.61160", "2014-09-30": "0.71010", "2014-06-30": "0.74260", "2014-03-31": "0.71470", "2013-12-31": "0.72850", "2013-09-30": "0.78060", "2013-06-30": "0.77040", "2013-03-31": "0.73570", "2012-12-31": "0.76080", "2012-09-30": "0.79300", "2012-06-30": "0.84160", "2012-03-31": "0.82490", "2011-12-31": "0.81040", "2011-09-30": "0.80880", "2011-06-30": "0.79170", "2011-03-31": "0.66450", "2010-12-31": "0.58910", "2010-09-30": "0.56380", "2010-06-30": "0.56370", "2010-03-31": "0.50710", "2009-12-31": "0.43070", "2009-09-30": "0.50460", "2009-06-30": "0.46680", "2009-03-31": "0.37250", "2008-12-31": "0.17810", "2008-09-30": "0.82090", "2008-06-30": "0.83930", "2008-03-31": "0.68710", "2007-12-31": "0.54610", "2007-09-30": "0.56610", "2007-06-30": "0.59980", "2007-03-31": "0.49110", "2006-12-31": "0.47370", "2006-09-30": "0.63420", "2006-06-30": "0.70070", "2006-03-31": "0.62840", "2005-12-31": "0.74240", "2005-09-30": "0.71040", "2005-06-30": "0.83320", "2005-03-31": "0.73610"}, "Inventory Turnover Ratio": {"2020-09-30": "3.02540", "2020-06-30": "1.55420", "2020-03-31": "6.58150", "2019-12-31": "3.68970", "2019-09-30": "4.09820", "2019-06-30": "4.42760", "2019-03-31": "3.62070", "2018-12-31": "4.16170", "2018-09-30": "3.91920", "2018-06-30": "4.59190", "2018-03-31": "3.87140", "2017-12-31": "3.96020", "2017-09-30": "3.57630", "2017-06-30": "3.73720", "2017-03-31": "3.49210", "2016-12-31": "3.20580", "2016-09-30": "2.84880", "2016-06-30": "2.71570", "2016-03-31": "2.18200", "2015-12-31": "2.78350", "2015-09-30": "2.84840", "2015-06-30": "3.23270", "2015-03-31": "2.72470", "2014-12-31": "3.67220", "2014-09-30": "4.52230", "2014-06-30": "4.92910", "2014-03-31": "4.31040", "2013-12-31": "5.41460", "2013-09-30": "4.80400", "2013-06-30": "4.89030", "2013-03-31": "4.42340", "2012-12-31": "5.10920", "2012-09-30": "5.41070", "2012-06-30": "5.80950", "2012-03-31": "5.37590", "2011-12-31": "5.82220", "2011-09-30": "5.81580", "2011-06-30": "7.11630", "2011-03-31": "5.66340", "2010-12-31": "4.09540", "2010-09-30": "3.93730", "2010-06-30": "3.82360", "2010-03-31": "3.61050", "2009-12-31": "3.11400", "2009-09-30": "3.76140", "2009-06-30": "3.51110", "2009-03-31": "2.39970", "2008-12-31": "0.91750", "2008-09-30": "6.68990", "2008-06-30": "6.86640", "2008-03-31": "5.52850", "2007-12-31": "5.26120", "2007-09-30": "4.50820", "2007-06-30": "4.21800", "2007-03-31": "3.20790", "2006-12-31": "3.76600", "2006-09-30": "4.17530", "2006-06-30": "4.60680", "2006-03-31": "4.12810", "2005-12-31": "5.21140", "2005-09-30": "4.61180", "2005-06-30": "5.07740", "2005-03-31": "4.66690"}, "Receiveable Turnover": {"2020-09-30": "2.82250", "2020-06-30": "2.50410", "2020-03-31": "4.09900", "2019-12-31": "3.10180", "2019-09-30": "3.40870", "2019-06-30": "3.19700", "2019-03-31": "2.92710", "2018-12-31": "3.91150", "2018-09-30": "3.73970", "2018-06-30": "4.11610", "2018-03-31": "3.88010", "2017-12-31": "3.81280", "2017-09-30": "3.95400", "2017-06-30": "4.86640", "2017-03-31": "4.26570", "2016-12-31": "3.50990", "2016-09-30": "4.16120", "2016-06-30": "3.97400", "2016-03-31": "3.34910", "2015-12-31": "4.01050", "2015-09-30": "4.80610", "2015-06-30": "4.32170", "2015-03-31": "4.28570", "2014-12-31": "4.66180", "2014-09-30": "4.16860", "2014-06-30": "4.33980", "2014-03-31": "4.26820", "2013-12-31": "3.90220", "2013-09-30": "3.91350", "2013-06-30": "4.51260", "2013-03-31": "4.32030", "2012-12-31": "4.05930", "2012-09-30": "4.63570", "2012-06-30": "5.01550", "2012-03-31": "4.60060", "2011-12-31": "3.88800", "2011-09-30": "4.48670", "2011-06-30": "5.09240", "2011-03-31": "4.26110", "2010-12-31": "4.49940", "2010-09-30": "4.84220", "2010-06-30": "4.89430", "2010-03-31": "4.61750", "2009-12-31": "3.28380", "2009-09-30": "4.63860", "2009-06-30": "4.09430", "2009-03-31": "4.11100", "2008-12-31": "1.98290", "2008-09-30": "5.46420", "2008-06-30": "4.74550", "2008-03-31": "4.65050", "2007-12-31": "3.03350", "2007-09-30": "3.66690", "2007-06-30": "5.15700", "2007-03-31": "4.49440", "2006-12-31": "4.04960", "2006-09-30": "6.32840", "2006-06-30": "6.04440", "2006-03-31": "6.71810", "2005-12-31": "6.70010", "2005-09-30": "6.55310", "2005-06-30": "6.83030", "2005-03-31": "6.94520"}, "Days Sales In Receivables": {"2020-09-30": "31.88630", "2020-06-30": "35.94110", "2020-03-31": "21.95640", "2019-12-31": "29.01540", "2019-09-30": "26.40320", "2019-06-30": "28.15130", "2019-03-31": "30.74680", "2018-12-31": "23.00910", "2018-09-30": "24.06590", "2018-06-30": "21.86520", "2018-03-31": "23.19530", "2017-12-31": "23.60490", "2017-09-30": "22.76170", "2017-06-30": "18.49420", "2017-03-31": "21.09870", "2016-12-31": "25.64170", "2016-09-30": "21.62860", "2016-06-30": "22.64710", "2016-03-31": "26.87290", "2015-12-31": "22.44130", "2015-09-30": "18.72630", "2015-06-30": "20.82490", "2015-03-31": "21.00000", "2014-12-31": "19.30580", "2014-09-30": "21.58980", "2014-06-30": "20.73810", "2014-03-31": "21.08640", "2013-12-31": "23.06400", "2013-09-30": "22.99750", "2013-06-30": "19.94420", "2013-03-31": "20.83170", "2012-12-31": "22.17150", "2012-09-30": "19.41460", "2012-06-30": "17.94440", "2012-03-31": "19.56270", "2011-12-31": "23.14830", "2011-09-30": "20.05930", "2011-06-30": "17.67330", "2011-03-31": "21.12130", "2010-12-31": "20.00270", "2010-09-30": "18.58670", "2010-06-30": "18.38870", "2010-03-31": "19.49120", "2009-12-31": "27.40770", "2009-09-30": "19.40240", "2009-06-30": "21.98200", "2009-03-31": "21.89230", "2008-12-31": "45.38900", "2008-09-30": "16.47080", "2008-06-30": "18.96530", "2008-03-31": "19.35270", "2007-12-31": "29.66830", "2007-09-30": "24.54410", "2007-06-30": "17.45190", "2007-03-31": "20.02510", "2006-12-31": "22.22450", "2006-09-30": "14.22150", "2006-06-30": "14.88980", "2006-03-31": "13.39660", "2005-12-31": "13.43270", "2005-09-30": "13.73410", "2005-06-30": "13.17660", "2005-03-31": "12.95860"}, "ROE - Return On Equity": {"2020-09-30": "-1.89350", "2020-06-30": "6.46990", "2020-03-31": "-8.91030", "2019-12-31": "5.90170", "2019-09-30": "2.96000", "2019-06-30": "2.96740", "2019-03-31": "0.76680", "2018-12-31": "4.49610", "2018-09-30": "3.80660", "2018-06-30": "3.83700", "2018-03-31": "2.53870", "2017-12-31": "10.48040", "2017-09-30": "4.06620", "2017-06-30": "2.75460", "2017-03-31": "1.55440", "2016-12-31": "1.99480", "2016-09-30": "3.05250", "2016-06-30": "3.93850", "2016-03-31": "2.38660", "2015-12-31": "1.84980", "2015-09-30": "6.27860", "2015-06-30": "6.20290", "2015-03-31": "4.53570", "2014-12-31": "5.74280", "2014-09-30": "5.04230", "2014-06-30": "3.16600", "2014-03-31": "4.10130", "2013-12-31": "6.43740", "2013-09-30": "1.76210", "2013-06-30": "2.56310", "2013-03-31": "3.54000", "2012-12-31": "11.29040", "2012-09-30": "3.87090", "2012-06-30": "4.99310", "2012-03-31": "-2.70140", "2011-12-31": "0.27360", "2011-09-30": "7.21660", "2011-06-30": "4.65230", "2011-03-31": "0.68310", "2010-12-31": "1.19800", "2010-09-30": "1.96750", "2010-06-30": "3.45490", "2010-03-31": "-0.54550", "2009-12-31": "-0.69950", "2009-09-30": "-2.15860", "2009-06-30": "-1.16410", "2009-03-31": "2.30340", "2008-12-31": "-21.13320", "2008-09-30": "5.84360", "2008-06-30": "3.92930", "2008-03-31": "1.43150", "2007-12-31": "2.04790", "2007-09-30": "4.47070", "2007-06-30": "11.38280", "2007-03-31": "5.80890", "2006-12-31": "5.69740", "2006-09-30": "8.75110", "2006-06-30": "10.88510", "2006-03-31": "5.53270", "2005-12-31": "8.20990", "2005-09-30": "6.28370", "2005-06-30": "9.68890", "2005-03-31": "6.84530"}, "Return On Tangible Equity": {"2020-09-30": "-1.89350", "2020-06-30": "6.46990", "2020-03-31": "-8.91030", "2019-12-31": "5.90170", "2019-09-30": "2.96000", "2019-06-30": "2.96740", "2019-03-31": "0.76680", "2018-12-31": "4.49610", "2018-09-30": "3.80660", "2018-06-30": "3.83700", "2018-03-31": "2.53870", "2017-12-31": "10.48040", "2017-09-30": "4.06620", "2017-06-30": "2.75460", "2017-03-31": "1.55440", "2016-12-31": "1.99480", "2016-09-30": "3.05250", "2016-06-30": "3.93850", "2016-03-31": "2.38660", "2015-12-31": "1.84980", "2015-09-30": "6.27860", "2015-06-30": "6.20290", "2015-03-31": "4.53570", "2014-12-31": "5.74280", "2014-09-30": "5.04230", "2014-06-30": "3.16600", "2014-03-31": "4.10130", "2013-12-31": "6.43740", "2013-09-30": "1.77760", "2013-06-30": "2.58590", "2013-03-31": "3.57950", "2012-12-31": "11.42490", "2012-09-30": "3.91960", "2012-06-30": "5.05940", "2012-03-31": "-2.74020", "2011-12-31": "0.27750", "2011-09-30": "7.32690", "2011-06-30": "4.71780", "2011-03-31": "0.69340", "2010-12-31": "1.21610", "2010-09-30": "1.99660", "2010-06-30": "3.50690", "2010-03-31": "-0.55400", "2009-12-31": "-0.71040", "2009-09-30": "-2.19020", "2009-06-30": "-1.18000", "2009-03-31": "2.33480", "2008-12-31": "-21.44060", "2008-09-30": "7.47810", "2008-06-30": "5.10680", "2008-03-31": "1.87810", "2007-12-31": "2.66940", "2007-09-30": "5.80460", "2007-06-30": "15.01820", "2007-03-31": "7.64690", "2006-12-31": "7.46530", "2006-09-30": "11.77230", "2006-06-30": "14.95890", "2006-03-31": "8.33580", "2005-12-31": "12.51780", "2005-09-30": "10.11260", "2005-06-30": "13.72550", "2005-03-31": "10.10030"}, "ROA - Return On Assets": {"2020-09-30": "-0.73260", "2020-06-30": "2.71900", "2020-03-31": "-3.67350", "2019-12-31": "2.46920", "2019-09-30": "1.24730", "2019-06-30": "1.24560", "2019-03-31": "0.32060", "2018-12-31": "2.03770", "2018-09-30": "1.68420", "2018-06-30": "1.72660", "2018-03-31": "1.17870", "2017-12-31": "4.78490", "2017-09-30": "1.79840", "2017-06-30": "1.24420", "2017-03-31": "0.69710", "2016-12-31": "0.90100", "2016-09-30": "1.39410", "2016-06-30": "1.85470", "2016-03-31": "1.15910", "2015-12-31": "0.89310", "2015-09-30": "2.99620", "2015-06-30": "2.86770", "2015-03-31": "2.11630", "2014-12-31": "2.67840", "2014-09-30": "2.19170", "2014-06-30": "1.39540", "2014-03-31": "1.77710", "2013-12-31": "2.71690", "2013-09-30": "0.69990", "2013-06-30": "1.04580", "2013-03-31": "1.43290", "2012-12-31": "4.59340", "2012-09-30": "1.53680", "2012-06-30": "2.01520", "2012-03-31": "-1.01330", "2011-12-31": "0.10520", "2011-09-30": "2.88610", "2011-06-30": "1.88230", "2011-03-31": "0.26270", "2010-12-31": "0.47850", "2010-09-30": "0.81290", "2010-06-30": "1.42560", "2010-03-31": "-0.21940", "2009-12-31": "-0.28960", "2009-09-30": "-0.93190", "2009-06-30": "-0.51320", "2009-03-31": "1.01740", "2008-12-31": "-9.59120", "2008-09-30": "2.62970", "2008-06-30": "1.68130", "2008-03-31": "0.64180", "2007-12-31": "0.88710", "2007-09-30": "2.02580", "2007-06-30": "5.11030", "2007-03-31": "2.84910", "2006-12-31": "2.80770", "2006-09-30": "4.25470", "2006-06-30": "4.98030", "2006-03-31": "2.54930", "2005-12-31": "3.75020", "2005-09-30": "2.63010", "2005-06-30": "3.91390", "2005-03-31": "2.62870"}, "ROI - Return On Investment": {"2020-09-30": "-1.09560", "2020-06-30": "4.07960", "2020-03-31": "-5.79660", "2019-12-31": "4.19370", "2019-09-30": "2.07750", "2019-06-30": "2.09010", "2019-03-31": "0.54250", "2018-12-31": "3.23400", "2018-09-30": "2.74520", "2018-06-30": "2.76200", "2018-03-31": "1.87680", "2017-12-31": "7.58290", "2017-09-30": "2.91670", "2017-06-30": "1.96350", "2017-03-31": "1.10610", "2016-12-31": "1.44750", "2016-09-30": "2.22280", "2016-06-30": "3.00530", "2016-03-31": "1.78730", "2015-12-31": "1.38300", "2015-09-30": "4.71500", "2015-06-30": "4.67390", "2015-03-31": "3.38860", "2014-12-31": "4.51450", "2014-09-30": "3.95600", "2014-06-30": "2.47510", "2014-03-31": "3.18640", "2013-12-31": "4.89950", "2013-09-30": "1.31450", "2013-06-30": "1.90230", "2013-03-31": "2.62050", "2012-12-31": "8.31910", "2012-09-30": "2.82190", "2012-06-30": "3.59570", "2012-03-31": "-1.92410", "2011-12-31": "0.19420", "2011-09-30": "5.12980", "2011-06-30": "3.26980", "2011-03-31": "0.45730", "2010-12-31": "0.79860", "2010-09-30": "1.32240", "2010-06-30": "2.30480", "2010-03-31": "-0.35740", "2009-12-31": "-0.47060", "2009-09-30": "-1.48790", "2009-06-30": "-0.80800", "2009-03-31": "1.57800", "2008-12-31": "-15.08410", "2008-09-30": "4.43450", "2008-06-30": "2.94270", "2008-03-31": "1.05660", "2007-12-31": "1.51740", "2007-09-30": "3.28400", "2007-06-30": "8.25790", "2007-03-31": "4.65370", "2006-12-31": "4.56420", "2006-09-30": "6.86420", "2006-06-30": "8.39140", "2006-03-31": "4.13480", "2005-12-31": "6.08730", "2005-09-30": "4.33100", "2005-06-30": "6.75440", "2005-03-31": "4.60310"}, "Book Value Per Share": {"2020-09-30": "49.08540", "2020-06-30": "50.60420", "2020-03-31": "48.28290", "2019-12-31": "55.06090", "2019-09-30": "52.54980", "2019-06-30": "52.66900", "2019-03-31": "52.19930", "2018-12-31": "54.43290", "2018-09-30": "54.06860", "2018-06-30": "53.22780", "2018-03-31": "53.19910", "2017-12-31": "52.77740", "2017-09-30": "48.46030", "2017-06-30": "46.97930", "2017-03-31": "46.18230", "2016-12-31": "46.18810", "2016-09-30": "46.63580", "2016-06-30": "46.29830", "2016-03-31": "45.75450", "2015-12-31": "45.14220", "2015-09-30": "45.27320", "2015-06-30": "44.03620", "2015-03-31": "41.82110", "2014-12-31": "41.30670", "2014-09-30": "40.26040", "2014-06-30": "39.10010", "2014-03-31": "38.25880", "2013-12-31": "37.24260", "2013-09-30": "33.94780", "2013-06-30": "33.25100", "2013-03-31": "33.60750", "2012-12-31": "32.77520", "2012-09-30": "31.41300", "2012-06-30": "30.14720", "2012-03-31": "28.91990", "2011-12-31": "29.53420", "2011-09-30": "29.84000", "2011-06-30": "28.01860", "2011-03-31": "26.70860", "2010-12-31": "26.43440", "2010-09-30": "27.19270", "2010-06-30": "26.58000", "2010-03-31": "25.94910", "2009-12-31": "26.07570", "2009-09-30": "28.22150", "2009-06-30": "29.16030", "2009-03-31": "30.60480", "2008-12-31": "30.25900", "2008-09-30": "37.66850", "2008-06-30": "35.57910", "2008-03-31": "34.50170", "2007-12-31": "34.48550", "2007-09-30": "34.58920", "2007-06-30": "32.73920", "2007-03-31": "31.63640", "2006-12-31": "30.81510", "2006-09-30": "29.39330", "2006-06-30": "27.56550", "2006-03-31": "25.03170", "2005-12-31": "24.37560", "2005-09-30": "22.36920", "2005-06-30": "17.27980", "2005-03-31": "15.65300"}, "Operating Cash Flow Per Share": {"2020-09-30": 0.4054, "2020-06-30": 1.8081, "2020-03-31": "-0.12010", "2019-12-31": 4.1032, "2019-09-30": 3.5157, "2019-06-30": 3.6429, "2019-03-31": "2.09810", "2018-12-31": 3.9058, "2018-09-30": 1.2094, "2018-06-30": 4.778, "2018-03-31": "0.31940", "2017-12-31": 3.6802, "2017-09-30": 2.4223, "2017-06-30": 4.0537, "2017-03-31": "2.19070", "2016-12-31": 2.0792, "2016-09-30": 2.013, "2016-06-30": 4.9369, "2016-03-31": "1.35880", "2015-12-31": 0.8495, "2015-09-30": 2.967, "2015-06-30": 4.6284, "2015-03-31": "2.77710", "2014-12-31": 1.8811, "2014-09-30": 3.5403, "2014-06-30": 2.1253, "2014-03-31": "0.45520", "2013-12-31": 4.5845, "2013-09-30": 0.4338, "2013-06-30": 2.349, "2013-03-31": "2.78600", "2012-12-31": 0.5809, "2012-09-30": 3.7912, "2012-06-30": 2.3041, "2012-03-31": "2.80220", "2011-12-31": -0.5096, "2011-09-30": 2.46, "2011-06-30": 1.5547, "2011-03-31": "3.59160", "2010-12-31": 0.7447, "2010-09-30": 1.4945, "2010-06-30": 1.3744, "2010-03-31": "1.74730", "2009-12-31": -0.0884, "2009-09-30": 0.7781, "2009-06-30": 1.1752, "2009-03-31": "1.50480", "2008-12-31": -0.7476, "2008-09-30": 3.2796, "2008-06-30": 2.2137, "2008-03-31": "1.16080", "2007-12-31": 1.9784, "2007-09-30": -0.4249, "2007-06-30": 4.461, "2007-03-31": "3.06670", "2006-12-31": 1.8726, "2006-09-30": 2.1037, "2006-06-30": 3.3091, "2006-03-31": "2.70190", "2005-12-31": 3.334, "2005-09-30": 3.4096, "2005-06-30": 1.7594, "2005-03-31": "1.44600"}, "Free Cash Flow Per Share": {"2020-09-30": 0.4791, "2020-06-30": -0.3395, "2020-03-31": "-1.19610", "2019-12-31": 0.8579, "2019-09-30": 3.5668, "2019-06-30": 1.2878, "2019-03-31": "0.99040", "2018-12-31": 0.6814, "2018-09-30": 0.1635, "2018-06-30": 3.7689, "2018-03-31": "-0.56940", "2017-12-31": 1.4757, "2017-09-30": 1.6345, "2017-06-30": 3.3898, "2017-03-31": "1.57210", "2016-12-31": 1.3075, "2016-09-30": 1.3282, "2016-06-30": 4.31, "2016-03-31": "0.68790", "2015-12-31": 0.0143, "2015-09-30": 2.1961, "2015-06-30": 3.8861, "2015-03-31": "1.88950", "2014-12-31": 0.5604, "2014-09-30": 2.5852, "2014-06-30": 1.0627, "2014-03-31": "-0.26870", "2013-12-31": 3.8149, "2013-09-30": -0.4573, "2013-06-30": 1.177, "2013-03-31": "1.74820", "2012-12-31": -0.8615, "2012-09-30": 2.5206, "2012-06-30": 1.0631, "2012-03-31": "1.48460", "2011-12-31": -1.8647, "2011-09-30": 1.3643, "2011-06-30": 0.631, "2011-03-31": "2.82720", "2010-12-31": -0.1426, "2010-09-30": 0.7205, "2010-06-30": 0.6696, "2010-03-31": "1.06760", "2009-12-31": -1.1067, "2009-09-30": 0.1072, "2009-06-30": 0.0181, "2009-03-31": "0.08860", "2008-12-31": -2.6882, "2008-09-30": 1.9052, "2008-06-30": 1.0003, "2008-03-31": "0.16820", "2007-12-31": 0.9374, "2007-09-30": -1.3756, "2007-06-30": 3.5542, "2007-03-31": "2.17070", "2006-12-31": 0.643, "2006-09-30": 0.8887, "2006-06-30": 2.0158, "2006-03-31": "1.49840", "2005-12-31": 1.9533, "2005-09-30": 2.6119, "2005-06-30": 0.9691, "2005-03-31": "0.83810"}}, "revenue": {"Valero Energy Annual Revenue (Millions of US $)": {"2020": "$64,912", "2019": "$108,324", "2018": "$117,033", "2017": "$93,980", "2016": "$75,659", "2015": "$87,804", "2014": "$130,844", "2013": "$138,074", "2012": "$138,393", "2011": "$125,987", "2010": "$82,233", "2009": "$64,599", "2008": "$106,676", "2007": "$89,987", "2006": "$87,640", "2005": "$80,616"}, "Valero Energy Quarterly Revenue (Millions of US $)": {"2020-12-31": "$16,604", "2020-09-30": "$15,809", "2020-06-30": "$10,397", "2020-03-31": "$22,102", "2019-12-31": "$27,879", "2019-09-30": "$27,249", "2019-06-30": "$28,933", "2019-03-31": "$24,263", "2018-12-31": "$28,730", "2018-09-30": "$30,849", "2018-06-30": "$31,015", "2018-03-31": "$26,439", "2017-12-31": "$26,392", "2017-09-30": "$23,562", "2017-06-30": "$22,254", "2017-03-31": "$21,772", "2016-12-31": "$20,712", "2016-09-30": "$19,649", "2016-06-30": "$19,584", "2016-03-31": "$15,714", "2015-12-31": "$18,777", "2015-09-30": "$22,579", "2015-06-30": "$25,118", "2015-03-31": "$21,330", "2014-12-31": "$27,859", "2014-09-30": "$34,408", "2014-06-30": "$34,914", "2014-03-31": "$33,663", "2013-12-31": "$34,429", "2013-09-30": "$36,137", "2013-06-30": "$34,034", "2013-03-31": "$33,474", "2012-12-31": "$33,838", "2012-09-30": "$34,726", "2012-06-30": "$34,662", "2012-03-31": "$35,167", "2011-12-31": "$34,673", "2011-09-30": "$33,713", "2011-06-30": "$31,293", "2011-03-31": "$26,308", "2010-12-31": "$22,164", "2010-09-30": "$21,015", "2010-06-30": "$20,561", "2010-03-31": "$18,493", "2009-12-31": "$15,322", "2009-09-30": "$18,573", "2009-06-30": "$17,376", "2009-03-31": "$13,328", "2008-12-31": "$6,131", "2008-09-30": "$35,960", "2008-06-30": "$36,640", "2008-03-31": "$27,945", "2007-12-31": "$23,331", "2007-09-30": "$23,699", "2007-06-30": "$24,202", "2007-03-31": "$18,755", "2006-12-31": "$17,883", "2006-09-30": "$23,238", "2006-06-30": "$25,592", "2006-03-31": "$20,927", "2005-12-31": "$24,348", "2005-09-30": "$23,283", "2005-06-30": "$18,032", "2005-03-31": "$14,953"}}, "gross-profit": {"Valero Energy Annual Gross Profit (Millions of US $)": {"2020": "$-740", "2019": "$4,778", "2018": "$5,594", "2017": "$4,505", "2016": "$10,444", "2015": "$13,153", "2014": "$12,703", "2013": "$10,758", "2012": "$11,908", "2011": "$10,268", "2010": "$7,775", "2009": "$5,913", "2008": "$10,589", "2007": "$12,928", "2006": "$13,777", "2005": "$10,178"}, "Valero Energy Quarterly Gross Profit (Millions of US $)": {"2020-12-31": "$-230", "2020-09-30": "$-398", "2020-06-30": "$1,973", "2020-03-31": "$-2,085", "2019-12-31": "$2,003", "2019-09-30": "$1,119", "2019-06-30": "$1,123", "2019-03-31": "$533", "2018-12-31": "$1,546", "2018-09-30": "$1,451", "2018-06-30": "$1,535", "2018-03-31": "$1,062", "2017-12-31": "$1,110", "2017-09-30": "$1,614", "2017-06-30": "$1,049", "2017-03-31": "$732", "2016-12-31": "$2,410", "2016-09-30": "$2,616", "2016-06-30": "$2,918", "2016-03-31": "$2,500", "2015-12-31": "$2,360", "2015-09-30": "$3,902", "2015-06-30": "$3,724", "2015-03-31": "$3,167", "2014-12-31": "$3,538", "2014-09-30": "$3,385", "2014-06-30": "$2,747", "2014-03-31": "$3,033", "2013-12-31": "$3,252", "2013-09-30": "$2,206", "2013-06-30": "$2,511", "2013-03-31": "$2,789", "2012-12-31": "$3,321", "2012-09-30": "$3,414", "2012-06-30": "$3,041", "2012-03-31": "$2,132", "2011-12-31": "$1,935", "2011-09-30": "$3,680", "2011-06-30": "$2,913", "2011-03-31": "$1,740", "2010-12-31": "$1,904", "2010-09-30": "$2,100", "2010-06-30": "$2,334", "2010-03-31": "$1,437", "2009-12-31": "$1,066", "2009-09-30": "$1,361", "2009-06-30": "$1,362", "2009-03-31": "$2,124", "2008-12-31": "$1,892", "2008-09-30": "$3,454", "2008-06-30": "$2,967", "2008-03-31": "$2,276", "2007-12-31": "$1,902", "2007-09-30": "$2,889", "2007-06-30": "$4,892", "2007-03-31": "$3,245", "2006-12-31": "$2,898", "2006-09-30": "$3,756", "2006-06-30": "$4,281", "2006-03-31": "$2,842", "2005-12-31": "$3,299", "2005-09-30": "$2,645", "2005-06-30": "$2,353", "2005-03-31": "$1,881"}}, "operating-income": {"Valero Energy Annual Operating Income (Millions of US $)": {"2020": "$-1,579", "2019": "$3,836", "2018": "$4,572", "2017": "$3,563", "2016": "$3,534", "2015": "$6,358", "2014": "$5,902", "2013": "$3,957", "2012": "$5,044", "2011": "$3,680", "2010": "$1,876", "2009": "$83", "2008": "$531", "2007": "$6,630", "2006": "$7,722", "2005": "$5,268"}, "Valero Energy Quarterly Operating Income (Millions of US $)": {"2020-12-31": "$-470", "2020-09-30": "$-621", "2020-06-30": "$1,789", "2020-03-31": "$-2,277", "2019-12-31": "$1,739", "2019-09-30": "$881", "2019-06-30": "$908", "2019-03-31": "$308", "2018-12-31": "$1,299", "2018-09-30": "$1,219", "2018-06-30": "$1,253", "2018-03-31": "$801", "2017-12-31": "$843", "2017-09-30": "$1,332", "2017-06-30": "$860", "2017-03-31": "$528", "2016-12-31": "$582", "2016-09-30": "$892", "2016-06-30": "$1,231", "2016-03-31": "$829", "2015-12-31": "$646", "2015-09-30": "$2,139", "2015-06-30": "$2,078", "2015-03-31": "$1,495", "2014-12-31": "$1,796", "2014-09-30": "$1,670", "2014-06-30": "$1,085", "2014-03-31": "$1,351", "2013-12-31": "$1,559", "2013-09-30": "$532", "2013-06-30": "$805", "2013-03-31": "$1,061", "2012-12-31": "$2,618", "2012-09-30": "$1,309", "2012-06-30": "$1,361", "2012-03-31": "$-244", "2011-12-31": "$167", "2011-09-30": "$1,979", "2011-06-30": "$1,290", "2011-03-31": "$244", "2010-12-31": "$378", "2010-09-30": "$590", "2010-06-30": "$904", "2010-03-31": "$4", "2009-12-31": "$-80", "2009-09-30": "$-238", "2009-06-30": "$-192", "2009-03-31": "$593", "2008-12-31": "$-2,939", "2008-09-30": "$1,840", "2008-06-30": "$1,158", "2008-03-31": "$472", "2007-12-31": "$596", "2007-09-30": "$1,168", "2007-06-30": "$3,193", "2007-03-31": "$1,673", "2006-12-31": "$1,390", "2006-09-30": "$2,261", "2006-06-30": "$2,738", "2006-03-31": "$1,333", "2005-12-31": "$1,806", "2005-09-30": "$1,311", "2005-06-30": "$1,305", "2005-03-31": "$846"}}, "ebitda": {"Valero Energy Annual EBITDA (Millions of US $)": {"2019": "$6,091", "2018": "$6,641", "2017": "$5,549", "2016": "$5,428", "2015": "$8,200", "2014": "$7,592", "2013": "$5,677", "2012": "$6,618", "2011": "$5,214", "2010": "$3,349", "2009": "$1,610", "2008": "$6,076", "2007": "$8,006", "2006": "$8,877", "2005": "$6,108"}, "Valero Energy Quarterly EBITDA (Millions of US $)": {"2020-09-30": "$-7", "2020-06-30": "$2,367", "2020-03-31": "$-1,695", "2019-12-31": "$2,310", "2019-09-30": "$1,448", "2019-06-30": "$1,474", "2019-03-31": "$859", "2018-12-31": "$1,830", "2018-09-30": "$1,736", "2018-06-30": "$1,776", "2018-03-31": "$1,299", "2017-12-31": "$1,333", "2017-09-30": "$1,829", "2017-06-30": "$1,359", "2017-03-31": "$1,028", "2016-12-31": "$1,050", "2016-09-30": "$1,362", "2016-06-30": "$1,702", "2016-03-31": "$1,314", "2015-12-31": "$1,140", "2015-09-30": "$2,621", "2015-06-30": "$2,503", "2015-03-31": "$1,936", "2014-12-31": "$2,221", "2014-09-30": "$2,100", "2014-06-30": "$1,499", "2014-03-31": "$1,772", "2013-12-31": "$1,996", "2013-09-30": "$980", "2013-06-30": "$1,210", "2013-03-31": "$1,491", "2012-12-31": "$3,020", "2012-09-30": "$1,711", "2012-06-30": "$1,747", "2012-03-31": "$140", "2011-12-31": "$560", "2011-09-30": "$2,369", "2011-06-30": "$1,676", "2011-03-31": "$609", "2010-12-31": "$755", "2010-09-30": "$962", "2010-06-30": "$1,271", "2010-03-31": "$361", "2009-12-31": "$291", "2009-09-30": "$151", "2009-06-30": "$197", "2009-03-31": "$971", "2008-12-31": "$1,500", "2008-09-30": "$2,210", "2008-06-30": "$1,527", "2008-03-31": "$839", "2007-12-31": "$953", "2007-09-30": "$1,512", "2007-06-30": "$3,534", "2007-03-31": "$2,007", "2006-12-31": "$1,698", "2006-09-30": "$2,555", "2006-06-30": "$3,031", "2006-03-31": "$1,593", "2005-12-31": "$2,058", "2005-09-30": "$1,530", "2005-06-30": "$1,495", "2005-03-31": "$1,025"}}, "net-income": {"Valero Energy Annual Net Income (Millions of US $)": {"2020": "$-1,421", "2019": "$2,422", "2018": "$3,122", "2017": "$4,065", "2016": "$2,289", "2015": "$3,990", "2014": "$3,630", "2013": "$2,720", "2012": "$2,083", "2011": "$2,090", "2010": "$324", "2009": "$-1,982", "2008": "$-1,131", "2007": "$5,234", "2006": "$5,461", "2005": "$3,577"}, "Valero Energy Quarterly Net Income (Millions of US $)": {"2020-12-31": "$-359", "2020-09-30": "$-464", "2020-06-30": "$1,253", "2020-03-31": "$-1,851", "2019-12-31": "$1,060", "2019-09-30": "$609", "2019-06-30": "$612", "2019-03-31": "$141", "2018-12-31": "$952", "2018-09-30": "$856", "2018-06-30": "$845", "2018-03-31": "$469", "2017-12-31": "$2,371", "2017-09-30": "$841", "2017-06-30": "$548", "2017-03-31": "$305", "2016-12-31": "$367", "2016-09-30": "$613", "2016-06-30": "$814", "2016-03-31": "$495", "2015-12-31": "$298", "2015-09-30": "$1,377", "2015-06-30": "$1,351", "2015-03-31": "$964", "2014-12-31": "$1,155", "2014-09-30": "$1,059", "2014-06-30": "$588", "2014-03-31": "$828", "2013-12-31": "$1,288", "2013-09-30": "$312", "2013-06-30": "$466", "2013-03-31": "$654", "2012-12-31": "$1,010", "2012-09-30": "$674", "2012-06-30": "$831", "2012-03-31": "$-432", "2011-12-31": "$45", "2011-09-30": "$1,203", "2011-06-30": "$744", "2011-03-31": "$98", "2010-12-31": "$-438", "2010-09-30": "$292", "2010-06-30": "$583", "2010-03-31": "$-113", "2009-12-31": "$-1,408", "2009-09-30": "$-629", "2009-06-30": "$-254", "2009-03-31": "$309", "2008-12-31": "$-3,278", "2008-09-30": "$1,152", "2008-06-30": "$734", "2008-03-31": "$261", "2007-12-31": "$567", "2007-09-30": "$1,274", "2007-06-30": "$2,249", "2007-03-31": "$1,144", "2006-12-31": "$1,114", "2006-09-30": "$1,603", "2006-06-30": "$1,896", "2006-03-31": "$848", "2005-12-31": "$1,346", "2005-09-30": "$858", "2005-06-30": "$843", "2005-03-31": "$530"}}, "eps-earnings-per-share-diluted": {"Valero Energy Annual EPS": {"2020": "$-3.50", "2019": "$5.84", "2018": "$7.29", "2017": "$9.16", "2016": "$4.94", "2015": "$7.99", "2014": "$6.85", "2013": "$4.97", "2012": "$3.75", "2011": "$3.68", "2010": "$0.57", "2009": "$-3.67", "2008": "$-2.16", "2007": "$8.88", "2006": "$8.64", "2005": "$6.10"}, "Valero Energy Quarterly EPS": {"2020-12-31": "$-0.88", "2020-09-30": "$-1.14", "2020-06-30": "$3.07", "2020-03-31": "$-4.54", "2019-12-31": "$2.55", "2019-09-30": "$1.48", "2019-06-30": "$1.47", "2019-03-31": "$0.34", "2018-12-31": "$2.23", "2018-09-30": "$2.01", "2018-06-30": "$1.96", "2018-03-31": "$1.09", "2017-12-31": "$5.34", "2017-09-30": "$1.91", "2017-06-30": "$1.23", "2017-03-31": "$0.68", "2016-12-31": "$0.83", "2016-09-30": "$1.33", "2016-06-30": "$1.73", "2016-03-31": "$1.05", "2015-12-31": "$0.67", "2015-09-30": "$2.79", "2015-06-30": "$2.66", "2015-03-31": "$1.87", "2014-12-31": "$2.21", "2014-09-30": "$2.00", "2014-06-30": "$1.10", "2014-03-31": "$1.54", "2013-12-31": "$2.37", "2013-09-30": "$0.57", "2013-06-30": "$0.85", "2013-03-31": "$1.18", "2012-12-31": "$1.82", "2012-09-30": "$1.21", "2012-06-30": "$1.50", "2012-03-31": "$-0.78", "2011-12-31": "$0.10", "2011-09-30": "$2.11", "2011-06-30": "$1.30", "2011-03-31": "$0.17", "2010-12-31": "$-0.77", "2010-09-30": "$0.51", "2010-06-30": "$1.03", "2010-03-31": "$-0.20", "2009-12-31": "$-2.66", "2009-09-30": "$-1.12", "2009-06-30": "$-0.48", "2009-03-31": "$0.59", "2008-12-31": "$-6.19", "2008-09-30": "$2.18", "2008-06-30": "$1.37", "2008-03-31": "$0.48", "2007-12-31": "$1.04", "2007-09-30": "$2.09", "2007-06-30": "$3.89", "2007-03-31": "$1.86", "2006-12-31": "$1.79", "2006-09-30": "$2.55", "2006-06-30": "$2.98", "2006-03-31": "$1.32", "2005-12-31": "$2.14", "2005-09-30": "$1.47", "2005-06-30": "$1.53", "2005-03-31": "$0.96"}}, "shares-outstanding": {"Valero Energy Annual Shares Outstanding (Millions of Shares)": {"2020": "407", "2019": "414", "2018": "428", "2017": "444", "2016": "464", "2015": "500", "2014": "530", "2013": "548", "2012": "556", "2011": "569", "2010": "568", "2009": "541", "2008": "524", "2007": "579", "2006": "632", "2005": "588"}, "Valero Energy Quarterly Shares Outstanding (Millions of Shares)": {"2020-12-31": "407", "2020-09-30": "407", "2020-06-30": "407", "2020-03-31": "408", "2019-12-31": "414", "2019-09-30": "413", "2019-06-30": "417", "2019-03-31": "418", "2018-12-31": "428", "2018-09-30": "427", "2018-06-30": "431", "2018-03-31": "432", "2017-12-31": "444", "2017-09-30": "441", "2017-06-30": "446", "2017-03-31": "451", "2016-12-31": "464", "2016-09-30": "460", "2016-06-30": "470", "2016-03-31": "471", "2015-12-31": "500", "2015-09-30": "494", "2015-06-30": "508", "2015-03-31": "516", "2014-12-31": "530", "2014-09-30": "530", "2014-06-30": "534", "2014-03-31": "536", "2013-12-31": "548", "2013-09-30": "545", "2013-06-30": "548", "2013-03-31": "556", "2012-12-31": "556", "2012-09-30": "556", "2012-06-30": "555", "2012-03-31": "551", "2011-12-31": "569", "2011-09-30": "569", "2011-06-30": "574", "2011-03-31": "573", "2010-12-31": "568", "2010-09-30": "568", "2010-06-30": "567", "2010-03-31": "562", "2009-12-31": "541", "2009-09-30": "561", "2009-06-30": "525", "2009-03-31": "519", "2008-12-31": "524", "2008-09-30": "529", "2008-06-30": "534", "2008-03-31": "541", "2007-12-31": "579", "2007-09-30": "564", "2007-06-30": "578", "2007-03-31": "615", "2006-12-31": "632", "2006-09-30": "628", "2006-06-30": "636", "2006-03-31": "644", "2005-12-31": "588", "2005-09-30": "587", "2005-06-30": "555", "2005-03-31": "556"}}, "total-assets": {"Valero Energy Annual Total Assets (Millions of US $)": {"2019": "$53,864", "2018": "$50,155", "2017": "$50,158", "2016": "$46,173", "2015": "$44,227", "2014": "$45,550", "2013": "$47,260", "2012": "$44,477", "2011": "$42,783", "2010": "$37,621", "2009": "$35,572", "2008": "$34,417", "2007": "$42,722", "2006": "$37,753", "2005": "$32,798"}, "Valero Energy Quarterly Total Assets (Millions of US $)": {"2020-09-30": "$51,732", "2020-06-30": "$49,099", "2020-03-31": "$47,747", "2019-12-31": "$53,864", "2019-09-30": "$51,229", "2019-06-30": "$52,022", "2019-03-31": "$52,095", "2018-12-31": "$50,155", "2018-09-30": "$51,894", "2018-06-30": "$50,678", "2018-03-31": "$49,376", "2017-12-31": "$50,158", "2017-09-30": "$47,988", "2017-06-30": "$45,974", "2017-03-31": "$46,047", "2016-12-31": "$46,173", "2016-09-30": "$46,265", "2016-06-30": "$45,452", "2016-03-31": "$44,259", "2015-12-31": "$44,227", "2015-09-30": "$45,825", "2015-06-30": "$47,599", "2015-03-31": "$45,741", "2014-12-31": "$45,550", "2014-09-30": "$48,455", "2014-06-30": "$47,013", "2014-03-31": "$47,099", "2013-12-31": "$47,260", "2013-09-30": "$46,293", "2013-06-30": "$44,177", "2013-03-31": "$45,501", "2012-12-31": "$44,477", "2012-09-30": "$43,792", "2012-06-30": "$41,188", "2012-03-31": "$42,634", "2011-12-31": "$42,783", "2011-09-30": "$41,683", "2011-06-30": "$39,526", "2011-03-31": "$39,592", "2010-12-31": "$37,621", "2010-09-30": "$37,276", "2010-06-30": "$36,477", "2010-03-31": "$36,465", "2009-12-31": "$35,572", "2009-09-30": "$36,805", "2009-06-30": "$37,221", "2009-03-31": "$35,776", "2008-12-31": "$34,417", "2008-09-30": "$43,807", "2008-06-30": "$43,656", "2008-03-31": "$40,669", "2007-12-31": "$42,722", "2007-09-30": "$41,861", "2007-06-30": "$40,350", "2007-03-31": "$38,187", "2006-12-31": "$37,753", "2006-09-30": "$36,642", "2006-06-30": "$36,524", "2006-03-31": "$33,303", "2005-12-31": "$32,798", "2005-09-30": "$32,774", "2005-06-30": "$21,641", "2005-03-31": "$20,314"}}, "cash-on-hand": {"Valero Energy Annual Cash on Hand (Millions of US $)": {"2019": "$2,583", "2018": "$2,982", "2017": "$5,850", "2016": "$4,816", "2015": "$4,114", "2014": "$3,689", "2013": "$4,292", "2012": "$1,723", "2011": "$1,024", "2010": "$3,334", "2009": "$825", "2008": "$1,071", "2007": "$2,495", "2006": "$1,621", "2005": "$466"}, "Valero Energy Quarterly Cash on Hand (Millions of US $)": {"2020-09-30": "$4,047", "2020-06-30": "$2,319", "2020-03-31": "$1,515", "2019-12-31": "$2,583", "2019-09-30": "$2,137", "2019-06-30": "$2,033", "2019-03-31": "$2,777", "2018-12-31": "$2,982", "2018-09-30": "$3,551", "2018-06-30": "$4,451", "2018-03-31": "$4,658", "2017-12-31": "$5,850", "2017-09-30": "$5,176", "2017-06-30": "$5,207", "2017-03-31": "$4,463", "2016-12-31": "$4,816", "2016-09-30": "$5,949", "2016-06-30": "$4,925", "2016-03-31": "$3,778", "2015-12-31": "$4,114", "2015-09-30": "$5,301", "2015-06-30": "$5,764", "2015-03-31": "$4,870", "2014-12-31": "$3,689", "2014-09-30": "$4,191", "2014-06-30": "$3,480", "2014-03-31": "$3,647", "2013-12-31": "$4,292", "2013-09-30": "$1,908", "2013-06-30": "$2,398", "2013-03-31": "$1,857", "2012-12-31": "$1,723", "2012-09-30": "$2,549", "2012-06-30": "$1,295", "2012-03-31": "$1,559", "2011-12-31": "$1,024", "2011-09-30": "$2,829", "2011-06-30": "$4,107", "2011-03-31": "$4,133", "2010-12-31": "$3,334", "2010-09-30": "$2,352", "2010-06-30": "$2,014", "2010-03-31": "$2,016", "2009-12-31": "$825", "2009-09-30": "$1,749", "2009-06-30": "$1,764", "2009-03-31": "$1,854", "2008-12-31": "$1,071", "2008-09-30": "$2,888", "2008-06-30": "$1,744", "2008-03-31": "$1,472", "2007-12-31": "$2,495", "2007-09-30": "$3,140", "2007-06-30": "$2,367", "2007-03-31": "$1,727", "2006-12-31": "$1,621", "2006-09-30": "$1,060", "2006-06-30": "$968", "2006-03-31": "$466", "2005-12-31": "$466", "2005-09-30": "$827", "2005-06-30": "$973", "2005-03-31": "$710"}}, "long-term-debt": {"Valero Energy Annual Long Term Debt (Millions of US $)": {"2019": "$9,178", "2018": "$8,871", "2017": "$8,750", "2016": "$7,886", "2015": "$7,208", "2014": "$5,780", "2013": "$6,261", "2012": "$6,463", "2011": "$6,732", "2010": "$7,515", "2009": "$7,163", "2008": "$6,264", "2007": "$6,470", "2006": "$4,619", "2005": "$5,156"}, "Valero Energy Quarterly Long Term Debt (Millions of US $)": {"2020-09-30": "$14,577", "2020-06-30": "$12,090", "2020-03-31": "$10,574", "2019-12-31": "$9,178", "2019-09-30": "$9,170", "2019-06-30": "$9,167", "2019-03-31": "$9,006", "2018-12-31": "$8,871", "2018-09-30": "$8,877", "2018-06-30": "$8,876", "2018-03-31": "$8,086", "2017-12-31": "$8,750", "2017-09-30": "$8,364", "2017-06-30": "$8,366", "2017-03-31": "$8,369", "2016-12-31": "$7,886", "2016-09-30": "$7,888", "2016-06-30": "$6,646", "2016-03-31": "$7,207", "2015-12-31": "$7,208", "2015-09-30": "$7,252", "2015-06-30": "$7,199", "2015-03-31": "$7,224", "2014-12-31": "$5,780", "2014-09-30": "$5,783", "2014-06-30": "$5,784", "2014-03-31": "$5,860", "2013-12-31": "$6,261", "2013-09-30": "$6,261", "2013-06-30": "$6,261", "2013-03-31": "$6,463", "2012-12-31": "$6,463", "2012-09-30": "$6,463", "2012-06-30": "$6,460", "2012-03-31": "$6,460", "2011-12-31": "$6,732", "2011-09-30": "$6,781", "2011-06-30": "$6,762", "2011-03-31": "$7,517", "2010-12-31": "$7,515", "2010-09-30": "$7,513", "2010-06-30": "$7,511", "2010-03-31": "$7,718", "2009-12-31": "$7,163", "2009-09-30": "$7,162", "2009-06-30": "$7,231", "2009-03-31": "$7,264", "2008-12-31": "$6,264", "2008-09-30": "$6,264", "2008-06-30": "$6,263", "2008-03-31": "$6,471", "2007-12-31": "$6,470", "2007-09-30": "$6,854", "2007-06-30": "$6,855", "2007-03-31": "$4,649", "2006-12-31": "$4,619", "2006-09-30": "$4,897", "2006-06-30": "$4,913", "2006-03-31": "$5,135", "2005-12-31": "$5,156", "2005-09-30": "$6,109", "2005-06-30": "$3,641", "2005-03-31": "$3,610"}}, "total-liabilities": {"Valero Energy Annual Total Liabilities (Millions of US $)": {"2019": "$31,328", "2018": "$27,424", "2017": "$27,258", "2016": "$25,319", "2015": "$22,873", "2014": "$24,306", "2013": "$27,314", "2012": "$26,382", "2011": "$26,338", "2010": "$22,596", "2009": "$20,847", "2008": "$18,797", "2007": "$24,215", "2006": "$19,148", "2005": "$17,748"}, "Valero Energy Quarterly Total Liabilities (Millions of US $)": {"2020-09-30": "$31,716", "2020-06-30": "$28,465", "2020-03-31": "$28,062", "2019-12-31": "$31,328", "2019-09-30": "$29,641", "2019-06-30": "$30,185", "2019-03-31": "$30,316", "2018-12-31": "$27,424", "2018-09-30": "$28,934", "2018-06-30": "$27,874", "2018-03-31": "$26,451", "2017-12-31": "$27,258", "2017-09-30": "$26,764", "2017-06-30": "$25,209", "2017-03-31": "$25,396", "2016-12-31": "$25,319", "2016-09-30": "$25,135", "2016-06-30": "$24,048", "2016-03-31": "$22,764", "2015-12-31": "$22,873", "2015-09-30": "$23,957", "2015-06-30": "$25,593", "2015-03-31": "$24,399", "2014-12-31": "$24,306", "2014-09-30": "$27,393", "2014-06-30": "$26,293", "2014-03-31": "$26,691", "2013-12-31": "$27,314", "2013-09-30": "$27,906", "2013-06-30": "$26,152", "2013-03-31": "$27,083", "2012-12-31": "$26,382", "2012-09-30": "$26,406", "2012-06-30": "$24,565", "2012-03-31": "$26,642", "2011-12-31": "$26,338", "2011-09-30": "$25,013", "2011-06-30": "$23,534", "2011-03-31": "$24,368", "2010-12-31": "$22,596", "2010-09-30": "$21,876", "2010-06-30": "$21,426", "2010-03-31": "$21,799", "2009-12-31": "$20,847", "2009-09-30": "$20,915", "2009-06-30": "$20,814", "2009-03-31": "$19,973", "2008-12-31": "$18,797", "2008-09-30": "$24,093", "2008-06-30": "$24,976", "2008-03-31": "$22,437", "2007-12-31": "$24,215", "2007-09-30": "$22,893", "2007-06-30": "$22,235", "2007-03-31": "$19,457", "2006-12-31": "$19,148", "2006-09-30": "$18,827", "2006-06-30": "$19,760", "2006-03-31": "$17,905", "2005-12-31": "$17,748", "2005-09-30": "$18,980", "2005-06-30": "$12,742", "2005-03-31": "$12,323"}}, "total-share-holder-equity": {"Valero Energy Annual Share Holder Equity (Millions of US $)": {"2019": "$22,536", "2018": "$22,731", "2017": "$22,900", "2016": "$20,854", "2015": "$21,354", "2014": "$21,244", "2013": "$19,946", "2012": "$18,095", "2011": "$16,445", "2010": "$15,025", "2009": "$14,725", "2008": "$15,620", "2007": "$18,507", "2006": "$18,605", "2005": "$15,050"}, "Valero Energy Quarterly Share Holder Equity (Millions of US $)": {"2020-09-30": "$20,016", "2020-06-30": "$20,634", "2020-03-31": "$19,685", "2019-12-31": "$22,536", "2019-09-30": "$21,588", "2019-06-30": "$21,837", "2019-03-31": "$21,779", "2018-12-31": "$22,731", "2018-09-30": "$22,960", "2018-06-30": "$22,804", "2018-03-31": "$22,925", "2017-12-31": "$22,900", "2017-09-30": "$21,224", "2017-06-30": "$20,765", "2017-03-31": "$20,651", "2016-12-31": "$20,854", "2016-09-30": "$21,130", "2016-06-30": "$21,404", "2016-03-31": "$21,495", "2015-12-31": "$21,354", "2015-09-30": "$21,868", "2015-06-30": "$22,006", "2015-03-31": "$21,342", "2014-12-31": "$21,244", "2014-09-30": "$21,062", "2014-06-30": "$20,720", "2014-03-31": "$20,408", "2013-12-31": "$19,946", "2013-09-30": "$18,387", "2013-06-30": "$18,025", "2013-03-31": "$18,418", "2012-12-31": "$18,095", "2012-09-30": "$17,386", "2012-06-30": "$16,623", "2012-03-31": "$15,992", "2011-12-31": "$16,445", "2011-09-30": "$16,670", "2011-06-30": "$15,992", "2011-03-31": "$15,224", "2010-12-31": "$15,025", "2010-09-30": "$15,400", "2010-06-30": "$15,051", "2010-03-31": "$14,666", "2009-12-31": "$14,725", "2009-09-30": "$15,890", "2009-06-30": "$16,407", "2009-03-31": "$15,803", "2008-12-31": "$15,620", "2008-09-30": "$19,714", "2008-06-30": "$18,680", "2008-03-31": "$18,232", "2007-12-31": "$18,507", "2007-09-30": "$18,968", "2007-06-30": "$18,115", "2007-03-31": "$18,730", "2006-12-31": "$18,605", "2006-09-30": "$17,815", "2006-06-30": "$16,764", "2006-03-31": "$15,398", "2005-12-31": "$15,050", "2005-09-30": "$13,794", "2005-06-30": "$8,899", "2005-03-31": "$7,991"}}, "profit-margins": {"current": "-2.19%"}, "gross margin": {"2020-12-31": "-1.14%", "2020-09-30": "1.96%", "2020-06-30": "3.44%", "2020-03-31": "2.03%", "2019-12-31": "4.41%", "2019-09-30": "3.96%", "2019-06-30": "4.13%", "2019-03-31": "4.41%", "2018-12-31": "4.78%", "2018-09-30": "4.50%", "2018-06-30": "4.95%", "2018-03-31": "4.90%", "2017-12-31": "4.79%", "2017-09-30": "6.57%", "2017-06-30": "8.07%", "2017-03-31": "10.62%", "2016-12-31": "13.80%", "2016-09-30": "14.10%", "2016-06-30": "15.24%", "2016-03-31": "15.19%", "2015-12-31": "14.98%", "2015-09-30": "14.79%", "2015-06-30": "12.71%", "2015-03-31": "10.83%", "2014-12-31": "9.71%", "2014-09-30": "9.04%", "2014-06-30": "8.08%", "2014-03-31": "7.96%", "2013-12-31": "7.79%", "2013-09-30": "7.88%", "2013-06-30": "8.84%", "2013-03-31": "9.19%", "2012-12-31": "8.60%", "2012-09-30": "7.56%", "2012-06-30": "7.81%", "2012-03-31": "7.91%", "2011-12-31": "8.15%", "2011-09-30": "9.02%", "2011-06-30": "8.59%", "2011-03-31": "8.97%", "2010-12-31": "9.45%", "2010-09-30": "9.20%", "2010-06-30": "8.50%", "2010-03-31": "7.49%", "2009-12-31": "9.15%", "2009-09-30": "12.16%", "2009-06-30": "12.13%", "2009-03-31": "11.34%", "2008-12-31": "9.93%", "2008-09-30": "8.56%", "2008-06-30": "8.99%", "2008-03-31": "12.06%", "2007-12-31": "14.37%", "2007-09-30": "16.47%", "2007-06-30": "17.59%", "2007-03-31": "16.59%", "2006-12-31": "15.72%", "2006-09-30": "15.07%", "2006-06-30": "13.88%", "2006-03-31": "12.86%", "2005-12-31": "12.63%"}, "operating margin": {"2020-12-31": "-2.43%", "2020-09-30": "0.83%", "2020-06-30": "2.43%", "2020-03-31": "1.18%", "2019-12-31": "3.54%", "2019-09-30": "3.11%", "2019-06-30": "3.31%", "2019-03-31": "3.55%", "2018-12-31": "3.91%", "2018-09-30": "3.59%", "2018-06-30": "3.94%", "2018-03-31": "3.89%", "2017-12-31": "3.79%", "2017-09-30": "3.74%", "2017-06-30": "3.39%", "2017-03-31": "3.96%", "2016-12-31": "4.67%", "2016-09-30": "4.88%", "2016-06-30": "6.32%", "2016-03-31": "6.93%", "2015-12-31": "7.24%", "2015-09-30": "7.75%", "2015-06-30": "6.47%", "2015-03-31": "5.10%", "2014-12-31": "4.51%", "2014-09-30": "4.12%", "2014-06-30": "3.25%", "2014-03-31": "3.07%", "2013-12-31": "2.87%", "2013-09-30": "3.65%", "2013-06-30": "4.26%", "2013-03-31": "4.64%", "2012-12-31": "3.64%", "2012-09-30": "1.86%", "2012-06-30": "2.36%", "2012-03-31": "2.37%", "2011-12-31": "2.92%", "2011-09-30": "3.43%", "2011-06-30": "2.48%", "2011-03-31": "2.35%", "2010-12-31": "2.28%", "2010-09-30": "1.88%", "2010-06-30": "0.81%", "2010-03-31": "-0.73%", "2009-12-31": "0.13%", "2009-09-30": "-5.01%", "2009-06-30": "-0.96%", "2009-03-31": "0.71%", "2008-12-31": "0.50%", "2008-09-30": "3.28%", "2008-06-30": "3.04%", "2008-03-31": "5.47%", "2007-12-31": "7.37%", "2007-09-30": "8.78%", "2007-06-30": "10.13%", "2007-03-31": "9.43%", "2006-12-31": "8.81%", "2006-09-30": "8.65%", "2006-06-30": "7.63%", "2006-03-31": "6.65%", "2005-12-31": "6.53%"}, "ebitda margin": {"2020-09-30": "3.90%", "2020-06-30": "5.06%", "2020-03-31": "3.33%", "2019-12-31": "5.62%", "2019-09-30": "5.14%", "2019-06-30": "5.23%", "2019-03-31": "5.40%", "2018-12-31": "5.67%", "2018-09-30": "5.36%", "2018-06-30": "5.81%", "2018-03-31": "5.90%", "2017-12-31": "5.90%", "2017-09-30": "5.96%", "2017-06-30": "5.69%", "2017-03-31": "6.29%", "2016-12-31": "7.17%", "2016-09-30": "7.48%", "2016-06-30": "8.84%", "2016-03-31": "9.22%", "2015-12-31": "9.34%", "2015-09-30": "9.58%", "2015-06-30": "8.06%", "2015-03-31": "6.54%", "2014-12-31": "5.80%", "2014-09-30": "5.36%", "2014-06-30": "4.49%", "2014-03-31": "4.31%", "2013-12-31": "4.11%", "2013-09-30": "4.87%", "2013-06-30": "5.46%", "2013-03-31": "5.83%", "2012-12-31": "4.78%", "2012-09-30": "2.99%", "2012-06-30": "3.48%", "2012-03-31": "3.52%", "2011-12-31": "4.14%", "2011-09-30": "4.77%", "2011-06-30": "3.97%", "2011-03-31": "3.99%", "2010-12-31": "4.07%", "2010-09-30": "3.83%", "2010-06-30": "2.84%", "2010-03-31": "1.43%", "2009-12-31": "2.49%", "2009-09-30": "5.09%", "2009-06-30": "6.70%", "2009-03-31": "6.74%", "2008-12-31": "5.70%", "2008-09-30": "4.46%", "2008-06-30": "4.33%", "2008-03-31": "6.89%", "2007-12-31": "8.90%", "2007-09-30": "10.35%", "2007-06-30": "11.65%", "2007-03-31": "10.87%", "2006-12-31": "10.13%", "2006-09-30": "9.82%", "2006-06-30": "8.72%", "2006-03-31": "7.71%", "2005-12-31": "7.58%"}, "pre tax profit margin": {"2020-12-31": "-3.10%", "2020-09-30": "0.32%", "2020-06-30": "2.01%", "2020-03-31": "0.85%", "2019-12-31": "3.22%", "2019-09-30": "2.80%", "2019-06-30": "3.02%", "2019-03-31": "3.24%", "2018-12-31": "3.62%", "2018-09-30": "3.29%", "2018-06-30": "3.59%", "2018-03-31": "3.55%", "2017-12-31": "3.41%", "2017-09-30": "3.36%", "2017-06-30": "2.99%", "2017-03-31": "3.53%", "2016-12-31": "4.21%", "2016-09-30": "4.34%", "2016-06-30": "5.80%", "2016-03-31": "6.43%", "2015-12-31": "6.80%", "2015-09-30": "7.35%", "2015-06-30": "6.14%", "2015-03-31": "4.81%", "2014-12-31": "4.24%", "2014-09-30": "4.11%", "2014-06-30": "3.24%", "2014-03-31": "3.07%", "2013-12-31": "2.88%", "2013-09-30": "3.44%", "2013-06-30": "4.06%", "2013-03-31": "4.44%", "2012-12-31": "3.43%", "2012-09-30": "1.63%", "2012-06-30": "2.12%", "2012-03-31": "2.11%", "2011-12-31": "2.64%", "2011-09-30": "3.14%", "2011-06-30": "2.14%", "2011-03-31": "1.95%", "2010-12-31": "1.82%", "2010-09-30": "1.32%", "2010-06-30": "0.20%", "2010-03-31": "-1.35%", "2009-12-31": "-0.49%", "2009-09-30": "-5.67%", "2009-06-30": "-1.36%", "2009-03-31": "0.44%", "2008-12-31": "0.27%", "2008-09-30": "3.06%", "2008-06-30": "2.85%", "2008-03-31": "5.25%", "2007-12-31": "7.15%", "2007-09-30": "8.84%", "2007-06-30": "10.29%", "2007-03-31": "9.63%", "2006-12-31": "9.01%", "2006-09-30": "8.65%", "2006-06-30": "7.48%", "2006-03-31": "6.46%", "2005-12-31": "6.32%"}, "net profit margin": {"2020-12-31": "-2.19%", "2020-09-30": "0.00%", "2020-06-30": "1.22%", "2020-03-31": "0.41%", "2019-12-31": "2.24%", "2019-09-30": "2.12%", "2019-06-30": "2.27%", "2019-03-31": "2.43%", "2018-12-31": "2.67%", "2018-09-30": "3.96%", "2018-06-30": "4.21%", "2018-03-31": "4.29%", "2017-12-31": "4.33%", "2017-09-30": "2.33%", "2017-06-30": "2.17%", "2017-03-31": "2.57%", "2016-12-31": "3.03%", "2016-09-30": "3.01%", "2016-06-30": "3.89%", "2016-03-31": "4.28%", "2015-12-31": "4.54%", "2015-09-30": "5.00%", "2015-06-30": "4.17%", "2015-03-31": "3.18%", "2014-12-31": "2.77%", "2014-09-30": "2.74%", "2014-06-30": "2.17%", "2014-03-31": "2.09%", "2013-12-31": "1.97%", "2013-09-30": "1.78%", "2013-06-30": "2.06%", "2013-03-31": "2.32%", "2012-12-31": "1.51%", "2012-09-30": "0.80%", "2012-06-30": "1.19%", "2012-03-31": "1.16%", "2011-12-31": "1.66%", "2011-09-30": "1.42%", "2011-06-30": "0.69%", "2011-03-31": "0.59%", "2010-12-31": "0.39%", "2010-09-30": "-0.86%", "2010-06-30": "-2.15%", "2010-03-31": "-3.45%", "2009-12-31": "-3.07%", "2009-09-30": "-6.95%", "2009-06-30": "-2.84%", "2009-03-31": "-1.18%", "2008-12-31": "-1.06%", "2008-09-30": "2.19%", "2008-06-30": "2.54%", "2008-03-31": "4.39%", "2007-12-31": "5.82%", "2007-09-30": "6.84%", "2007-06-30": "7.27%", "2007-03-31": "6.74%", "2006-12-31": "6.23%", "2006-09-30": "6.05%", "2006-06-30": "5.26%", "2006-03-31": "4.50%", "2005-12-31": "4.44%"}, "pe ratio": {"current": "0.00", "2021-02-05": "0.00", "2020-12-31": "0.00", "2020-09-30": "0.00", "2020-06-30": "21.91", "2020-03-31": "43.48", "2019-12-31": "14.97", "2019-09-30": "14.33", "2019-06-30": "12.98", "2019-03-31": "11.77", "2018-12-31": "9.23", "2018-09-30": "9.66", "2018-06-30": "9.44", "2018-03-31": "8.44", "2017-12-31": "8.65", "2017-09-30": "14.33", "2017-06-30": "14.22", "2017-03-31": "12.31", "2016-12-31": "11.61", "2016-09-30": "9.28", "2016-06-30": "6.75", "2016-03-31": "7.30", "2015-12-31": "7.14", "2015-09-30": "5.01", "2015-06-30": "5.66", "2015-03-31": "6.95", "2014-12-31": "5.63", "2014-09-30": "5.11", "2014-06-30": "6.92", "2014-03-31": "7.64", "2013-12-31": "7.73", "2013-09-30": "5.87", "2013-06-30": "5.19", "2013-03-31": "5.49", "2012-12-31": "6.25", "2012-09-30": "10.76", "2012-06-30": "5.63", "2012-03-31": "6.41", "2011-12-31": "3.85", "2011-09-30": "4.21", "2011-06-30": "14.03", "2011-03-31": "21.03", "2010-12-31": "26.84", "2010-09-30": "0.00", "2010-06-30": "0.00", "2010-03-31": "0.00", "2009-12-31": "0.00", "2009-09-30": "0.00", "2009-06-30": "0.00", "2009-03-31": "0.00", "2008-12-31": "0.00", "2008-09-30": "3.78", "2008-06-30": "5.21", "2008-03-31": "4.11", "2007-12-31": "4.93", "2007-09-30": "4.34", "2007-06-30": "4.55", "2007-03-31": "4.36", "2006-12-31": "3.66"}, "price sales": {"2021-02-05": "0.39", "2020-12-31": "0.35", "2020-09-30": "0.23", "2020-06-30": "0.27", "2020-03-31": "0.17", "2019-12-31": "0.34", "2019-09-30": "0.30", "2019-06-30": "0.29", "2019-03-31": "0.29", "2018-12-31": "0.25", "2018-09-30": "0.38", "2018-06-30": "0.40", "2018-03-31": "0.36", "2017-12-31": "0.38", "2017-09-30": "0.34", "2017-06-30": "0.31", "2017-03-31": "0.32", "2016-12-31": "0.35", "2016-09-30": "0.28", "2016-06-30": "0.26", "2016-03-31": "0.31", "2015-12-31": "0.33", "2015-09-30": "0.25", "2015-06-30": "0.24", "2015-03-31": "0.22", "2014-12-31": "0.16", "2014-09-30": "0.14", "2014-06-30": "0.15", "2014-03-31": "0.16", "2013-12-31": "0.15", "2013-09-30": "0.10", "2013-06-30": "0.11", "2013-03-31": "0.13", "2012-12-31": "0.09", "2012-09-30": "0.09", "2012-06-30": "0.07", "2012-03-31": "0.07", "2011-12-31": "0.06", "2011-09-30": "0.06", "2011-06-30": "0.10", "2011-03-31": "0.12", "2010-12-31": "0.11", "2010-09-30": "0.09", "2010-06-30": "0.09", "2010-03-31": "0.10", "2009-12-31": "0.09", "2009-09-30": "0.12", "2009-06-30": "0.08", "2009-03-31": "0.07", "2008-12-31": "0.07", "2008-09-30": "0.08", "2008-06-30": "0.13", "2008-03-31": "0.17", "2007-12-31": "0.28", "2007-09-30": "0.29", "2007-06-30": "0.33", "2007-03-31": "0.29", "2006-12-31": "0.23"}, "price book": {"current": "1.26", "2021-02-05": "1.26", "2020-09-30": "0.87", "2020-06-30": "1.12", "2020-03-31": "0.89", "2019-12-31": "1.60", "2019-09-30": "1.51", "2019-06-30": "1.49", "2019-03-31": "1.48", "2018-12-31": "1.24", "2018-09-30": "1.87", "2018-06-30": "1.84", "2018-03-31": "1.53", "2017-12-31": "1.51", "2017-09-30": "1.37", "2017-06-30": "1.23", "2017-03-31": "1.21", "2016-12-31": "1.24", "2016-09-30": "0.94", "2016-06-30": "0.90", "2016-03-31": "1.14", "2015-12-31": "1.26", "2015-09-30": "1.06", "2015-06-30": "1.12", "2015-03-31": "1.20", "2014-12-31": "0.93", "2014-09-30": "0.89", "2014-06-30": "0.99", "2014-03-31": "1.07", "2013-12-31": "1.03", "2013-09-30": "0.76", "2013-06-30": "0.79", "2013-03-31": "0.93", "2012-12-31": "0.71", "2012-09-30": "0.69", "2012-06-30": "0.54", "2012-03-31": "0.60", "2011-12-31": "0.48", "2011-09-30": "0.40", "2011-06-30": "0.61", "2011-03-31": "0.74", "2010-12-31": "0.58", "2010-09-30": "0.43", "2010-06-30": "0.45", "2010-03-31": "0.50", "2009-12-31": "0.42", "2009-09-30": "0.45", "2009-06-30": "0.37", "2009-03-31": "0.37", "2008-12-31": "0.45", "2008-09-30": "0.51", "2008-06-30": "0.73", "2008-03-31": "0.89", "2007-12-31": "1.27", "2007-09-30": "1.21", "2007-06-30": "1.40", "2007-03-31": "1.27", "2006-12-31": "1.03", "2006-09-30": "1.08", "2006-06-30": "1.49", "2006-03-31": "1.47"}, "price fcf": {"2021-02-05": "", "2020-09-30": "$-0.20", "2020-06-30": "$2.89", "2020-03-31": "$4.52", "2019-12-31": "$6.70", "2019-09-30": "$6.53", "2019-06-30": "$3.12", "2019-03-31": "$5.60", "2018-12-31": "$4.04", "2018-09-30": "$4.84", "2018-06-30": "$6.31", "2018-03-31": "$5.93", "2017-12-31": "$8.07", "2017-09-30": "$7.90", "2017-06-30": "$7.60", "2017-03-31": "$8.52", "2016-12-31": "$7.63", "2016-09-30": "$6.34", "2016-06-30": "$7.21", "2016-03-31": "$6.78", "2015-12-31": "$7.99", "2015-09-30": "$8.53", "2015-06-30": "$8.92", "2015-03-31": "$6.10", "2014-12-31": "$3.94", "2014-09-30": "$7.19", "2014-06-30": "$4.15", "2014-03-31": "$4.27", "2013-12-31": "$6.28", "2013-09-30": "$1.61", "2013-06-30": "$4.58", "2013-03-31": "$4.47", "2012-12-31": "$4.21", "2012-09-30": "$3.20", "2012-06-30": "$2.05", "2012-03-31": "$1.62", "2011-12-31": "$2.96", "2011-09-30": "$4.68", "2011-06-30": "$4.04", "2011-03-31": "$4.07", "2010-12-31": "$2.32", "2010-09-30": "$1.35", "2010-06-30": "$0.74", "2010-03-31": "$0.09", "2009-12-31": "$-0.89", "2009-09-30": "$-2.47", "2009-06-30": "$-0.68", "2009-03-31": "$0.31", "2008-12-31": "$0.39", "2008-09-30": "$4.01", "2008-06-30": "$0.73", "2008-03-31": "$3.28", "2007-12-31": "$5.29", "2007-09-30": "$4.99", "2007-06-30": "$7.26", "2007-03-31": "$5.72", "2006-12-31": "$5.05"}, "net worth": {"value": "$25.17B"}, "current ratio": {"2020-12-31": "0.00", "2020-09-30": "1.90", "2020-06-30": "1.75", "2020-03-31": "1.31", "2019-12-31": "1.44", "2019-09-30": "1.40", "2019-06-30": "1.42", "2019-03-31": "1.43", "2018-12-31": "1.65", "2018-09-30": "1.59", "2018-06-30": "1.67", "2018-03-31": "1.70", "2017-12-31": "1.74", "2017-09-30": "1.91", "2017-06-30": "2.05", "2017-03-31": "2.01", "2016-12-31": "2.02", "2016-09-30": "2.05", "2016-06-30": "1.87", "2016-03-31": "2.19", "2015-12-31": "2.13", "2015-09-30": "2.03", "2015-06-30": "1.88", "2015-03-31": "1.94", "2014-12-31": "1.67", "2014-09-30": "1.46", "2014-06-30": "1.47", "2014-03-31": "1.47", "2013-12-31": "1.47", "2013-09-30": "1.36", "2013-06-30": "1.39", "2013-03-31": "1.35", "2012-12-31": "1.38", "2012-09-30": "1.33", "2012-06-30": "1.30", "2012-03-31": "1.21", "2011-12-31": "1.26", "2011-09-30": "1.36", "2011-06-30": "1.44", "2011-03-31": "1.45", "2010-12-31": "1.54", "2010-09-30": "1.45", "2010-06-30": "1.43", "2010-03-31": "1.40", "2009-12-31": "1.40", "2009-09-30": "1.40", "2009-06-30": "1.53", "2009-03-31": "1.68", "2008-12-31": "1.52", "2008-09-30": "1.26", "2008-06-30": "1.19", "2008-03-31": "1.23", "2007-12-31": "1.26", "2007-09-30": "1.43", "2007-06-30": "1.43", "2007-03-31": "1.22", "2006-12-31": "1.34", "2006-09-30": "1.21", "2006-06-30": "1.12", "2006-03-31": "1.10", "2005-12-31": "1.13", "2005-09-30": "1.14", "2005-06-30": "1.17", "2005-03-31": "1.06"}, "quick ratio": {"2020-12-31": "0.00", "2020-09-30": "1.24", "2020-06-30": "1.01", "2020-03-31": "0.89", "2019-12-31": "0.91", "2019-09-30": "0.88", "2019-06-30": "0.92", "2019-03-31": "0.92", "2018-12-31": "1.04", "2018-09-30": "0.99", "2018-06-30": "1.11", "2018-03-31": "1.09", "2017-12-31": "1.17", "2017-09-30": "1.24", "2017-06-30": "1.31", "2017-03-31": "1.25", "2016-12-31": "1.33", "2016-09-30": "1.33", "2016-06-30": "1.16", "2016-03-31": "1.30", "2015-12-31": "1.29", "2015-09-30": "1.24", "2015-06-30": "1.20", "2015-03-31": "1.17", "2014-12-31": "1.00", "2014-09-30": "0.95", "2014-06-30": "0.95", "2014-03-31": "0.92", "2013-12-31": "1.03", "2013-09-30": "0.84", "2013-06-30": "0.86", "2013-03-31": "0.81", "2012-12-31": "0.88", "2012-09-30": "0.86", "2012-06-30": "0.80", "2012-03-31": "0.74", "2011-12-31": "0.81", "2011-09-30": "0.92", "2011-06-30": "1.05", "2011-03-31": "1.03", "2010-12-31": "0.98", "2010-09-30": "0.86", "2010-06-30": "0.83", "2010-03-31": "0.82", "2009-12-31": "0.81", "2009-09-30": "0.81", "2009-06-30": "0.90", "2009-03-31": "0.93", "2008-12-31": "0.78", "2008-09-30": "0.85", "2008-06-30": "0.81", "2008-03-31": "0.78", "2007-12-31": "0.92", "2007-09-30": "0.98", "2007-06-30": "0.95", "2007-03-31": "0.68", "2006-12-31": "0.89", "2006-09-30": "0.63", "2006-06-30": "0.61", "2006-03-31": "0.51", "2005-12-31": "0.58", "2005-09-30": "0.58", "2005-06-30": "0.65", "2005-03-31": "0.55"}, "debt equity ratio": {"current": "0.73", "2020-12-31": "0.00", "2020-09-30": "1.59", "2020-06-30": "1.38", "2020-03-31": "1.43", "2019-12-31": "1.39", "2019-09-30": "1.37", "2019-06-30": "1.38", "2019-03-31": "1.39", "2018-12-31": "1.21", "2018-09-30": "1.26", "2018-06-30": "1.22", "2018-03-31": "1.15", "2017-12-31": "1.19", "2017-09-30": "1.26", "2017-06-30": "1.21", "2017-03-31": "1.23", "2016-12-31": "1.21", "2016-09-30": "1.19", "2016-06-30": "1.12", "2016-03-31": "1.06", "2015-12-31": "1.07", "2015-09-30": "1.10", "2015-06-30": "1.16", "2015-03-31": "1.14", "2014-12-31": "1.14", "2014-09-30": "1.30", "2014-06-30": "1.27", "2014-03-31": "1.31", "2013-12-31": "1.37", "2013-09-30": "1.52", "2013-06-30": "1.45", "2013-03-31": "1.47", "2012-12-31": "1.46", "2012-09-30": "1.52", "2012-06-30": "1.48", "2012-03-31": "1.67", "2011-12-31": "1.60", "2011-09-30": "1.50", "2011-06-30": "1.47", "2011-03-31": "1.60", "2010-12-31": "1.50", "2010-09-30": "1.42", "2010-06-30": "1.42", "2010-03-31": "1.49", "2009-12-31": "1.42", "2009-09-30": "1.32", "2009-06-30": "1.27", "2009-03-31": "1.26", "2008-12-31": "1.20", "2008-09-30": "1.22", "2008-06-30": "1.34", "2008-03-31": "1.23", "2007-12-31": "1.31", "2007-09-30": "1.21", "2007-06-30": "1.23", "2007-03-31": "1.04", "2006-12-31": "1.03", "2006-09-30": "1.06", "2006-06-30": "1.18", "2006-03-31": "1.16", "2005-12-31": "1.18", "2005-09-30": "1.38", "2005-06-30": "1.43", "2005-03-31": "1.54"}, "return on equity": {"2020-12-31": "-9.42%", "2020-09-30": "-0.01%", "2020-06-30": "5.07%", "2020-03-31": "2.01%", "2019-12-31": "11.04%", "2019-09-30": "10.53%", "2019-06-30": "11.47%", "2019-03-31": "12.38%", "2018-12-31": "13.66%", "2018-09-30": "19.83%", "2018-06-30": "20.15%", "2018-03-31": "19.26%", "2017-12-31": "19.01%", "2017-09-30": "9.87%", "2017-06-30": "8.79%", "2017-03-31": "9.99%", "2016-12-31": "10.79%", "2016-09-30": "10.40%", "2016-06-30": "13.86%", "2016-03-31": "16.24%", "2015-12-31": "18.44%", "2015-09-30": "22.42%", "2015-06-30": "21.15%", "2015-03-31": "17.86%", "2014-12-31": "17.40%", "2014-09-30": "18.33%", "2014-06-30": "15.18%", "2014-03-31": "15.08%", "2013-12-31": "14.55%", "2013-09-30": "13.39%", "2013-06-30": "15.59%", "2013-03-31": "17.97%", "2012-12-31": "12.24%", "2012-09-30": "6.73%", "2012-06-30": "10.02%", "2012-03-31": "9.59%", "2011-12-31": "13.00%", "2011-09-30": "10.22%", "2011-06-30": "4.52%", "2011-03-31": "3.53%", "2010-12-31": "2.15%", "2010-09-30": "-4.32%", "2010-06-30": "-10.39%", "2010-03-31": "-15.59%", "2009-12-31": "-12.62%", "2009-09-30": "-24.18%", "2009-06-30": "-12.26%", "2009-03-31": "-6.20%", "2008-12-31": "-6.26%", "2008-09-30": "14.45%", "2008-06-30": "15.25%", "2008-03-31": "23.58%", "2007-12-31": "28.17%", "2007-09-30": "31.07%", "2007-06-30": "33.36%", "2007-03-31": "32.02%", "2006-12-31": "31.85%", "2006-09-30": "35.02%", "2006-06-30": "32.44%", "2006-03-31": "29.32%", "2005-12-31": "31.29%"}, "return on assets": {"2020-12-31": "-3.83%", "2020-09-30": "0.00%", "2020-06-30": "2.12%", "2020-03-31": "0.84%", "2019-12-31": "4.63%", "2019-09-30": "4.50%", "2019-06-30": "4.97%", "2019-03-31": "5.46%", "2018-12-31": "6.18%", "2018-09-30": "8.99%", "2018-06-30": "9.13%", "2018-03-31": "8.74%", "2017-12-31": "8.55%", "2017-09-30": "4.43%", "2017-06-30": "3.97%", "2017-03-31": "4.56%", "2016-12-31": "5.03%", "2016-09-30": "4.93%", "2016-06-30": "6.64%", "2016-03-31": "7.74%", "2015-12-31": "8.70%", "2015-09-30": "10.50%", "2015-06-30": "9.67%", "2015-03-31": "8.07%", "2014-12-31": "7.72%", "2014-09-30": "7.93%", "2014-06-30": "6.43%", "2014-03-31": "6.26%", "2013-12-31": "5.94%", "2013-09-30": "5.41%", "2013-06-30": "6.30%", "2013-03-31": "7.25%", "2012-12-31": "4.84%", "2012-09-30": "2.62%", "2012-06-30": "3.91%", "2012-03-31": "3.74%", "2011-12-31": "5.11%", "2011-09-30": "4.06%", "2011-06-30": "1.81%", "2011-03-31": "1.42%", "2010-12-31": "0.88%", "2010-09-30": "-1.77%", "2010-06-30": "-4.31%", "2010-03-31": "-6.58%", "2009-12-31": "-5.45%", "2009-09-30": "-10.68%", "2009-06-30": "-5.48%", "2009-03-31": "-2.75%", "2008-12-31": "-2.78%", "2008-09-30": "6.35%", "2008-06-30": "6.72%", "2008-03-31": "10.51%", "2007-12-31": "12.83%", "2007-09-30": "14.62%", "2007-06-30": "15.98%", "2007-03-31": "15.44%", "2006-12-31": "15.15%", "2006-09-30": "16.35%", "2006-06-30": "14.62%", "2006-03-31": "12.93%", "2005-12-31": "13.31%"}, "return on investments": {"2020-12-31": "-6.47%", "2020-09-30": "1.95%", "2020-06-30": "6.80%", "2020-03-31": "4.04%", "2019-12-31": "12.35%", "2019-09-30": "10.94%", "2019-06-30": "11.93%", "2019-03-31": "12.96%", "2018-12-31": "14.50%", "2018-09-30": "13.05%", "2018-06-30": "13.65%", "2018-03-31": "12.64%", "2017-12-31": "11.94%", "2017-09-30": "11.34%", "2017-06-30": "9.88%", "2017-03-31": "11.26%", "2016-12-31": "12.34%", "2016-09-30": "12.59%", "2016-06-30": "16.94%", "2016-03-31": "19.70%", "2015-12-31": "22.03%", "2015-09-30": "26.36%", "2015-06-30": "25.22%", "2015-03-31": "22.20%", "2014-12-31": "22.14%", "2014-09-30": "21.41%", "2014-06-30": "17.47%", "2014-03-31": "16.75%", "2013-12-31": "15.82%", "2013-09-30": "20.40%", "2013-06-30": "23.75%", "2013-03-31": "26.35%", "2012-12-31": "21.48%", "2012-09-30": "11.21%", "2012-06-30": "14.16%", "2012-03-31": "13.90%", "2011-12-31": "15.98%", "2011-09-30": "17.01%", "2011-06-30": "11.00%", "2011-03-31": "9.33%", "2010-12-31": "8.30%", "2010-09-30": "6.32%", "2010-06-30": "2.63%", "2010-03-31": "-2.23%", "2009-12-31": "0.36%", "2009-09-30": "-12.12%", "2009-06-30": "-2.95%", "2009-03-31": "2.72%", "2008-12-31": "2.18%", "2008-09-30": "16.17%", "2008-06-30": "13.52%", "2008-03-31": "21.61%", "2007-12-31": "26.75%", "2007-09-30": "30.49%", "2007-06-30": "36.13%", "2007-03-31": "35.44%", "2006-12-31": "35.04%", "2006-09-30": "38.24%", "2006-06-30": "34.93%", "2006-03-31": "31.46%", "2005-12-31": "32.80%"}, "return on tangible equity": {"2020-09-30": "-0.01%", "2020-06-30": "5.07%", "2020-03-31": "2.01%", "2019-12-31": "11.04%", "2019-09-30": "10.53%", "2019-06-30": "11.47%", "2019-03-31": "12.38%", "2018-12-31": "13.66%", "2018-09-30": "19.83%", "2018-06-30": "20.15%", "2018-03-31": "19.26%", "2017-12-31": "19.01%", "2017-09-30": "9.87%", "2017-06-30": "8.79%", "2017-03-31": "9.99%", "2016-12-31": "10.79%", "2016-09-30": "10.40%", "2016-06-30": "13.86%", "2016-03-31": "16.24%", "2015-12-31": "18.44%", "2015-09-30": "22.42%", "2015-06-30": "21.15%", "2015-03-31": "17.86%", "2014-12-31": "17.40%", "2014-09-30": "18.33%", "2014-06-30": "15.21%", "2014-03-31": "15.14%", "2013-12-31": "14.65%", "2013-09-30": "13.53%", "2013-06-30": "15.77%", "2013-03-31": "18.19%", "2012-12-31": "12.39%", "2012-09-30": "6.82%", "2012-06-30": "10.17%", "2012-03-31": "9.72%", "2011-12-31": "13.18%", "2011-09-30": "10.37%", "2011-06-30": "4.58%", "2011-03-31": "3.58%", "2010-12-31": "2.19%", "2010-09-30": "-4.38%", "2010-06-30": "-10.55%", "2010-03-31": "-15.82%", "2009-12-31": "-12.80%", "2009-09-30": "-24.52%", "2009-06-30": "-13.24%", "2009-03-31": "-7.13%", "2008-12-31": "-7.66%", "2008-09-30": "18.76%", "2008-06-30": "19.87%", "2008-03-31": "30.84%", "2007-12-31": "36.88%", "2007-09-30": "40.74%", "2007-06-30": "44.12%", "2007-03-31": "42.78%", "2006-12-31": "43.87%", "2006-09-30": "50.14%", "2006-06-30": "48.63%", "2006-03-31": "44.89%", "2005-12-31": "48.00%"}, "dividend yield history": {"last payout": "$3.92", "last yield": "6.35%"}}