{"ticker": "VMI", "price": {"title": "Valmont Industries Historical Annual Stock Price Data", "value": 212.42, "historical": {"2021": {"Average Stock Price": "200.9608", "Year Open": "173.2100", "Year High": "214.8600", "Year Low": "173.2100", "Year Close": "212.4200", "Annual % Change": "21.43%"}, "2020": {"Average Stock Price": "129.9291", "Year Open": "148.9500", "Year High": "175.2500", "Year Low": "86.2300", "Year Close": "174.9300", "Annual % Change": "16.79%"}, "2019": {"Average Stock Price": "132.3648", "Year Open": "110.5300", "Year High": "150.8900", "Year Low": "109.0700", "Year Close": "149.7800", "Annual % Change": "35.00%"}, "2018": {"Average Stock Price": "141.8772", "Year Open": "167.3500", "Year High": "171.1000", "Year Low": "104.2200", "Year Close": "110.9500", "Annual % Change": "-33.10%"}, "2017": {"Average Stock Price": "152.8550", "Year Open": "143.2500", "Year High": "172.8500", "Year Low": "136.0500", "Year Close": "165.8500", "Annual % Change": "17.71%"}, "2016": {"Average Stock Price": "128.6357", "Year Open": "105.8800", "Year High": "155.4000", "Year Low": "98.9500", "Year Close": "140.9000", "Annual % Change": "32.90%"}, "2015": {"Average Stock Price": "115.8086", "Year Open": "127.2700", "Year High": "128.2600", "Year Low": "93.9900", "Year Close": "106.0200", "Annual % Change": "-16.52%"}, "2014": {"Average Stock Price": "144.6404", "Year Open": "147.7800", "Year High": "161.1100", "Year Low": "123.7500", "Year Close": "127.0000", "Annual % Change": "-14.83%"}, "2013": {"Average Stock Price": "145.5563", "Year Open": "139.1800", "Year High": "164.5000", "Year Low": "132.0800", "Year Close": "149.1200", "Annual % Change": "9.21%"}, "2012": {"Average Stock Price": "121.9589", "Year Open": "92.0700", "Year High": "141.1300", "Year Low": "92.0700", "Year Close": "136.5500", "Annual % Change": "50.40%"}, "2011": {"Average Stock Price": "93.0329", "Year Open": "89.0300", "Year High": "110.2600", "Year Low": "74.2700", "Year Close": "90.7900", "Annual % Change": "2.32%"}, "2010": {"Average Stock Price": "77.2480", "Year Open": "79.3100", "Year High": "88.9400", "Year Low": "67.0300", "Year Close": "88.7300", "Annual % Change": "13.10%"}, "2009": {"Average Stock Price": "68.2679", "Year Open": "64.7600", "Year High": "88.5000", "Year Low": "38.4500", "Year Close": "78.4500", "Annual % Change": "27.85%"}, "2008": {"Average Stock Price": "85.8268", "Year Open": "88.5800", "Year High": "119.4500", "Year Low": "38.2200", "Year Close": "61.3600", "Annual % Change": "-31.15%"}, "2007": {"Average Stock Price": "72.4198", "Year Open": "53.9900", "Year High": "98.7800", "Year Low": "51.8500", "Year Close": "89.1200", "Annual % Change": "60.61%"}, "2006": {"Average Stock Price": "48.2908", "Year Open": "34.0800", "Year High": "60.4500", "Year Low": "33.9700", "Year Close": "55.4900", "Annual % Change": "65.84%"}, "2005": {"Average Stock Price": "26.9592", "Year Open": "24.1600", "Year High": "35.2000", "Year Low": "21.3700", "Year Close": "33.4600", "Annual % Change": "33.25%"}, "2004": {"Average Stock Price": "21.7969", "Year Open": "23.4000", "Year High": "25.4300", "Year Low": "19.7300", "Year Close": "25.1100", "Annual % Change": "8.47%"}, "2003": {"Average Stock Price": "20.7019", "Year Open": "19.7500", "Year High": "24.2400", "Year Low": "17.9000", "Year Close": "23.1500", "Annual % Change": "19.33%"}, "2002": {"Average Stock Price": "20.0280", "Year Open": "14.8800", "Year High": "25.2000", "Year Low": "14.3500", "Year Close": "19.4000", "Annual % Change": "34.16%"}, "2001": {"Average Stock Price": "16.4120", "Year Open": "16.9800", "Year High": "20.3100", "Year Low": "13.1100", "Year Close": "14.4600", "Annual % Change": "-21.33%"}, "2000": {"Average Stock Price": "18.7981", "Year Open": "16.6200", "Year High": "21.5000", "Year Low": "14.6900", "Year Close": "18.3800", "Annual % Change": "14.45%"}, "1999": {"Average Stock Price": "15.5908", "Year Open": "14.3800", "Year High": "17.7500", "Year Low": "11.6200", "Year Close": "16.0600", "Annual % Change": "15.71%"}, "1998": {"Average Stock Price": "18.4010", "Year Open": "21.2500", "Year High": "24.6200", "Year Low": "12.2500", "Year Close": "13.8800", "Annual % Change": "-28.82%"}, "1997": {"Average Stock Price": "20.6911", "Year Open": "20.2500", "Year High": "23.7500", "Year Low": "18.7500", "Year Close": "19.5000", "Annual % Change": "-5.45%"}, "1996": {"Average Stock Price": "15.8603", "Year Open": "12.3750", "Year High": "20.6250", "Year Low": "12.1250", "Year Close": "20.6250", "Annual % Change": "66.67%"}, "1995": {"Average Stock Price": "10.7617", "Year Open": "8.1900", "Year High": "12.8750", "Year Low": "8.1250", "Year Close": "12.3750", "Annual % Change": "45.59%"}, "1994": {"Average Stock Price": "8.0818", "Year Open": "10.0000", "Year High": "10.0000", "Year Low": "7.0000", "Year Close": "8.5000", "Annual % Change": "-15.00%"}, "1993": {"Average Stock Price": "8.7218", "Year Open": "8.7500", "Year High": "11.1250", "Year Low": "6.7500", "Year Close": "10.0000", "Annual % Change": "9.59%"}, "1992": {"Average Stock Price": "7.2344", "Year Open": "5.5000", "Year High": "9.3750", "Year Low": "5.2500", "Year Close": "9.1250", "Annual % Change": "65.91%"}, "1991": {"Average Stock Price": "7.0550", "Year Open": "5.6250", "Year High": "9.1900", "Year Low": "5.1250", "Year Close": "5.5000", "Annual % Change": "-5.34%"}}}, "market cap": {"value": "$4.51B"}, "income statement": {"Revenue": {"2019-12-31": "2766.97600", "2018-12-31": "2757.14400", "2017-12-31": "2745.96700", "2016-12-31": "2521.67600", "2015-12-31": "2618.92400", "2014-12-31": "3123.14300", "2013-12-31": "3304.21100", "2012-12-31": "3029.54100", "2011-12-31": "2661.48000", "2010-12-31": "1975.50500", "2009-12-31": "1786.60100", "2008-12-31": "1907.27800", "2007-12-31": "1499.83400", "2006-12-31": "1281.28100", "2005-12-31": "1108.10000"}, "Cost Of Goods Sold": {"2019-12-31": "2074.48000", "2018-12-31": "2098.86400", "2017-12-31": "2064.19900", "2016-12-31": "1865.43300", "2015-12-31": "1997.89100", "2014-12-31": "2315.02600", "2013-12-31": "2358.98300", "2012-12-31": "2227.08500", "2011-12-31": "1994.67000", "2010-12-31": "1455.93100", "2009-12-31": "1254.58700", "2008-12-31": "1396.79400", "2007-12-31": "1099.98900", "2006-12-31": "954.55500", "2005-12-31": "829.80500"}, "Gross Profit": {"2019-12-31": "692.49610", "2018-12-31": "658.28000", "2017-12-31": "681.76810", "2016-12-31": "656.24300", "2015-12-31": "621.03300", "2014-12-31": "808.11690", "2013-12-31": "945.22800", "2012-12-31": "802.45610", "2011-12-31": "666.81010", "2010-12-31": "519.57400", "2009-12-31": "532.01390", "2008-12-31": "510.48400", "2007-12-31": "399.84500", "2006-12-31": "326.72600", "2005-12-31": "278.29500"}, "Research And Development Expenses": {"2019-12-31": "", "2018-12-31": "", "2017-12-31": "", "2016-12-31": "", "2015-12-31": "", "2014-12-31": "", "2013-12-31": "", "2012-12-31": "", "2011-12-31": "", "2010-12-31": "", "2009-12-31": "", "2008-12-31": "", "2007-12-31": "", "2006-12-31": "", "2005-12-31": ""}, "SG&A Expenses": {"2019-12-31": "454.77600", "2018-12-31": "440.22000", "2017-12-31": "414.68800", "2016-12-31": "410.86900", "2015-12-31": "447.36800", "2014-12-31": "450.40100", "2013-12-31": "472.15900", "2012-12-31": "420.16000", "2011-12-31": "403.50000", "2010-12-31": "341.16100", "2009-12-31": "294.02000", "2008-12-31": "281.89300", "2007-12-31": "244.21900", "2006-12-31": "216.64100", "2005-12-31": "195.43200"}, "Other Operating Income Or Expenses": {"2019-12-31": "", "2018-12-31": "", "2017-12-31": "", "2016-12-31": "", "2015-12-31": "", "2014-12-31": "", "2013-12-31": "", "2012-12-31": "", "2011-12-31": "", "2010-12-31": "", "2009-12-31": "", "2008-12-31": "", "2007-12-31": "", "2006-12-31": "", "2005-12-31": ""}, "Operating Expenses": {"2019-12-31": "2529.25600", "2018-12-31": "2554.86400", "2017-12-31": "2478.88700", "2016-12-31": "2276.30200", "2015-12-31": "2487.22900", "2014-12-31": "2765.42700", "2013-12-31": "2831.14200", "2012-12-31": "2647.24500", "2011-12-31": "2398.17000", "2010-12-31": "1797.09200", "2009-12-31": "1548.60700", "2008-12-31": "1678.68700", "2007-12-31": "1344.20800", "2006-12-31": "1171.19600", "2005-12-31": "1025.23700"}, "Operating Income": {"2019-12-31": "237.72020", "2018-12-31": "202.28000", "2017-12-31": "267.08010", "2016-12-31": "245.37400", "2015-12-31": "131.69510", "2014-12-31": "357.71580", "2013-12-31": "473.06910", "2012-12-31": "382.29610", "2011-12-31": "263.31010", "2010-12-31": "178.41300", "2009-12-31": "237.99390", "2008-12-31": "228.59090", "2007-12-31": "155.62600", "2006-12-31": "110.08500", "2005-12-31": "82.86290"}, "Total Non-Operating Income/Expense": {"2019-12-31": "-28.04700", "2018-12-31": "-58.83900", "2017-12-31": "-38.61600", "2016-12-31": "-24.92000", "2015-12-31": "-38.68800", "2014-12-31": "-73.53300", "2013-12-31": "-23.65200", "2012-12-31": "-23.00600", "2011-12-31": "-29.55300", "2010-12-31": "-25.43100", "2009-12-31": "-11.91000", "2008-12-31": "-23.07200", "2007-12-31": "-15.45700", "2006-12-31": "-13.76600", "2005-12-31": "-18.49000"}, "Pre-Tax Income": {"2019-12-31": "209.67300", "2018-12-31": "143.44100", "2017-12-31": "228.46400", "2016-12-31": "220.45400", "2015-12-31": "93.00700", "2014-12-31": "284.18300", "2013-12-31": "449.41700", "2012-12-31": "359.29000", "2011-12-31": "233.75700", "2010-12-31": "152.98200", "2009-12-31": "226.08400", "2008-12-31": "205.51900", "2007-12-31": "140.16900", "2006-12-31": "96.31900", "2005-12-31": "64.37300"}, "Income Taxes": {"2019-12-31": "50.20700", "2018-12-31": "43.13500", "2017-12-31": "106.14500", "2016-12-31": "42.06300", "2015-12-31": "47.42700", "2014-12-31": "94.89400", "2013-12-31": "157.78100", "2012-12-31": "126.50200", "2011-12-31": "4.59000", "2010-12-31": "55.00800", "2009-12-31": "72.89400", "2008-12-31": "70.21300", "2007-12-31": "44.02000", "2006-12-31": "30.82000", "2005-12-31": "24.34800"}, "Income After Taxes": {"2019-12-31": "159.46600", "2018-12-31": "100.30600", "2017-12-31": "122.31900", "2016-12-31": "178.39100", "2015-12-31": "45.58000", "2014-12-31": "189.28900", "2013-12-31": "291.63600", "2012-12-31": "232.78800", "2011-12-31": "229.16700", "2010-12-31": "97.97400", "2009-12-31": "153.19000", "2008-12-31": "135.30600", "2007-12-31": "96.14900", "2006-12-31": "65.49900", "2005-12-31": "40.02500"}, "Other Income": {"2019-12-31": "", "2018-12-31": "", "2017-12-31": "", "2016-12-31": "", "2015-12-31": "", "2014-12-31": "", "2013-12-31": "-12.01100", "2012-12-31": "", "2011-12-31": "", "2010-12-31": "", "2009-12-31": "", "2008-12-31": "", "2007-12-31": "", "2006-12-31": "", "2005-12-31": ""}, "Income From Continuous Operations": {"2019-12-31": "159.46600", "2018-12-31": "100.30600", "2017-12-31": "122.31900", "2016-12-31": "178.39100", "2015-12-31": "45.33300", "2014-12-31": "189.31800", "2013-12-31": "280.46000", "2012-12-31": "238.91600", "2011-12-31": "237.22600", "2010-12-31": "100.41300", "2009-12-31": "153.94100", "2008-12-31": "136.22000", "2007-12-31": "96.83500", "2006-12-31": "61.54400", "2005-12-31": "39.07900"}, "Income From Discontinued Operations": {"2019-12-31": "", "2018-12-31": "", "2017-12-31": "", "2016-12-31": "", "2015-12-31": "", "2014-12-31": "", "2013-12-31": "", "2012-12-31": "", "2011-12-31": "", "2010-12-31": "", "2009-12-31": "", "2008-12-31": "", "2007-12-31": "", "2006-12-31": "", "2005-12-31": ""}, "Net Income": {"2019-12-31": "153.76900", "2018-12-31": "94.35100", "2017-12-31": "116.24000", "2016-12-31": "173.23200", "2015-12-31": "40.11700", "2014-12-31": "183.97600", "2013-12-31": "278.48900", "2012-12-31": "234.07200", "2011-12-31": "228.30800", "2010-12-31": "94.37900", "2009-12-31": "150.56200", "2008-12-31": "132.39700", "2007-12-31": "94.71300", "2006-12-31": "61.54400", "2005-12-31": "39.07900"}, "EBITDA": {"2019-12-31": "319.98420", "2018-12-31": "300.88700", "2017-12-31": "352.03710", "2016-12-31": "327.79100", "2015-12-31": "264.80910", "2014-12-31": "447.04380", "2013-12-31": "562.66610", "2012-12-31": "452.51420", "2011-12-31": "337.87010", "2010-12-31": "238.07600", "2009-12-31": "282.74190", "2008-12-31": "268.18790", "2007-12-31": "190.80200", "2006-12-31": "146.62600", "2005-12-31": "122.25490"}, "EBIT": {"2019-12-31": "237.72020", "2018-12-31": "202.28000", "2017-12-31": "267.08010", "2016-12-31": "245.37400", "2015-12-31": "131.69510", "2014-12-31": "357.71580", "2013-12-31": "473.06910", "2012-12-31": "382.29610", "2011-12-31": "263.31010", "2010-12-31": "178.41300", "2009-12-31": "237.99390", "2008-12-31": "228.59090", "2007-12-31": "155.62600", "2006-12-31": "110.08500", "2005-12-31": "82.86290"}, "Basic Shares Outstanding": {"2019-12-31": "21.65900", "2018-12-31": "22.30600", "2017-12-31": "22.52000", "2016-12-31": "22.56200", "2015-12-31": "23.28800", "2014-12-31": "25.71900", "2013-12-31": "26.64100", "2012-12-31": "26.47100", "2011-12-31": "26.32900", "2010-12-31": "26.10000", "2009-12-31": "25.95100", "2008-12-31": "25.81500", "2007-12-31": "25.53500", "2006-12-31": "25.19700", "2005-12-31": "24.28700"}, "Shares Outstanding": {"2019-12-31": "21.76900", "2018-12-31": "22.44600", "2017-12-31": "22.73800", "2016-12-31": "22.70900", "2015-12-31": "23.40500", "2014-12-31": "25.93200", "2013-12-31": "26.89900", "2012-12-31": "26.76400", "2011-12-31": "26.55000", "2010-12-31": "26.42200", "2009-12-31": "26.28900", "2008-12-31": "26.27300", "2007-12-31": "26.12200", "2006-12-31": "25.86300", "2005-12-31": "25.36700"}, "Basic EPS": {"2019-12-31": "7.10000", "2018-12-31": "4.23000", "2017-12-31": "5.16000", "2016-12-31": "7.68000", "2015-12-31": "1.72000", "2014-12-31": "7.15000", "2013-12-31": "10.45000", "2012-12-31": "8.84000", "2011-12-31": "8.67000", "2010-12-31": "3.62000", "2009-12-31": "5.80000", "2008-12-31": "5.13000", "2007-12-31": "3.71000", "2006-12-31": "2.44000", "2005-12-31": "1.61000"}, "EPS - Earnings Per Share": {"2019-12-31": "7.06000", "2018-12-31": "4.20000", "2017-12-31": "5.11000", "2016-12-31": "7.63000", "2015-12-31": "1.71000", "2014-12-31": "7.09000", "2013-12-31": "10.35000", "2012-12-31": "8.75000", "2011-12-31": "8.60000", "2010-12-31": "3.57000", "2009-12-31": "5.73000", "2008-12-31": "5.04000", "2007-12-31": "3.63000", "2006-12-31": "2.38000", "2005-12-31": "1.54000"}}, "income statement, quarterly": {"Revenue": {"2020-09-30": "733.97000", "2020-06-30": "688.80800", "2020-03-31": "674.20000", "2019-12-31": "683.62600", "2019-09-30": "690.34000", "2019-06-30": "700.87100", "2019-03-31": "692.13900", "2018-12-31": "697.36310", "2018-09-30": "678.69200", "2018-06-30": "682.40500", "2018-03-31": "698.68400", "2017-12-31": "714.97790", "2017-09-30": "680.77900", "2017-06-30": "712.73700", "2017-03-31": "637.47300", "2016-12-31": "674.57500", "2016-09-30": "610.24700", "2016-06-30": "640.24900", "2016-03-31": "596.60500", "2015-12-31": "633.82810", "2015-09-30": "632.57500", "2015-06-30": "682.12300", "2015-03-31": "670.39800", "2014-12-31": "763.13610", "2014-09-30": "765.66800", "2014-06-30": "842.59900", "2014-03-31": "751.74000", "2013-12-31": "827.89000", "2013-09-30": "778.03200", "2013-06-30": "878.65900", "2013-03-31": "819.63000", "2012-12-31": "815.03720", "2012-09-30": "729.83900", "2012-06-30": "767.31500", "2012-03-31": "717.35000", "2011-12-31": "752.73000", "2011-09-30": "672.19200", "2011-06-30": "668.60900", "2011-03-31": "567.94900", "2010-12-31": "598.71310", "2010-09-30": "527.83100", "2010-06-30": "481.55900", "2010-03-31": "367.40200", "2009-12-31": "398.62700", "2009-09-30": "434.01000", "2009-06-30": "498.81000", "2009-03-31": "455.15400", "2008-12-31": "493.06190", "2008-09-30": "494.80100", "2008-06-30": "497.12900", "2008-03-31": "422.28600", "2007-12-31": "384.86210", "2007-09-30": "372.03300", "2007-06-30": "402.25700", "2007-03-31": "340.68200", "2006-12-31": "327.96110", "2006-09-30": "310.90400", "2006-06-30": "338.79100", "2006-03-31": "303.62500", "2005-12-31": "311.28290", "2005-09-30": "265.94200", "2005-06-30": "265.13400", "2005-03-31": "265.74100"}, "Cost Of Goods Sold": {"2020-09-30": "543.22300", "2020-06-30": "504.87100", "2020-03-31": "487.95100", "2019-12-31": "507.21990", "2019-09-30": "517.05300", "2019-06-30": "522.69500", "2019-03-31": "527.51200", "2018-12-31": "547.66190", "2018-09-30": "514.35200", "2018-06-30": "507.40600", "2018-03-31": "529.44400", "2017-12-31": "544.68890", "2017-09-30": "517.18500", "2017-06-30": "529.45700", "2017-03-31": "472.86800", "2016-12-31": "509.44100", "2016-09-30": "455.22400", "2016-06-30": "465.13200", "2016-03-31": "435.63600", "2015-12-31": "504.54810", "2015-09-30": "475.82400", "2015-06-30": "512.57500", "2015-03-31": "504.94400", "2014-12-31": "581.97810", "2014-09-30": "566.16800", "2014-06-30": "622.12200", "2014-03-31": "544.75800", "2013-12-31": "605.06590", "2013-09-30": "552.46800", "2013-06-30": "617.18800", "2013-03-31": "584.26100", "2012-12-31": "590.69200", "2012-09-30": "537.43700", "2012-06-30": "567.92000", "2012-03-31": "531.03600", "2011-12-31": "557.78490", "2011-09-30": "504.80200", "2011-06-30": "500.62700", "2011-03-31": "431.45600", "2010-12-31": "441.03610", "2010-09-30": "395.31000", "2010-06-30": "352.91300", "2010-03-31": "266.67200", "2009-12-31": "275.96800", "2009-09-30": "297.65200", "2009-06-30": "354.12900", "2009-03-31": "326.83800", "2008-12-31": "370.58790", "2008-09-30": "359.80200", "2008-06-30": "359.92600", "2008-03-31": "306.47800", "2007-12-31": "280.27010", "2007-09-30": "274.46100", "2007-06-30": "293.34300", "2007-03-31": "251.91500", "2006-12-31": "242.66000", "2006-09-30": "230.23400", "2006-06-30": "253.72900", "2006-03-31": "227.93200", "2005-12-31": "231.85200", "2005-09-30": "196.33200", "2005-06-30": "197.54100", "2005-03-31": "204.08000"}, "Gross Profit": {"2020-09-30": "190.74690", "2020-06-30": "183.93700", "2020-03-31": "186.24900", "2019-12-31": "176.40610", "2019-09-30": "173.28700", "2019-06-30": "178.17600", "2019-03-31": "164.62700", "2018-12-31": "149.70120", "2018-09-30": "164.34000", "2018-06-30": "174.99900", "2018-03-31": "169.24000", "2017-12-31": "170.28900", "2017-09-30": "163.59400", "2017-06-30": "183.28000", "2017-03-31": "164.60500", "2016-12-31": "165.13390", "2016-09-30": "155.02300", "2016-06-30": "175.11700", "2016-03-31": "160.96900", "2015-12-31": "129.27990", "2015-09-30": "156.75100", "2015-06-30": "169.54800", "2015-03-31": "165.45400", "2014-12-31": "181.15800", "2014-09-30": "199.50010", "2014-06-30": "220.47700", "2014-03-31": "206.98200", "2013-12-31": "222.82410", "2013-09-30": "225.56400", "2013-06-30": "261.47090", "2013-03-31": "235.36900", "2012-12-31": "224.34520", "2012-09-30": "192.40200", "2012-06-30": "199.39500", "2012-03-31": "186.31400", "2011-12-31": "194.94510", "2011-09-30": "167.39000", "2011-06-30": "167.98200", "2011-03-31": "136.49300", "2010-12-31": "157.67700", "2010-09-30": "132.52100", "2010-06-30": "128.64600", "2010-03-31": "100.73000", "2009-12-31": "122.65890", "2009-09-30": "136.35800", "2009-06-30": "144.68100", "2009-03-31": "128.31600", "2008-12-31": "122.47400", "2008-09-30": "134.99900", "2008-06-30": "137.20300", "2008-03-31": "115.80800", "2007-12-31": "104.59200", "2007-09-30": "97.57200", "2007-06-30": "108.91400", "2007-03-31": "88.76700", "2006-12-31": "85.30110", "2006-09-30": "80.67000", "2006-06-30": "85.06200", "2006-03-31": "75.69300", "2005-12-31": "79.43090", "2005-09-30": "69.61000", "2005-06-30": "67.59300", "2005-03-31": "61.66100"}, "Research And Development Expenses": {"2020-09-30": "", "2020-06-30": "", "2020-03-31": "", "2019-12-31": "", "2019-09-30": "", "2019-06-30": "", "2019-03-31": "", "2018-12-31": "", "2018-09-30": "", "2018-06-30": "", "2018-03-31": "", "2017-12-31": "", "2017-09-30": "", "2017-06-30": "", "2017-03-31": "", "2016-12-31": "", "2016-09-30": "", "2016-06-30": "", "2016-03-31": "", "2015-12-31": "", "2015-09-30": "", "2015-06-30": "", "2015-03-31": "", "2014-12-31": "", "2014-09-30": "", "2014-06-30": "", "2014-03-31": "", "2013-12-31": "", "2013-09-30": "", "2013-06-30": "", "2013-03-31": "", "2012-12-31": "", "2012-09-30": "", "2012-06-30": "", "2012-03-31": "", "2011-12-31": "", "2011-09-30": "", "2011-06-30": "", "2011-03-31": "", "2010-12-31": "", "2010-09-30": "", "2010-06-30": "", "2010-03-31": "", "2009-12-31": "", "2009-09-30": "", "2009-06-30": "", "2009-03-31": "", "2008-12-31": "", "2008-09-30": "", "2008-06-30": "", "2008-03-31": "", "2007-12-31": "", "2007-09-30": "", "2007-06-30": "", "2007-03-31": "", "2006-12-31": "", "2006-09-30": "", "2006-06-30": "", "2006-03-31": "", "2005-12-31": "", "2005-09-30": "", "2005-06-30": "", "2005-03-31": ""}, "SG&A Expenses": {"2020-09-30": "129.26800", "2020-06-30": "123.85900", "2020-03-31": "119.35400", "2019-12-31": "115.82600", "2019-09-30": "112.22300", "2019-06-30": "116.70200", "2019-03-31": "110.02500", "2018-12-31": "113.41100", "2018-09-30": "110.20000", "2018-06-30": "111.32900", "2018-03-31": "105.28000", "2017-12-31": "106.40500", "2017-09-30": "103.50400", "2017-06-30": "104.83000", "2017-03-31": "99.94900", "2016-12-31": "107.17100", "2016-09-30": "101.78300", "2016-06-30": "103.31100", "2016-03-31": "98.60400", "2015-12-31": "119.51000", "2015-09-30": "104.53900", "2015-06-30": "115.54800", "2015-03-31": "107.77100", "2014-12-31": "114.86900", "2014-09-30": "111.69700", "2014-06-30": "115.70100", "2014-03-31": "108.13400", "2013-12-31": "122.11100", "2013-09-30": "115.66300", "2013-06-30": "117.20600", "2013-03-31": "117.17900", "2012-12-31": "112.60100", "2012-09-30": "102.02000", "2012-06-30": "102.04300", "2012-03-31": "103.49600", "2011-12-31": "117.58800", "2011-09-30": "95.35700", "2011-06-30": "99.36300", "2011-03-31": "91.19200", "2010-12-31": "95.35800", "2010-09-30": "85.37800", "2010-06-30": "91.34500", "2010-03-31": "69.08000", "2009-12-31": "75.13300", "2009-09-30": "73.62500", "2009-06-30": "75.26500", "2009-03-31": "69.99700", "2008-12-31": "69.61500", "2008-09-30": "73.10300", "2008-06-30": "73.83300", "2008-03-31": "65.34200", "2007-12-31": "64.64600", "2007-09-30": "59.85800", "2007-06-30": "64.36200", "2007-03-31": "55.35300", "2006-12-31": "57.72100", "2006-09-30": "51.65100", "2006-06-30": "55.15300", "2006-03-31": "52.11600", "2005-12-31": "55.91200", "2005-09-30": "47.57900", "2005-06-30": "46.38700", "2005-03-31": "45.55400"}, "Other Operating Income Or Expenses": {"2020-09-30": "", "2020-06-30": "", "2020-03-31": "", "2019-12-31": "", "2019-09-30": "", "2019-06-30": "", "2019-03-31": "", "2018-12-31": "", "2018-09-30": "", "2018-06-30": "", "2018-03-31": "", "2017-12-31": "", "2017-09-30": "", "2017-06-30": "", "2017-03-31": "", "2016-12-31": "", "2016-09-30": "", "2016-06-30": "", "2016-03-31": "", "2015-12-31": "", "2015-09-30": "", "2015-06-30": "", "2015-03-31": "", "2014-12-31": "", "2014-09-30": "", "2014-06-30": "", "2014-03-31": "", "2013-12-31": "", "2013-09-30": "", "2013-06-30": "", "2013-03-31": "", "2012-12-31": "", "2012-09-30": "", "2012-06-30": "", "2012-03-31": "", "2011-12-31": "", "2011-09-30": "", "2011-06-30": "", "2011-03-31": "", "2010-12-31": "", "2010-09-30": "", "2010-06-30": "", "2010-03-31": "", "2009-12-31": "", "2009-09-30": "", "2009-06-30": "", "2009-03-31": "", "2008-12-31": "", "2008-09-30": "", "2008-06-30": "", "2008-03-31": "", "2007-12-31": "", "2007-09-30": "", "2007-06-30": "", "2007-03-31": "", "2006-12-31": "", "2006-09-30": "", "2006-06-30": "", "2006-03-31": "", "2005-12-31": "", "2005-09-30": "", "2005-06-30": "", "2005-03-31": ""}, "Operating Expenses": {"2020-09-30": "672.49100", "2020-06-30": "645.36800", "2020-03-31": "607.30500", "2019-12-31": "623.04570", "2019-09-30": "629.27610", "2019-06-30": "639.39700", "2019-03-31": "637.53700", "2018-12-31": "661.07300", "2018-09-30": "640.33200", "2018-06-30": "618.73500", "2018-03-31": "634.72400", "2017-12-31": "651.09390", "2017-09-30": "620.68900", "2017-06-30": "634.28700", "2017-03-31": "572.81700", "2016-12-31": "616.61190", "2016-09-30": "557.00700", "2016-06-30": "568.44300", "2016-03-31": "534.24000", "2015-12-31": "650.82790", "2015-09-30": "595.56300", "2015-06-30": "628.12300", "2015-03-31": "612.71500", "2014-12-31": "696.84730", "2014-09-30": "677.86500", "2014-06-30": "737.82300", "2014-03-31": "652.89200", "2013-12-31": "727.17670", "2013-09-30": "668.13100", "2013-06-30": "734.39400", "2013-03-31": "701.44000", "2012-12-31": "703.29280", "2012-09-30": "639.45700", "2012-06-30": "669.96300", "2012-03-31": "634.53200", "2011-12-31": "675.37300", "2011-09-30": "600.15900", "2011-06-30": "599.99000", "2011-03-31": "522.64800", "2010-12-31": "536.39400", "2010-09-30": "480.68800", "2010-06-30": "444.25800", "2010-03-31": "335.75200", "2009-12-31": "351.10110", "2009-09-30": "371.27700", "2009-06-30": "429.39400", "2009-03-31": "396.83500", "2008-12-31": "440.20290", "2008-09-30": "432.90500", "2008-06-30": "433.75900", "2008-03-31": "371.82000", "2007-12-31": "344.91610", "2007-09-30": "334.31900", "2007-06-30": "357.70500", "2007-03-31": "307.26800", "2006-12-31": "300.38100", "2006-09-30": "281.88500", "2006-06-30": "308.88200", "2006-03-31": "280.04800", "2005-12-31": "287.76410", "2005-09-30": "243.91100", "2005-06-30": "243.92800", "2005-03-31": "249.63400"}, "Operating Income": {"2020-09-30": "61.47890", "2020-06-30": "43.43990", "2020-03-31": "66.89500", "2019-12-31": "60.58030", "2019-09-30": "61.06400", "2019-06-30": "61.47390", "2019-03-31": "54.60190", "2018-12-31": "36.29010", "2018-09-30": "38.36000", "2018-06-30": "63.67000", "2018-03-31": "63.96000", "2017-12-31": "63.88400", "2017-09-30": "60.09000", "2017-06-30": "78.45000", "2017-03-31": "64.65610", "2016-12-31": "57.96300", "2016-09-30": "53.24000", "2016-06-30": "71.80600", "2016-03-31": "62.36500", "2015-12-31": "-16.99990", "2015-09-30": "37.01200", "2015-06-30": "54.00000", "2015-03-31": "57.68300", "2014-12-31": "66.28880", "2014-09-30": "87.80300", "2014-06-30": "104.77600", "2014-03-31": "98.84800", "2013-12-31": "100.71330", "2013-09-30": "109.90090", "2013-06-30": "144.26500", "2013-03-31": "118.19000", "2012-12-31": "111.74440", "2012-09-30": "90.38200", "2012-06-30": "97.35200", "2012-03-31": "82.81800", "2011-12-31": "77.35700", "2011-09-30": "72.03300", "2011-06-30": "68.61900", "2011-03-31": "45.30100", "2010-12-31": "62.31910", "2010-09-30": "47.14300", "2010-06-30": "37.30100", "2010-03-31": "31.65000", "2009-12-31": "47.52590", "2009-09-30": "62.73300", "2009-06-30": "69.41600", "2009-03-31": "58.31900", "2008-12-31": "52.85900", "2008-09-30": "61.89600", "2008-06-30": "63.37000", "2008-03-31": "50.46600", "2007-12-31": "39.94600", "2007-09-30": "37.71400", "2007-06-30": "44.55200", "2007-03-31": "33.41400", "2006-12-31": "27.58010", "2006-09-30": "29.01900", "2006-06-30": "29.90900", "2006-03-31": "23.57700", "2005-12-31": "23.51890", "2005-09-30": "22.03100", "2005-06-30": "21.20600", "2005-03-31": "16.10700"}, "Total Non-Operating Income/Expense": {"2020-09-30": "-8.89100", "2020-06-30": "-7.82400", "2020-03-31": "-9.46900", "2019-12-31": "-7.58300", "2019-09-30": "-7.83700", "2019-06-30": "-7.40500", "2019-03-31": "-5.22200", "2018-12-31": "-11.02800", "2018-09-30": "-22.27800", "2018-06-30": "-14.58500", "2018-03-31": "-10.94800", "2017-12-31": "-9.71200", "2017-09-30": "-9.52900", "2017-06-30": "-10.04300", "2017-03-31": "-9.33200", "2016-12-31": "5.61500", "2016-09-30": "-9.45100", "2016-06-30": "-9.16300", "2016-03-31": "-11.92100", "2015-12-31": "-7.36100", "2015-09-30": "-11.44500", "2015-06-30": "-10.64400", "2015-03-31": "-9.23800", "2014-12-31": "-8.15100", "2014-09-30": "-48.28800", "2014-06-30": "-4.82400", "2014-03-31": "-12.27000", "2013-12-31": "-5.14800", "2013-09-30": "-7.17300", "2013-06-30": "-6.05000", "2013-03-31": "-5.28100", "2012-12-31": "-6.33700", "2012-09-30": "-5.02900", "2012-06-30": "-7.48800", "2012-03-31": "-4.15200", "2011-12-31": "-8.98100", "2011-09-30": "-6.20000", "2011-06-30": "-8.27800", "2011-03-31": "-6.09400", "2010-12-31": "-5.76200", "2010-09-30": "-6.69600", "2010-06-30": "-7.29000", "2010-03-31": "-5.68300", "2009-12-31": "-2.96500", "2009-09-30": "-1.11100", "2009-06-30": "-2.08400", "2009-03-31": "-5.75000", "2008-12-31": "-9.27200", "2008-09-30": "-4.25800", "2008-06-30": "-4.34600", "2008-03-31": "-5.19600", "2007-12-31": "-3.75200", "2007-09-30": "-4.12300", "2007-06-30": "-3.64800", "2007-03-31": "-3.93400", "2006-12-31": "-3.74500", "2006-09-30": "-3.66600", "2006-06-30": "-3.65700", "2006-03-31": "-2.69800", "2005-12-31": "-4.43700", "2005-09-30": "-5.05600", "2005-06-30": "-4.25900", "2005-03-31": "-4.73800"}, "Pre-Tax Income": {"2020-09-30": "52.58800", "2020-06-30": "35.61600", "2020-03-31": "57.42600", "2019-12-31": "52.99700", "2019-09-30": "53.22700", "2019-06-30": "54.06900", "2019-03-31": "49.38000", "2018-12-31": "25.26200", "2018-09-30": "16.08200", "2018-06-30": "49.08500", "2018-03-31": "53.01200", "2017-12-31": "54.17200", "2017-09-30": "50.56100", "2017-06-30": "68.40700", "2017-03-31": "55.32400", "2016-12-31": "63.57800", "2016-09-30": "43.78900", "2016-06-30": "62.64300", "2016-03-31": "50.44400", "2015-12-31": "-24.36100", "2015-09-30": "25.56700", "2015-06-30": "43.35600", "2015-03-31": "48.44500", "2014-12-31": "58.13800", "2014-09-30": "39.51500", "2014-06-30": "99.95200", "2014-03-31": "86.57800", "2013-12-31": "95.56500", "2013-09-30": "102.72800", "2013-06-30": "138.21500", "2013-03-31": "112.90900", "2012-12-31": "105.40700", "2012-09-30": "85.35300", "2012-06-30": "89.86400", "2012-03-31": "78.66600", "2011-12-31": "68.37600", "2011-09-30": "65.83300", "2011-06-30": "60.34100", "2011-03-31": "39.20700", "2010-12-31": "56.55700", "2010-09-30": "40.44700", "2010-06-30": "30.01100", "2010-03-31": "25.96700", "2009-12-31": "44.56100", "2009-09-30": "61.62200", "2009-06-30": "67.33200", "2009-03-31": "52.56900", "2008-12-31": "43.58700", "2008-09-30": "57.63800", "2008-06-30": "59.02400", "2008-03-31": "45.27000", "2007-12-31": "36.19400", "2007-09-30": "33.59100", "2007-06-30": "40.90400", "2007-03-31": "29.48000", "2006-12-31": "23.83500", "2006-09-30": "25.35300", "2006-06-30": "26.25200", "2006-03-31": "20.87900", "2005-12-31": "19.08200", "2005-09-30": "16.97500", "2005-06-30": "16.94700", "2005-03-31": "11.36900"}, "Income Taxes": {"2020-09-30": "12.08400", "2020-06-30": "12.60200", "2020-03-31": "14.48600", "2019-12-31": "11.44100", "2019-09-30": "13.06300", "2019-06-30": "13.40100", "2019-03-31": "12.30200", "2018-12-31": "7.10700", "2018-09-30": "9.09100", "2018-06-30": "14.40500", "2018-03-31": "12.53200", "2017-12-31": "55.80200", "2017-09-30": "13.89500", "2017-06-30": "21.08500", "2017-03-31": "15.36300", "2016-12-31": "-7.67900", "2016-09-30": "14.26800", "2016-06-30": "19.20100", "2016-03-31": "16.27300", "2015-12-31": "4.55400", "2015-09-30": "12.01800", "2015-06-30": "13.91700", "2015-03-31": "16.93800", "2014-12-31": "16.58300", "2014-09-30": "14.22600", "2014-06-30": "34.07000", "2014-03-31": "30.01500", "2013-12-31": "31.72800", "2013-09-30": "43.91200", "2013-06-30": "47.16800", "2013-03-31": "34.97300", "2012-12-31": "39.49700", "2012-09-30": "28.44700", "2012-06-30": "30.79200", "2012-03-31": "27.76600", "2011-12-31": "-46.02200", "2011-09-30": "23.77300", "2011-06-30": "13.55100", "2011-03-31": "13.28800", "2010-12-31": "20.10000", "2010-09-30": "13.78000", "2010-06-30": "11.68200", "2010-03-31": "9.44600", "2009-12-31": "13.25000", "2009-09-30": "20.33800", "2009-06-30": "22.05100", "2009-03-31": "17.25500", "2008-12-31": "15.02300", "2008-09-30": "19.58800", "2008-06-30": "20.54800", "2008-03-31": "15.05400", "2007-12-31": "12.61000", "2007-09-30": "7.43600", "2007-06-30": "13.66400", "2007-03-31": "10.31000", "2006-12-31": "7.16000", "2006-09-30": "7.49500", "2006-06-30": "8.49400", "2006-03-31": "7.67100", "2005-12-31": "7.62000", "2005-09-30": "6.45900", "2005-06-30": "6.12500", "2005-03-31": "4.14400"}, "Income After Taxes": {"2020-09-30": "40.50400", "2020-06-30": "23.01400", "2020-03-31": "42.94000", "2019-12-31": "41.55600", "2019-09-30": "40.16400", "2019-06-30": "40.66800", "2019-03-31": "37.07800", "2018-12-31": "18.15500", "2018-09-30": "6.99100", "2018-06-30": "34.68000", "2018-03-31": "40.48000", "2017-12-31": "-1.63000", "2017-09-30": "36.66600", "2017-06-30": "47.32200", "2017-03-31": "39.96100", "2016-12-31": "71.25700", "2016-09-30": "29.52100", "2016-06-30": "43.44200", "2016-03-31": "34.17100", "2015-12-31": "-28.91500", "2015-09-30": "13.54900", "2015-06-30": "29.43900", "2015-03-31": "31.50700", "2014-12-31": "41.55500", "2014-09-30": "25.28900", "2014-06-30": "65.88200", "2014-03-31": "56.56300", "2013-12-31": "63.83700", "2013-09-30": "58.81600", "2013-06-30": "91.04700", "2013-03-31": "77.93600", "2012-12-31": "65.91000", "2012-09-30": "56.90600", "2012-06-30": "59.07200", "2012-03-31": "50.90000", "2011-12-31": "114.39800", "2011-09-30": "42.06000", "2011-06-30": "46.79000", "2011-03-31": "25.91900", "2010-12-31": "36.45700", "2010-09-30": "26.66700", "2010-06-30": "18.32900", "2010-03-31": "16.52100", "2009-12-31": "31.31100", "2009-09-30": "41.28400", "2009-06-30": "45.28100", "2009-03-31": "35.31400", "2008-12-31": "28.56400", "2008-09-30": "38.05000", "2008-06-30": "38.47600", "2008-03-31": "30.21600", "2007-12-31": "23.58400", "2007-09-30": "26.15500", "2007-06-30": "27.24000", "2007-03-31": "19.17000", "2006-12-31": "16.67500", "2006-09-30": "17.85800", "2006-06-30": "17.75800", "2006-03-31": "13.20800", "2005-12-31": "11.46200", "2005-09-30": "10.51600", "2005-06-30": "10.82200", "2005-03-31": "7.22500"}, "Other Income": {"2020-09-30": "", "2020-06-30": "", "2020-03-31": "", "2019-12-31": "", "2019-09-30": "", "2019-06-30": "", "2019-03-31": "", "2018-12-31": "", "2018-09-30": "", "2018-06-30": "", "2018-03-31": "", "2017-12-31": "", "2017-09-30": "", "2017-06-30": "", "2017-03-31": "", "2016-12-31": "", "2016-09-30": "", "2016-06-30": "", "2016-03-31": "", "2015-12-31": "", "2015-09-30": "", "2015-06-30": "", "2015-03-31": "", "2014-12-31": "", "2014-09-30": "", "2014-06-30": "", "2014-03-31": "", "2013-12-31": "", "2013-09-30": "", "2013-06-30": "", "2013-03-31": "", "2012-12-31": "", "2012-09-30": "", "2012-06-30": "", "2012-03-31": "", "2011-12-31": "", "2011-09-30": "", "2011-06-30": "", "2011-03-31": "", "2010-12-31": "", "2010-09-30": "", "2010-06-30": "", "2010-03-31": "", "2009-12-31": "", "2009-09-30": "", "2009-06-30": "", "2009-03-31": "", "2008-12-31": "", "2008-09-30": "", "2008-06-30": "", "2008-03-31": "", "2007-12-31": "", "2007-09-30": "", "2007-06-30": "", "2007-03-31": "", "2006-12-31": "", "2006-09-30": "", "2006-06-30": "", "2006-03-31": "", "2005-12-31": "", "2005-09-30": "", "2005-06-30": "", "2005-03-31": ""}, "Income From Continuous Operations": {"2020-09-30": "40.22800", "2020-06-30": "22.75400", "2020-03-31": "42.72100", "2019-12-31": "41.55600", "2019-09-30": "40.16400", "2019-06-30": "40.66800", "2019-03-31": "37.07800", "2018-12-31": "18.15500", "2018-09-30": "6.99100", "2018-06-30": "34.68000", "2018-03-31": "40.48000", "2017-12-31": "-1.63000", "2017-09-30": "36.66600", "2017-06-30": "47.32200", "2017-03-31": "39.96100", "2016-12-31": "71.25700", "2016-09-30": "29.52100", "2016-06-30": "43.44200", "2016-03-31": "34.17100", "2015-12-31": "-29.16200", "2015-09-30": "13.54900", "2015-06-30": "29.43900", "2015-03-31": "31.50700", "2014-12-31": "41.61800", "2014-09-30": "25.28500", "2014-06-30": "65.85200", "2014-03-31": "56.56300", "2013-12-31": "52.11300", "2013-09-30": "58.89100", "2013-06-30": "91.31600", "2013-03-31": "78.14000", "2012-12-31": "66.72700", "2012-09-30": "58.44200", "2012-06-30": "61.15900", "2012-03-31": "52.58800", "2011-12-31": "117.94800", "2011-09-30": "44.41400", "2011-06-30": "47.99100", "2011-03-31": "26.87300", "2010-12-31": "36.90900", "2010-09-30": "27.73500", "2010-06-30": "19.13400", "2010-03-31": "16.63500", "2009-12-31": "31.48300", "2009-09-30": "41.36800", "2009-06-30": "45.21000", "2009-03-31": "35.88000", "2008-12-31": "29.10900", "2008-09-30": "38.46200", "2008-06-30": "38.50700", "2008-03-31": "30.14200", "2007-12-31": "25.25300", "2007-09-30": "25.89300", "2007-06-30": "26.96100", "2007-03-31": "18.72800", "2006-12-31": "16.11200", "2006-09-30": "15.06200", "2006-06-30": "17.28500", "2006-03-31": "13.08500", "2005-12-31": "11.62000", "2005-09-30": "10.20600", "2005-06-30": "10.44300", "2005-03-31": "6.81000"}, "Income From Discontinued Operations": {"2020-09-30": "", "2020-06-30": "", "2020-03-31": "", "2019-12-31": "", "2019-09-30": "", "2019-06-30": "", "2019-03-31": "", "2018-12-31": "", "2018-09-30": "", "2018-06-30": "", "2018-03-31": "", "2017-12-31": "", "2017-09-30": "", "2017-06-30": "", "2017-03-31": "", "2016-12-31": "", "2016-09-30": "", "2016-06-30": "", "2016-03-31": "", "2015-12-31": "", "2015-09-30": "", "2015-06-30": "", "2015-03-31": "", "2014-12-31": "", "2014-09-30": "", "2014-06-30": "", "2014-03-31": "", "2013-12-31": "", "2013-09-30": "", "2013-06-30": "", "2013-03-31": "", "2012-12-31": "", "2012-09-30": "", "2012-06-30": "", "2012-03-31": "", "2011-12-31": "", "2011-09-30": "", "2011-06-30": "", "2011-03-31": "", "2010-12-31": "", "2010-09-30": "", "2010-06-30": "", "2010-03-31": "", "2009-12-31": "", "2009-09-30": "", "2009-06-30": "", "2009-03-31": "", "2008-12-31": "", "2008-09-30": "", "2008-06-30": "", "2008-03-31": "", "2007-12-31": "", "2007-09-30": "", "2007-06-30": "", "2007-03-31": "", "2006-12-31": "", "2006-09-30": "", "2006-06-30": "", "2006-03-31": "", "2005-12-31": "", "2005-09-30": "", "2005-06-30": "", "2005-03-31": ""}, "Net Income": {"2020-09-30": "39.34200", "2020-06-30": "22.60700", "2020-03-31": "42.92900", "2019-12-31": "39.90100", "2019-09-30": "38.04500", "2019-06-30": "39.71900", "2019-03-31": "36.10400", "2018-12-31": "17.66200", "2018-09-30": "4.44800", "2018-06-30": "32.96000", "2018-03-31": "39.28100", "2017-12-31": "-3.61100", "2017-09-30": "35.20800", "2017-06-30": "45.66400", "2017-03-31": "38.97900", "2016-12-31": "70.06400", "2016-09-30": "28.17300", "2016-06-30": "42.02600", "2016-03-31": "32.96900", "2015-12-31": "-30.56100", "2015-09-30": "12.06600", "2015-06-30": "27.87300", "2015-03-31": "30.73900", "2014-12-31": "40.46100", "2014-09-30": "23.55900", "2014-06-30": "63.97600", "2014-03-31": "55.98000", "2013-12-31": "54.86800", "2013-09-30": "56.48900", "2013-06-30": "89.56300", "2013-03-31": "77.56900", "2012-12-31": "65.03600", "2012-09-30": "56.73100", "2012-06-30": "59.98000", "2012-03-31": "52.32500", "2011-12-31": "114.73100", "2011-09-30": "42.14100", "2011-06-30": "45.82700", "2011-03-31": "25.60900", "2010-12-31": "34.86600", "2010-09-30": "25.93500", "2010-06-30": "17.11500", "2010-03-31": "16.46300", "2009-12-31": "29.99400", "2009-09-30": "40.47400", "2009-06-30": "44.23000", "2009-03-31": "35.86400", "2008-12-31": "28.43000", "2008-09-30": "36.98400", "2008-06-30": "37.28400", "2008-03-31": "29.69900", "2007-12-31": "23.13100", "2007-09-30": "25.89300", "2007-06-30": "26.96100", "2007-03-31": "18.72800", "2006-12-31": "16.11200", "2006-09-30": "15.06200", "2006-06-30": "17.28500", "2006-03-31": "13.08500", "2005-12-31": "11.62000", "2005-09-30": "10.20600", "2005-06-30": "10.44300", "2005-03-31": "6.81000"}, "EBITDA": {"2020-09-30": "82.41790", "2020-06-30": "80.31890", "2020-03-31": "87.23800", "2019-12-31": "82.42030", "2019-09-30": "80.90500", "2019-06-30": "81.80390", "2019-03-31": "74.85490", "2018-12-31": "57.09910", "2018-09-30": "71.71000", "2018-06-30": "86.94010", "2018-03-31": "85.13800", "2017-12-31": "85.34100", "2017-09-30": "81.83600", "2017-06-30": "99.37700", "2017-03-31": "85.48310", "2016-12-31": "79.13800", "2016-09-30": "73.67800", "2016-06-30": "92.01200", "2016-03-31": "82.96300", "2015-12-31": "45.25510", "2015-09-30": "60.11000", "2015-06-30": "77.86000", "2015-03-31": "81.58400", "2014-12-31": "91.15680", "2014-09-30": "108.89500", "2014-06-30": "128.54300", "2014-03-31": "118.44900", "2013-12-31": "132.89330", "2013-09-30": "129.13190", "2013-06-30": "163.24300", "2013-03-31": "137.39800", "2012-12-31": "129.70040", "2012-09-30": "108.27700", "2012-06-30": "114.37900", "2012-03-31": "100.15800", "2011-12-31": "98.72400", "2011-09-30": "89.35600", "2011-06-30": "87.32400", "2011-03-31": "62.46600", "2010-12-31": "80.15310", "2010-09-30": "64.39200", "2010-06-30": "50.67200", "2010-03-31": "42.85900", "2009-12-31": "58.63490", "2009-09-30": "74.66200", "2009-06-30": "80.29100", "2009-03-31": "69.15400", "2008-12-31": "63.37500", "2008-09-30": "71.86200", "2008-06-30": "72.96400", "2008-03-31": "59.98700", "2007-12-31": "49.38600", "2007-09-30": "46.46300", "2007-06-30": "53.00900", "2007-03-31": "41.94400", "2006-12-31": "36.66110", "2006-09-30": "37.92200", "2006-06-30": "39.70400", "2006-03-31": "32.33900", "2005-12-31": "32.70590", "2005-09-30": "32.14100", "2005-06-30": "31.55000", "2005-03-31": "25.85800"}, "EBIT": {"2020-09-30": "61.47890", "2020-06-30": "43.43990", "2020-03-31": "66.89500", "2019-12-31": "60.58040", "2019-09-30": "61.06400", "2019-06-30": "61.47390", "2019-03-31": "54.60190", "2018-12-31": "36.29000", "2018-09-30": "38.36000", "2018-06-30": "63.67000", "2018-03-31": "63.96000", "2017-12-31": "63.88400", "2017-09-30": "60.09000", "2017-06-30": "78.45000", "2017-03-31": "64.65610", "2016-12-31": "57.96300", "2016-09-30": "53.24000", "2016-06-30": "71.80600", "2016-03-31": "62.36500", "2015-12-31": "-16.99990", "2015-09-30": "37.01200", "2015-06-30": "54.00000", "2015-03-31": "57.68300", "2014-12-31": "66.28880", "2014-09-30": "87.80300", "2014-06-30": "104.77600", "2014-03-31": "98.84800", "2013-12-31": "100.71320", "2013-09-30": "109.90090", "2013-06-30": "144.26500", "2013-03-31": "118.19000", "2012-12-31": "111.74420", "2012-09-30": "90.38200", "2012-06-30": "97.35200", "2012-03-31": "82.81800", "2011-12-31": "77.35710", "2011-09-30": "72.03300", "2011-06-30": "68.61900", "2011-03-31": "45.30100", "2010-12-31": "62.31900", "2010-09-30": "47.14300", "2010-06-30": "37.30100", "2010-03-31": "31.65000", "2009-12-31": "47.52590", "2009-09-30": "62.73300", "2009-06-30": "69.41600", "2009-03-31": "58.31900", "2008-12-31": "52.85900", "2008-09-30": "61.89600", "2008-06-30": "63.37000", "2008-03-31": "50.46600", "2007-12-31": "39.94600", "2007-09-30": "37.71400", "2007-06-30": "44.55200", "2007-03-31": "33.41400", "2006-12-31": "27.58000", "2006-09-30": "29.01900", "2006-06-30": "29.90900", "2006-03-31": "23.57700", "2005-12-31": "23.51890", "2005-09-30": "22.03100", "2005-06-30": "21.20600", "2005-03-31": "16.10700"}, "Basic Shares Outstanding": {"2020-09-30": "21.30900", "2020-06-30": "21.31200", "2020-03-31": "21.45300", "2019-12-31": "21.65900", "2019-09-30": "21.55600", "2019-06-30": "21.73400", "2019-03-31": "21.88600", "2018-12-31": "22.30600", "2018-09-30": "22.21500", "2018-06-30": "22.43800", "2018-03-31": "22.60900", "2017-12-31": "22.52000", "2017-09-30": "22.52700", "2017-06-30": "22.51700", "2017-03-31": "22.47200", "2016-12-31": "22.56200", "2016-09-30": "22.50500", "2016-06-30": "22.60200", "2016-03-31": "22.70000", "2015-12-31": "23.28800", "2015-09-30": "23.05700", "2015-06-30": "23.33600", "2015-03-31": "23.86800", "2014-12-31": "25.71900", "2014-09-30": "25.28700", "2014-06-30": "26.62300", "2014-03-31": "26.71500", "2013-12-31": "26.64100", "2013-09-30": "26.66500", "2013-06-30": "26.64800", "2013-03-31": "26.58300", "2012-12-31": "26.47100", "2012-09-30": "26.50200", "2012-06-30": "26.46700", "2012-03-31": "26.39600", "2011-12-31": "26.32900", "2011-09-30": "26.35100", "2011-06-30": "26.33300", "2011-03-31": "26.27100", "2010-12-31": "26.10000", "2010-09-30": "26.13300", "2010-06-30": "26.08700", "2010-03-31": "26.03100", "2009-12-31": "25.95100", "2009-09-30": "25.96300", "2009-06-30": "25.94300", "2009-03-31": "25.90200", "2008-12-31": "25.81500", "2008-09-30": "25.86400", "2008-06-30": "25.82300", "2008-03-31": "25.69200", "2007-12-31": "25.53500", "2007-09-30": "25.57000", "2007-06-30": "25.49700", "2007-03-31": "25.42900", "2006-12-31": "25.19700", "2006-09-30": "25.25500", "2006-06-30": "25.09100", "2006-03-31": "24.62000", "2005-12-31": "24.28700", "2005-09-30": "24.38200", "2005-06-30": "24.29200", "2005-03-31": "24.11100"}, "Shares Outstanding": {"2020-09-30": "21.41600", "2020-06-30": "21.39300", "2020-03-31": "21.54900", "2019-12-31": "21.76900", "2019-09-30": "21.68400", "2019-06-30": "21.83100", "2019-03-31": "21.96400", "2018-12-31": "22.44600", "2018-09-30": "22.35200", "2018-06-30": "22.57300", "2018-03-31": "22.79600", "2017-12-31": "22.73800", "2017-09-30": "22.75100", "2017-06-30": "22.74000", "2017-03-31": "22.66000", "2016-12-31": "22.70900", "2016-09-30": "22.65900", "2016-06-30": "22.74900", "2016-03-31": "22.81600", "2015-12-31": "23.40500", "2015-09-30": "23.17000", "2015-06-30": "23.45000", "2015-03-31": "23.98200", "2014-12-31": "25.93200", "2014-09-30": "25.51300", "2014-06-30": "26.85600", "2014-03-31": "26.95000", "2013-12-31": "26.89900", "2013-09-30": "26.91900", "2013-06-30": "26.91000", "2013-03-31": "26.85900", "2012-12-31": "26.76400", "2012-09-30": "26.80600", "2012-06-30": "26.75800", "2012-03-31": "26.67800", "2011-12-31": "26.55000", "2011-09-30": "26.57900", "2011-06-30": "26.58500", "2011-03-31": "26.53700", "2010-12-31": "26.42200", "2010-09-30": "26.40400", "2010-06-30": "26.44800", "2010-03-31": "26.41900", "2009-12-31": "26.28900", "2009-09-30": "26.40200", "2009-06-30": "26.22300", "2009-03-31": "26.22500", "2008-12-31": "26.27300", "2008-09-30": "26.36200", "2008-06-30": "26.37700", "2008-03-31": "26.22400", "2007-12-31": "26.12200", "2007-09-30": "26.20700", "2007-06-30": "26.10700", "2007-03-31": "25.97000", "2006-12-31": "25.86300", "2006-09-30": "25.85100", "2006-06-30": "25.85900", "2006-03-31": "25.33000", "2005-12-31": "25.36700", "2005-09-30": "25.38000", "2005-06-30": "25.03500", "2005-03-31": "25.04200"}, "Basic EPS": {"2020-09-30": "1.85000", "2020-06-30": "1.06000", "2020-03-31": "2.00000", "2019-12-31": "1.86000", "2019-09-30": "1.76000", "2019-06-30": "1.83000", "2019-03-31": "1.65000", "2018-12-31": "0.82000", "2018-09-30": "0.20000", "2018-06-30": "1.47000", "2018-03-31": "1.74000", "2017-12-31": "-0.16000", "2017-09-30": "1.56000", "2017-06-30": "2.03000", "2017-03-31": "1.73000", "2016-12-31": "3.12000", "2016-09-30": "1.25000", "2016-06-30": "1.86000", "2016-03-31": "1.45000", "2015-12-31": "-1.28000", "2015-09-30": "0.52000", "2015-06-30": "1.19000", "2015-03-31": "1.29000", "2014-12-31": "1.72000", "2014-09-30": "0.93000", "2014-06-30": "2.40000", "2014-03-31": "2.10000", "2013-12-31": "2.05000", "2013-09-30": "2.12000", "2013-06-30": "3.36000", "2013-03-31": "2.92000", "2012-12-31": "2.45000", "2012-09-30": "2.14000", "2012-06-30": "2.27000", "2012-03-31": "1.98000", "2011-12-31": "4.35000", "2011-09-30": "1.60000", "2011-06-30": "1.74000", "2011-03-31": "0.98000", "2010-12-31": "1.34000", "2010-09-30": "0.99000", "2010-06-30": "0.66000", "2010-03-31": "0.63000", "2009-12-31": "1.16000", "2009-09-30": "1.56000", "2009-06-30": "1.70000", "2009-03-31": "1.38000", "2008-12-31": "1.10000", "2008-09-30": "1.43000", "2008-06-30": "1.44000", "2008-03-31": "1.16000", "2007-12-31": "0.90000", "2007-09-30": "1.01000", "2007-06-30": "1.06000", "2007-03-31": "0.74000", "2006-12-31": "0.62000", "2006-09-30": "0.60000", "2006-06-30": "0.69000", "2006-03-31": "0.53000", "2005-12-31": "0.48000", "2005-09-30": "0.42000", "2005-06-30": "0.43000", "2005-03-31": "0.28000"}, "EPS - Earnings Per Share": {"2020-09-30": "1.84000", "2020-06-30": "1.06000", "2020-03-31": "1.99000", "2019-12-31": "1.85000", "2019-09-30": "1.75000", "2019-06-30": "1.82000", "2019-03-31": "1.64000", "2018-12-31": "0.82000", "2018-09-30": "0.20000", "2018-06-30": "1.46000", "2018-03-31": "1.72000", "2017-12-31": "-0.17000", "2017-09-30": "1.55000", "2017-06-30": "2.01000", "2017-03-31": "1.72000", "2016-12-31": "3.09000", "2016-09-30": "1.24000", "2016-06-30": "1.85000", "2016-03-31": "1.45000", "2015-12-31": "-1.28000", "2015-09-30": "0.52000", "2015-06-30": "1.19000", "2015-03-31": "1.28000", "2014-12-31": "1.71000", "2014-09-30": "0.92000", "2014-06-30": "2.38000", "2014-03-31": "2.08000", "2013-12-31": "2.03000", "2013-09-30": "2.10000", "2013-06-30": "3.33000", "2013-03-31": "2.89000", "2012-12-31": "2.43000", "2012-09-30": "2.12000", "2012-06-30": "2.24000", "2012-03-31": "1.96000", "2011-12-31": "4.32000", "2011-09-30": "1.59000", "2011-06-30": "1.72000", "2011-03-31": "0.97000", "2010-12-31": "1.32000", "2010-09-30": "0.98000", "2010-06-30": "0.65000", "2010-03-31": "0.62000", "2009-12-31": "1.14000", "2009-09-30": "1.53000", "2009-06-30": "1.69000", "2009-03-31": "1.37000", "2008-12-31": "1.10000", "2008-09-30": "1.40000", "2008-06-30": "1.41000", "2008-03-31": "1.13000", "2007-12-31": "0.89000", "2007-09-30": "0.99000", "2007-06-30": "1.03000", "2007-03-31": "0.72000", "2006-12-31": "0.61000", "2006-09-30": "0.58000", "2006-06-30": "0.67000", "2006-03-31": "0.52000", "2005-12-31": "0.45000", "2005-09-30": "0.40000", "2005-06-30": "0.42000", "2005-03-31": "0.27000"}}, "balance sheet": {"Cash On Hand": {"2019-12-31": "353.54200", "2018-12-31": "313.21000", "2017-12-31": "492.80500", "2016-12-31": "399.94800", "2015-12-31": "349.07400", "2014-12-31": "371.57900", "2013-12-31": "613.70600", "2012-12-31": "414.12900", "2011-12-31": "362.89400", "2010-12-31": "346.90400", "2009-12-31": "180.78600", "2008-12-31": "68.56700", "2007-12-31": "106.53200", "2006-12-31": "63.50400", "2005-12-31": "46.86700"}, "Receivables": {"2019-12-31": "480.00000", "2018-12-31": "483.96300", "2017-12-31": "503.67700", "2016-12-31": "439.34200", "2015-12-31": "466.44300", "2014-12-31": "536.91800", "2013-12-31": "515.44000", "2012-12-31": "515.90200", "2011-12-31": "426.68300", "2010-12-31": "410.56600", "2009-12-31": "259.52100", "2008-12-31": "327.62000", "2007-12-31": "254.47200", "2006-12-31": "213.66000", "2005-12-31": "180.96900"}, "Inventory": {"2019-12-31": "374.56500", "2018-12-31": "383.56600", "2017-12-31": "420.94800", "2016-12-31": "350.02800", "2015-12-31": "340.67200", "2014-12-31": "359.52200", "2013-12-31": "380.00000", "2012-12-31": "412.38400", "2011-12-31": "393.78200", "2010-12-31": "280.22300", "2009-12-31": "210.61100", "2008-12-31": "313.41100", "2007-12-31": "219.99300", "2006-12-31": "194.27800", "2005-12-31": "158.32700"}, "Pre-Paid Expenses": {"2019-12-31": "32.04300", "2018-12-31": "42.80000", "2017-12-31": "27.47800", "2016-12-31": "57.29700", "2015-12-31": "46.13700", "2014-12-31": "56.91200", "2013-12-31": "22.99700", "2012-12-31": "25.14400", "2011-12-31": "25.76500", "2010-12-31": "23.80600", "2009-12-31": "22.14300", "2008-12-31": "13.82100", "2007-12-31": "17.73400", "2006-12-31": "6.08600", "2005-12-31": "7.64300"}, "Other Current Assets": {"2019-12-31": "141.32200", "2018-12-31": "112.52500", "2017-12-31": "16.16500", "2016-12-31": "", "2015-12-31": "", "2014-12-31": "", "2013-12-31": "", "2012-12-31": "", "2011-12-31": "", "2010-12-31": "", "2009-12-31": "", "2008-12-31": "", "2007-12-31": "", "2006-12-31": "", "2005-12-31": ""}, "Total Current Assets": {"2019-12-31": "1388.41900", "2018-12-31": "1340.64000", "2017-12-31": "1472.56500", "2016-12-31": "1253.21600", "2015-12-31": "1226.85200", "2014-12-31": "1392.94100", "2013-12-31": "1597.84000", "2012-12-31": "1425.94000", "2011-12-31": "1252.94300", "2010-12-31": "1094.22600", "2009-12-31": "715.42200", "2008-12-31": "755.79900", "2007-12-31": "621.59700", "2006-12-31": "494.65800", "2005-12-31": "408.31200"}, "Property, Plant, And Equipment": {"2019-12-31": "558.12900", "2018-12-31": "513.99200", "2017-12-31": "518.92800", "2016-12-31": "518.33500", "2015-12-31": "532.48900", "2014-12-31": "606.45300", "2013-12-31": "534.21000", "2012-12-31": "512.61200", "2011-12-31": "454.87700", "2010-12-31": "439.60900", "2009-12-31": "283.08800", "2008-12-31": "269.32000", "2007-12-31": "232.68400", "2006-12-31": "200.61000", "2005-12-31": "194.67600"}, "Long-Term Investments": {"2019-12-31": "", "2018-12-31": "", "2017-12-31": "", "2016-12-31": "", "2015-12-31": "", "2014-12-31": "", "2013-12-31": "", "2012-12-31": "", "2011-12-31": "", "2010-12-31": "", "2009-12-31": "", "2008-12-31": "", "2007-12-31": "", "2006-12-31": "", "2005-12-31": ""}, "Goodwill And Intangible Assets": {"2019-12-31": "604.60600", "2018-12-31": "561.16300", "2017-12-31": "476.31900", "2016-12-31": "465.48800", "2015-12-31": "507.11300", "2014-12-31": "587.11500", "2013-12-31": "520.54900", "2012-12-31": "503.06100", "2011-12-31": "482.74500", "2010-12-31": "500.38200", "2009-12-31": "274.69800", "2008-12-31": "279.79700", "2007-12-31": "174.47500", "2006-12-31": "164.66100", "2005-12-31": "166.83500"}, "Other Long-Term Assets": {"2019-12-31": "212.25700", "2018-12-31": "114.47900", "2017-12-31": "134.43800", "2016-12-31": "154.69200", "2015-12-31": "125.92800", "2014-12-31": "143.15900", "2013-12-31": "123.89500", "2012-12-31": "126.93800", "2011-12-31": "115.51100", "2010-12-31": "56.52600", "2009-12-31": "28.96100", "2008-12-31": "21.37200", "2007-12-31": "23.85700", "2006-12-31": "32.38100", "2005-12-31": "32.21900"}, "Total Long-Term Assets": {"2019-12-31": "1374.99200", "2018-12-31": "1189.63400", "2017-12-31": "1129.68500", "2016-12-31": "1138.51500", "2015-12-31": "1165.53000", "2014-12-31": "1336.72700", "2013-12-31": "1178.65400", "2012-12-31": "1142.61100", "2011-12-31": "1053.13300", "2010-12-31": "996.51700", "2009-12-31": "586.74700", "2008-12-31": "570.48900", "2007-12-31": "431.01600", "2006-12-31": "397.65200", "2005-12-31": "393.73000"}, "Total Assets": {"2019-12-31": "2763.41100", "2018-12-31": "2530.27400", "2017-12-31": "2602.25000", "2016-12-31": "2391.73100", "2015-12-31": "2392.38200", "2014-12-31": "2729.66800", "2013-12-31": "2776.49400", "2012-12-31": "2568.55100", "2011-12-31": "2306.07600", "2010-12-31": "2090.74300", "2009-12-31": "1302.16900", "2008-12-31": "1326.28800", "2007-12-31": "1052.61300", "2006-12-31": "892.31000", "2005-12-31": "802.04200"}, "Total Current Liabilities": {"2019-12-31": "513.77900", "2018-12-31": "409.03500", "2017-12-31": "402.99800", "2016-12-31": "349.84800", "2015-12-31": "366.55400", "2014-12-31": "397.21400", "2013-12-31": "436.58000", "2012-12-31": "412.43300", "2011-12-31": "408.07000", "2010-12-31": "346.91400", "2009-12-31": "256.81700", "2008-12-31": "280.58400", "2007-12-31": "271.03600", "2006-12-31": "216.92200", "2005-12-31": "179.15100"}, "Long Term Debt": {"2019-12-31": "764.94400", "2018-12-31": "741.82200", "2017-12-31": "753.88800", "2016-12-31": "754.79500", "2015-12-31": "756.91800", "2014-12-31": "766.65400", "2013-12-31": "470.90700", "2012-12-31": "472.59300", "2011-12-31": "474.41500", "2010-12-31": "468.59600", "2009-12-31": "160.25100", "2008-12-31": "337.12800", "2007-12-31": "200.73800", "2006-12-31": "202.78400", "2005-12-31": "218.75700"}, "Other Non-Current Liabilities": {"2019-12-31": "8.90400", "2018-12-31": "10.39400", "2017-12-31": "20.58500", "2016-12-31": "14.91000", "2015-12-31": "40.29000", "2014-12-31": "45.54200", "2013-12-31": "51.73100", "2012-12-31": "44.25200", "2011-12-31": "41.41800", "2010-12-31": "47.71300", "2009-12-31": "7.01000", "2008-12-31": "22.47600", "2007-12-31": "24.30600", "2006-12-31": "28.04900", "2005-12-31": "24.88900"}, "Total Long Term Liabilities": {"2019-12-31": "1092.74100", "2018-12-31": "985.71600", "2017-12-31": "1047.45700", "2016-12-31": "1059.29700", "2015-12-31": "1060.61700", "2014-12-31": "1082.04900", "2013-12-31": "795.06810", "2012-12-31": "749.10800", "2011-12-31": "700.09500", "2010-12-31": "733.70200", "2009-12-31": "237.04500", "2008-12-31": "404.72800", "2007-12-31": "270.96400", "2006-12-31": "274.10700", "2005-12-31": "294.21600"}, "Total Liabilities": {"2019-12-31": "1606.52000", "2018-12-31": "1394.75100", "2017-12-31": "1450.45500", "2016-12-31": "1409.14500", "2015-12-31": "1427.17100", "2014-12-31": "1479.26300", "2013-12-31": "1231.64800", "2012-12-31": "1161.54100", "2011-12-31": "1108.16500", "2010-12-31": "1080.61600", "2009-12-31": "493.86200", "2008-12-31": "685.31200", "2007-12-31": "542.00000", "2006-12-31": "491.02900", "2005-12-31": "473.36700"}, "Common Stock Net": {"2019-12-31": "27.90000", "2018-12-31": "27.90000", "2017-12-31": "27.90000", "2016-12-31": "27.90000", "2015-12-31": "27.90000", "2014-12-31": "27.90000", "2013-12-31": "27.90000", "2012-12-31": "27.90000", "2011-12-31": "27.90000", "2010-12-31": "27.90000", "2009-12-31": "27.90000", "2008-12-31": "27.90000", "2007-12-31": "27.90000", "2006-12-31": "27.90000", "2005-12-31": "27.90000"}, "Retained Earnings (Accumulated Deficit)": {"2019-12-31": "2140.94800", "2018-12-31": "2027.59600", "2017-12-31": "1954.34400", "2016-12-31": "1874.72200", "2015-12-31": "1729.67900", "2014-12-31": "1718.66200", "2013-12-31": "1562.67000", "2012-12-31": "1300.52900", "2011-12-31": "1079.69800", "2010-12-31": "850.26900", "2009-12-31": "767.39800", "2008-12-31": "624.25400", "2007-12-31": "496.38800", "2006-12-31": "405.56700", "2005-12-31": "357.02500"}, "Comprehensive Income": {"2019-12-31": "-313.42200", "2018-12-31": "-303.18500", "2017-12-31": "-279.02200", "2016-12-31": "-346.35900", "2015-12-31": "-267.21800", "2014-12-31": "-134.43300", "2013-12-31": "-47.68500", "2012-12-31": "43.93800", "2011-12-31": "64.05200", "2010-12-31": "63.64500", "2009-12-31": "16.95300", "2008-12-31": "-0.53300", "2007-12-31": "16.99600", "2006-12-31": "3.62600", "2005-12-31": "-2.52100"}, "Other Share Holders Equity": {"2019-12-31": "", "2018-12-31": "", "2017-12-31": "", "2016-12-31": "", "2015-12-31": "", "2014-12-31": "", "2013-12-31": "", "2012-12-31": "", "2011-12-31": "", "2010-12-31": "", "2009-12-31": "", "2008-12-31": "", "2007-12-31": "", "2006-12-31": "", "2005-12-31": ""}, "Share Holder Equity": {"2019-12-31": "1156.89100", "2018-12-31": "1135.52300", "2017-12-31": "1151.79500", "2016-12-31": "982.58600", "2015-12-31": "965.21100", "2014-12-31": "1250.40500", "2013-12-31": "1544.84600", "2012-12-31": "1407.01000", "2011-12-31": "1197.91100", "2010-12-31": "1010.12700", "2009-12-31": "808.30700", "2008-12-31": "640.97600", "2007-12-31": "510.61300", "2006-12-31": "401.28100", "2005-12-31": "328.67500"}, "Total Liabilities And Share Holders Equity": {"2019-12-31": "2763.41100", "2018-12-31": "2530.27400", "2017-12-31": "2602.25000", "2016-12-31": "2391.73100", "2015-12-31": "2392.38200", "2014-12-31": "2729.66800", "2013-12-31": "2776.49400", "2012-12-31": "2568.55100", "2011-12-31": "2306.07600", "2010-12-31": "2090.74300", "2009-12-31": "1302.16900", "2008-12-31": "1326.28800", "2007-12-31": "1052.61300", "2006-12-31": "892.31000", "2005-12-31": "802.04200"}}, "balance sheet, quarterly": {"Cash On Hand": {"2020-09-30": "443.05500", "2020-06-30": "353.34800", "2020-03-31": "294.64500", "2019-12-31": "353.54200", "2019-09-30": "327.20000", "2019-06-30": "256.94400", "2019-03-31": "211.23700", "2018-12-31": "313.21000", "2018-09-30": "295.62200", "2018-06-30": "722.58800", "2018-03-31": "479.66300", "2017-12-31": "492.80500", "2017-09-30": "493.49000", "2017-06-30": "448.22200", "2017-03-31": "425.21600", "2016-12-31": "399.94800", "2016-09-30": "349.37500", "2016-06-30": "344.34600", "2016-03-31": "387.71400", "2015-12-31": "349.07400", "2015-09-30": "312.85100", "2015-06-30": "317.52300", "2015-03-31": "318.36600", "2014-12-31": "371.57900", "2014-09-30": "452.21800", "2014-06-30": "455.92700", "2014-03-31": "488.19500", "2013-12-31": "613.70600", "2013-09-30": "543.36900", "2013-06-30": "490.47700", "2013-03-31": "419.99600", "2012-12-31": "414.12900", "2012-09-30": "427.08000", "2012-06-30": "328.38100", "2012-03-31": "339.56800", "2011-12-31": "362.89400", "2011-09-30": "336.90800", "2011-06-30": "326.79000", "2011-03-31": "358.27100", "2010-12-31": "346.90400", "2010-09-30": "323.15000", "2010-06-30": "314.37300", "2010-03-31": "373.98700", "2009-12-31": "180.78600", "2009-09-30": "129.84400", "2009-06-30": "96.26200", "2009-03-31": "75.82200", "2008-12-31": "68.56700", "2008-09-30": "68.09500", "2008-06-30": "64.83500", "2008-03-31": "67.02800", "2007-12-31": "106.53200", "2007-09-30": "69.33700", "2007-06-30": "47.92400", "2007-03-31": "42.30900", "2006-12-31": "63.50400", "2006-09-30": "55.24900", "2006-06-30": "34.54700", "2006-03-31": "36.00500", "2005-12-31": "46.86700", "2005-09-30": "33.94100", "2005-06-30": "39.82700", "2005-03-31": "37.03100"}, "Receivables": {"2020-09-30": "502.00400", "2020-06-30": "500.83800", "2020-03-31": "492.78500", "2019-12-31": "480.00000", "2019-09-30": "501.21500", "2019-06-30": "507.06100", "2019-03-31": "512.85200", "2018-12-31": "483.96300", "2018-09-30": "500.40600", "2018-06-30": "472.84900", "2018-03-31": "467.01000", "2017-12-31": "503.67700", "2017-09-30": "492.84200", "2017-06-30": "496.96200", "2017-03-31": "455.04400", "2016-12-31": "439.34200", "2016-09-30": "455.69200", "2016-06-30": "466.74900", "2016-03-31": "449.37900", "2015-12-31": "466.44300", "2015-09-30": "501.40300", "2015-06-30": "491.70600", "2015-03-31": "503.64900", "2014-12-31": "536.91800", "2014-09-30": "570.81000", "2014-06-30": "543.60800", "2014-03-31": "529.69300", "2013-12-31": "515.44000", "2013-09-30": "513.83200", "2013-06-30": "513.76600", "2013-03-31": "503.93300", "2012-12-31": "515.90200", "2012-09-30": "470.24000", "2012-06-30": "489.37100", "2012-03-31": "450.28000", "2011-12-31": "426.68300", "2011-09-30": "449.43100", "2011-06-30": "453.06600", "2011-03-31": "425.85300", "2010-12-31": "410.56600", "2010-09-30": "400.68300", "2010-06-30": "376.00500", "2010-03-31": "256.67200", "2009-12-31": "259.52100", "2009-09-30": "296.26700", "2009-06-30": "336.16800", "2009-03-31": "320.22900", "2008-12-31": "327.62000", "2008-09-30": "318.72300", "2008-06-30": "306.88700", "2008-03-31": "282.36300", "2007-12-31": "254.47200", "2007-09-30": "264.51800", "2007-06-30": "247.92900", "2007-03-31": "228.84800", "2006-12-31": "213.66000", "2006-09-30": "219.74400", "2006-06-30": "223.06800", "2006-03-31": "195.50400", "2005-12-31": "180.96900", "2005-09-30": "182.43100", "2005-06-30": "176.09500", "2005-03-31": "172.68100"}, "Inventory": {"2020-09-30": "448.08800", "2020-06-30": "449.51600", "2020-03-31": "416.61300", "2019-12-31": "418.37000", "2019-09-30": "377.30000", "2019-06-30": "406.54600", "2019-03-31": "395.79900", "2018-12-31": "383.56600", "2018-09-30": "399.90500", "2018-06-30": "381.97100", "2018-03-31": "370.00500", "2017-12-31": "420.94800", "2017-09-30": "403.23400", "2017-06-30": "382.64800", "2017-03-31": "389.15600", "2016-12-31": "350.02800", "2016-09-30": "379.62500", "2016-06-30": "372.10600", "2016-03-31": "350.76800", "2015-12-31": "340.67200", "2015-09-30": "368.29000", "2015-06-30": "379.89700", "2015-03-31": "379.51400", "2014-12-31": "359.52200", "2014-09-30": "384.64500", "2014-06-30": "381.94300", "2014-03-31": "424.82500", "2013-12-31": "380.00000", "2013-09-30": "427.21500", "2013-06-30": "413.40800", "2013-03-31": "451.25700", "2012-12-31": "412.38400", "2012-09-30": "432.68900", "2012-06-30": "441.29600", "2012-03-31": "440.60000", "2011-12-31": "393.78200", "2011-09-30": "377.52500", "2011-06-30": "366.18500", "2011-03-31": "323.96400", "2010-12-31": "280.22300", "2010-09-30": "296.33500", "2010-06-30": "296.63400", "2010-03-31": "211.67900", "2009-12-31": "210.61100", "2009-09-30": "216.48300", "2009-06-30": "251.62100", "2009-03-31": "317.16100", "2008-12-31": "313.41100", "2008-09-30": "313.60000", "2008-06-30": "250.24700", "2008-03-31": "239.35800", "2007-12-31": "219.99300", "2007-09-30": "212.98200", "2007-06-30": "218.19700", "2007-03-31": "210.55600", "2006-12-31": "194.27800", "2006-09-30": "176.16000", "2006-06-30": "165.24800", "2006-03-31": "172.86900", "2005-12-31": "158.32700", "2005-09-30": "164.07000", "2005-06-30": "172.91400", "2005-03-31": "176.42400"}, "Pre-Paid Expenses": {"2020-09-30": "51.74500", "2020-06-30": "51.11300", "2020-03-31": "63.30600", "2019-12-31": "32.04300", "2019-09-30": "50.42000", "2019-06-30": "44.94200", "2019-03-31": "54.37900", "2018-12-31": "42.80000", "2018-09-30": "40.65500", "2018-06-30": "127.84300", "2018-03-31": "127.25100", "2017-12-31": "27.47800", "2017-09-30": "50.06400", "2017-06-30": "43.54500", "2017-03-31": "54.53200", "2016-12-31": "57.29700", "2016-09-30": "69.23100", "2016-06-30": "63.65000", "2016-03-31": "46.08000", "2015-12-31": "46.13700", "2015-09-30": "52.20800", "2015-06-30": "56.65300", "2015-03-31": "48.34400", "2014-12-31": "56.91200", "2014-09-30": "64.67300", "2014-06-30": "66.91600", "2014-03-31": "57.91300", "2013-12-31": "22.99700", "2013-09-30": "35.07100", "2013-06-30": "33.58700", "2013-03-31": "33.55500", "2012-12-31": "25.14400", "2012-09-30": "30.10600", "2012-06-30": "29.77200", "2012-03-31": "27.88100", "2011-12-31": "25.76500", "2011-09-30": "28.83200", "2011-06-30": "30.86200", "2011-03-31": "29.43800", "2010-12-31": "23.80600", "2010-09-30": "29.73100", "2010-06-30": "39.94300", "2010-03-31": "20.33300", "2009-12-31": "22.14300", "2009-09-30": "26.59600", "2009-06-30": "24.82400", "2009-03-31": "14.79900", "2008-12-31": "13.82100", "2008-09-30": "19.61200", "2008-06-30": "25.76400", "2008-03-31": "18.66000", "2007-12-31": "17.73400", "2007-09-30": "8.57100", "2007-06-30": "11.13300", "2007-03-31": "13.75100", "2006-12-31": "6.08600", "2006-09-30": "11.43800", "2006-06-30": "10.81800", "2006-03-31": "10.23800", "2005-12-31": "7.64300", "2005-09-30": "9.14800", "2005-06-30": "10.91100", "2005-03-31": "11.80900"}, "Other Current Assets": {"2020-09-30": "113.25400", "2020-06-30": "125.00400", "2020-03-31": "144.77700", "2019-12-31": "141.32200", "2019-09-30": "120.37600", "2019-06-30": "123.92600", "2019-03-31": "119.88600", "2018-12-31": "112.52500", "2018-09-30": "112.62000", "2018-06-30": "", "2018-03-31": "72.66500", "2017-12-31": "16.16500", "2017-09-30": "", "2017-06-30": "", "2017-03-31": "", "2016-12-31": "", "2016-09-30": "", "2016-06-30": "", "2016-03-31": "", "2015-12-31": "", "2015-09-30": "", "2015-06-30": "", "2015-03-31": "", "2014-12-31": "", "2014-09-30": "", "2014-06-30": "", "2014-03-31": "", "2013-12-31": "", "2013-09-30": "", "2013-06-30": "", "2013-03-31": "", "2012-12-31": "", "2012-09-30": "", "2012-06-30": "", "2012-03-31": "", "2011-12-31": "", "2011-09-30": "", "2011-06-30": "", "2011-03-31": "", "2010-12-31": "", "2010-09-30": "", "2010-06-30": "", "2010-03-31": "", "2009-12-31": "", "2009-09-30": "", "2009-06-30": "", "2009-03-31": "", "2008-12-31": "", "2008-09-30": "", "2008-06-30": "", "2008-03-31": "", "2007-12-31": "", "2007-09-30": "", "2007-06-30": "", "2007-03-31": "", "2006-12-31": "", "2006-09-30": "", "2006-06-30": "", "2006-03-31": "", "2005-12-31": "", "2005-09-30": "", "2005-06-30": "", "2005-03-31": ""}, "Total Current Assets": {"2020-09-30": "1558.14600", "2020-06-30": "1479.81900", "2020-03-31": "1414.42600", "2019-12-31": "1432.22400", "2019-09-30": "1388.40400", "2019-06-30": "1347.99800", "2019-03-31": "1298.90000", "2018-12-31": "1340.64000", "2018-09-30": "1362.39000", "2018-06-30": "1715.09200", "2018-03-31": "1523.34300", "2017-12-31": "1472.56500", "2017-09-30": "1448.12300", "2017-06-30": "1376.20700", "2017-03-31": "1331.27300", "2016-12-31": "1253.21600", "2016-09-30": "1274.26500", "2016-06-30": "1267.29200", "2016-03-31": "1252.83800", "2015-12-31": "1226.85200", "2015-09-30": "1279.48800", "2015-06-30": "1289.85100", "2015-03-31": "1302.90500", "2014-12-31": "1392.94100", "2014-09-30": "1536.78400", "2014-06-30": "1519.72800", "2014-03-31": "1558.56100", "2013-12-31": "1597.84000", "2013-09-30": "1601.25300", "2013-06-30": "1519.40600", "2013-03-31": "1470.48600", "2012-12-31": "1425.94000", "2012-09-30": "1409.80700", "2012-06-30": "1332.81900", "2012-03-31": "1300.59200", "2011-12-31": "1252.94300", "2011-09-30": "1227.91200", "2011-06-30": "1211.75300", "2011-03-31": "1168.38400", "2010-12-31": "1094.22600", "2010-09-30": "1085.47500", "2010-06-30": "1062.88500", "2010-03-31": "900.77500", "2009-12-31": "715.42200", "2009-09-30": "701.08500", "2009-06-30": "737.31900", "2009-03-31": "757.66000", "2008-12-31": "755.79900", "2008-09-30": "752.25300", "2008-06-30": "675.97300", "2008-03-31": "631.73100", "2007-12-31": "621.59700", "2007-09-30": "576.23300", "2007-06-30": "543.82800", "2007-03-31": "512.58900", "2006-12-31": "494.65800", "2006-09-30": "481.31400", "2006-06-30": "451.16000", "2006-03-31": "429.22200", "2005-12-31": "408.31200", "2005-09-30": "402.43000", "2005-06-30": "412.12400", "2005-03-31": "410.41700"}, "Property, Plant, And Equipment": {"2020-09-30": "573.35300", "2020-06-30": "563.78300", "2020-03-31": "553.98100", "2019-12-31": "558.12900", "2019-09-30": "548.36800", "2019-06-30": "543.55700", "2019-03-31": "527.32900", "2018-12-31": "513.99200", "2018-09-30": "507.72100", "2018-06-30": "492.68800", "2018-03-31": "503.71200", "2017-12-31": "518.92800", "2017-09-30": "522.42400", "2017-06-30": "520.10700", "2017-03-31": "519.65800", "2016-12-31": "518.33500", "2016-09-30": "525.64000", "2016-06-30": "526.34700", "2016-03-31": "532.50700", "2015-12-31": "532.48900", "2015-09-30": "543.23500", "2015-06-30": "570.97700", "2015-03-31": "586.74600", "2014-12-31": "606.45300", "2014-09-30": "616.55200", "2014-06-30": "638.85400", "2014-03-31": "612.20300", "2013-12-31": "534.21000", "2013-09-30": "541.03000", "2013-06-30": "530.48200", "2013-03-31": "534.35000", "2012-12-31": "512.61200", "2012-09-30": "475.99100", "2012-06-30": "465.69200", "2012-03-31": "469.33200", "2011-12-31": "454.87700", "2011-09-30": "437.13900", "2011-06-30": "448.01700", "2011-03-31": "442.95900", "2010-12-31": "439.60900", "2010-09-30": "434.45600", "2010-06-30": "425.13400", "2010-03-31": "276.62800", "2009-12-31": "283.08800", "2009-09-30": "286.66600", "2009-06-30": "277.88600", "2009-03-31": "273.55100", "2008-12-31": "269.32000", "2008-09-30": "265.21000", "2008-06-30": "259.38400", "2008-03-31": "251.27000", "2007-12-31": "232.68400", "2007-09-30": "226.36300", "2007-06-30": "217.13500", "2007-03-31": "206.77400", "2006-12-31": "200.61000", "2006-09-30": "189.80600", "2006-06-30": "190.40600", "2006-03-31": "193.19300", "2005-12-31": "194.67600", "2005-09-30": "207.37500", "2005-06-30": "211.18000", "2005-03-31": "200.02900"}, "Long-Term Investments": {"2020-09-30": "", "2020-06-30": "", "2020-03-31": "", "2019-12-31": "", "2019-09-30": "", "2019-06-30": "", "2019-03-31": "", "2018-12-31": "", "2018-09-30": "", "2018-06-30": "", "2018-03-31": "", "2017-12-31": "", "2017-09-30": "", "2017-06-30": "", "2017-03-31": "", "2016-12-31": "", "2016-09-30": "", "2016-06-30": "", "2016-03-31": "", "2015-12-31": "", "2015-09-30": "", "2015-06-30": "", "2015-03-31": "", "2014-12-31": "", "2014-09-30": "", "2014-06-30": "", "2014-03-31": "", "2013-12-31": "", "2013-09-30": "", "2013-06-30": "", "2013-03-31": "", "2012-12-31": "", "2012-09-30": "", "2012-06-30": "", "2012-03-31": "", "2011-12-31": "", "2011-09-30": "", "2011-06-30": "", "2011-03-31": "", "2010-12-31": "", "2010-09-30": "", "2010-06-30": "", "2010-03-31": "", "2009-12-31": "", "2009-09-30": "", "2009-06-30": "", "2009-03-31": "", "2008-12-31": "", "2008-09-30": "", "2008-06-30": "", "2008-03-31": "", "2007-12-31": "", "2007-09-30": "", "2007-06-30": "", "2007-03-31": "", "2006-12-31": "", "2006-09-30": "", "2006-06-30": "", "2006-03-31": "", "2005-12-31": "", "2005-09-30": "", "2005-06-30": "", "2005-03-31": ""}, "Goodwill And Intangible Assets": {"2020-09-30": "589.62800", "2020-06-30": "587.41200", "2020-03-31": "595.52000", "2019-12-31": "604.60600", "2019-09-30": "599.41300", "2019-06-30": "613.20200", "2019-03-31": "609.89300", "2018-12-31": "561.16300", "2018-09-30": "568.28700", "2018-06-30": "445.91100", "2018-03-31": "457.41400", "2017-12-31": "476.31900", "2017-09-30": "478.84400", "2017-06-30": "471.26500", "2017-03-31": "466.06100", "2016-12-31": "465.48800", "2016-09-30": "480.33200", "2016-06-30": "490.41700", "2016-03-31": "498.80600", "2015-12-31": "507.11300", "2015-09-30": "537.84000", "2015-06-30": "569.97800", "2015-03-31": "563.27800", "2014-12-31": "587.11500", "2014-09-30": "573.96300", "2014-06-30": "563.76400", "2014-03-31": "582.31300", "2013-12-31": "520.54900", "2013-09-30": "510.39900", "2013-06-30": "500.83700", "2013-03-31": "511.58200", "2012-12-31": "503.06100", "2012-09-30": "481.33600", "2012-06-30": "474.74200", "2012-03-31": "488.87600", "2011-12-31": "482.74500", "2011-09-30": "490.08600", "2011-06-30": "505.09000", "2011-03-31": "510.36100", "2010-12-31": "500.38200", "2010-09-30": "484.70600", "2010-06-30": "480.52600", "2010-03-31": "271.35700", "2009-12-31": "274.69800", "2009-09-30": "272.17600", "2009-06-30": "278.87100", "2009-03-31": "276.38600", "2008-12-31": "279.79700", "2008-09-30": "262.91200", "2008-06-30": "246.58100", "2008-03-31": "247.77500", "2007-12-31": "174.47500", "2007-09-30": "175.22600", "2007-06-30": "173.45300", "2007-03-31": "163.86000", "2006-12-31": "164.66100", "2006-09-30": "163.97000", "2006-06-30": "164.80600", "2006-03-31": "165.93800", "2005-12-31": "166.83500", "2005-09-30": "166.06200", "2005-06-30": "166.96900", "2005-03-31": "168.49300"}, "Other Long-Term Assets": {"2020-09-30": "202.78300", "2020-06-30": "200.82800", "2020-03-31": "193.65200", "2019-12-31": "212.25700", "2019-09-30": "189.25700", "2019-06-30": "206.98200", "2019-03-31": "209.86500", "2018-12-31": "114.47900", "2018-09-30": "124.68000", "2018-06-30": "125.67000", "2018-03-31": "133.59500", "2017-12-31": "134.43800", "2017-09-30": "160.78000", "2017-06-30": "155.58300", "2017-03-31": "149.89600", "2016-12-31": "154.69200", "2016-09-30": "103.80600", "2016-06-30": "111.81700", "2016-03-31": "115.71100", "2015-12-31": "125.92800", "2015-09-30": "129.13800", "2015-06-30": "136.58600", "2015-03-31": "131.20100", "2014-12-31": "143.15900", "2014-09-30": "135.42200", "2014-06-30": "136.25800", "2014-03-31": "132.78900", "2013-12-31": "123.89500", "2013-09-30": "95.83800", "2013-06-30": "100.89800", "2013-03-31": "100.82600", "2012-12-31": "126.93800", "2012-09-30": "127.32600", "2012-06-30": "123.49600", "2012-03-31": "124.16900", "2011-12-31": "115.51100", "2011-09-30": "54.04000", "2011-06-30": "58.42000", "2011-03-31": "57.83900", "2010-12-31": "56.52600", "2010-09-30": "54.73300", "2010-06-30": "61.01200", "2010-03-31": "29.01900", "2009-12-31": "28.96100", "2009-09-30": "28.78500", "2009-06-30": "25.36500", "2009-03-31": "23.09700", "2008-12-31": "21.37200", "2008-09-30": "22.51800", "2008-06-30": "24.15400", "2008-03-31": "24.42600", "2007-12-31": "23.85700", "2007-09-30": "24.86800", "2007-06-30": "22.65000", "2007-03-31": "29.23600", "2006-12-31": "32.38100", "2006-09-30": "36.09500", "2006-06-30": "34.38100", "2006-03-31": "32.75500", "2005-12-31": "32.21900", "2005-09-30": "32.15200", "2005-06-30": "32.03200", "2005-03-31": "32.23100"}, "Total Long-Term Assets": {"2020-09-30": "1365.76400", "2020-06-30": "1352.02300", "2020-03-31": "1343.15300", "2019-12-31": "1374.99200", "2019-09-30": "1337.03800", "2019-06-30": "1363.74100", "2019-03-31": "1347.08700", "2018-12-31": "1189.63400", "2018-09-30": "1200.68800", "2018-06-30": "1064.26900", "2018-03-31": "1094.72100", "2017-12-31": "1129.68500", "2017-09-30": "1162.04800", "2017-06-30": "1146.95500", "2017-03-31": "1135.61500", "2016-12-31": "1138.51500", "2016-09-30": "1109.77800", "2016-06-30": "1128.58100", "2016-03-31": "1147.02400", "2015-12-31": "1165.53000", "2015-09-30": "1210.21300", "2015-06-30": "1277.54100", "2015-03-31": "1281.22500", "2014-12-31": "1336.72700", "2014-09-30": "1325.93700", "2014-06-30": "1338.87600", "2014-03-31": "1327.30500", "2013-12-31": "1178.65400", "2013-09-30": "1147.26700", "2013-06-30": "1132.21700", "2013-03-31": "1146.75800", "2012-12-31": "1142.61100", "2012-09-30": "1084.65300", "2012-06-30": "1063.93000", "2012-03-31": "1082.37700", "2011-12-31": "1053.13300", "2011-09-30": "981.26500", "2011-06-30": "1011.52700", "2011-03-31": "1011.15900", "2010-12-31": "996.51700", "2010-09-30": "973.89500", "2010-06-30": "966.67210", "2010-03-31": "577.00400", "2009-12-31": "586.74700", "2009-09-30": "587.62700", "2009-06-30": "582.12190", "2009-03-31": "573.03400", "2008-12-31": "570.48900", "2008-09-30": "550.64000", "2008-06-30": "530.11900", "2008-03-31": "523.47100", "2007-12-31": "431.01600", "2007-09-30": "426.45700", "2007-06-30": "413.23800", "2007-03-31": "399.87000", "2006-12-31": "397.65200", "2006-09-30": "389.87100", "2006-06-30": "389.59300", "2006-03-31": "391.88600", "2005-12-31": "393.73000", "2005-09-30": "405.58900", "2005-06-30": "410.18100", "2005-03-31": "400.75300"}, "Total Assets": {"2020-09-30": "2923.91000", "2020-06-30": "2831.84200", "2020-03-31": "2757.57900", "2019-12-31": "2807.21600", "2019-09-30": "2725.44200", "2019-06-30": "2711.73900", "2019-03-31": "2645.98700", "2018-12-31": "2530.27400", "2018-09-30": "2563.07800", "2018-06-30": "2779.36100", "2018-03-31": "2618.06400", "2017-12-31": "2602.25000", "2017-09-30": "2610.17100", "2017-06-30": "2523.16200", "2017-03-31": "2466.88800", "2016-12-31": "2391.73100", "2016-09-30": "2384.04300", "2016-06-30": "2395.87300", "2016-03-31": "2399.86200", "2015-12-31": "2392.38200", "2015-09-30": "2489.70100", "2015-06-30": "2567.39200", "2015-03-31": "2584.13000", "2014-12-31": "2729.66800", "2014-09-30": "2862.72100", "2014-06-30": "2858.60400", "2014-03-31": "2885.86600", "2013-12-31": "2776.49400", "2013-09-30": "2748.52000", "2013-06-30": "2651.62300", "2013-03-31": "2617.24400", "2012-12-31": "2568.55100", "2012-09-30": "2494.46000", "2012-06-30": "2396.74900", "2012-03-31": "2382.96900", "2011-12-31": "2306.07600", "2011-09-30": "2209.17700", "2011-06-30": "2223.28000", "2011-03-31": "2179.54300", "2010-12-31": "2090.74300", "2010-09-30": "2059.37000", "2010-06-30": "2029.55700", "2010-03-31": "1477.77900", "2009-12-31": "1302.16900", "2009-09-30": "1288.71200", "2009-06-30": "1319.44100", "2009-03-31": "1330.69400", "2008-12-31": "1326.28800", "2008-09-30": "1302.89300", "2008-06-30": "1206.09200", "2008-03-31": "1155.20200", "2007-12-31": "1052.61300", "2007-09-30": "1002.69000", "2007-06-30": "957.06600", "2007-03-31": "912.45900", "2006-12-31": "892.31000", "2006-09-30": "871.18500", "2006-06-30": "840.75300", "2006-03-31": "821.10800", "2005-12-31": "802.04200", "2005-09-30": "808.01900", "2005-06-30": "822.30500", "2005-03-31": "811.17000"}, "Total Current Liabilities": {"2020-09-30": "623.91900", "2020-06-30": "604.82500", "2020-03-31": "561.21100", "2019-12-31": "513.77900", "2019-09-30": "530.94700", "2019-06-30": "497.30100", "2019-03-31": "440.83900", "2018-12-31": "409.03500", "2018-09-30": "400.70700", "2018-06-30": "606.55200", "2018-03-31": "374.26200", "2017-12-31": "402.99800", "2017-09-30": "413.46000", "2017-06-30": "374.04700", "2017-03-31": "382.70400", "2016-12-31": "349.84800", "2016-09-30": "359.92500", "2016-06-30": "358.03900", "2016-03-31": "364.57700", "2015-12-31": "366.55400", "2015-09-30": "372.85300", "2015-06-30": "369.30200", "2015-03-31": "383.59100", "2014-12-31": "397.21400", "2014-09-30": "425.28800", "2014-06-30": "423.43300", "2014-03-31": "443.39100", "2013-12-31": "436.58000", "2013-09-30": "434.66700", "2013-06-30": "416.77500", "2013-03-31": "410.78200", "2012-12-31": "412.43300", "2012-09-30": "413.33300", "2012-06-30": "401.77400", "2012-03-31": "404.46400", "2011-12-31": "408.07000", "2011-09-30": "396.16300", "2011-06-30": "395.40000", "2011-03-31": "358.89800", "2010-12-31": "346.91400", "2010-09-30": "362.90000", "2010-06-30": "360.58900", "2010-03-31": "234.99800", "2009-12-31": "256.81700", "2009-09-30": "269.19700", "2009-06-30": "259.63800", "2009-03-31": "258.41000", "2008-12-31": "280.58400", "2008-09-30": "341.57500", "2008-06-30": "354.85700", "2008-03-31": "286.18200", "2007-12-31": "271.03600", "2007-09-30": "251.93200", "2007-06-30": "229.88400", "2007-03-31": "222.95500", "2006-12-31": "216.92200", "2006-09-30": "209.30500", "2006-06-30": "186.39200", "2006-03-31": "187.90500", "2005-12-31": "179.15100", "2005-09-30": "153.38700", "2005-06-30": "143.92100", "2005-03-31": "139.27100"}, "Long Term Debt": {"2020-09-30": "779.78800", "2020-06-30": "778.28300", "2020-03-31": "776.13900", "2019-12-31": "764.94400", "2019-09-30": "764.52400", "2019-06-30": "765.55800", "2019-03-31": "741.62900", "2018-12-31": "741.82200", "2018-09-30": "736.18500", "2018-06-30": "736.30200", "2018-03-31": "753.64700", "2017-12-31": "753.88800", "2017-09-30": "754.20200", "2017-06-30": "754.43600", "2017-03-31": "754.52300", "2016-12-31": "754.79500", "2016-09-30": "755.58400", "2016-06-30": "756.54300", "2016-03-31": "756.87800", "2015-12-31": "756.91800", "2015-09-30": "764.82300", "2015-06-30": "765.27200", "2015-03-31": "765.76200", "2014-12-31": "766.65400", "2014-09-30": "768.61100", "2014-06-30": "478.49800", "2014-03-31": "479.14100", "2013-12-31": "470.90700", "2013-09-30": "471.29400", "2013-06-30": "471.66200", "2013-03-31": "472.24900", "2012-12-31": "472.59300", "2012-09-30": "473.22700", "2012-06-30": "473.59200", "2012-03-31": "474.01500", "2011-12-31": "474.41500", "2011-09-30": "494.77500", "2011-06-30": "489.13000", "2011-03-31": "484.54800", "2010-12-31": "468.59600", "2010-09-30": "482.93200", "2010-06-30": "517.91300", "2010-03-31": "351.12700", "2009-12-31": "160.25100", "2009-09-30": "171.71000", "2009-06-30": "258.41800", "2009-03-31": "330.72000", "2008-12-31": "337.12800", "2008-09-30": "265.08600", "2008-06-30": "181.40900", "2008-03-31": "243.75100", "2007-12-31": "200.73800", "2007-09-30": "200.52100", "2007-06-30": "206.23500", "2007-03-31": "198.13900", "2006-12-31": "202.78400", "2006-09-30": "205.88000", "2006-06-30": "212.03000", "2006-03-31": "214.10300", "2005-12-31": "218.75700", "2005-09-30": "255.21100", "2005-06-30": "290.42100", "2005-03-31": "293.48200"}, "Other Non-Current Liabilities": {"2020-09-30": "45.58700", "2020-06-30": "9.06600", "2020-03-31": "9.09900", "2019-12-31": "8.90400", "2019-09-30": "11.11300", "2019-06-30": "13.26100", "2019-03-31": "13.99600", "2018-12-31": "10.39400", "2018-09-30": "19.31100", "2018-06-30": "20.38500", "2018-03-31": "21.04300", "2017-12-31": "20.58500", "2017-09-30": "13.55700", "2017-06-30": "17.27500", "2017-03-31": "15.50800", "2016-12-31": "14.91000", "2016-09-30": "33.10400", "2016-06-30": "38.28500", "2016-03-31": "39.95300", "2015-12-31": "40.29000", "2015-09-30": "41.81100", "2015-06-30": "43.14200", "2015-03-31": "45.84900", "2014-12-31": "45.54200", "2014-09-30": "48.70700", "2014-06-30": "54.50300", "2014-03-31": "53.34000", "2013-12-31": "51.73100", "2013-09-30": "49.41700", "2013-06-30": "48.85400", "2013-03-31": "49.16300", "2012-12-31": "44.25200", "2012-09-30": "42.03900", "2012-06-30": "41.32800", "2012-03-31": "42.76400", "2011-12-31": "41.41800", "2011-09-30": "43.06800", "2011-06-30": "45.11800", "2011-03-31": "47.78600", "2010-12-31": "47.71300", "2010-09-30": "45.90400", "2010-06-30": "50.58500", "2010-03-31": "29.06100", "2009-12-31": "7.01000", "2009-09-30": "26.49000", "2009-06-30": "24.90800", "2009-03-31": "22.29800", "2008-12-31": "22.47600", "2008-09-30": "24.14700", "2008-06-30": "25.30800", "2008-03-31": "24.98200", "2007-12-31": "24.30600", "2007-09-30": "22.95800", "2007-06-30": "24.16600", "2007-03-31": "28.75300", "2006-12-31": "28.04900", "2006-09-30": "27.86800", "2006-06-30": "27.10500", "2006-03-31": "26.26200", "2005-12-31": "24.88900", "2005-09-30": "24.07800", "2005-06-30": "23.47600", "2005-03-31": "23.66300"}, "Total Long Term Liabilities": {"2020-09-30": "1110.32700", "2020-06-30": "1074.31500", "2020-03-31": "1086.23800", "2019-12-31": "1103.69200", "2019-09-30": "1063.32400", "2019-06-30": "1087.42400", "2019-03-31": "1073.93300", "2018-12-31": "985.71600", "2018-09-30": "1028.62300", "2018-06-30": "1022.98500", "2018-03-31": "1058.44600", "2017-12-31": "1047.45700", "2017-09-30": "1044.11600", "2017-06-30": "1046.66900", "2017-03-31": "1042.90400", "2016-12-31": "1059.29700", "2016-09-30": "1021.81700", "2016-06-30": "1043.66300", "2016-03-31": "1055.13400", "2015-12-31": "1060.61700", "2015-09-30": "1051.07100", "2015-06-30": "1057.49700", "2015-03-31": "1056.67500", "2014-12-31": "1082.04900", "2014-09-30": "1078.74700", "2014-06-30": "820.08100", "2014-03-31": "822.67210", "2013-12-31": "795.06810", "2013-09-30": "738.06800", "2013-06-30": "736.49100", "2013-03-31": "742.53700", "2012-12-31": "749.10800", "2012-09-30": "693.23300", "2012-06-30": "687.13600", "2012-03-31": "697.50200", "2011-12-31": "700.09500", "2011-09-30": "749.76500", "2011-06-30": "752.05300", "2011-03-31": "767.18800", "2010-12-31": "733.70200", "2010-09-30": "759.88600", "2010-06-30": "789.71400", "2010-03-31": "429.76500", "2009-12-31": "237.04500", "2009-09-30": "241.59300", "2009-06-30": "328.15900", "2009-03-31": "398.67800", "2008-12-31": "404.72800", "2008-09-30": "346.82200", "2008-06-30": "260.56700", "2008-03-31": "321.78800", "2007-12-31": "270.96400", "2007-09-30": "267.86000", "2007-06-30": "275.86800", "2007-03-31": "267.33900", "2006-12-31": "274.10700", "2006-09-30": "278.17000", "2006-06-30": "284.53300", "2006-03-31": "287.94800", "2005-12-31": "294.21600", "2005-09-30": "334.73100", "2005-06-30": "369.70500", "2005-03-31": "371.62000"}, "Total Liabilities": {"2020-09-30": "1734.24600", "2020-06-30": "1679.14000", "2020-03-31": "1647.44900", "2019-12-31": "1617.47100", "2019-09-30": "1594.27100", "2019-06-30": "1584.72500", "2019-03-31": "1514.77200", "2018-12-31": "1394.75100", "2018-09-30": "1429.33000", "2018-06-30": "1629.53700", "2018-03-31": "1432.70800", "2017-12-31": "1450.45500", "2017-09-30": "1457.57600", "2017-06-30": "1420.71600", "2017-03-31": "1425.60800", "2016-12-31": "1409.14500", "2016-09-30": "1381.74200", "2016-06-30": "1401.70200", "2016-03-31": "1419.71100", "2015-12-31": "1427.17100", "2015-09-30": "1423.92400", "2015-06-30": "1426.79900", "2015-03-31": "1440.26600", "2014-12-31": "1479.26300", "2014-09-30": "1504.03500", "2014-06-30": "1243.51400", "2014-03-31": "1266.06300", "2013-12-31": "1231.64800", "2013-09-30": "1172.73500", "2013-06-30": "1153.26600", "2013-03-31": "1153.31900", "2012-12-31": "1161.54100", "2012-09-30": "1106.56600", "2012-06-30": "1088.91000", "2012-03-31": "1101.96600", "2011-12-31": "1108.16500", "2011-09-30": "1145.92800", "2011-06-30": "1147.45300", "2011-03-31": "1126.08600", "2010-12-31": "1080.61600", "2010-09-30": "1122.78600", "2010-06-30": "1150.30300", "2010-03-31": "664.76300", "2009-12-31": "493.86200", "2009-09-30": "510.79000", "2009-06-30": "587.79700", "2009-03-31": "657.08800", "2008-12-31": "685.31200", "2008-09-30": "688.39700", "2008-06-30": "615.42400", "2008-03-31": "607.97000", "2007-12-31": "542.00000", "2007-09-30": "519.79200", "2007-06-30": "505.75200", "2007-03-31": "490.29400", "2006-12-31": "491.02900", "2006-09-30": "487.47500", "2006-06-30": "470.92500", "2006-03-31": "475.85300", "2005-12-31": "473.36700", "2005-09-30": "488.11800", "2005-06-30": "513.62600", "2005-03-31": "510.89100"}, "Common Stock Net": {"2020-09-30": "27.90000", "2020-06-30": "27.90000", "2020-03-31": "27.90000", "2019-12-31": "27.90000", "2019-09-30": "27.90000", "2019-06-30": "27.90000", "2019-03-31": "27.90000", "2018-12-31": "27.90000", "2018-09-30": "27.90000", "2018-06-30": "27.90000", "2018-03-31": "27.90000", "2017-12-31": "27.90000", "2017-09-30": "27.90000", "2017-06-30": "27.90000", "2017-03-31": "27.90000", "2016-12-31": "27.90000", "2016-09-30": "27.90000", "2016-06-30": "27.90000", "2016-03-31": "27.90000", "2015-12-31": "27.90000", "2015-09-30": "27.90000", "2015-06-30": "27.90000", "2015-03-31": "27.90000", "2014-12-31": "27.90000", "2014-09-30": "27.90000", "2014-06-30": "27.90000", "2014-03-31": "27.90000", "2013-12-31": "27.90000", "2013-09-30": "27.90000", "2013-06-30": "27.90000", "2013-03-31": "27.90000", "2012-12-31": "27.90000", "2012-09-30": "27.90000", "2012-06-30": "27.90000", "2012-03-31": "27.90000", "2011-12-31": "27.90000", "2011-09-30": "27.90000", "2011-06-30": "27.90000", "2011-03-31": "27.90000", "2010-12-31": "27.90000", "2010-09-30": "27.90000", "2010-06-30": "27.90000", "2010-03-31": "27.90000", "2009-12-31": "27.90000", "2009-09-30": "27.90000", "2009-06-30": "27.90000", "2009-03-31": "27.90000", "2008-12-31": "27.90000", "2008-09-30": "27.90000", "2008-06-30": "27.90000", "2008-03-31": "27.90000", "2007-12-31": "27.90000", "2007-09-30": "27.90000", "2007-06-30": "27.90000", "2007-03-31": "27.90000", "2006-12-31": "27.90000", "2006-09-30": "27.90000", "2006-06-30": "27.90000", "2006-03-31": "27.90000", "2005-12-31": "27.90000", "2005-09-30": "27.90000", "2005-06-30": "27.90000", "2005-03-31": "27.90000"}, "Retained Earnings (Accumulated Deficit)": {"2020-09-30": "2219.18200", "2020-06-30": "2194.91600", "2020-03-31": "2171.32900", "2019-12-31": "2173.80200", "2019-09-30": "2119.84300", "2019-06-30": "2085.59400", "2019-03-31": "2049.43800", "2018-12-31": "2027.59600", "2018-09-30": "2022.53800", "2018-06-30": "2023.91900", "2018-03-31": "1996.47400", "2017-12-31": "1954.34400", "2017-09-30": "1974.60100", "2017-06-30": "1945.87400", "2017-03-31": "1906.16100", "2016-12-31": "1874.72200", "2016-09-30": "1811.94700", "2016-06-30": "1790.12000", "2016-03-31": "1756.08200", "2015-12-31": "1729.67900", "2015-09-30": "1767.62100", "2015-06-30": "1762.53400", "2015-03-31": "1741.25200", "2014-12-31": "1718.66200", "2014-09-30": "1687.53600", "2014-06-30": "1672.28700", "2014-03-31": "1615.69600", "2013-12-31": "1562.67000", "2013-09-30": "1514.09900", "2013-06-30": "1458.32600", "2013-03-31": "1372.73700", "2012-12-31": "1300.52900", "2012-09-30": "1238.84000", "2012-06-30": "1186.60300", "2012-03-31": "1130.65500", "2011-12-31": "1079.69800", "2011-09-30": "966.87200", "2011-06-30": "927.71200", "2011-03-31": "868.39600", "2010-12-31": "850.26900", "2010-09-30": "817.11700", "2010-06-30": "795.79700", "2010-03-31": "780.41400", "2009-12-31": "767.39800", "2009-09-30": "740.78400", "2009-06-30": "701.71400", "2009-03-31": "659.31900", "2008-12-31": "624.25400", "2008-09-30": "597.67400", "2008-06-30": "563.19000", "2008-03-31": "526.22100", "2007-12-31": "496.38800", "2007-09-30": "473.88200", "2007-06-30": "448.56000", "2007-03-31": "423.51900", "2006-12-31": "405.56700", "2006-09-30": "391.82700", "2006-06-30": "377.42900", "2006-03-31": "364.48500", "2005-12-31": "357.02500", "2005-09-30": "350.31700", "2005-06-30": "339.32900", "2005-03-31": "330.49800"}, "Comprehensive Income": {"2020-09-30": "-322.33400", "2020-06-30": "-332.48600", "2020-03-31": "-347.86800", "2019-12-31": "-313.42200", "2019-09-30": "-316.71700", "2019-06-30": "-303.07200", "2019-03-31": "-298.74000", "2018-12-31": "-303.18500", "2018-09-30": "-322.55400", "2018-06-30": "-311.16600", "2018-03-31": "-276.62900", "2017-12-31": "-279.02200", "2017-09-30": "-288.10200", "2017-06-30": "-305.79900", "2017-03-31": "-326.25300", "2016-12-31": "-346.35900", "2016-09-30": "-265.96900", "2016-06-30": "-268.45900", "2016-03-31": "-265.81100", "2015-12-31": "-267.21800", "2015-09-30": "-223.00700", "2015-06-30": "-171.50800", "2015-03-31": "-190.20400", "2014-12-31": "-134.43300", "2014-09-30": "-72.07100", "2014-06-30": "-22.20400", "2014-03-31": "-35.51000", "2013-12-31": "-47.68500", "2013-09-30": "0.30800", "2013-06-30": "-19.01900", "2013-03-31": "30.49900", "2012-12-31": "43.93800", "2012-09-30": "87.14900", "2012-06-30": "62.58700", "2012-03-31": "90.83400", "2011-12-31": "64.05200", "2011-09-30": "41.76800", "2011-06-30": "91.25900", "2011-03-31": "85.14900", "2010-12-31": "63.64500", "2010-09-30": "24.45600", "2010-06-30": "-13.51300", "2010-03-31": "10.33800", "2009-12-31": "16.95300", "2009-09-30": "14.78100", "2009-06-30": "9.71100", "2009-03-31": "-3.10500", "2008-12-31": "-0.53300", "2008-09-30": "16.34000", "2008-06-30": "27.47800", "2008-03-31": "22.85300", "2007-12-31": "16.99600", "2007-09-30": "12.99500", "2007-06-30": "8.28300", "2007-03-31": "5.20500", "2006-12-31": "3.62600", "2006-09-30": "1.24600", "2006-06-30": "1.51000", "2006-03-31": "-0.00900", "2005-12-31": "-2.52100", "2005-09-30": "0.37500", "2005-06-30": "-1.31100", "2005-03-31": "0.76300"}, "Other Share Holders Equity": {"2020-09-30": "", "2020-06-30": "", "2020-03-31": "", "2019-12-31": "", "2019-09-30": "", "2019-06-30": "", "2019-03-31": "", "2018-12-31": "", "2018-09-30": "", "2018-06-30": "", "2018-03-31": "", "2017-12-31": "", "2017-09-30": "", "2017-06-30": "", "2017-03-31": "", "2016-12-31": "", "2016-09-30": "", "2016-06-30": "", "2016-03-31": "", "2015-12-31": "", "2015-09-30": "", "2015-06-30": "", "2015-03-31": "", "2014-12-31": "", "2014-09-30": "", "2014-06-30": "", "2014-03-31": "", "2013-12-31": "", "2013-09-30": "", "2013-06-30": "", "2013-03-31": "", "2012-12-31": "", "2012-09-30": "", "2012-06-30": "", "2012-03-31": "", "2011-12-31": "", "2011-09-30": "", "2011-06-30": "", "2011-03-31": "", "2010-12-31": "", "2010-09-30": "", "2010-06-30": "", "2010-03-31": "", "2009-12-31": "", "2009-09-30": "", "2009-06-30": "", "2009-03-31": "", "2008-12-31": "", "2008-09-30": "", "2008-06-30": "", "2008-03-31": "", "2007-12-31": "", "2007-09-30": "", "2007-06-30": "", "2007-03-31": "", "2006-12-31": "", "2006-09-30": "", "2006-06-30": "", "2006-03-31": "", "2005-12-31": "", "2005-09-30": "", "2005-06-30": "", "2005-03-31": ""}, "Share Holder Equity": {"2020-09-30": "1189.66400", "2020-06-30": "1152.70200", "2020-03-31": "1110.13000", "2019-12-31": "1189.74500", "2019-09-30": "1131.17100", "2019-06-30": "1127.01400", "2019-03-31": "1131.21500", "2018-12-31": "1135.52300", "2018-09-30": "1133.74800", "2018-06-30": "1149.82400", "2018-03-31": "1185.35600", "2017-12-31": "1151.79500", "2017-09-30": "1152.59500", "2017-06-30": "1102.44600", "2017-03-31": "1041.28000", "2016-12-31": "982.58600", "2016-09-30": "1002.30100", "2016-06-30": "994.17100", "2016-03-31": "980.15100", "2015-12-31": "965.21100", "2015-09-30": "1065.77700", "2015-06-30": "1140.59300", "2015-03-31": "1143.86400", "2014-12-31": "1250.40500", "2014-09-30": "1358.68600", "2014-06-30": "1615.09000", "2014-03-31": "1619.80300", "2013-12-31": "1544.84600", "2013-09-30": "1575.78500", "2013-06-30": "1498.35700", "2013-03-31": "1463.92500", "2012-12-31": "1407.01000", "2012-09-30": "1387.89400", "2012-06-30": "1307.83900", "2012-03-31": "1281.00300", "2011-12-31": "1197.91100", "2011-09-30": "1063.24900", "2011-06-30": "1075.82700", "2011-03-31": "1053.45700", "2010-12-31": "1010.12700", "2010-09-30": "936.58400", "2010-06-30": "879.25400", "2010-03-31": "813.01600", "2009-12-31": "808.30700", "2009-09-30": "777.92200", "2009-06-30": "731.64400", "2009-03-31": "673.60600", "2008-12-31": "640.97600", "2008-09-30": "614.49600", "2008-06-30": "590.66800", "2008-03-31": "547.23200", "2007-12-31": "510.61300", "2007-09-30": "482.89800", "2007-06-30": "451.31400", "2007-03-31": "422.16500", "2006-12-31": "401.28100", "2006-09-30": "383.71000", "2006-06-30": "369.82800", "2006-03-31": "345.25500", "2005-12-31": "328.67500", "2005-09-30": "319.90100", "2005-06-30": "308.67900", "2005-03-31": "300.27900"}, "Total Liabilities And Share Holders Equity": {"2020-09-30": "2923.91000", "2020-06-30": "2831.84200", "2020-03-31": "2757.57900", "2019-12-31": "2807.21600", "2019-09-30": "2725.44200", "2019-06-30": "2711.73900", "2019-03-31": "2645.98700", "2018-12-31": "2530.27400", "2018-09-30": "2563.07800", "2018-06-30": "2779.36100", "2018-03-31": "2618.06400", "2017-12-31": "2602.25000", "2017-09-30": "2610.17100", "2017-06-30": "2523.16200", "2017-03-31": "2466.88800", "2016-12-31": "2391.73100", "2016-09-30": "2384.04300", "2016-06-30": "2395.87300", "2016-03-31": "2399.86200", "2015-12-31": "2392.38200", "2015-09-30": "2489.70100", "2015-06-30": "2567.39200", "2015-03-31": "2584.13000", "2014-12-31": "2729.66800", "2014-09-30": "2862.72100", "2014-06-30": "2858.60400", "2014-03-31": "2885.86600", "2013-12-31": "2776.49400", "2013-09-30": "2748.52000", "2013-06-30": "2651.62300", "2013-03-31": "2617.24400", "2012-12-31": "2568.55100", "2012-09-30": "2494.46000", "2012-06-30": "2396.74900", "2012-03-31": "2382.96900", "2011-12-31": "2306.07600", "2011-09-30": "2209.17700", "2011-06-30": "2223.28000", "2011-03-31": "2179.54300", "2010-12-31": "2090.74300", "2010-09-30": "2059.37000", "2010-06-30": "2029.55700", "2010-03-31": "1477.77900", "2009-12-31": "1302.16900", "2009-09-30": "1288.71200", "2009-06-30": "1319.44100", "2009-03-31": "1330.69400", "2008-12-31": "1326.28800", "2008-09-30": "1302.89300", "2008-06-30": "1206.09200", "2008-03-31": "1155.20200", "2007-12-31": "1052.61300", "2007-09-30": "1002.69000", "2007-06-30": "957.06600", "2007-03-31": "912.45900", "2006-12-31": "892.31000", "2006-09-30": "871.18500", "2006-06-30": "840.75300", "2006-03-31": "821.10800", "2005-12-31": "802.04200", "2005-09-30": "808.01900", "2005-06-30": "822.30500", "2005-03-31": "811.17000"}}, "cash flow statement": {"Net Income/Loss": {"2019-12-31": "159.46600", "2018-12-31": "100.30600", "2017-12-31": "122.31900", "2016-12-31": "178.39100", "2015-12-31": "45.33300", "2014-12-31": "189.31800", "2013-12-31": "280.46000", "2012-12-31": "238.91600", "2011-12-31": "237.22600", "2010-12-31": "100.41300", "2009-12-31": "153.94100", "2008-12-31": "136.22000", "2007-12-31": "96.83500", "2006-12-31": "61.54400", "2005-12-31": "39.07900"}, "Total Depreciation And Amortization - Cash Flow": {"2019-12-31": "82.26400", "2018-12-31": "98.60700", "2017-12-31": "84.95700", "2016-12-31": "82.41700", "2015-12-31": "133.11400", "2014-12-31": "89.32800", "2013-12-31": "89.59700", "2012-12-31": "70.21800", "2011-12-31": "74.56000", "2010-12-31": "59.66300", "2009-12-31": "44.74800", "2008-12-31": "39.59700", "2007-12-31": "35.17600", "2006-12-31": "36.54100", "2005-12-31": "39.39200"}, "Other Non-Cash Items": {"2019-12-31": "-6.13200", "2018-12-31": "15.74200", "2017-12-31": "7.17700", "2016-12-31": "-14.29800", "2015-12-31": "21.95700", "2014-12-31": "-6.17400", "2013-12-31": "-7.82000", "2012-12-31": "-3.56800", "2011-12-31": "-92.80800", "2010-12-31": "18.41600", "2009-12-31": "13.88700", "2008-12-31": "0.62400", "2007-12-31": "3.70200", "2006-12-31": "-4.74200", "2005-12-31": "2.01300"}, "Total Non-Cash Items": {"2019-12-31": "76.13200", "2018-12-31": "114.34900", "2017-12-31": "92.13400", "2016-12-31": "68.11900", "2015-12-31": "155.07100", "2014-12-31": "83.15400", "2013-12-31": "81.77700", "2012-12-31": "66.65000", "2011-12-31": "-18.24800", "2010-12-31": "78.07900", "2009-12-31": "58.63500", "2008-12-31": "40.22100", "2007-12-31": "38.87800", "2006-12-31": "31.79900", "2005-12-31": "41.40500"}, "Change In Accounts Receivable": {"2019-12-31": "5.40800", "2018-12-31": "12.57100", "2017-12-31": "-49.11200", "2016-12-31": "24.62200", "2015-12-31": "50.26700", "2014-12-31": "0.90700", "2013-12-31": "-12.70800", "2012-12-31": "-84.89000", "2011-12-31": "-17.43000", "2010-12-31": "-51.79300", "2009-12-31": "74.18200", "2008-12-31": "-59.58700", "2007-12-31": "-31.71200", "2006-12-31": "-25.48400", "2005-12-31": "4.05800"}, "Change In Inventories": {"2019-12-31": "12.31300", "2018-12-31": "-13.77400", "2017-12-31": "-57.44200", "2016-12-31": "-11.46100", "2015-12-31": "3.29600", "2014-12-31": "21.45800", "2013-12-31": "13.43100", "2012-12-31": "-13.61300", "2011-12-31": "-118.86600", "2010-12-31": "22.32100", "2009-12-31": "107.24500", "2008-12-31": "-83.40800", "2007-12-31": "-13.64400", "2006-12-31": "-28.62100", "2005-12-31": "24.89200"}, "Change In Accounts Payable": {"2019-12-31": "-21.41000", "2018-12-31": "-1.48600", "2017-12-31": "39.40500", "2016-12-31": "0.10400", "2015-12-31": "-6.80500", "2014-12-31": "-34.32100", "2013-12-31": "12.44800", "2012-12-31": "-6.24900", "2011-12-31": "42.63700", "2010-12-31": "-0.87200", "2009-12-31": "-19.71800", "2008-12-31": "9.98900", "2007-12-31": "16.62500", "2006-12-31": "7.97400", "2005-12-31": "8.39700"}, "Change In Assets/Liabilities": {"2019-12-31": "-26.13500", "2018-12-31": "-54.86800", "2017-12-31": "-13.26600", "2016-12-31": "-22.74200", "2015-12-31": "9.08000", "2014-12-31": "-11.83900", "2013-12-31": "2.64100", "2012-12-31": "-3.10700", "2011-12-31": "-9.92300", "2010-12-31": "3.76700", "2009-12-31": "-7.96800", "2008-12-31": "2.86100", "2007-12-31": "-16.25500", "2006-12-31": "5.11000", "2005-12-31": "1.83400"}, "Total Change In Assets/Liabilities": {"2019-12-31": "72.01600", "2018-12-31": "-61.64700", "2017-12-31": "-81.30500", "2016-12-31": "-13.69000", "2015-12-31": "71.86300", "2014-12-31": "-98.37600", "2013-12-31": "34.20500", "2012-12-31": "-108.46900", "2011-12-31": "-69.30700", "2010-12-31": "-26.27200", "2009-12-31": "136.94400", "2008-12-31": "-123.86600", "2007-12-31": "-25.46400", "2006-12-31": "-34.21300", "2005-12-31": "52.64700"}, "Cash Flow From Operating Activities": {"2019-12-31": "307.61400", "2018-12-31": "153.00800", "2017-12-31": "133.14800", "2016-12-31": "232.82000", "2015-12-31": "272.26700", "2014-12-31": "174.09600", "2013-12-31": "396.44200", "2012-12-31": "197.09700", "2011-12-31": "149.67100", "2010-12-31": "152.22000", "2009-12-31": "349.52000", "2008-12-31": "52.57500", "2007-12-31": "110.24900", "2006-12-31": "59.13000", "2005-12-31": "133.77700"}, "Net Change In Property, Plant, And Equipment": {"2019-12-31": "-91.86900", "2018-12-31": "-8.88200", "2017-12-31": "-47.08100", "2016-12-31": "-52.79400", "2015-12-31": "-42.21900", "2014-12-31": "-70.53400", "2013-12-31": "-69.17100", "2012-12-31": "-91.04900", "2011-12-31": "-79.36300", "2010-12-31": "-24.70500", "2009-12-31": "-42.79800", "2008-12-31": "-47.05000", "2007-12-31": "-56.61000", "2006-12-31": "-24.44900", "2005-12-31": "-26.57000"}, "Net Change In Intangible Assets": {"2019-12-31": "", "2018-12-31": "", "2017-12-31": "", "2016-12-31": "", "2015-12-31": "", "2014-12-31": "", "2013-12-31": "", "2012-12-31": "", "2011-12-31": "", "2010-12-31": "", "2009-12-31": "", "2008-12-31": "", "2007-12-31": "", "2006-12-31": "", "2005-12-31": ""}, "Net Acquisitions/Divestitures": {"2019-12-31": "-81.84100", "2018-12-31": "-143.02000", "2017-12-31": "-5.36200", "2016-12-31": "", "2015-12-31": "-12.77800", "2014-12-31": "-185.71000", "2013-12-31": "-63.15200", "2012-12-31": "-45.68700", "2011-12-31": "-1.53900", "2010-12-31": "-249.05700", "2009-12-31": "", "2008-12-31": "-146.71300", "2007-12-31": "-22.63700", "2006-12-31": "-3.86100", "2005-12-31": ""}, "Net Change In Short-term Investments": {"2019-12-31": "11.18400", "2018-12-31": "-1.62100", "2017-12-31": "5.12300", "2016-12-31": "", "2015-12-31": "0.00000", "2014-12-31": "", "2013-12-31": "", "2012-12-31": "", "2011-12-31": "", "2010-12-31": "", "2009-12-31": "", "2008-12-31": "", "2007-12-31": "", "2006-12-31": "", "2005-12-31": ""}, "Net Change In Long-Term Investments": {"2019-12-31": "-6.16900", "2018-12-31": "", "2017-12-31": "", "2016-12-31": "", "2015-12-31": "", "2014-12-31": "", "2013-12-31": "", "2012-12-31": "", "2011-12-31": "", "2010-12-31": "", "2009-12-31": "", "2008-12-31": "", "2007-12-31": "10.10700", "2006-12-31": "-4.82400", "2005-12-31": ""}, "Net Change In Investments - Total": {"2019-12-31": "5.01500", "2018-12-31": "-1.62100", "2017-12-31": "5.12300", "2016-12-31": "", "2015-12-31": "", "2014-12-31": "", "2013-12-31": "", "2012-12-31": "", "2011-12-31": "", "2010-12-31": "", "2009-12-31": "", "2008-12-31": "", "2007-12-31": "10.10700", "2006-12-31": "-4.82400", "2005-12-31": ""}, "Investing Activities - Other": {"2019-12-31": "0.54500", "2018-12-31": "-1.92200", "2017-12-31": "-2.29500", "2016-12-31": "-0.25500", "2015-12-31": "6.82600", "2014-12-31": "-0.61900", "2013-12-31": "0.60200", "2012-12-31": "0.04400", "2011-12-31": "-3.16100", "2010-12-31": "11.04900", "2009-12-31": "-0.79700", "2008-12-31": "-0.31400", "2007-12-31": "-1.09300", "2006-12-31": "-3.60100", "2005-12-31": "-3.78400"}, "Cash Flow From Investing Activities": {"2019-12-31": "-168.15000", "2018-12-31": "-155.44500", "2017-12-31": "-49.61500", "2016-12-31": "-53.04900", "2015-12-31": "-48.17100", "2014-12-31": "-256.86300", "2013-12-31": "-131.72100", "2012-12-31": "-136.69200", "2011-12-31": "-84.06300", "2010-12-31": "-262.71300", "2009-12-31": "-43.59500", "2008-12-31": "-194.07700", "2007-12-31": "-70.23300", "2006-12-31": "-36.73500", "2005-12-31": "-30.35400"}, "Net Long-Term Debt": {"2019-12-31": "20.23200", "2018-12-31": "-10.53600", "2017-12-31": "-0.88700", "2016-12-31": "-2.00600", "2015-12-31": "-1.09800", "2014-12-31": "294.35300", "2013-12-31": "-0.31700", "2012-12-31": "-0.43800", "2011-12-31": "6.58700", "2010-12-31": "308.39500", "2009-12-31": "-177.96800", "2008-12-31": "113.41900", "2007-12-31": "0.42800", "2006-12-31": "-11.20300", "2005-12-31": "-90.42600"}, "Net Current Debt": {"2019-12-31": "11.32700", "2018-12-31": "10.54300", "2017-12-31": "-0.58500", "2016-12-31": "-0.20000", "2015-12-31": "-12.85300", "2014-12-31": "-4.47200", "2013-12-31": "5.51000", "2012-12-31": "1.82800", "2011-12-31": "2.69800", "2010-12-31": "-3.07500", "2009-12-31": "-7.65200", "2008-12-31": "1.71200", "2007-12-31": "1.73900", "2006-12-31": "1.19600", "2005-12-31": "0.45000"}, "Debt Issuance/Retirement Net - Total": {"2019-12-31": "31.55900", "2018-12-31": "0.00700", "2017-12-31": "-1.47200", "2016-12-31": "-2.20600", "2015-12-31": "-13.95100", "2014-12-31": "289.88100", "2013-12-31": "5.19300", "2012-12-31": "1.39000", "2011-12-31": "9.28500", "2010-12-31": "305.32000", "2009-12-31": "-185.62000", "2008-12-31": "115.13100", "2007-12-31": "2.16700", "2006-12-31": "-10.00700", "2005-12-31": "-89.97600"}, "Net Common Equity Issued/Repurchased": {"2019-12-31": "-62.28500", "2018-12-31": "-111.03700", "2017-12-31": "8.99800", "2016-12-31": "-44.95200", "2015-12-31": "-169.76200", "2014-12-31": "-395.87600", "2013-12-31": "0.24100", "2012-12-31": "0.56800", "2011-12-31": "-4.88400", "2010-12-31": "0.32800", "2009-12-31": "0.20600", "2008-12-31": "-0.97400", "2007-12-31": "0.15900", "2006-12-31": "-5.35300", "2005-12-31": "4.18700"}, "Net Total Equity Issued/Repurchased": {"2019-12-31": "-62.28500", "2018-12-31": "-111.03700", "2017-12-31": "8.99800", "2016-12-31": "-44.95200", "2015-12-31": "-169.76200", "2014-12-31": "-395.87600", "2013-12-31": "0.24100", "2012-12-31": "0.56800", "2011-12-31": "-4.88400", "2010-12-31": "-4.13900", "2009-12-31": "0.20600", "2008-12-31": "-0.97400", "2007-12-31": "0.15900", "2006-12-31": "-5.35300", "2005-12-31": "4.18700"}, "Total Common And Preferred Stock Dividends Paid": {"2019-12-31": "-40.37900", "2018-12-31": "-40.78100", "2017-12-31": "-39.53600", "2016-12-31": "-36.99100", "2015-12-31": "-37.99100", "2014-12-31": "-35.36200", "2013-12-31": "-27.18100", "2012-12-31": "-23.46400", "2011-12-31": "-23.18500", "2010-12-31": "-29.65900", "2009-12-31": "-15.65100", "2008-12-31": "-12.78900", "2007-12-31": "-11.11200", "2006-12-31": "-9.08800", "2005-12-31": "-8.04000"}, "Financial Activities - Other": {"2019-12-31": "-27.84500", "2018-12-31": "-10.29900", "2017-12-31": "", "2016-12-31": "-11.00900", "2015-12-31": "1.69900", "2014-12-31": "1.60100", "2013-12-31": "-15.63300", "2012-12-31": "5.15100", "2011-12-31": "-27.12700", "2010-12-31": "-1.83700", "2009-12-31": "2.66500", "2008-12-31": "7.38500", "2007-12-31": "7.76900", "2006-12-31": "17.50200", "2005-12-31": ""}, "Cash Flow From Financial Activities": {"2019-12-31": "-98.95000", "2018-12-31": "-162.11000", "2017-12-31": "-32.01000", "2016-12-31": "-95.15800", "2015-12-31": "-220.00500", "2014-12-31": "-139.75600", "2013-12-31": "-37.38000", "2012-12-31": "-16.35500", "2011-12-31": "-45.91100", "2010-12-31": "269.68500", "2009-12-31": "-198.40000", "2008-12-31": "108.75300", "2007-12-31": "-1.01700", "2006-12-31": "-6.94600", "2005-12-31": "-93.82900"}, "Net Cash Flow": {"2019-12-31": "40.33200", "2018-12-31": "-179.59500", "2017-12-31": "79.20500", "2016-12-31": "64.52600", "2015-12-31": "-22.50500", "2014-12-31": "-242.12700", "2013-12-31": "199.57700", "2012-12-31": "51.23500", "2011-12-31": "15.99000", "2010-12-31": "166.11800", "2009-12-31": "112.21900", "2008-12-31": "-37.96500", "2007-12-31": "43.02800", "2006-12-31": "16.63700", "2005-12-31": "9.41400"}, "Stock-Based Compensation": {"2019-12-31": "11.58700", "2018-12-31": "10.39200", "2017-12-31": "10.70600", "2016-12-31": "9.93100", "2015-12-31": "7.24400", "2014-12-31": "6.73000", "2013-12-31": "6.51300", "2012-12-31": "5.82900", "2011-12-31": "5.93100", "2010-12-31": "7.15400", "2009-12-31": "6.58600", "2008-12-31": "3.47600", "2007-12-31": "3.91300", "2006-12-31": "2.59800", "2005-12-31": "0.64600"}, "Common Stock Dividends Paid": {"2019-12-31": "-40.37900", "2018-12-31": "-40.78100", "2017-12-31": "-39.53600", "2016-12-31": "-36.99100", "2015-12-31": "-37.99100", "2014-12-31": "-35.36200", "2013-12-31": "-27.18100", "2012-12-31": "-23.46400", "2011-12-31": "-23.18500", "2010-12-31": "-29.65900", "2009-12-31": "-15.65100", "2008-12-31": "-12.78900", "2007-12-31": "-11.11200", "2006-12-31": "-9.08800", "2005-12-31": "-8.04000"}}, "cash flow statement, quarterly": {"Net Income/Loss": {"2020-09-30": 40.228, "2020-06-30": 22.754, "2020-03-31": "42.72100", "2019-12-31": 41.556, "2019-09-30": 40.164, "2019-06-30": 40.668, "2019-03-31": "37.07800", "2018-12-31": 18.155, "2018-09-30": 6.991, "2018-06-30": 34.68, "2018-03-31": "40.48000", "2017-12-31": -1.63, "2017-09-30": 36.666, "2017-06-30": 47.322, "2017-03-31": "39.96100", "2016-12-31": 71.257, "2016-09-30": 29.521, "2016-06-30": 43.442, "2016-03-31": "34.17100", "2015-12-31": -29.162, "2015-09-30": 13.549, "2015-06-30": 29.439, "2015-03-31": "31.50700", "2014-12-31": 41.618, "2014-09-30": 25.285, "2014-06-30": 65.852, "2014-03-31": "56.56300", "2013-12-31": 52.113, "2013-09-30": 58.891, "2013-06-30": 91.316, "2013-03-31": "78.14000", "2012-12-31": 66.727, "2012-09-30": 58.442, "2012-06-30": 61.159, "2012-03-31": "52.58800", "2011-12-31": 117.948, "2011-09-30": 44.414, "2011-06-30": 47.991, "2011-03-31": "26.87300", "2010-12-31": 36.909, "2010-09-30": 27.735, "2010-06-30": 19.134, "2010-03-31": "16.63500", "2009-12-31": 31.483, "2009-09-30": 41.368, "2009-06-30": 45.21, "2009-03-31": "35.88000", "2008-12-31": 29.109, "2008-09-30": 38.462, "2008-06-30": 38.507, "2008-03-31": "30.14200", "2007-12-31": 25.253, "2007-09-30": 25.893, "2007-06-30": 26.961, "2007-03-31": "18.72800", "2006-12-31": 16.112, "2006-09-30": 15.062, "2006-06-30": 17.285, "2006-03-31": "13.08500", "2005-12-31": 11.62, "2005-09-30": 10.206, "2005-06-30": 10.443, "2005-03-31": "6.81000"}, "Total Depreciation And Amortization - Cash Flow": {"2020-09-30": 20.939, "2020-06-30": 36.879, "2020-03-31": "20.34300", "2019-12-31": 21.84, "2019-09-30": 19.841, "2019-06-30": 20.33, "2019-03-31": "20.25300", "2018-12-31": 20.809, "2018-09-30": 33.35, "2018-06-30": 23.27, "2018-03-31": "21.17800", "2017-12-31": 21.457, "2017-09-30": 21.746, "2017-06-30": 20.927, "2017-03-31": "20.82700", "2016-12-31": 21.175, "2016-09-30": 20.438, "2016-06-30": 20.206, "2016-03-31": "20.59800", "2015-12-31": 62.255, "2015-09-30": 23.098, "2015-06-30": 23.86, "2015-03-31": "23.90100", "2014-12-31": 24.868, "2014-09-30": 21.092, "2014-06-30": 23.767, "2014-03-31": "19.60100", "2013-12-31": 32.18, "2013-09-30": 19.231, "2013-06-30": 18.978, "2013-03-31": "19.20800", "2012-12-31": 17.956, "2012-09-30": 17.895, "2012-06-30": 17.027, "2012-03-31": "17.34000", "2011-12-31": 21.367, "2011-09-30": 17.323, "2011-06-30": 18.705, "2011-03-31": "17.16500", "2010-12-31": 17.834, "2010-09-30": 17.249, "2010-06-30": 13.371, "2010-03-31": "11.20900", "2009-12-31": 11.109, "2009-09-30": 11.929, "2009-06-30": 10.875, "2009-03-31": "10.83500", "2008-12-31": 10.516, "2008-09-30": 9.966, "2008-06-30": 9.594, "2008-03-31": "9.52100", "2007-12-31": 9.44, "2007-09-30": 8.749, "2007-06-30": 8.457, "2007-03-31": "8.53000", "2006-12-31": 9.081, "2006-09-30": 8.903, "2006-06-30": 9.795, "2006-03-31": "8.76200", "2005-12-31": 9.187, "2005-09-30": 10.11, "2005-06-30": 10.344, "2005-03-31": "9.75100"}, "Other Non-Cash Items": {"2020-09-30": -1.245, "2020-06-30": -6.027, "2020-03-31": "-6.99600", "2019-12-31": -3.798, "2019-09-30": -0.223, "2019-06-30": -1.228, "2019-03-31": "-0.88300", "2018-12-31": 0.254, "2018-09-30": 3.478, "2018-06-30": 4.805, "2018-03-31": "7.20500", "2017-12-31": 25.718, "2017-09-30": -5.537, "2017-06-30": -4.306, "2017-03-31": "-8.69800", "2016-12-31": -4.772, "2016-09-30": -4.646, "2016-06-30": -14.211, "2016-03-31": "9.33100", "2015-12-31": -6.874, "2015-09-30": 26.997, "2015-06-30": 6.515, "2015-03-31": "-4.68100", "2014-12-31": 1.885, "2014-09-30": -4.054, "2014-06-30": 10.601, "2014-03-31": "-14.60600", "2013-12-31": 5.949, "2013-09-30": 0.263, "2013-06-30": -3.037, "2013-03-31": "-10.99500", "2012-12-31": 9.865, "2012-09-30": 0.595, "2012-06-30": -4.91, "2012-03-31": "-9.11800", "2011-12-31": -73.212, "2011-09-30": -2.498, "2011-06-30": -19.804, "2011-03-31": "2.70600", "2010-12-31": 18.922, "2010-09-30": -0.067, "2010-06-30": -4.748, "2010-03-31": "4.30900", "2009-12-31": 3.784, "2009-09-30": -0.241, "2009-06-30": 3.626, "2009-03-31": "6.71800", "2008-12-31": 9.365, "2008-09-30": -4.434, "2008-06-30": -3.84, "2008-03-31": "-0.46700", "2007-12-31": 7.145, "2007-09-30": 0.552, "2007-06-30": -6.622, "2007-03-31": "2.62700", "2006-12-31": 2.55, "2006-09-30": -0.434, "2006-06-30": -4.426, "2006-03-31": "-2.43200", "2005-12-31": -0.619, "2005-09-30": -0.949, "2005-06-30": 2.368, "2005-03-31": "1.21300"}, "Total Non-Cash Items": {"2020-09-30": 19.694, "2020-06-30": 30.852, "2020-03-31": "13.34700", "2019-12-31": 18.042, "2019-09-30": 19.618, "2019-06-30": 19.102, "2019-03-31": "19.37000", "2018-12-31": 21.063, "2018-09-30": 36.828, "2018-06-30": 28.075, "2018-03-31": "28.38300", "2017-12-31": 47.175, "2017-09-30": 16.209, "2017-06-30": 16.621, "2017-03-31": "12.12900", "2016-12-31": 16.403, "2016-09-30": 15.792, "2016-06-30": 5.995, "2016-03-31": "29.92900", "2015-12-31": 55.381, "2015-09-30": 50.095, "2015-06-30": 30.375, "2015-03-31": "19.22000", "2014-12-31": 26.753, "2014-09-30": 17.038, "2014-06-30": 34.368, "2014-03-31": "4.99500", "2013-12-31": 38.129, "2013-09-30": 19.494, "2013-06-30": 15.941, "2013-03-31": "8.21300", "2012-12-31": 27.821, "2012-09-30": 18.49, "2012-06-30": 12.117, "2012-03-31": "8.22200", "2011-12-31": -51.845, "2011-09-30": 14.825, "2011-06-30": -1.099, "2011-03-31": "19.87100", "2010-12-31": 36.756, "2010-09-30": 17.182, "2010-06-30": 8.623, "2010-03-31": "15.51800", "2009-12-31": 14.893, "2009-09-30": 11.688, "2009-06-30": 14.501, "2009-03-31": "17.55300", "2008-12-31": 19.881, "2008-09-30": 5.532, "2008-06-30": 5.754, "2008-03-31": "9.05400", "2007-12-31": 16.585, "2007-09-30": 9.301, "2007-06-30": 1.835, "2007-03-31": "11.15700", "2006-12-31": 11.631, "2006-09-30": 8.469, "2006-06-30": 5.369, "2006-03-31": "6.33000", "2005-12-31": 8.568, "2005-09-30": 9.161, "2005-06-30": 12.712, "2005-03-31": "10.96400"}, "Change In Accounts Receivable": {"2020-09-30": 2.598, "2020-06-30": -1.78, "2020-03-31": "-27.11600", "2019-12-31": 26.525, "2019-09-30": -1.484, "2019-06-30": 5.791, "2019-03-31": "-25.42400", "2018-12-31": 13.183, "2018-09-30": -11.276, "2018-06-30": -19.13, "2018-03-31": "29.79400", "2017-12-31": -9.528, "2017-09-30": 9.832, "2017-06-30": -36.687, "2017-03-31": "-12.72900", "2016-12-31": 8.186, "2016-09-30": 13.494, "2016-06-30": -17.402, "2016-03-31": "20.34400", "2015-12-31": 44.716, "2015-09-30": -26.96, "2015-06-30": 13.927, "2015-03-31": "18.58400", "2014-12-31": 20.858, "2014-09-30": -41.034, "2014-06-30": -10.585, "2014-03-31": "31.66800", "2013-12-31": -11.951, "2013-09-30": 2.574, "2013-06-30": -22.337, "2013-03-31": "19.00600", "2012-12-31": -38.227, "2012-09-30": 23.259, "2012-06-30": -47.22, "2012-03-31": "-22.70200", "2011-12-31": 24.176, "2011-09-30": -10.543, "2011-06-30": -21.213, "2011-03-31": "-9.85000", "2010-12-31": -7.747, "2010-09-30": -11.975, "2010-06-30": -31.726, "2010-03-31": "-0.34500", "2009-12-31": 36.237, "2009-09-30": 43.301, "2009-06-30": -9.697, "2009-03-31": "4.34100", "2008-12-31": -10.478, "2008-09-30": -14.27, "2008-06-30": -22.209, "2008-03-31": "-12.63000", "2007-12-31": 12.95, "2007-09-30": -12.567, "2007-06-30": -16.585, "2007-03-31": "-15.51000", "2006-12-31": 10.618, "2006-09-30": 2.721, "2006-06-30": -25.91, "2006-03-31": "-12.91300", "2005-12-31": -0.059, "2005-09-30": -5.093, "2005-06-30": -4.786, "2005-03-31": "13.99600"}, "Change In Inventories": {"2020-09-30": 6.321, "2020-06-30": -30.639, "2020-03-31": "-8.67400", "2019-12-31": 2.811, "2019-09-30": 25.81, "2019-06-30": -9.069, "2019-03-31": "-7.23900", "2018-12-31": 19.23, "2018-09-30": -12.412, "2018-06-30": -19.391, "2018-03-31": "-1.20100", "2017-12-31": -15.897, "2017-09-30": -16.582, "2017-06-30": 9.854, "2017-03-31": "-34.81700", "2016-12-31": 22.952, "2016-09-30": -5.078, "2016-06-30": -21.313, "2016-03-31": "-8.02200", "2015-12-31": 28.743, "2015-09-30": 2.299, "2015-06-30": -0.705, "2015-03-31": "-27.04100", "2014-12-31": 25.61, "2014-09-30": -10.776, "2014-06-30": 44.535, "2014-03-31": "-37.91100", "2013-12-31": 28.005, "2013-09-30": -12.083, "2013-06-30": 27.899, "2013-03-31": "-30.39000", "2012-12-31": 22.894, "2012-09-30": 11.991, "2012-06-30": -7.466, "2012-03-31": "-41.03200", "2011-12-31": -19.307, "2011-09-30": -20.603, "2011-06-30": -38.912, "2011-03-31": "-40.04400", "2010-12-31": 17.931, "2010-09-30": 10.5, "2010-06-30": -3.314, "2010-03-31": "-2.79600", "2009-12-31": 4.425, "2009-09-30": 37.759, "2009-06-30": 70.657, "2009-03-31": "-5.59600", "2008-12-31": -4.745, "2008-09-30": -60.144, "2008-06-30": -9.316, "2008-03-31": "-9.20300", "2007-12-31": -2.497, "2007-09-30": 7.74, "2007-06-30": -2.926, "2007-03-31": "-15.96100", "2006-12-31": -11.685, "2006-09-30": -11.386, "2006-06-30": 8.12, "2006-03-31": "-13.67000", "2005-12-31": 5.088, "2005-09-30": 9.754, "2005-06-30": 1.229, "2005-03-31": "8.82100"}, "Change In Accounts Payable": {"2020-09-30": 23.852, "2020-06-30": 25.895, "2020-03-31": "13.88000", "2019-12-31": -2.154, "2019-09-30": -27.229, "2019-06-30": 8.677, "2019-03-31": "-0.70400", "2018-12-31": 17.583, "2018-09-30": -0.424, "2018-06-30": 10.804, "2018-03-31": "-29.44900", "2017-12-31": 10.51, "2017-09-30": 18.18, "2017-06-30": -3.409, "2017-03-31": "14.12400", "2016-12-31": 11.442, "2016-09-30": -12.768, "2016-06-30": 0.047, "2016-03-31": "1.38300", "2015-12-31": -7.637, "2015-09-30": 5.853, "2015-06-30": -3.76, "2015-03-31": "-1.26100", "2014-12-31": -13.239, "2014-09-30": 7.551, "2014-06-30": -16.162, "2014-03-31": "-12.47100", "2013-12-31": 11.287, "2013-09-30": 0.425, "2013-06-30": 6.039, "2013-03-31": "-5.30300", "2012-12-31": -6.214, "2012-09-30": -2.011, "2012-06-30": 7.421, "2012-03-31": "-5.44500", "2011-12-31": 8.855, "2011-09-30": -5.112, "2011-06-30": 15.942, "2011-03-31": "22.95200", "2010-12-31": 21.802, "2010-09-30": -34.06, "2010-06-30": 13.517, "2010-03-31": "-2.13100", "2009-12-31": 0.231, "2009-09-30": -13.026, "2009-06-30": -6.021, "2009-03-31": "-0.90200", "2008-12-31": -24.521, "2008-09-30": 13, "2008-06-30": 22.419, "2008-03-31": "-0.90900", "2007-12-31": 9.043, "2007-09-30": 8.459, "2007-06-30": -7.668, "2007-03-31": "6.79100", "2006-12-31": -3.946, "2006-09-30": 6.117, "2006-06-30": -0.641, "2006-03-31": "6.44400", "2005-12-31": 8.892, "2005-09-30": 0.406, "2005-06-30": -1.515, "2005-03-31": "0.61400"}, "Change In Assets/Liabilities": {"2020-09-30": 27.994, "2020-06-30": 18.006, "2020-03-31": "-17.05300", "2019-12-31": -118.244, "2019-09-30": 122.458, "2019-06-30": -15.444, "2019-03-31": "-14.90500", "2018-12-31": -2.104, "2018-09-30": -18.188, "2018-06-30": -2.991, "2018-03-31": "-31.58500", "2017-12-31": -0.003, "2017-09-30": -9.344, "2017-06-30": 5.267, "2017-03-31": "-9.18600", "2016-12-31": -12.358, "2016-09-30": -5.852, "2016-06-30": -4.619, "2016-03-31": "0.08700", "2015-12-31": 2.918, "2015-09-30": 7.488, "2015-06-30": -7.964, "2015-03-31": "6.63800", "2014-12-31": 13.752, "2014-09-30": -9.068, "2014-06-30": -8.926, "2014-03-31": "-7.59700", "2013-12-31": 7.172, "2013-09-30": -0.494, "2013-06-30": -2.381, "2013-03-31": "-1.65600", "2012-12-31": 1.273, "2012-09-30": 0.088, "2012-06-30": -3.734, "2012-03-31": "-0.73400", "2011-12-31": -0.053, "2011-09-30": 0.16, "2011-06-30": -3.794, "2011-03-31": "-6.23600", "2010-12-31": -7.55, "2010-09-30": 3.36, "2010-06-30": 6.654, "2010-03-31": "1.30300", "2009-12-31": 4.325, "2009-09-30": -0.931, "2009-06-30": -11.71, "2009-03-31": "0.34800", "2008-12-31": 4.319, "2008-09-30": 5.879, "2008-06-30": -5.757, "2008-03-31": "-1.58000", "2007-12-31": -13.726, "2007-09-30": -0.51, "2007-06-30": 4.691, "2007-03-31": "-6.71000", "2006-12-31": 10.04, "2006-09-30": -1.839, "2006-06-30": 0.183, "2006-03-31": "-3.27400", "2005-12-31": 1.125, "2005-09-30": 2.612, "2005-06-30": 0.773, "2005-03-31": "-2.67600"}, "Total Change In Assets/Liabilities": {"2020-09-30": 62.38, "2020-06-30": 34.786, "2020-03-31": "6.28400", "2019-12-31": 8.786, "2019-09-30": 66.011, "2019-06-30": 45.754, "2019-03-31": "-48.53500", "2018-12-31": 45.737, "2018-09-30": -29.424, "2018-06-30": -42.145, "2018-03-31": "-35.81500", "2017-12-31": -34.233, "2017-09-30": 13.231, "2017-06-30": -31.628, "2017-03-31": "-28.67500", "2016-12-31": 17.906, "2016-09-30": 2.019, "2016-06-30": -50.042, "2016-03-31": "16.42700", "2015-12-31": 63.226, "2015-09-30": 0.833, "2015-06-30": 3.003, "2015-03-31": "4.80100", "2014-12-31": 23.028, "2014-09-30": -51.477, "2014-06-30": -30.286, "2014-03-31": "-39.64100", "2013-12-31": 57.095, "2013-09-30": -4.873, "2013-06-30": 3.724, "2013-03-31": "-21.74100", "2012-12-31": -15.133, "2012-09-30": 44.287, "2012-06-30": -63.941, "2012-03-31": "-73.68200", "2011-12-31": 19.453, "2011-09-30": -15.039, "2011-06-30": -32.664, "2011-03-31": "-41.05700", "2010-12-31": -6.784, "2010-09-30": -13.56, "2010-06-30": 6.957, "2010-03-31": "-12.88500", "2009-12-31": 36.718, "2009-09-30": 77.772, "2009-06-30": 38.409, "2009-03-31": "-15.95500", "2008-12-31": -63.409, "2008-09-30": -26.471, "2008-06-30": -10.698, "2008-03-31": "-23.28800", "2007-12-31": 13.177, "2007-09-30": 13.586, "2007-06-30": -17.779, "2007-03-31": "-34.44800", "2006-12-31": 4.369, "2006-09-30": 6.486, "2006-06-30": -21.625, "2006-03-31": "-23.44300", "2005-12-31": 22.008, "2005-09-30": 17.031, "2005-06-30": -2.424, "2005-03-31": "16.03200"}, "Cash Flow From Operating Activities": {"2020-09-30": 122.302, "2020-06-30": 88.392, "2020-03-31": "62.35200", "2019-12-31": 68.384, "2019-09-30": 125.793, "2019-06-30": 105.524, "2019-03-31": "7.91300", "2018-12-31": 84.955, "2018-09-30": 14.395, "2018-06-30": 20.61, "2018-03-31": "33.04800", "2017-12-31": 11.312, "2017-09-30": 66.106, "2017-06-30": 32.315, "2017-03-31": "23.41500", "2016-12-31": 105.566, "2016-09-30": 47.332, "2016-06-30": -0.605, "2016-03-31": "80.52700", "2015-12-31": 89.445, "2015-09-30": 64.477, "2015-06-30": 62.817, "2015-03-31": "55.52800", "2014-12-31": 91.399, "2014-09-30": -9.154, "2014-06-30": 69.934, "2014-03-31": "21.91700", "2013-12-31": 147.337, "2013-09-30": 73.512, "2013-06-30": 110.981, "2013-03-31": "64.61200", "2012-12-31": 79.415, "2012-09-30": 121.219, "2012-06-30": 9.335, "2012-03-31": "-12.87200", "2011-12-31": 85.556, "2011-09-30": 44.2, "2011-06-30": 14.228, "2011-03-31": "5.68700", "2010-12-31": 66.881, "2010-09-30": 31.357, "2010-06-30": 34.714, "2010-03-31": "19.26800", "2009-12-31": 83.094, "2009-09-30": 130.828, "2009-06-30": 98.12, "2009-03-31": "37.47800", "2008-12-31": -14.419, "2008-09-30": 17.523, "2008-06-30": 33.563, "2008-03-31": "15.90800", "2007-12-31": 55.015, "2007-09-30": 48.78, "2007-06-30": 11.017, "2007-03-31": "-4.56300", "2006-12-31": 30.089, "2006-09-30": 30.771, "2006-06-30": 1.659, "2006-03-31": "-3.38900", "2005-12-31": 42.842, "2005-09-30": 36.398, "2005-06-30": 20.731, "2005-03-31": "33.80600"}, "Net Change In Property, Plant, And Equipment": {"2020-09-30": -22.053, "2020-06-30": -25.1, "2020-03-31": "-22.89600", "2019-12-31": -21.213, "2019-09-30": -21.812, "2019-06-30": -28.157, "2019-03-31": "-20.68700", "2018-12-31": -24.749, "2018-09-30": -16.71, "2018-06-30": 48.111, "2018-03-31": "-15.53400", "2017-12-31": -8.758, "2017-09-30": -13.03, "2017-06-30": -11.427, "2017-03-31": "-13.86600", "2016-12-31": -14.499, "2016-09-30": -14.103, "2016-06-30": -10.373, "2016-03-31": "-13.81900", "2015-12-31": -11.028, "2015-09-30": -7.534, "2015-06-30": -7.227, "2015-03-31": "-16.43000", "2014-12-31": -9.229, "2014-09-30": -15.465, "2014-06-30": -23.705, "2014-03-31": "-22.13500", "2013-12-31": -33.663, "2013-09-30": -20.304, "2013-06-30": -22.774, "2013-03-31": "7.57000", "2012-12-31": -37.946, "2012-09-30": -18.749, "2012-06-30": -14.265, "2012-03-31": "-20.08900", "2011-12-31": -35.9, "2011-09-30": -18.007, "2011-06-30": -12.946, "2011-03-31": "-12.51000", "2010-12-31": -15.512, "2010-09-30": 1.736, "2010-06-30": -6.47, "2010-03-31": "-4.45900", "2009-12-31": -4.675, "2009-09-30": -13.647, "2009-06-30": -10.456, "2009-03-31": "-14.02000", "2008-12-31": -11.259, "2008-09-30": -13.461, "2008-06-30": -13.501, "2008-03-31": "-8.82900", "2007-12-31": -23.08, "2007-09-30": -15.891, "2007-06-30": -5.243, "2007-03-31": "-12.39600", "2006-12-31": -8.976, "2006-09-30": -5.101, "2006-06-30": -4.533, "2006-03-31": "-5.83900", "2005-12-31": 2.688, "2005-09-30": -5.334, "2005-06-30": -20.255, "2005-03-31": "-3.66900"}, "Net Change In Intangible Assets": {"2020-09-30": 0, "2020-06-30": 0, "2020-03-31": "", "2019-12-31": 0, "2019-09-30": 0, "2019-06-30": 0, "2019-03-31": "", "2018-12-31": 0, "2018-09-30": 0, "2018-06-30": 0, "2018-03-31": "", "2017-12-31": 0, "2017-09-30": 0, "2017-06-30": 0, "2017-03-31": "", "2016-12-31": 0, "2016-09-30": 0, "2016-06-30": 0, "2016-03-31": "", "2015-12-31": 0, "2015-09-30": 0, "2015-06-30": 0, "2015-03-31": "", "2014-12-31": 0, "2014-09-30": 0, "2014-06-30": 0, "2014-03-31": "", "2013-12-31": 0, "2013-09-30": 0, "2013-06-30": 0, "2013-03-31": "", "2012-12-31": 0, "2012-09-30": 0, "2012-06-30": 0, "2012-03-31": "", "2011-12-31": 0, "2011-09-30": 0, "2011-06-30": 0, "2011-03-31": "", "2010-12-31": 0, "2010-09-30": 0, "2010-06-30": 0, "2010-03-31": "", "2009-12-31": 0, "2009-09-30": 0, "2009-06-30": 0, "2009-03-31": "", "2008-12-31": 0, "2008-09-30": 0, "2008-06-30": 0, "2008-03-31": "", "2007-12-31": 0, "2007-09-30": 0, "2007-06-30": 0, "2007-03-31": "", "2006-12-31": 0, "2006-09-30": 0, "2006-06-30": 0, "2006-03-31": "", "2005-12-31": 0, "2005-09-30": 0, "2005-06-30": 0, "2005-03-31": ""}, "Net Acquisitions/Divestitures": {"2020-09-30": 0, "2020-06-30": -7.058, "2020-03-31": "-8.80400", "2019-12-31": 0, "2019-09-30": 0, "2019-06-30": -24.735, "2019-03-31": "-57.10600", "2018-12-31": -17.711, "2018-09-30": -116.009, "2018-06-30": -4.5, "2018-03-31": "-4.80000", "2017-12-31": 0, "2017-09-30": -5.362, "2017-06-30": 0, "2017-03-31": "", "2016-12-31": 0, "2016-09-30": 0, "2016-06-30": 0, "2016-03-31": "", "2015-12-31": -12.778, "2015-09-30": 0, "2015-06-30": 0, "2015-03-31": "", "2014-12-31": -48.272, "2014-09-30": -16.955, "2014-06-30": 0, "2014-03-31": "-120.48300", "2013-12-31": -10, "2013-09-30": 0, "2013-06-30": 1.562, "2013-03-31": "-54.71400", "2012-12-31": -45.687, "2012-09-30": 0, "2012-06-30": 0, "2012-03-31": "", "2011-12-31": 0, "2011-09-30": 0, "2011-06-30": -1.539, "2011-03-31": "", "2010-12-31": 0, "2010-09-30": -3.747, "2010-06-30": 26.15, "2010-03-31": "-271.46000", "2009-12-31": 0, "2009-09-30": 0, "2009-06-30": 0, "2009-03-31": "", "2008-12-31": -27.669, "2008-09-30": -28.819, "2008-06-30": -0.849, "2008-03-31": "-89.37600", "2007-12-31": -6.474, "2007-09-30": -3.827, "2007-06-30": -12.336, "2007-03-31": "", "2006-12-31": -3.861, "2006-09-30": 0, "2006-06-30": 0, "2006-03-31": "", "2005-12-31": 0, "2005-09-30": 0, "2005-06-30": 0, "2005-03-31": ""}, "Net Change In Short-term Investments": {"2020-09-30": 0, "2020-06-30": 11.983, "2020-03-31": "", "2019-12-31": 0, "2019-09-30": 0, "2019-06-30": 11.184, "2019-03-31": "", "2018-12-31": 0, "2018-09-30": 0, "2018-06-30": -0.758, "2018-03-31": "-0.86300", "2017-12-31": 5.123, "2017-09-30": 0, "2017-06-30": 0, "2017-03-31": "", "2016-12-31": 0, "2016-09-30": 0, "2016-06-30": 0, "2016-03-31": "", "2015-12-31": 0, "2015-09-30": 0, "2015-06-30": 0, "2015-03-31": "", "2014-12-31": 0, "2014-09-30": 0, "2014-06-30": 0, "2014-03-31": "", "2013-12-31": 0, "2013-09-30": 0, "2013-06-30": 0, "2013-03-31": "", "2012-12-31": 0, "2012-09-30": 0, "2012-06-30": 0, "2012-03-31": "", "2011-12-31": 0, "2011-09-30": 0, "2011-06-30": 0, "2011-03-31": "", "2010-12-31": 0, "2010-09-30": 0, "2010-06-30": 0, "2010-03-31": "", "2009-12-31": 0, "2009-09-30": 0, "2009-06-30": 0, "2009-03-31": "", "2008-12-31": 0, "2008-09-30": 0, "2008-06-30": 0, "2008-03-31": "", "2007-12-31": 0, "2007-09-30": 0, "2007-06-30": 0, "2007-03-31": "", "2006-12-31": 0, "2006-09-30": 0, "2006-06-30": 0, "2006-03-31": "", "2005-12-31": 0, "2005-09-30": 0, "2005-06-30": 0, "2005-03-31": ""}, "Net Change In Long-Term Investments": {"2020-09-30": 0, "2020-06-30": 0, "2020-03-31": "", "2019-12-31": -6.169, "2019-09-30": 0, "2019-06-30": 0, "2019-03-31": "", "2018-12-31": 0, "2018-09-30": 0, "2018-06-30": 0, "2018-03-31": "", "2017-12-31": 0, "2017-09-30": 0, "2017-06-30": 0, "2017-03-31": "", "2016-12-31": 0, "2016-09-30": 0, "2016-06-30": 0, "2016-03-31": "", "2015-12-31": 0, "2015-09-30": 0, "2015-06-30": 0, "2015-03-31": "", "2014-12-31": 0, "2014-09-30": 0, "2014-06-30": 0, "2014-03-31": "", "2013-12-31": 0, "2013-09-30": 0, "2013-06-30": 0, "2013-03-31": "", "2012-12-31": 0, "2012-09-30": 0, "2012-06-30": 0, "2012-03-31": "", "2011-12-31": 0, "2011-09-30": 0, "2011-06-30": 0, "2011-03-31": "", "2010-12-31": 0, "2010-09-30": 0, "2010-06-30": 0, "2010-03-31": "", "2009-12-31": 0, "2009-09-30": 0, "2009-06-30": 0, "2009-03-31": "", "2008-12-31": 0, "2008-09-30": 0, "2008-06-30": 0, "2008-03-31": "", "2007-12-31": 10.107, "2007-09-30": 0, "2007-06-30": 0, "2007-03-31": "", "2006-12-31": 0, "2006-09-30": -3.55, "2006-06-30": -1.274, "2006-03-31": "", "2005-12-31": 0, "2005-09-30": 0, "2005-06-30": 0, "2005-03-31": ""}, "Net Change In Investments - Total": {"2020-09-30": 0, "2020-06-30": 11.983, "2020-03-31": "", "2019-12-31": -6.169, "2019-09-30": 0, "2019-06-30": 11.184, "2019-03-31": "", "2018-12-31": 0, "2018-09-30": 0, "2018-06-30": -0.758, "2018-03-31": "-0.86300", "2017-12-31": 5.123, "2017-09-30": 0, "2017-06-30": 0, "2017-03-31": "", "2016-12-31": 0, "2016-09-30": 0, "2016-06-30": 0, "2016-03-31": "", "2015-12-31": 0, "2015-09-30": 0, "2015-06-30": 0, "2015-03-31": "", "2014-12-31": 0, "2014-09-30": 0, "2014-06-30": 0, "2014-03-31": "", "2013-12-31": 0, "2013-09-30": 0, "2013-06-30": 0, "2013-03-31": "", "2012-12-31": 0, "2012-09-30": 0, "2012-06-30": 0, "2012-03-31": "", "2011-12-31": 0, "2011-09-30": 0, "2011-06-30": 0, "2011-03-31": "", "2010-12-31": 0, "2010-09-30": 0, "2010-06-30": 0, "2010-03-31": "", "2009-12-31": 0, "2009-09-30": 0, "2009-06-30": 0, "2009-03-31": "", "2008-12-31": 0, "2008-09-30": 0, "2008-06-30": 0, "2008-03-31": "", "2007-12-31": 10.107, "2007-09-30": 0, "2007-06-30": 0, "2007-03-31": "", "2006-12-31": 0, "2006-09-30": -3.55, "2006-06-30": -1.274, "2006-03-31": "", "2005-12-31": 0, "2005-09-30": 0, "2005-06-30": 0, "2005-03-31": ""}, "Investing Activities - Other": {"2020-09-30": 3.68, "2020-06-30": 0.299, "2020-03-31": "-1.43600", "2019-12-31": -1.572, "2019-09-30": -1.776, "2019-06-30": 5.56, "2019-03-31": "-1.66700", "2018-12-31": 0.449, "2018-09-30": -4.775, "2018-06-30": 4.186, "2018-03-31": "-1.78200", "2017-12-31": -3.956, "2017-09-30": -0.995, "2017-06-30": 4.371, "2017-03-31": "-1.71500", "2016-12-31": 2.569, "2016-09-30": -1.216, "2016-06-30": 0.714, "2016-03-31": "-2.32200", "2015-12-31": 0.846, "2015-09-30": 0.084, "2015-06-30": 2.966, "2015-03-31": "2.93000", "2014-12-31": -3.611, "2014-09-30": 5.932, "2014-06-30": -1.95, "2014-03-31": "-0.99000", "2013-12-31": -0.629, "2013-09-30": 1.364, "2013-06-30": -2.922, "2013-03-31": "2.78900", "2012-12-31": -0.036, "2012-09-30": -1.757, "2012-06-30": -0.836, "2012-03-31": "2.67300", "2011-12-31": -4.544, "2011-09-30": -0.565, "2011-06-30": 0.949, "2011-03-31": "0.99900", "2010-12-31": -0.619, "2010-09-30": 10.152, "2010-06-30": -0.736, "2010-03-31": "2.25200", "2009-12-31": 1.946, "2009-09-30": -2.386, "2009-06-30": 2.101, "2009-03-31": "-2.45800", "2008-12-31": 0.468, "2008-09-30": 0.502, "2008-06-30": -0.538, "2008-03-31": "-0.74600", "2007-12-31": 1.039, "2007-09-30": -0.409, "2007-06-30": -0.18, "2007-03-31": "-1.54300", "2006-12-31": -2.444, "2006-09-30": -0.353, "2006-06-30": -0.798, "2006-03-31": "-0.00600", "2005-12-31": -3.618, "2005-09-30": -0.104, "2005-06-30": -0.534, "2005-03-31": "0.47200"}, "Cash Flow From Investing Activities": {"2020-09-30": -18.373, "2020-06-30": -19.876, "2020-03-31": "-33.13600", "2019-12-31": -28.954, "2019-09-30": -23.588, "2019-06-30": -36.148, "2019-03-31": "-79.46000", "2018-12-31": -42.011, "2018-09-30": -137.494, "2018-06-30": 47.039, "2018-03-31": "-22.97900", "2017-12-31": -7.591, "2017-09-30": -19.387, "2017-06-30": -7.056, "2017-03-31": "-15.58100", "2016-12-31": -11.93, "2016-09-30": -15.319, "2016-06-30": -9.659, "2016-03-31": "-16.14100", "2015-12-31": -22.96, "2015-09-30": -7.45, "2015-06-30": -4.261, "2015-03-31": "-13.50000", "2014-12-31": -61.112, "2014-09-30": -26.488, "2014-06-30": -25.655, "2014-03-31": "-143.60800", "2013-12-31": -44.292, "2013-09-30": -18.94, "2013-06-30": -24.134, "2013-03-31": "-44.35500", "2012-12-31": -83.669, "2012-09-30": -20.506, "2012-06-30": -15.101, "2012-03-31": "-17.41600", "2011-12-31": -40.444, "2011-09-30": -18.572, "2011-06-30": -13.536, "2011-03-31": "-11.51100", "2010-12-31": -16.131, "2010-09-30": 8.141, "2010-06-30": 18.944, "2010-03-31": "-273.66700", "2009-12-31": -2.729, "2009-09-30": -16.033, "2009-06-30": -8.355, "2009-03-31": "-16.47800", "2008-12-31": -38.46, "2008-09-30": -41.778, "2008-06-30": -14.888, "2008-03-31": "-98.95100", "2007-12-31": -18.408, "2007-09-30": -20.127, "2007-06-30": -17.759, "2007-03-31": "-13.93900", "2006-12-31": -15.281, "2006-09-30": -9.004, "2006-06-30": -6.605, "2006-03-31": "-5.84500", "2005-12-31": -0.93, "2005-09-30": -5.438, "2005-06-30": -20.789, "2005-03-31": "-3.19700"}, "Net Long-Term Debt": {"2020-09-30": -0.849, "2020-06-30": 3.492, "2020-03-31": "9.81200", "2019-12-31": -0.19, "2019-09-30": -0.192, "2019-06-30": 20.808, "2019-03-31": "-0.19400", "2018-12-31": 5.48, "2018-09-30": -253.162, "2018-06-30": 237.395, "2018-03-31": "-0.24900", "2017-12-31": -0.229, "2017-09-30": -0.224, "2017-06-30": -0.219, "2017-03-31": "-0.21500", "2016-12-31": -0.443, "2016-09-30": -0.904, "2016-06-30": -0.439, "2016-03-31": "-0.22000", "2015-12-31": -0.22, "2015-09-30": -0.221, "2015-06-30": -0.433, "2015-03-31": "-0.22400", "2014-12-31": -1.128, "2014-09-30": 295.74, "2014-06-30": -0.196, "2014-03-31": "-0.06300", "2013-12-31": -0.083, "2013-09-30": 0.001, "2013-06-30": -0.219, "2013-03-31": "-0.01600", "2012-12-31": -0.284, "2012-09-30": -0.048, "2012-06-30": -0.071, "2012-03-31": "-0.03500", "2011-12-31": -20.011, "2011-09-30": 6.058, "2011-06-30": 4.58, "2011-03-31": "15.96000", "2010-12-31": -14.334, "2010-09-30": -35.043, "2010-06-30": 166.811, "2010-03-31": "190.96100", "2009-12-31": -12.06, "2009-09-30": -87.281, "2009-06-30": -72.386, "2009-03-31": "-6.24100", "2008-12-31": 71.311, "2008-09-30": 24.198, "2008-06-30": -26.476, "2008-03-31": "44.38600", "2007-12-31": 0.112, "2007-09-30": -6.949, "2007-06-30": 10.341, "2007-03-31": "-3.07600", "2006-12-31": -2.999, "2006-09-30": -3.482, "2006-06-30": -1.791, "2006-03-31": "-2.93100", "2005-12-31": -31.413, "2005-09-30": -35.605, "2005-06-30": -1.492, "2005-03-31": "-21.91600"}, "Net Current Debt": {"2020-09-30": -0.207, "2020-06-30": -4.813, "2020-03-31": "-1.44200", "2019-12-31": 2.043, "2019-09-30": -0.602, "2019-06-30": 0.559, "2019-03-31": "9.32700", "2018-12-31": 7.326, "2018-09-30": 3.087, "2018-06-30": -0.089, "2018-03-31": "0.21900", "2017-12-31": -0.036, "2017-09-30": -0.18, "2017-06-30": -0.567, "2017-03-31": "0.19800", "2016-12-31": -0.072, "2016-09-30": -2.721, "2016-06-30": 1.241, "2016-03-31": "1.35200", "2015-12-31": -0.531, "2015-09-30": -6.432, "2015-06-30": -7.045, "2015-03-31": "1.15500", "2014-12-31": -3.407, "2014-09-30": 0.796, "2014-06-30": 2.195, "2014-03-31": "-4.05600", "2013-12-31": 2.071, "2013-09-30": 0.819, "2013-06-30": 3.193, "2013-03-31": "-0.57300", "2012-12-31": -2.268, "2012-09-30": -1.835, "2012-06-30": 5.206, "2012-03-31": "0.72500", "2011-12-31": 0.546, "2011-09-30": -0.008, "2011-06-30": 1.344, "2011-03-31": "0.81600", "2010-12-31": -5.624, "2010-09-30": 4.697, "2010-06-30": -0.69, "2010-03-31": "-1.45800", "2009-12-31": -13.05, "2009-09-30": 7.315, "2009-06-30": 3.792, "2009-03-31": "-5.70900", "2008-12-31": -8.683, "2008-09-30": 7.646, "2008-06-30": 3.253, "2008-03-31": "-0.50400", "2007-12-31": 0.115, "2007-09-30": -1.326, "2007-06-30": 2.369, "2007-03-31": "0.58100", "2006-12-31": -2.594, "2006-09-30": 3.883, "2006-06-30": 0.599, "2006-03-31": "-0.69200", "2005-12-31": -0.297, "2005-09-30": -1.344, "2005-06-30": 4.936, "2005-03-31": "-2.84500"}, "Debt Issuance/Retirement Net - Total": {"2020-09-30": -1.056, "2020-06-30": -1.321, "2020-03-31": "8.37000", "2019-12-31": 1.853, "2019-09-30": -0.794, "2019-06-30": 21.367, "2019-03-31": "9.13300", "2018-12-31": 12.806, "2018-09-30": -250.075, "2018-06-30": 237.306, "2018-03-31": "-0.03000", "2017-12-31": -0.265, "2017-09-30": -0.404, "2017-06-30": -0.786, "2017-03-31": "-0.01700", "2016-12-31": -0.515, "2016-09-30": -3.625, "2016-06-30": 0.802, "2016-03-31": "1.13200", "2015-12-31": -0.751, "2015-09-30": -6.653, "2015-06-30": -7.478, "2015-03-31": "0.93100", "2014-12-31": -4.535, "2014-09-30": 296.536, "2014-06-30": 1.999, "2014-03-31": "-4.11900", "2013-12-31": 1.988, "2013-09-30": 0.82, "2013-06-30": 2.974, "2013-03-31": "-0.58900", "2012-12-31": -2.552, "2012-09-30": -1.883, "2012-06-30": 5.135, "2012-03-31": "0.69000", "2011-12-31": -19.465, "2011-09-30": 6.05, "2011-06-30": 5.924, "2011-03-31": "16.77600", "2010-12-31": -19.958, "2010-09-30": -30.346, "2010-06-30": 166.121, "2010-03-31": "189.50300", "2009-12-31": -25.11, "2009-09-30": -79.966, "2009-06-30": -68.594, "2009-03-31": "-11.95000", "2008-12-31": 62.628, "2008-09-30": 31.844, "2008-06-30": -23.223, "2008-03-31": "43.88200", "2007-12-31": 0.227, "2007-09-30": -8.275, "2007-06-30": 12.71, "2007-03-31": "-2.49500", "2006-12-31": -5.593, "2006-09-30": 0.401, "2006-06-30": -1.192, "2006-03-31": "-3.62300", "2005-12-31": -31.71, "2005-09-30": -36.949, "2005-06-30": 3.444, "2005-03-31": "-24.76100"}, "Net Common Equity Issued/Repurchased": {"2020-09-30": -7.341, "2020-06-30": 0.662, "2020-03-31": "-20.42400", "2019-12-31": -8.868, "2019-09-30": -15.984, "2019-06-30": -28.439, "2019-03-31": "-8.99400", "2018-12-31": -28.58, "2018-09-30": -42.4, "2018-06-30": -26.735, "2018-03-31": "-13.32200", "2017-12-31": 0.481, "2017-09-30": 1.405, "2017-06-30": 1.088, "2017-03-31": "6.02400", "2016-12-31": -3.427, "2016-09-30": -17.426, "2016-06-30": -8.23, "2016-03-31": "-15.86900", "2015-12-31": -20.309, "2015-09-30": -27.397, "2015-06-30": -48.76, "2015-03-31": "-73.29600", "2014-12-31": -79.665, "2014-09-30": -239.139, "2014-06-30": -76.358, "2014-03-31": "-0.71400", "2013-12-31": -0.179, "2013-09-30": -0.076, "2013-06-30": 1.174, "2013-03-31": "-0.67800", "2012-12-31": 0.157, "2012-09-30": -0.656, "2012-06-30": 0.584, "2012-03-31": "0.48300", "2011-12-31": 1.088, "2011-09-30": 0.34, "2011-06-30": 0.65, "2011-03-31": "-6.96200", "2010-12-31": -0.04, "2010-09-30": 0.009, "2010-06-30": 1.028, "2010-03-31": "-0.66900", "2009-12-31": -0.903, "2009-09-30": 0.129, "2009-06-30": -0.274, "2009-03-31": "1.25400", "2008-12-31": 0.232, "2008-09-30": -0.089, "2008-06-30": -2.113, "2008-03-31": "0.99600", "2007-12-31": 0.116, "2007-09-30": -0.324, "2007-06-30": -0.429, "2007-03-31": "0.79600", "2006-12-31": -0.529, "2006-09-30": 0.085, "2006-06-30": -5.189, "2006-03-31": "0.28000", "2005-12-31": -2.537, "2005-09-30": 1.467, "2005-06-30": 1.614, "2005-03-31": "3.64300"}, "Net Total Equity Issued/Repurchased": {"2020-09-30": -7.341, "2020-06-30": 0.662, "2020-03-31": "-20.42400", "2019-12-31": -8.868, "2019-09-30": -15.984, "2019-06-30": -28.439, "2019-03-31": "-8.99400", "2018-12-31": -28.58, "2018-09-30": -42.4, "2018-06-30": -26.735, "2018-03-31": "-13.32200", "2017-12-31": 0.481, "2017-09-30": 1.405, "2017-06-30": 1.088, "2017-03-31": "6.02400", "2016-12-31": -3.427, "2016-09-30": -17.426, "2016-06-30": -8.23, "2016-03-31": "-15.86900", "2015-12-31": -20.309, "2015-09-30": -27.397, "2015-06-30": -48.76, "2015-03-31": "-73.29600", "2014-12-31": -79.665, "2014-09-30": -239.139, "2014-06-30": -76.358, "2014-03-31": "-0.71400", "2013-12-31": -0.179, "2013-09-30": -0.076, "2013-06-30": 1.174, "2013-03-31": "-0.67800", "2012-12-31": 0.157, "2012-09-30": -0.656, "2012-06-30": 0.584, "2012-03-31": "0.48300", "2011-12-31": 1.088, "2011-09-30": 0.34, "2011-06-30": 0.65, "2011-03-31": "-6.96200", "2010-12-31": -4.507, "2010-09-30": 0.009, "2010-06-30": 1.028, "2010-03-31": "-0.66900", "2009-12-31": -0.903, "2009-09-30": 0.129, "2009-06-30": -0.274, "2009-03-31": "1.25400", "2008-12-31": 0.232, "2008-09-30": -0.089, "2008-06-30": -2.113, "2008-03-31": "0.99600", "2007-12-31": 0.116, "2007-09-30": -0.324, "2007-06-30": -0.429, "2007-03-31": "0.79600", "2006-12-31": -0.529, "2006-09-30": 0.085, "2006-06-30": -5.189, "2006-03-31": "0.28000", "2005-12-31": -2.537, "2005-09-30": 1.467, "2005-06-30": 1.614, "2005-03-31": "3.64300"}, "Total Common And Preferred Stock Dividends Paid": {"2020-09-30": -9.612, "2020-06-30": -9.925, "2020-03-31": "-13.42100", "2019-12-31": -9.276, "2019-09-30": -10.219, "2019-06-30": -11.833, "2019-03-31": "-9.05100", "2018-12-31": -9.629, "2018-09-30": -9.297, "2018-06-30": -12.064, "2018-03-31": "-9.79100", "2017-12-31": -10.255, "2017-09-30": -9.479, "2017-06-30": -10.935, "2017-03-31": "-8.86700", "2016-12-31": -8.86, "2016-09-30": -9.11, "2016-06-30": -10.45, "2016-03-31": "-8.57100", "2015-12-31": -8.96, "2015-09-30": -9.406, "2015-06-30": -9.249, "2015-03-31": "-10.37600", "2014-12-31": -10.665, "2014-09-30": -9.93, "2014-06-30": -7.71, "2014-03-31": "-7.05700", "2013-12-31": -6.697, "2013-09-30": -6.696, "2013-06-30": -6.311, "2013-03-31": "-7.47700", "2012-12-31": -6.555, "2012-09-30": -5.985, "2012-06-30": -5.726, "2012-03-31": "-5.19800", "2011-12-31": -4.76, "2011-09-30": -4.757, "2011-06-30": -9.31, "2011-03-31": "-4.35800", "2010-12-31": -5.154, "2010-09-30": -13.136, "2010-06-30": -7.425, "2010-03-31": "-3.94400", "2009-12-31": -4.898, "2009-09-30": -3.94, "2009-06-30": -3.411, "2009-03-31": "-3.40200", "2008-12-31": -3.937, "2008-09-30": -3.398, "2008-06-30": -2.73, "2008-03-31": "-2.72400", "2007-12-31": -3.524, "2007-09-30": -2.707, "2007-06-30": -2.444, "2007-03-31": "-2.43700", "2006-12-31": -2.43, "2006-09-30": -2.426, "2006-06-30": -2.125, "2006-03-31": "-2.10700", "2005-12-31": -2.086, "2005-09-30": -2.077, "2005-06-30": -1.945, "2005-03-31": "-1.93200"}, "Financial Activities - Other": {"2020-09-30": 0, "2020-06-30": -2.382, "2020-03-31": "-53.53400", "2019-12-31": 0, "2019-09-30": 0, "2019-06-30": -4.763, "2019-03-31": "-23.08200", "2018-12-31": 0, "2018-09-30": 0, "2018-06-30": -4.789, "2018-03-31": "-5.51000", "2017-12-31": 0, "2017-09-30": 0, "2017-06-30": 0, "2017-03-31": "", "2016-12-31": 0, "2016-09-30": 0, "2016-06-30": -10.943, "2016-03-31": "-0.06600", "2015-12-31": 0.241, "2015-09-30": 0.064, "2015-06-30": 1.049, "2015-03-31": "0.34500", "2014-12-31": -1.688, "2014-09-30": -0.287, "2014-06-30": 1.28, "2014-03-31": "2.29600", "2013-12-31": -20.263, "2013-09-30": 4.325, "2013-06-30": 0.079, "2013-03-31": "0.22600", "2012-12-31": 1.238, "2012-09-30": -0.702, "2012-06-30": 2.481, "2012-03-31": "2.13400", "2011-12-31": 0.179, "2011-09-30": 0.266, "2011-06-30": -30.231, "2011-03-31": "2.65900", "2010-12-31": 0.542, "2010-09-30": 0.263, "2010-06-30": -3.652, "2010-03-31": "1.01000", "2009-12-31": 0.711, "2009-09-30": 0.508, "2009-06-30": 0.591, "2009-03-31": "0.85500", "2008-12-31": 0.268, "2008-09-30": 0.267, "2008-06-30": 5.821, "2008-03-31": "1.02900", "2007-12-31": 2.228, "2007-09-30": 3.077, "2007-06-30": 1.388, "2007-03-31": "1.07600", "2006-12-31": 1.4, "2006-09-30": 0.674, "2006-06-30": 12.269, "2006-03-31": "3.15900", "2005-12-31": 0, "2005-09-30": 0, "2005-06-30": 0, "2005-03-31": ""}, "Cash Flow From Financial Activities": {"2020-09-30": -18.009, "2020-06-30": -12.966, "2020-03-31": "-79.00900", "2019-12-31": -16.291, "2019-09-30": -26.997, "2019-06-30": -23.668, "2019-03-31": "-31.99400", "2018-12-31": -25.403, "2018-09-30": -301.772, "2018-06-30": 193.718, "2018-03-31": "-28.65300", "2017-12-31": -10.039, "2017-09-30": -8.478, "2017-06-30": -10.633, "2017-03-31": "-2.86000", "2016-12-31": -12.802, "2016-09-30": -30.161, "2016-06-30": -28.821, "2016-03-31": "-23.37400", "2015-12-31": -29.779, "2015-09-30": -43.392, "2015-06-30": -64.438, "2015-03-31": "-82.39600", "2014-12-31": -96.553, "2014-09-30": 47.18, "2014-06-30": -80.789, "2014-03-31": "-9.59400", "2013-12-31": -25.151, "2013-09-30": -1.627, "2013-06-30": -2.084, "2013-03-31": "-8.51800", "2012-12-31": -7.712, "2012-09-30": -9.226, "2012-06-30": 2.474, "2012-03-31": "-1.89100", "2011-12-31": -22.958, "2011-09-30": 1.899, "2011-06-30": -32.967, "2011-03-31": "8.11500", "2010-12-31": -29.077, "2010-09-30": -43.21, "2010-06-30": 156.072, "2010-03-31": "185.90000", "2009-12-31": -30.2, "2009-09-30": -83.269, "2009-06-30": -71.688, "2009-03-31": "-13.24300", "2008-12-31": 59.191, "2008-09-30": 28.624, "2008-06-30": -22.245, "2008-03-31": "43.18300", "2007-12-31": -0.953, "2007-09-30": -8.229, "2007-06-30": 11.225, "2007-03-31": "-3.06000", "2006-12-31": -7.152, "2006-09-30": -1.266, "2006-06-30": 3.763, "2006-03-31": "-2.29100", "2005-12-31": -36.333, "2005-09-30": -37.559, "2005-06-30": 3.113, "2005-03-31": "-23.05000"}, "Net Cash Flow": {"2020-09-30": 89.707, "2020-06-30": 58.703, "2020-03-31": "-58.89700", "2019-12-31": 26.342, "2019-09-30": 70.256, "2019-06-30": 45.707, "2019-03-31": "-101.97300", "2018-12-31": 17.588, "2018-09-30": -426.966, "2018-06-30": 242.925, "2018-03-31": "-13.14200", "2017-12-31": -1.769, "2017-09-30": 45.268, "2017-06-30": 23.006, "2017-03-31": "12.70000", "2016-12-31": 64.225, "2016-09-30": 5.029, "2016-06-30": -43.368, "2016-03-31": "38.64000", "2015-12-31": 36.223, "2015-09-30": -4.672, "2015-06-30": -0.843, "2015-03-31": "-53.21300", "2014-12-31": -80.639, "2014-09-30": -3.709, "2014-06-30": -32.268, "2014-03-31": "-125.51100", "2013-12-31": 70.337, "2013-09-30": 52.892, "2013-06-30": 70.481, "2013-03-31": "5.86700", "2012-12-31": -12.951, "2012-09-30": 98.699, "2012-06-30": -11.187, "2012-03-31": "-23.32600", "2011-12-31": 25.986, "2011-09-30": 10.118, "2011-06-30": -31.481, "2011-03-31": "11.36700", "2010-12-31": 23.754, "2010-09-30": 8.777, "2010-06-30": 204.386, "2010-03-31": "-70.79900", "2009-12-31": 50.942, "2009-09-30": 33.582, "2009-06-30": 20.44, "2009-03-31": "7.25500", "2008-12-31": 0.472, "2008-09-30": 3.26, "2008-06-30": -2.193, "2008-03-31": "-39.50400", "2007-12-31": 37.195, "2007-09-30": 21.413, "2007-06-30": 5.615, "2007-03-31": "-21.19500", "2006-12-31": 8.255, "2006-09-30": 20.702, "2006-06-30": -1.458, "2006-03-31": "-10.86200", "2005-12-31": 5.683, "2005-09-30": -5.886, "2005-06-30": 2.796, "2005-03-31": "6.82100"}, "Stock-Based Compensation": {"2020-09-30": 3.065, "2020-06-30": 2.346, "2020-03-31": "3.32500", "2019-12-31": 2.698, "2019-09-30": 2.519, "2019-06-30": 2.7, "2019-03-31": "3.67000", "2018-12-31": 2.316, "2018-09-30": 2.702, "2018-06-30": 2.599, "2018-03-31": "2.77500", "2017-12-31": 3.406, "2017-09-30": 2.71, "2017-06-30": 2.096, "2017-03-31": "2.49400", "2016-12-31": 3.359, "2016-09-30": 2.371, "2016-06-30": 2.152, "2016-03-31": "2.04900", "2015-12-31": 1.577, "2015-09-30": 2.154, "2015-06-30": 1.752, "2015-03-31": "1.76100", "2014-12-31": 1.286, "2014-09-30": 1.758, "2014-06-30": 1.806, "2014-03-31": "1.88000", "2013-12-31": 1.514, "2013-09-30": 1.657, "2013-06-30": 1.667, "2013-03-31": "1.67500", "2012-12-31": 1.312, "2012-09-30": 1.45, "2012-06-30": 1.504, "2012-03-31": "1.56300", "2011-12-31": 1.969, "2011-09-30": 1.344, "2011-06-30": 1.306, "2011-03-31": "1.31200", "2010-12-31": 2.442, "2010-09-30": 1.544, "2010-06-30": 1.569, "2010-03-31": "1.59900", "2009-12-31": 1.772, "2009-09-30": 1.821, "2009-06-30": 1.494, "2009-03-31": "1.49900", "2008-12-31": 0.196, "2008-09-30": 1.239, "2008-06-30": 0.642, "2008-03-31": "1.39900", "2007-12-31": 10.405, "2007-09-30": 0.942, "2007-06-30": -8.326, "2007-03-31": "0.89200", "2006-12-31": 0.575, "2006-09-30": 0.754, "2006-06-30": 0.63, "2006-03-31": "0.63900", "2005-12-31": 0.646, "2005-09-30": 0, "2005-06-30": 0, "2005-03-31": ""}, "Common Stock Dividends Paid": {"2020-09-30": -9.612, "2020-06-30": -9.925, "2020-03-31": "-13.42100", "2019-12-31": -9.276, "2019-09-30": -10.219, "2019-06-30": -11.833, "2019-03-31": "-9.05100", "2018-12-31": -9.629, "2018-09-30": -9.297, "2018-06-30": -12.064, "2018-03-31": "-9.79100", "2017-12-31": -10.255, "2017-09-30": -9.479, "2017-06-30": -10.935, "2017-03-31": "-8.86700", "2016-12-31": -8.86, "2016-09-30": -9.11, "2016-06-30": -10.45, "2016-03-31": "-8.57100", "2015-12-31": -8.96, "2015-09-30": -9.406, "2015-06-30": -9.249, "2015-03-31": "-10.37600", "2014-12-31": -10.665, "2014-09-30": -9.93, "2014-06-30": -7.71, "2014-03-31": "-7.05700", "2013-12-31": -6.697, "2013-09-30": -6.696, "2013-06-30": -6.311, "2013-03-31": "-7.47700", "2012-12-31": -6.555, "2012-09-30": -5.985, "2012-06-30": -5.726, "2012-03-31": "-5.19800", "2011-12-31": -4.76, "2011-09-30": -4.757, "2011-06-30": -9.31, "2011-03-31": "-4.35800", "2010-12-31": -5.154, "2010-09-30": -13.136, "2010-06-30": -7.425, "2010-03-31": "-3.94400", "2009-12-31": -4.898, "2009-09-30": -3.94, "2009-06-30": -3.411, "2009-03-31": "-3.40200", "2008-12-31": -3.937, "2008-09-30": -3.398, "2008-06-30": -2.73, "2008-03-31": "-2.72400", "2007-12-31": -3.524, "2007-09-30": -2.707, "2007-06-30": -2.444, "2007-03-31": "-2.43700", "2006-12-31": -2.43, "2006-09-30": -2.426, "2006-06-30": -2.125, "2006-03-31": "-2.10700", "2005-12-31": -2.086, "2005-09-30": -2.077, "2005-06-30": -1.945, "2005-03-31": "-1.93200"}}, "financial ratios": {"Current Ratio": {"2019-12-31": "2.70240", "2018-12-31": "3.27760", "2017-12-31": "3.65400", "2016-12-31": "3.58220", "2015-12-31": "3.34700", "2014-12-31": "3.50680", "2013-12-31": "3.65990", "2012-12-31": "3.45740", "2011-12-31": "3.07040", "2010-12-31": "3.15420", "2009-12-31": "2.78570", "2008-12-31": "2.69370", "2007-12-31": "2.29340", "2006-12-31": "2.28030", "2005-12-31": "2.27920"}, "Long-term Debt / Capital": {"2019-12-31": "0.39800", "2018-12-31": "0.39510", "2017-12-31": "0.39560", "2016-12-31": "0.43440", "2015-12-31": "0.43950", "2014-12-31": "0.38010", "2013-12-31": "0.23360", "2012-12-31": "0.25140", "2011-12-31": "0.28370", "2010-12-31": "0.31690", "2009-12-31": "0.16550", "2008-12-31": "0.34470", "2007-12-31": "0.28220", "2006-12-31": "0.33570", "2005-12-31": "0.39960"}, "Debt/Equity Ratio": {"2019-12-31": "0.68070", "2018-12-31": "0.66340", "2017-12-31": "0.65550", "2016-12-31": "0.76980", "2015-12-31": "0.78630", "2014-12-31": "0.62520", "2013-12-31": "0.31730", "2012-12-31": "0.34550", "2011-12-31": "0.40580", "2010-12-31": "0.47290", "2009-12-31": "0.21330", "2008-12-31": "0.55790", "2007-12-31": "0.46660", "2006-12-31": "0.58380", "2005-12-31": "0.72190"}, "Gross Margin": {"2019-12-31": "25.02720", "2018-12-31": "23.87540", "2017-12-31": "24.82800", "2016-12-31": "26.02410", "2015-12-31": "23.71330", "2014-12-31": "25.87510", "2013-12-31": "28.60680", "2012-12-31": "26.48770", "2011-12-31": "25.05410", "2010-12-31": "26.30080", "2009-12-31": "29.77800", "2008-12-31": "26.76510", "2007-12-31": "26.65930", "2006-12-31": "25.50000", "2005-12-31": "25.11460"}, "Operating Margin": {"2019-12-31": "8.59130", "2018-12-31": "7.33660", "2017-12-31": "9.72630", "2016-12-31": "9.73060", "2015-12-31": "5.02860", "2014-12-31": "11.45370", "2013-12-31": "14.31720", "2012-12-31": "12.61900", "2011-12-31": "9.89340", "2010-12-31": "9.03130", "2009-12-31": "13.32100", "2008-12-31": "11.98520", "2007-12-31": "10.37620", "2006-12-31": "8.59180", "2005-12-31": "7.47790"}, "EBIT Margin": {"2019-12-31": "8.59130", "2018-12-31": "7.33660", "2017-12-31": "9.72630", "2016-12-31": "9.73060", "2015-12-31": "5.02860", "2014-12-31": "11.45370", "2013-12-31": "14.31720", "2012-12-31": "12.61900", "2011-12-31": "9.89340", "2010-12-31": "9.03130", "2009-12-31": "13.32100", "2008-12-31": "11.98520", "2007-12-31": "10.37620", "2006-12-31": "8.59180", "2005-12-31": "7.47790"}, "EBITDA Margin": {"2019-12-31": "11.56440", "2018-12-31": "10.91300", "2017-12-31": "12.82020", "2016-12-31": "12.99890", "2015-12-31": "10.11140", "2014-12-31": "14.31390", "2013-12-31": "17.02880", "2012-12-31": "14.93670", "2011-12-31": "12.69480", "2010-12-31": "12.05140", "2009-12-31": "15.82570", "2008-12-31": "14.06130", "2007-12-31": "12.72150", "2006-12-31": "11.44370", "2005-12-31": "11.03280"}, "Pre-Tax Profit Margin": {"2019-12-31": "7.57770", "2018-12-31": "5.20250", "2017-12-31": "8.32000", "2016-12-31": "8.74240", "2015-12-31": "3.55130", "2014-12-31": "9.09930", "2013-12-31": "13.60130", "2012-12-31": "11.85960", "2011-12-31": "8.78300", "2010-12-31": "7.74390", "2009-12-31": "12.65440", "2008-12-31": "10.77550", "2007-12-31": "9.34560", "2006-12-31": "7.51740", "2005-12-31": "5.80930"}, "Net Profit Margin": {"2019-12-31": "5.55730", "2018-12-31": "3.42210", "2017-12-31": "4.23310", "2016-12-31": "6.86970", "2015-12-31": "1.53180", "2014-12-31": "5.89070", "2013-12-31": "8.42830", "2012-12-31": "7.72630", "2011-12-31": "8.57820", "2010-12-31": "4.77750", "2009-12-31": "8.42730", "2008-12-31": "6.94170", "2007-12-31": "6.31490", "2006-12-31": "4.80330", "2005-12-31": "3.52670"}, "Asset Turnover": {"2019-12-31": "1.00130", "2018-12-31": "1.08970", "2017-12-31": "1.05520", "2016-12-31": "1.05430", "2015-12-31": "1.09470", "2014-12-31": "1.14410", "2013-12-31": "1.19010", "2012-12-31": "1.17950", "2011-12-31": "1.15410", "2010-12-31": "0.94490", "2009-12-31": "1.37200", "2008-12-31": "1.43810", "2007-12-31": "1.42490", "2006-12-31": "1.43590", "2005-12-31": "1.38160"}, "Inventory Turnover Ratio": {"2019-12-31": "5.53840", "2018-12-31": "5.47200", "2017-12-31": "4.90370", "2016-12-31": "5.32940", "2015-12-31": "5.86460", "2014-12-31": "6.43920", "2013-12-31": "6.20790", "2012-12-31": "5.40050", "2011-12-31": "5.06540", "2010-12-31": "5.19560", "2009-12-31": "5.95690", "2008-12-31": "4.45670", "2007-12-31": "5.00010", "2006-12-31": "4.91330", "2005-12-31": "5.24110"}, "Receiveable Turnover": {"2019-12-31": "5.76450", "2018-12-31": "5.69700", "2017-12-31": "5.45180", "2016-12-31": "5.73970", "2015-12-31": "5.61470", "2014-12-31": "5.81680", "2013-12-31": "6.41050", "2012-12-31": "5.87230", "2011-12-31": "6.23760", "2010-12-31": "4.81170", "2009-12-31": "6.88420", "2008-12-31": "5.82160", "2007-12-31": "5.89390", "2006-12-31": "5.99680", "2005-12-31": "6.12310"}, "Days Sales In Receivables": {"2019-12-31": "63.31820", "2018-12-31": "64.06870", "2017-12-31": "66.94990", "2016-12-31": "63.59260", "2015-12-31": "65.00830", "2014-12-31": "62.74930", "2013-12-31": "56.93810", "2012-12-31": "62.15600", "2011-12-31": "58.51610", "2010-12-31": "75.85740", "2009-12-31": "53.01980", "2008-12-31": "62.69740", "2007-12-31": "61.92840", "2006-12-31": "60.86560", "2005-12-31": "59.60990"}, "ROE - Return On Equity": {"2019-12-31": "13.78400", "2018-12-31": "8.83350", "2017-12-31": "10.61990", "2016-12-31": "18.15530", "2015-12-31": "4.69670", "2014-12-31": "15.14050", "2013-12-31": "18.15460", "2012-12-31": "16.98040", "2011-12-31": "19.80330", "2010-12-31": "9.94060", "2009-12-31": "19.04490", "2008-12-31": "21.25200", "2007-12-31": "18.96450", "2006-12-31": "15.33690", "2005-12-31": "11.88990"}, "Return On Tangible Equity": {"2019-12-31": "28.87390", "2018-12-31": "17.46400", "2017-12-31": "18.10860", "2016-12-31": "34.49850", "2015-12-31": "9.89590", "2014-12-31": "28.54230", "2013-12-31": "27.38070", "2012-12-31": "26.43030", "2011-12-31": "33.17080", "2010-12-31": "19.69870", "2009-12-31": "28.84900", "2008-12-31": "37.71540", "2007-12-31": "28.80810", "2006-12-31": "26.00960", "2005-12-31": "24.14670"}, "ROA - Return On Assets": {"2019-12-31": "5.77060", "2018-12-31": "3.96420", "2017-12-31": "4.70050", "2016-12-31": "7.45870", "2015-12-31": "1.89490", "2014-12-31": "6.93560", "2013-12-31": "10.10120", "2012-12-31": "9.30160", "2011-12-31": "10.28700", "2010-12-31": "4.80270", "2009-12-31": "11.82190", "2008-12-31": "10.27080", "2007-12-31": "9.19950", "2006-12-31": "6.89720", "2005-12-31": "4.87240"}, "ROI - Return On Investment": {"2019-12-31": "8.29760", "2018-12-31": "5.34300", "2017-12-31": "6.41860", "2016-12-31": "10.26780", "2015-12-31": "2.63240", "2014-12-31": "9.38580", "2013-12-31": "13.91340", "2012-12-31": "12.71100", "2011-12-31": "14.18540", "2010-12-31": "6.79050", "2009-12-31": "15.89380", "2008-12-31": "13.92690", "2007-12-31": "13.61280", "2006-12-31": "10.18830", "2005-12-31": "7.13860"}, "Book Value Per Share": {"2019-12-31": "53.69900", "2018-12-31": "51.73700", "2017-12-31": "50.75330", "2016-12-31": "43.62980", "2015-12-31": "42.22820", "2014-12-31": "51.60780", "2013-12-31": "57.58980", "2012-12-31": "52.74840", "2011-12-31": "45.23660", "2010-12-31": "38.30010", "2009-12-31": "30.73760", "2008-12-31": "24.49470", "2007-12-31": "19.67980", "2006-12-31": "15.65430", "2005-12-31": "13.27180"}, "Operating Cash Flow Per Share": {"2019-12-31": 7.3141, "2018-12-31": 0.961, "2017-12-31": -4.3966, "2016-12-31": -1.3806, "2015-12-31": 4.9193, "2014-12-31": -8.0246, "2013-12-31": 7.3739, "2012-12-31": 1.727, "2011-12-31": -0.1238, "2010-12-31": -7.5342, "2009-12-31": 11.2942, "2008-12-31": -2.2194, "2007-12-31": 1.9342, "2006-12-31": -2.9874, "2005-12-31": 5.2737}, "Free Cash Flow Per Share": {"2019-12-31": 3.4897, "2018-12-31": 2.6358, "2017-12-31": -4.1423, "2016-12-31": -1.9015, "2015-12-31": 5.8354, "2014-12-31": -8.1731, "2013-12-31": 8.2044, "2012-12-31": 1.3142, "2011-12-31": -2.178, "2010-12-31": -6.8412, "2009-12-31": 11.457, "2008-12-31": -1.8431, "2007-12-31": 0.7124, "2006-12-31": -2.8852, "2005-12-31": 4.2262}}, "financial ratios, quarterly": {"Current Ratio": {"2020-09-30": "2.49740", "2020-06-30": "2.44670", "2020-03-31": "2.52030", "2019-12-31": "2.78760", "2019-09-30": "2.61500", "2019-06-30": "2.71060", "2019-03-31": "2.94640", "2018-12-31": "3.27760", "2018-09-30": "3.40000", "2018-06-30": "2.82760", "2018-03-31": "4.07030", "2017-12-31": "3.65400", "2017-09-30": "3.50250", "2017-06-30": "3.67920", "2017-03-31": "3.47860", "2016-12-31": "3.58220", "2016-09-30": "3.54040", "2016-06-30": "3.53950", "2016-03-31": "3.43640", "2015-12-31": "3.34700", "2015-09-30": "3.43160", "2015-06-30": "3.49270", "2015-03-31": "3.39660", "2014-12-31": "3.50680", "2014-09-30": "3.61350", "2014-06-30": "3.58910", "2014-03-31": "3.51510", "2013-12-31": "3.65990", "2013-09-30": "3.68390", "2013-06-30": "3.64560", "2013-03-31": "3.57970", "2012-12-31": "3.45740", "2012-09-30": "3.41080", "2012-06-30": "3.31730", "2012-03-31": "3.21560", "2011-12-31": "3.07040", "2011-09-30": "3.09950", "2011-06-30": "3.06460", "2011-03-31": "3.25550", "2010-12-31": "3.15420", "2010-09-30": "2.99110", "2010-06-30": "2.94760", "2010-03-31": "3.83310", "2009-12-31": "2.78570", "2009-09-30": "2.60440", "2009-06-30": "2.83980", "2009-03-31": "2.93200", "2008-12-31": "2.69370", "2008-09-30": "2.20230", "2008-06-30": "1.90490", "2008-03-31": "2.20740", "2007-12-31": "2.29340", "2007-09-30": "2.28730", "2007-06-30": "2.36570", "2007-03-31": "2.29910", "2006-12-31": "2.28030", "2006-09-30": "2.29960", "2006-06-30": "2.42050", "2006-03-31": "2.28430", "2005-12-31": "2.27920", "2005-09-30": "2.62360", "2005-06-30": "2.86350", "2005-03-31": "2.94690"}, "Long-term Debt / Capital": {"2020-09-30": "0.39590", "2020-06-30": "0.40300", "2020-03-31": "0.41150", "2019-12-31": "0.39130", "2019-09-30": "0.40330", "2019-06-30": "0.40450", "2019-03-31": "0.39600", "2018-12-31": "0.39510", "2018-09-30": "0.39370", "2018-06-30": "0.39040", "2018-03-31": "0.38870", "2017-12-31": "0.39560", "2017-09-30": "0.39550", "2017-06-30": "0.40630", "2017-03-31": "0.42020", "2016-12-31": "0.43440", "2016-09-30": "0.42980", "2016-06-30": "0.43210", "2016-03-31": "0.43570", "2015-12-31": "0.43950", "2015-09-30": "0.41780", "2015-06-30": "0.40150", "2015-03-31": "0.40100", "2014-12-31": "0.38010", "2014-09-30": "0.36130", "2014-06-30": "0.22860", "2014-03-31": "0.22830", "2013-12-31": "0.23360", "2013-09-30": "0.23020", "2013-06-30": "0.23940", "2013-03-31": "0.24390", "2012-12-31": "0.25140", "2012-09-30": "0.25430", "2012-06-30": "0.26580", "2012-03-31": "0.27010", "2011-12-31": "0.28370", "2011-09-30": "0.31760", "2011-06-30": "0.31260", "2011-03-31": "0.31500", "2010-12-31": "0.31690", "2010-09-30": "0.34020", "2010-06-30": "0.37070", "2010-03-31": "0.30160", "2009-12-31": "0.16550", "2009-09-30": "0.18080", "2009-06-30": "0.26100", "2009-03-31": "0.32930", "2008-12-31": "0.34470", "2008-09-30": "0.30140", "2008-06-30": "0.23500", "2008-03-31": "0.30820", "2007-12-31": "0.28220", "2007-09-30": "0.29340", "2007-06-30": "0.31360", "2007-03-31": "0.31940", "2006-12-31": "0.33570", "2006-09-30": "0.34920", "2006-06-30": "0.36440", "2006-03-31": "0.38280", "2005-12-31": "0.39960", "2005-09-30": "0.44380", "2005-06-30": "0.48480", "2005-03-31": "0.49430"}, "Debt/Equity Ratio": {"2020-09-30": "0.66900", "2020-06-30": "0.69010", "2020-03-31": "0.71760", "2019-12-31": "0.66190", "2019-09-30": "0.69360", "2019-06-30": "0.69800", "2019-03-31": "0.67380", "2018-12-31": "0.66340", "2018-09-30": "0.65300", "2018-06-30": "0.86070", "2018-03-31": "0.63690", "2017-12-31": "0.65550", "2017-09-30": "0.65530", "2017-06-30": "0.68550", "2017-03-31": "0.72640", "2016-12-31": "0.76980", "2016-09-30": "0.75560", "2016-06-30": "0.76560", "2016-03-31": "0.77580", "2015-12-31": "0.78630", "2015-09-30": "0.72010", "2015-06-30": "0.67880", "2015-03-31": "0.68300", "2014-12-31": "0.62520", "2014-09-30": "0.57900", "2014-06-30": "0.30720", "2014-03-31": "0.30510", "2013-12-31": "0.31730", "2013-09-30": "0.31010", "2013-06-30": "0.32580", "2013-03-31": "0.33180", "2012-12-31": "0.34550", "2012-09-30": "0.35250", "2012-06-30": "0.37560", "2012-03-31": "0.37980", "2011-12-31": "0.40580", "2011-09-30": "0.47590", "2011-06-30": "0.46550", "2011-03-31": "0.46960", "2010-12-31": "0.47290", "2010-09-30": "0.53130", "2010-06-30": "0.60040", "2010-03-31": "0.44510", "2009-12-31": "0.21330", "2009-09-30": "0.25410", "2009-06-30": "0.37870", "2009-03-31": "0.51310", "2008-12-31": "0.55790", "2008-09-30": "0.48110", "2008-06-30": "0.44660", "2008-03-31": "0.52450", "2007-12-31": "0.46660", "2007-09-30": "0.49290", "2007-06-30": "0.54570", "2007-03-31": "0.54900", "2006-12-31": "0.58380", "2006-09-30": "0.60680", "2006-06-30": "0.62850", "2006-03-31": "0.67670", "2005-12-31": "0.72190", "2005-09-30": "0.84080", "2005-06-30": "0.99040", "2005-03-31": "1.00790"}, "Gross Margin": {"2020-09-30": "25.98840", "2020-06-30": "26.70370", "2020-03-31": "27.62520", "2019-12-31": "25.80450", "2019-09-30": "25.10170", "2019-06-30": "25.42210", "2019-03-31": "23.78530", "2018-12-31": "21.46670", "2018-09-30": "24.21420", "2018-06-30": "25.64450", "2018-03-31": "24.22270", "2017-12-31": "23.81740", "2017-09-30": "24.03040", "2017-06-30": "25.71500", "2017-03-31": "25.82150", "2016-12-31": "24.47970", "2016-09-30": "25.40330", "2016-06-30": "27.35140", "2016-03-31": "26.98080", "2015-12-31": "20.39670", "2015-09-30": "24.77980", "2015-06-30": "24.85590", "2015-03-31": "24.68000", "2014-12-31": "23.73860", "2014-09-30": "26.05570", "2014-06-30": "26.16630", "2014-03-31": "27.53370", "2013-12-31": "26.91470", "2013-09-30": "28.99160", "2013-06-30": "29.75800", "2013-03-31": "28.71650", "2012-12-31": "27.52570", "2012-09-30": "26.36230", "2012-06-30": "25.98610", "2012-03-31": "25.97250", "2011-12-31": "25.89840", "2011-09-30": "24.90210", "2011-06-30": "25.12410", "2011-03-31": "24.03260", "2010-12-31": "26.33600", "2010-09-30": "25.10670", "2010-06-30": "26.71450", "2010-03-31": "27.41680", "2009-12-31": "30.77040", "2009-09-30": "31.41820", "2009-06-30": "29.00520", "2009-03-31": "28.19180", "2008-12-31": "24.83950", "2008-09-30": "27.28350", "2008-06-30": "27.59910", "2008-03-31": "27.42410", "2007-12-31": "27.17650", "2007-09-30": "26.22670", "2007-06-30": "27.07570", "2007-03-31": "26.05570", "2006-12-31": "26.00950", "2006-09-30": "25.94690", "2006-06-30": "25.10750", "2006-03-31": "24.92980", "2005-12-31": "25.51730", "2005-09-30": "26.17490", "2005-06-30": "25.49390", "2005-03-31": "23.20340"}, "Operating Margin": {"2020-09-30": "8.37620", "2020-06-30": "6.30650", "2020-03-31": "9.92210", "2019-12-31": "8.86160", "2019-09-30": "8.84550", "2019-06-30": "8.77110", "2019-03-31": "7.88890", "2018-12-31": "5.20390", "2018-09-30": "5.65200", "2018-06-30": "9.33020", "2018-03-31": "9.15440", "2017-12-31": "8.93510", "2017-09-30": "8.82670", "2017-06-30": "11.00690", "2017-03-31": "10.14260", "2016-12-31": "8.59250", "2016-09-30": "8.72430", "2016-06-30": "11.21530", "2016-03-31": "10.45330", "2015-12-31": "-2.68210", "2015-09-30": "5.85100", "2015-06-30": "7.91650", "2015-03-31": "8.60430", "2014-12-31": "8.68640", "2014-09-30": "11.46750", "2014-06-30": "12.43490", "2014-03-31": "13.14920", "2013-12-31": "12.16510", "2013-09-30": "14.12550", "2013-06-30": "16.41880", "2013-03-31": "14.41990", "2012-12-31": "13.71030", "2012-09-30": "12.38380", "2012-06-30": "12.68740", "2012-03-31": "11.54500", "2011-12-31": "10.27690", "2011-09-30": "10.71610", "2011-06-30": "10.26300", "2011-03-31": "7.97620", "2010-12-31": "10.40880", "2010-09-30": "8.93150", "2010-06-30": "7.74590", "2010-03-31": "8.61450", "2009-12-31": "11.92240", "2009-09-30": "14.45430", "2009-06-30": "13.91630", "2009-03-31": "12.81300", "2008-12-31": "10.72060", "2008-09-30": "12.50930", "2008-06-30": "12.74720", "2008-03-31": "11.95070", "2007-12-31": "10.37930", "2007-09-30": "10.13730", "2007-06-30": "11.07550", "2007-03-31": "9.80800", "2006-12-31": "8.40960", "2006-09-30": "9.33370", "2006-06-30": "8.82810", "2006-03-31": "7.76520", "2005-12-31": "7.55550", "2005-09-30": "8.28410", "2005-06-30": "7.99820", "2005-03-31": "6.06120"}, "EBIT Margin": {"2020-09-30": "8.37620", "2020-06-30": "6.30650", "2020-03-31": "9.92210", "2019-12-31": "8.86160", "2019-09-30": "8.84550", "2019-06-30": "8.77110", "2019-03-31": "7.88890", "2018-12-31": "5.20390", "2018-09-30": "5.65200", "2018-06-30": "9.33020", "2018-03-31": "9.15440", "2017-12-31": "8.93510", "2017-09-30": "8.82670", "2017-06-30": "11.00690", "2017-03-31": "10.14260", "2016-12-31": "8.59250", "2016-09-30": "8.72430", "2016-06-30": "11.21530", "2016-03-31": "10.45330", "2015-12-31": "-2.68210", "2015-09-30": "5.85100", "2015-06-30": "7.91650", "2015-03-31": "8.60430", "2014-12-31": "8.68640", "2014-09-30": "11.46750", "2014-06-30": "12.43490", "2014-03-31": "13.14920", "2013-12-31": "12.16500", "2013-09-30": "14.12550", "2013-06-30": "16.41880", "2013-03-31": "14.41990", "2012-12-31": "13.71030", "2012-09-30": "12.38380", "2012-06-30": "12.68740", "2012-03-31": "11.54500", "2011-12-31": "10.27690", "2011-09-30": "10.71610", "2011-06-30": "10.26300", "2011-03-31": "7.97620", "2010-12-31": "10.40880", "2010-09-30": "8.93150", "2010-06-30": "7.74590", "2010-03-31": "8.61450", "2009-12-31": "11.92240", "2009-09-30": "14.45430", "2009-06-30": "13.91630", "2009-03-31": "12.81300", "2008-12-31": "10.72060", "2008-09-30": "12.50930", "2008-06-30": "12.74720", "2008-03-31": "11.95070", "2007-12-31": "10.37930", "2007-09-30": "10.13730", "2007-06-30": "11.07550", "2007-03-31": "9.80800", "2006-12-31": "8.40950", "2006-09-30": "9.33370", "2006-06-30": "8.82810", "2006-03-31": "7.76520", "2005-12-31": "7.55550", "2005-09-30": "8.28410", "2005-06-30": "7.99820", "2005-03-31": "6.06120"}, "EBITDA Margin": {"2020-09-30": "", "2020-06-30": "", "2020-03-31": "", "2019-12-31": "", "2019-09-30": "", "2019-06-30": "", "2019-03-31": "", "2018-12-31": "", "2018-09-30": "", "2018-06-30": "", "2018-03-31": "", "2017-12-31": "", "2017-09-30": "", "2017-06-30": "", "2017-03-31": "", "2016-12-31": "", "2016-09-30": "", "2016-06-30": "", "2016-03-31": "", "2015-12-31": "", "2015-09-30": "", "2015-06-30": "", "2015-03-31": "", "2014-12-31": "", "2014-09-30": "", "2014-06-30": "", "2014-03-31": "", "2013-12-31": "", "2013-09-30": "", "2013-06-30": "", "2013-03-31": "", "2012-12-31": "", "2012-09-30": "", "2012-06-30": "", "2012-03-31": "", "2011-12-31": "", "2011-09-30": "", "2011-06-30": "", "2011-03-31": "", "2010-12-31": "", "2010-09-30": "", "2010-06-30": "", "2010-03-31": "", "2009-12-31": "", "2009-09-30": "", "2009-06-30": "", "2009-03-31": "", "2008-12-31": "", "2008-09-30": "", "2008-06-30": "", "2008-03-31": "", "2007-12-31": "", "2007-09-30": "", "2007-06-30": "", "2007-03-31": "", "2006-12-31": "", "2006-09-30": "", "2006-06-30": "", "2006-03-31": "", "2005-12-31": "", "2005-09-30": "", "2005-06-30": "", "2005-03-31": ""}, "Pre-Tax Profit Margin": {"2020-09-30": "7.16490", "2020-06-30": "5.17070", "2020-03-31": "8.51770", "2019-12-31": "7.75230", "2019-09-30": "7.71030", "2019-06-30": "7.71450", "2019-03-31": "7.13440", "2018-12-31": "3.62250", "2018-09-30": "2.36960", "2018-06-30": "7.19290", "2018-03-31": "7.58740", "2017-12-31": "7.57670", "2017-09-30": "7.42690", "2017-06-30": "9.59780", "2017-03-31": "8.67860", "2016-12-31": "9.42490", "2016-09-30": "7.17560", "2016-06-30": "9.78420", "2016-03-31": "8.45520", "2015-12-31": "-3.84350", "2015-09-30": "4.04170", "2015-06-30": "6.35600", "2015-03-31": "7.22630", "2014-12-31": "7.61830", "2014-09-30": "5.16090", "2014-06-30": "11.86230", "2014-03-31": "11.51700", "2013-12-31": "11.54320", "2013-09-30": "13.20360", "2013-06-30": "15.73020", "2013-03-31": "13.77560", "2012-12-31": "12.93280", "2012-09-30": "11.69480", "2012-06-30": "11.71150", "2012-03-31": "10.96620", "2011-12-31": "9.08370", "2011-09-30": "9.79380", "2011-06-30": "9.02490", "2011-03-31": "6.90330", "2010-12-31": "9.44640", "2010-09-30": "7.66290", "2010-06-30": "6.23210", "2010-03-31": "7.06770", "2009-12-31": "11.17860", "2009-09-30": "14.19830", "2009-06-30": "13.49850", "2009-03-31": "11.54970", "2008-12-31": "8.84010", "2008-09-30": "11.64870", "2008-06-30": "11.87300", "2008-03-31": "10.72020", "2007-12-31": "9.40440", "2007-09-30": "9.02900", "2007-06-30": "10.16860", "2007-03-31": "8.65320", "2006-12-31": "7.26760", "2006-09-30": "8.15460", "2006-06-30": "7.74870", "2006-03-31": "6.87660", "2005-12-31": "6.13010", "2005-09-30": "6.38300", "2005-06-30": "6.39190", "2005-03-31": "4.27820"}, "Net Profit Margin": {"2020-09-30": "5.36020", "2020-06-30": "3.28200", "2020-03-31": "6.36740", "2019-12-31": "5.83670", "2019-09-30": "5.51110", "2019-06-30": "5.66710", "2019-03-31": "5.21630", "2018-12-31": "2.53270", "2018-09-30": "0.65540", "2018-06-30": "4.83000", "2018-03-31": "5.62210", "2017-12-31": "-0.50510", "2017-09-30": "5.17170", "2017-06-30": "6.40690", "2017-03-31": "6.11460", "2016-12-31": "10.38640", "2016-09-30": "4.61670", "2016-06-30": "6.56400", "2016-03-31": "5.52610", "2015-12-31": "-4.82170", "2015-09-30": "1.90740", "2015-06-30": "4.08620", "2015-03-31": "4.58520", "2014-12-31": "5.30190", "2014-09-30": "3.07690", "2014-06-30": "7.59270", "2014-03-31": "7.44670", "2013-12-31": "6.62750", "2013-09-30": "7.26050", "2013-06-30": "10.19320", "2013-03-31": "9.46390", "2012-12-31": "7.97950", "2012-09-30": "7.77310", "2012-06-30": "7.81690", "2012-03-31": "7.29420", "2011-12-31": "15.24200", "2011-09-30": "6.26920", "2011-06-30": "6.85410", "2011-03-31": "4.50900", "2010-12-31": "5.82350", "2010-09-30": "4.91350", "2010-06-30": "3.55410", "2010-03-31": "4.48090", "2009-12-31": "7.52430", "2009-09-30": "9.32560", "2009-06-30": "8.86710", "2009-03-31": "7.87950", "2008-12-31": "5.76600", "2008-09-30": "7.47450", "2008-06-30": "7.49990", "2008-03-31": "7.03290", "2007-12-31": "6.01020", "2007-09-30": "6.95990", "2007-06-30": "6.70240", "2007-03-31": "5.49720", "2006-12-31": "4.91280", "2006-09-30": "4.84460", "2006-06-30": "5.10200", "2006-03-31": "4.30960", "2005-12-31": "3.73290", "2005-09-30": "3.83770", "2005-06-30": "3.93880", "2005-03-31": "2.56260"}, "Asset Turnover": {"2020-09-30": "0.25100", "2020-06-30": "0.24320", "2020-03-31": "0.24450", "2019-12-31": "0.24350", "2019-09-30": "0.25330", "2019-06-30": "0.25850", "2019-03-31": "0.26160", "2018-12-31": "0.27560", "2018-09-30": "0.26480", "2018-06-30": "0.24550", "2018-03-31": "0.26690", "2017-12-31": "0.27480", "2017-09-30": "0.26080", "2017-06-30": "0.28250", "2017-03-31": "0.25840", "2016-12-31": "0.28200", "2016-09-30": "0.25600", "2016-06-30": "0.26720", "2016-03-31": "0.24860", "2015-12-31": "0.26490", "2015-09-30": "0.25410", "2015-06-30": "0.26570", "2015-03-31": "0.25940", "2014-12-31": "0.27960", "2014-09-30": "0.26750", "2014-06-30": "0.29480", "2014-03-31": "0.26050", "2013-12-31": "0.29820", "2013-09-30": "0.28310", "2013-06-30": "0.33140", "2013-03-31": "0.31320", "2012-12-31": "0.31730", "2012-09-30": "0.29260", "2012-06-30": "0.32010", "2012-03-31": "0.30100", "2011-12-31": "0.32640", "2011-09-30": "0.30430", "2011-06-30": "0.30070", "2011-03-31": "0.26060", "2010-12-31": "0.28640", "2010-09-30": "0.25630", "2010-06-30": "0.23730", "2010-03-31": "0.24860", "2009-12-31": "0.30610", "2009-09-30": "0.33680", "2009-06-30": "0.37800", "2009-03-31": "0.34200", "2008-12-31": "0.37180", "2008-09-30": "0.37980", "2008-06-30": "0.41220", "2008-03-31": "0.36560", "2007-12-31": "0.36560", "2007-09-30": "0.37100", "2007-06-30": "0.42030", "2007-03-31": "0.37340", "2006-12-31": "0.36750", "2006-09-30": "0.35690", "2006-06-30": "0.40300", "2006-03-31": "0.36980", "2005-12-31": "0.38810", "2005-09-30": "0.32910", "2005-06-30": "0.32240", "2005-03-31": "0.32760"}, "Inventory Turnover Ratio": {"2020-09-30": "1.21230", "2020-06-30": "1.12310", "2020-03-31": "1.17120", "2019-12-31": "1.21240", "2019-09-30": "1.37040", "2019-06-30": "1.28570", "2019-03-31": "1.33280", "2018-12-31": "1.42780", "2018-09-30": "1.28620", "2018-06-30": "1.32840", "2018-03-31": "1.43090", "2017-12-31": "1.29400", "2017-09-30": "1.28260", "2017-06-30": "1.38370", "2017-03-31": "1.21510", "2016-12-31": "1.45540", "2016-09-30": "1.19910", "2016-06-30": "1.25000", "2016-03-31": "1.24190", "2015-12-31": "1.48100", "2015-09-30": "1.29200", "2015-06-30": "1.34920", "2015-03-31": "1.33050", "2014-12-31": "1.61880", "2014-09-30": "1.47190", "2014-06-30": "1.62880", "2014-03-31": "1.28230", "2013-12-31": "1.59230", "2013-09-30": "1.29320", "2013-06-30": "1.49290", "2013-03-31": "1.29470", "2012-12-31": "1.43240", "2012-09-30": "1.24210", "2012-06-30": "1.28690", "2012-03-31": "1.20530", "2011-12-31": "1.41650", "2011-09-30": "1.33710", "2011-06-30": "1.36710", "2011-03-31": "1.33180", "2010-12-31": "1.57390", "2010-09-30": "1.33400", "2010-06-30": "1.18970", "2010-03-31": "1.25980", "2009-12-31": "1.31030", "2009-09-30": "1.37490", "2009-06-30": "1.40740", "2009-03-31": "1.03050", "2008-12-31": "1.18240", "2008-09-30": "1.14730", "2008-06-30": "1.43830", "2008-03-31": "1.28040", "2007-12-31": "1.27400", "2007-09-30": "1.28870", "2007-06-30": "1.34440", "2007-03-31": "1.19640", "2006-12-31": "1.24900", "2006-09-30": "1.30700", "2006-06-30": "1.53540", "2006-03-31": "1.31850", "2005-12-31": "1.46440", "2005-09-30": "1.19660", "2005-06-30": "1.14240", "2005-03-31": "1.15680"}, "Receiveable Turnover": {"2020-09-30": "1.46210", "2020-06-30": "1.37530", "2020-03-31": "1.36810", "2019-12-31": "1.42420", "2019-09-30": "1.37730", "2019-06-30": "1.38220", "2019-03-31": "1.34960", "2018-12-31": "1.44090", "2018-09-30": "1.35630", "2018-06-30": "1.44320", "2018-03-31": "1.49610", "2017-12-31": "1.41950", "2017-09-30": "1.38130", "2017-06-30": "1.43420", "2017-03-31": "1.40090", "2016-12-31": "1.53540", "2016-09-30": "1.33920", "2016-06-30": "1.37170", "2016-03-31": "1.32760", "2015-12-31": "1.35890", "2015-09-30": "1.26160", "2015-06-30": "1.38730", "2015-03-31": "1.33110", "2014-12-31": "1.42130", "2014-09-30": "1.34140", "2014-06-30": "1.55000", "2014-03-31": "1.41920", "2013-12-31": "1.60620", "2013-09-30": "1.51420", "2013-06-30": "1.71020", "2013-03-31": "1.62650", "2012-12-31": "1.57980", "2012-09-30": "1.55210", "2012-06-30": "1.56800", "2012-03-31": "1.59310", "2011-12-31": "1.76410", "2011-09-30": "1.49570", "2011-06-30": "1.47570", "2011-03-31": "1.33370", "2010-12-31": "1.45830", "2010-09-30": "1.31730", "2010-06-30": "1.28070", "2010-03-31": "1.43140", "2009-12-31": "1.53600", "2009-09-30": "1.46490", "2009-06-30": "1.48380", "2009-03-31": "1.42130", "2008-12-31": "1.50500", "2008-09-30": "1.55240", "2008-06-30": "1.61990", "2008-03-31": "1.49550", "2007-12-31": "1.51240", "2007-09-30": "1.40650", "2007-06-30": "1.62250", "2007-03-31": "1.48870", "2006-12-31": "1.53500", "2006-09-30": "1.41480", "2006-06-30": "1.51880", "2006-03-31": "1.55300", "2005-12-31": "1.72010", "2005-09-30": "1.45780", "2005-06-30": "1.50560", "2005-03-31": "1.53890"}, "Days Sales In Receivables": {"2020-09-30": "61.55610", "2020-06-30": "65.43980", "2020-03-31": "65.78260", "2019-12-31": "63.19240", "2019-09-30": "65.34370", "2019-06-30": "65.11250", "2019-03-31": "66.68700", "2018-12-31": "62.45910", "2018-09-30": "66.35790", "2018-06-30": "62.36240", "2018-03-31": "60.15720", "2017-12-31": "63.40190", "2017-09-30": "65.15450", "2017-06-30": "62.75330", "2017-03-31": "64.24420", "2016-12-31": "58.61580", "2016-09-30": "67.20600", "2016-06-30": "65.61110", "2016-03-31": "67.79040", "2015-12-31": "66.23230", "2015-09-30": "71.33740", "2015-06-30": "64.87620", "2015-03-31": "67.61420", "2014-12-31": "63.32110", "2014-09-30": "67.09550", "2014-06-30": "58.06410", "2014-03-31": "63.41600", "2013-12-31": "56.03350", "2013-09-30": "59.43830", "2013-06-30": "52.62440", "2013-03-31": "55.33470", "2012-12-31": "56.96820", "2012-09-30": "57.98760", "2012-06-30": "57.39940", "2012-03-31": "56.49290", "2011-12-31": "51.01630", "2011-09-30": "60.17450", "2011-06-30": "60.98620", "2011-03-31": "67.48280", "2010-12-31": "61.71730", "2010-09-30": "68.32010", "2010-06-30": "70.27270", "2010-03-31": "62.87520", "2009-12-31": "58.59340", "2009-09-30": "61.43640", "2009-06-30": "60.65460", "2009-03-31": "63.32060", "2008-12-31": "59.80140", "2008-09-30": "57.97290", "2008-06-30": "55.55870", "2008-03-31": "60.17880", "2007-12-31": "59.50830", "2007-09-30": "63.99060", "2007-06-30": "55.47100", "2007-03-31": "60.45620", "2006-12-31": "58.63320", "2006-09-30": "63.61120", "2006-06-30": "59.25810", "2006-03-31": "57.95100", "2005-12-31": "52.32290", "2005-09-30": "61.73820", "2005-06-30": "59.77560", "2005-03-31": "58.48290"}, "ROE - Return On Equity": {"2020-09-30": "3.38150", "2020-06-30": "1.97400", "2020-03-31": "3.84830", "2019-12-31": "3.49290", "2019-09-30": "3.55070", "2019-06-30": "3.60850", "2019-03-31": "3.27770", "2018-12-31": "1.59880", "2018-09-30": "0.61660", "2018-06-30": "3.01610", "2018-03-31": "3.41500", "2017-12-31": "-0.14150", "2017-09-30": "3.18120", "2017-06-30": "4.29250", "2017-03-31": "3.83770", "2016-12-31": "7.25200", "2016-09-30": "2.94530", "2016-06-30": "4.36970", "2016-03-31": "3.48630", "2015-12-31": "-3.02130", "2015-09-30": "1.27130", "2015-06-30": "2.58100", "2015-03-31": "2.75440", "2014-12-31": "3.32840", "2014-09-30": "1.86100", "2014-06-30": "4.07730", "2014-03-31": "3.49200", "2013-12-31": "3.37330", "2013-09-30": "3.73720", "2013-06-30": "6.09440", "2013-03-31": "5.33770", "2012-12-31": "4.74250", "2012-09-30": "4.21080", "2012-06-30": "4.67630", "2012-03-31": "4.10520", "2011-12-31": "9.84610", "2011-09-30": "4.17720", "2011-06-30": "4.46080", "2011-03-31": "2.55090", "2010-12-31": "3.65390", "2010-09-30": "2.96130", "2010-06-30": "2.17620", "2010-03-31": "2.04610", "2009-12-31": "3.89490", "2009-09-30": "5.31780", "2009-06-30": "6.17920", "2009-03-31": "5.32660", "2008-12-31": "4.54140", "2008-09-30": "6.25910", "2008-06-30": "6.51920", "2008-03-31": "5.50810", "2007-12-31": "4.94560", "2007-09-30": "5.36200", "2007-06-30": "5.97390", "2007-03-31": "4.43620", "2006-12-31": "4.01510", "2006-09-30": "3.92540", "2006-06-30": "4.67380", "2006-03-31": "3.79000", "2005-12-31": "3.53540", "2005-09-30": "3.19040", "2005-06-30": "3.38310", "2005-03-31": "2.26790"}, "Return On Tangible Equity": {"2020-09-30": "6.70430", "2020-06-30": "4.02520", "2020-03-31": "8.30160", "2019-12-31": "7.10190", "2019-09-30": "7.55310", "2019-06-30": "7.91500", "2019-03-31": "7.11230", "2018-12-31": "3.16090", "2018-09-30": "1.23630", "2018-06-30": "4.92670", "2018-03-31": "5.56090", "2017-12-31": "-0.24130", "2017-09-30": "5.44210", "2017-06-30": "7.49740", "2017-03-31": "6.94710", "2016-12-31": "13.78020", "2016-09-30": "5.65570", "2016-06-30": "8.62370", "2016-03-31": "7.09910", "2015-12-31": "-6.36590", "2015-09-30": "2.56640", "2015-06-30": "5.15920", "2015-03-31": "5.42680", "2014-12-31": "6.27450", "2014-09-30": "3.22220", "2014-06-30": "6.26370", "2014-03-31": "5.45190", "2013-12-31": "5.08770", "2013-09-30": "5.52770", "2013-06-30": "9.15430", "2013-03-31": "8.20500", "2012-12-31": "7.38170", "2012-09-30": "6.44660", "2012-06-30": "7.34120", "2012-03-31": "6.63880", "2011-12-31": "16.49240", "2011-09-30": "7.74890", "2011-06-30": "8.40860", "2011-03-31": "4.94810", "2010-12-31": "7.24070", "2010-09-30": "6.13770", "2010-06-30": "4.79880", "2010-03-31": "3.07110", "2009-12-31": "5.90000", "2009-09-30": "8.17960", "2009-06-30": "9.98510", "2009-03-31": "9.03280", "2008-12-31": "8.05940", "2008-09-30": "10.93960", "2008-06-30": "11.19110", "2008-03-31": "10.06560", "2007-12-31": "7.51270", "2007-09-30": "8.41580", "2007-06-30": "9.70310", "2007-03-31": "7.25030", "2006-12-31": "6.80920", "2006-09-30": "6.85450", "2006-06-30": "8.43080", "2006-03-31": "7.29710", "2005-12-31": "7.17990", "2005-09-30": "6.63420", "2005-06-30": "7.36930", "2005-03-31": "5.16750"}, "ROA - Return On Assets": {"2020-09-30": "1.37580", "2020-06-30": "0.80350", "2020-03-31": "1.54920", "2019-12-31": "1.48030", "2019-09-30": "1.47370", "2019-06-30": "1.49970", "2019-03-31": "1.40130", "2018-12-31": "0.71750", "2018-09-30": "0.27280", "2018-06-30": "1.24780", "2018-03-31": "1.54620", "2017-12-31": "-0.06260", "2017-09-30": "1.40470", "2017-06-30": "1.87550", "2017-03-31": "1.61990", "2016-12-31": "2.97930", "2016-09-30": "1.23830", "2016-06-30": "1.81320", "2016-03-31": "1.42390", "2015-12-31": "-1.21900", "2015-09-30": "0.54420", "2015-06-30": "1.14670", "2015-03-31": "1.21930", "2014-12-31": "1.52470", "2014-09-30": "0.88330", "2014-06-30": "2.30360", "2014-03-31": "1.96000", "2013-12-31": "1.87690", "2013-09-30": "2.14260", "2013-06-30": "3.44380", "2013-03-31": "2.98560", "2012-12-31": "2.59780", "2012-09-30": "2.34290", "2012-06-30": "2.55170", "2012-03-31": "2.20680", "2011-12-31": "5.11470", "2011-09-30": "2.01040", "2011-06-30": "2.15860", "2011-03-31": "1.23300", "2010-12-31": "1.76540", "2010-09-30": "1.34680", "2010-06-30": "0.94280", "2010-03-31": "1.12570", "2009-12-31": "2.41770", "2009-09-30": "3.21000", "2009-06-30": "3.42650", "2009-03-31": "2.69630", "2008-12-31": "2.19480", "2008-09-30": "2.95200", "2008-06-30": "3.19270", "2008-03-31": "2.60920", "2007-12-31": "2.39910", "2007-09-30": "2.58240", "2007-06-30": "2.81700", "2007-03-31": "2.05250", "2006-12-31": "1.80570", "2006-09-30": "1.72890", "2006-06-30": "2.05590", "2006-03-31": "1.59360", "2005-12-31": "1.44880", "2005-09-30": "1.26310", "2005-06-30": "1.27000", "2005-03-31": "0.83950"}, "ROI - Return On Investment": {"2020-09-30": "2.04260", "2020-06-30": "1.17840", "2020-03-31": "2.26480", "2019-12-31": "2.12600", "2019-09-30": "2.11870", "2019-06-30": "2.14880", "2019-03-31": "1.97980", "2018-12-31": "0.96710", "2018-09-30": "0.37390", "2018-06-30": "1.83870", "2018-03-31": "2.08770", "2017-12-31": "-0.08550", "2017-09-30": "1.92290", "2017-06-30": "2.54850", "2017-03-31": "2.22520", "2016-12-31": "4.10140", "2016-09-30": "1.67930", "2016-06-30": "2.48140", "2016-03-31": "1.96720", "2015-12-31": "-1.69340", "2015-09-30": "0.74010", "2015-06-30": "1.54470", "2015-03-31": "1.64990", "2014-12-31": "2.06330", "2014-09-30": "1.18860", "2014-06-30": "3.14540", "2014-03-31": "2.69480", "2013-12-31": "2.58530", "2013-09-30": "2.87680", "2013-06-30": "4.63530", "2013-03-31": "4.03580", "2012-12-31": "3.55010", "2012-09-30": "3.14020", "2012-06-30": "3.43310", "2012-03-31": "2.99640", "2011-12-31": "7.05290", "2011-09-30": "2.85070", "2011-06-30": "3.06660", "2011-03-31": "1.74730", "2010-12-31": "2.49600", "2010-09-30": "1.95380", "2010-06-30": "1.36950", "2010-03-31": "1.42890", "2009-12-31": "3.25050", "2009-09-30": "4.35620", "2009-06-30": "4.56640", "2009-03-31": "3.57250", "2008-12-31": "2.97610", "2008-09-30": "4.37280", "2008-06-30": "4.98750", "2008-03-31": "3.81070", "2007-12-31": "3.55000", "2007-09-30": "3.78870", "2007-06-30": "4.10020", "2007-03-31": "3.01920", "2006-12-31": "2.66730", "2006-09-30": "2.55470", "2006-06-30": "2.97070", "2006-03-31": "2.33930", "2005-12-31": "2.12260", "2005-09-30": "1.77460", "2005-06-30": "1.74310", "2005-03-31": "1.14690"}, "Book Value Per Share": {"2020-09-30": "55.97630", "2020-06-30": "53.96040", "2020-03-31": "51.97970", "2019-12-31": "55.22400", "2019-09-30": "52.54910", "2019-06-30": "52.09700", "2019-03-31": "51.75530", "2018-12-31": "51.73700", "2018-09-30": "51.32870", "2018-06-30": "51.31310", "2018-03-31": "52.56100", "2017-12-31": "50.75330", "2017-09-30": "50.98170", "2017-06-30": "48.80020", "2017-03-31": "46.10490", "2016-12-31": "43.62980", "2016-09-30": "44.52490", "2016-06-30": "43.91800", "2016-03-31": "43.20510", "2015-12-31": "42.22820", "2015-09-30": "46.25970", "2015-06-30": "49.05990", "2015-03-31": "48.55940", "2014-12-31": "51.60780", "2014-09-30": "55.21770", "2014-06-30": "61.65880", "2014-03-31": "60.25380", "2013-12-31": "57.58980", "2013-09-30": "58.82650", "2013-06-30": "55.96730", "2013-03-31": "54.71800", "2012-12-31": "52.74840", "2012-09-30": "52.11570", "2012-06-30": "49.16870", "2012-03-31": "48.25420", "2011-12-31": "45.23660", "2011-09-30": "40.20910", "2011-06-30": "40.70630", "2011-03-31": "39.88250", "2010-12-31": "38.30010", "2010-09-30": "35.54400", "2010-06-30": "33.38350", "2010-03-31": "30.88500", "2009-12-31": "30.73760", "2009-09-30": "29.60470", "2009-06-30": "27.85520", "2009-03-31": "25.66800", "2008-12-31": "24.49470", "2008-09-30": "23.49800", "2008-06-30": "22.59980", "2008-03-31": "20.99490", "2007-12-31": "19.67980", "2007-09-30": "18.65770", "2007-06-30": "17.49960", "2007-03-31": "16.40560", "2006-12-31": "15.65430", "2006-09-30": "14.99810", "2006-06-30": "14.49400", "2006-03-31": "13.61520", "2005-12-31": "13.27180", "2005-09-30": "13.04020", "2005-06-30": "12.64350", "2005-03-31": "12.32070"}, "Operating Cash Flow Per Share": {"2020-09-30": 5.7032, "2020-06-30": 4.1529, "2020-03-31": "2.89350", "2019-12-31": 3.0982, "2019-09-30": 5.8365, "2019-06-30": 4.8358, "2019-03-31": "0.36030", "2018-12-31": 3.7721, "2018-09-30": 0.6675, "2018-06-30": 0.9274, "2018-03-31": "1.44970", "2017-12-31": 0.5005, "2017-09-30": 2.9045, "2017-06-30": 1.4174, "2017-03-31": "1.03330", "2016-12-31": 4.6363, "2016-09-30": 2.1028, "2016-06-30": -0.0162, "2016-03-31": "3.52940", "2015-12-31": 3.7424, "2015-09-30": 2.8438, "2015-06-30": 2.7313, "2015-03-31": "2.31540", "2014-12-31": 3.4722, "2014-09-30": -0.1787, "2014-06-30": 2.6069, "2014-03-31": "0.81320", "2013-12-31": 5.4843, "2013-09-30": 2.7287, "2013-06-30": 4.1196, "2013-03-31": "2.40560", "2012-12-31": 2.9742, "2012-09-30": 4.5223, "2012-06-30": 0.3503, "2012-03-31": "-0.48250", "2011-12-31": 3.2251, "2011-09-30": 1.6631, "2011-06-30": 0.5348, "2011-03-31": "0.21430", "2010-12-31": 2.5291, "2010-09-30": 1.1909, "2010-06-30": 1.3118, "2010-03-31": "0.72930", "2009-12-31": 3.2042, "2009-09-30": 4.9201, "2009-06-30": 3.7419, "2009-03-31": "1.42910", "2008-12-31": -0.5402, "2008-09-30": 0.6658, "2008-06-30": 1.2689, "2008-03-31": "0.60660", "2007-12-31": 2.1129, "2007-09-30": 1.8604, "2007-06-30": 0.4229, "2007-03-31": "-0.17570", "2006-12-31": 1.1629, "2006-09-30": 1.1903, "2006-06-30": 0.0669, "2006-03-31": "-0.13380", "2005-12-31": 1.6908, "2005-09-30": 1.4045, "2005-06-30": 0.8284, "2005-03-31": "1.35000"}, "Free Cash Flow Per Share": {"2020-09-30": 4.6759, "2020-06-30": 2.9719, "2020-03-31": "1.83100", "2019-12-31": 2.1366, "2019-09-30": 4.8153, "2019-06-30": 3.5404, "2019-03-31": "-0.58160", "2018-12-31": 2.6665, "2018-09-30": -0.0658, "2018-06-30": 3.052, "2018-03-31": "0.76830", "2017-12-31": 0.1145, "2017-09-30": 2.3322, "2017-06-30": 0.9171, "2017-03-31": "0.42140", "2016-12-31": 4.0015, "2016-09-30": 1.4762, "2016-06-30": -0.4739, "2016-03-31": "2.92370", "2015-12-31": 3.2847, "2015-09-30": 2.5064, "2015-06-30": 2.4076, "2015-03-31": "1.63030", "2014-12-31": 3.1551, "2014-09-30": -0.8747, "2014-06-30": 1.7213, "2014-03-31": "-0.00810", "2013-12-31": 4.2319, "2013-09-30": 1.9746, "2013-06-30": 3.2728, "2013-03-31": "2.68740", "2012-12-31": 1.5532, "2012-09-30": 3.8252, "2012-06-30": -0.1806, "2012-03-31": "-1.23550", "2011-12-31": 1.8711, "2011-09-30": 0.9854, "2011-06-30": 0.0487, "2011-03-31": "-0.25710", "2010-12-31": 1.9422, "2010-09-30": 1.2561, "2010-06-30": 1.0673, "2010-03-31": "0.56050", "2009-12-31": 3.0201, "2009-09-30": 4.4096, "2009-06-30": 3.3431, "2009-03-31": "0.89450", "2008-12-31": -0.9733, "2008-09-30": 0.1546, "2008-06-30": 0.7591, "2008-03-31": "0.26990", "2007-12-31": 1.2252, "2007-09-30": 1.2566, "2007-06-30": 0.2246, "2007-03-31": "-0.65300", "2006-12-31": 0.8161, "2006-09-30": 0.9929, "2006-06-30": -0.1037, "2006-03-31": "-0.36430", "2005-12-31": 1.7961, "2005-09-30": 1.2073, "2005-06-30": 0.0193, "2005-03-31": "1.20350"}}, "revenue": {"Valmont Industries Annual Revenue (Millions of US $)": {"2019": "$2,767", "2018": "$2,757", "2017": "$2,746", "2016": "$2,522", "2015": "$2,619", "2014": "$3,123", "2013": "$3,304", "2012": "$3,030", "2011": "$2,661", "2010": "$1,976", "2009": "$1,787", "2008": "$1,907", "2007": "$1,500", "2006": "$1,281", "2005": "$1,108"}, "Valmont Industries Quarterly Revenue (Millions of US $)": {"2020-09-30": "$734", "2020-06-30": "$689", "2020-03-31": "$674", "2019-12-31": "$684", "2019-09-30": "$690", "2019-06-30": "$701", "2019-03-31": "$692", "2018-12-31": "$697", "2018-09-30": "$679", "2018-06-30": "$682", "2018-03-31": "$699", "2017-12-31": "$715", "2017-09-30": "$681", "2017-06-30": "$713", "2017-03-31": "$637", "2016-12-31": "$675", "2016-09-30": "$610", "2016-06-30": "$640", "2016-03-31": "$597", "2015-12-31": "$634", "2015-09-30": "$633", "2015-06-30": "$682", "2015-03-31": "$670", "2014-12-31": "$763", "2014-09-30": "$766", "2014-06-30": "$843", "2014-03-31": "$752", "2013-12-31": "$828", "2013-09-30": "$778", "2013-06-30": "$879", "2013-03-31": "$820", "2012-12-31": "$815", "2012-09-30": "$730", "2012-06-30": "$767", "2012-03-31": "$717", "2011-12-31": "$753", "2011-09-30": "$672", "2011-06-30": "$669", "2011-03-31": "$568", "2010-12-31": "$599", "2010-09-30": "$528", "2010-06-30": "$482", "2010-03-31": "$367", "2009-12-31": "$399", "2009-09-30": "$434", "2009-06-30": "$499", "2009-03-31": "$455", "2008-12-31": "$493", "2008-09-30": "$495", "2008-06-30": "$497", "2008-03-31": "$422", "2007-12-31": "$385", "2007-09-30": "$372", "2007-06-30": "$402", "2007-03-31": "$341", "2006-12-31": "$328", "2006-09-30": "$311", "2006-06-30": "$339", "2006-03-31": "$304", "2005-12-31": "$311", "2005-09-30": "$266", "2005-06-30": "$265", "2005-03-31": "$266"}}, "gross-profit": {"Valmont Industries Annual Gross Profit (Millions of US $)": {"2019": "$692", "2018": "$658", "2017": "$682", "2016": "$656", "2015": "$621", "2014": "$808", "2013": "$945", "2012": "$802", "2011": "$667", "2010": "$520", "2009": "$532", "2008": "$510", "2007": "$400", "2006": "$327", "2005": "$278"}, "Valmont Industries Quarterly Gross Profit (Millions of US $)": {"2020-09-30": "$191", "2020-06-30": "$184", "2020-03-31": "$186", "2019-12-31": "$176", "2019-09-30": "$173", "2019-06-30": "$178", "2019-03-31": "$165", "2018-12-31": "$150", "2018-09-30": "$164", "2018-06-30": "$175", "2018-03-31": "$169", "2017-12-31": "$170", "2017-09-30": "$164", "2017-06-30": "$183", "2017-03-31": "$165", "2016-12-31": "$165", "2016-09-30": "$155", "2016-06-30": "$175", "2016-03-31": "$161", "2015-12-31": "$129", "2015-09-30": "$157", "2015-06-30": "$170", "2015-03-31": "$165", "2014-12-31": "$181", "2014-09-30": "$200", "2014-06-30": "$220", "2014-03-31": "$207", "2013-12-31": "$223", "2013-09-30": "$226", "2013-06-30": "$261", "2013-03-31": "$235", "2012-12-31": "$224", "2012-09-30": "$192", "2012-06-30": "$199", "2012-03-31": "$186", "2011-12-31": "$195", "2011-09-30": "$167", "2011-06-30": "$168", "2011-03-31": "$136", "2010-12-31": "$158", "2010-09-30": "$133", "2010-06-30": "$129", "2010-03-31": "$101", "2009-12-31": "$123", "2009-09-30": "$136", "2009-06-30": "$145", "2009-03-31": "$128", "2008-12-31": "$122", "2008-09-30": "$135", "2008-06-30": "$137", "2008-03-31": "$116", "2007-12-31": "$105", "2007-09-30": "$98", "2007-06-30": "$109", "2007-03-31": "$89", "2006-12-31": "$85", "2006-09-30": "$81", "2006-06-30": "$85", "2006-03-31": "$76", "2005-12-31": "$79", "2005-09-30": "$70", "2005-06-30": "$68", "2005-03-31": "$62"}}, "operating-income": {"Valmont Industries Annual Operating Income (Millions of US $)": {"2019": "$238", "2018": "$202", "2017": "$267", "2016": "$245", "2015": "$132", "2014": "$358", "2013": "$473", "2012": "$382", "2011": "$263", "2010": "$178", "2009": "$238", "2008": "$229", "2007": "$156", "2006": "$110", "2005": "$83"}, "Valmont Industries Quarterly Operating Income (Millions of US $)": {"2020-09-30": "$61", "2020-06-30": "$43", "2020-03-31": "$67", "2019-12-31": "$61", "2019-09-30": "$61", "2019-06-30": "$61", "2019-03-31": "$55", "2018-12-31": "$36", "2018-09-30": "$38", "2018-06-30": "$64", "2018-03-31": "$64", "2017-12-31": "$64", "2017-09-30": "$60", "2017-06-30": "$78", "2017-03-31": "$65", "2016-12-31": "$58", "2016-09-30": "$53", "2016-06-30": "$72", "2016-03-31": "$62", "2015-12-31": "$-17", "2015-09-30": "$37", "2015-06-30": "$54", "2015-03-31": "$58", "2014-12-31": "$66", "2014-09-30": "$88", "2014-06-30": "$105", "2014-03-31": "$99", "2013-12-31": "$101", "2013-09-30": "$110", "2013-06-30": "$144", "2013-03-31": "$118", "2012-12-31": "$112", "2012-09-30": "$90", "2012-06-30": "$97", "2012-03-31": "$83", "2011-12-31": "$77", "2011-09-30": "$72", "2011-06-30": "$69", "2011-03-31": "$45", "2010-12-31": "$62", "2010-09-30": "$47", "2010-06-30": "$37", "2010-03-31": "$32", "2009-12-31": "$48", "2009-09-30": "$63", "2009-06-30": "$69", "2009-03-31": "$58", "2008-12-31": "$53", "2008-09-30": "$62", "2008-06-30": "$63", "2008-03-31": "$50", "2007-12-31": "$40", "2007-09-30": "$38", "2007-06-30": "$45", "2007-03-31": "$33", "2006-12-31": "$28", "2006-09-30": "$29", "2006-06-30": "$30", "2006-03-31": "$24", "2005-12-31": "$24", "2005-09-30": "$22", "2005-06-30": "$21", "2005-03-31": "$16"}}, "ebitda": {"Valmont Industries Annual EBITDA (Millions of US $)": {"2019": "$320", "2018": "$301", "2017": "$352", "2016": "$328", "2015": "$265", "2014": "$447", "2013": "$563", "2012": "$453", "2011": "$338", "2010": "$238", "2009": "$283", "2008": "$268", "2007": "$191", "2006": "$147", "2005": "$122"}, "Valmont Industries Quarterly EBITDA (Millions of US $)": {"2020-09-30": "$82", "2020-06-30": "$80", "2020-03-31": "$87", "2019-12-31": "$82", "2019-09-30": "$81", "2019-06-30": "$82", "2019-03-31": "$75", "2018-12-31": "$57", "2018-09-30": "$72", "2018-06-30": "$87", "2018-03-31": "$85", "2017-12-31": "$85", "2017-09-30": "$82", "2017-06-30": "$99", "2017-03-31": "$85", "2016-12-31": "$79", "2016-09-30": "$74", "2016-06-30": "$92", "2016-03-31": "$83", "2015-12-31": "$45", "2015-09-30": "$60", "2015-06-30": "$78", "2015-03-31": "$82", "2014-12-31": "$91", "2014-09-30": "$109", "2014-06-30": "$129", "2014-03-31": "$118", "2013-12-31": "$133", "2013-09-30": "$129", "2013-06-30": "$163", "2013-03-31": "$137", "2012-12-31": "$130", "2012-09-30": "$108", "2012-06-30": "$114", "2012-03-31": "$100", "2011-12-31": "$99", "2011-09-30": "$89", "2011-06-30": "$87", "2011-03-31": "$62", "2010-12-31": "$80", "2010-09-30": "$64", "2010-06-30": "$51", "2010-03-31": "$43", "2009-12-31": "$59", "2009-09-30": "$75", "2009-06-30": "$80", "2009-03-31": "$69", "2008-12-31": "$63", "2008-09-30": "$72", "2008-06-30": "$73", "2008-03-31": "$60", "2007-12-31": "$49", "2007-09-30": "$46", "2007-06-30": "$53", "2007-03-31": "$42", "2006-12-31": "$37", "2006-09-30": "$38", "2006-06-30": "$40", "2006-03-31": "$32", "2005-12-31": "$33", "2005-09-30": "$32", "2005-06-30": "$32", "2005-03-31": "$26"}}, "net-income": {"Valmont Industries Annual Net Income (Millions of US $)": {"2019": "$154", "2018": "$94", "2017": "$116", "2016": "$173", "2015": "$40", "2014": "$184", "2013": "$278", "2012": "$234", "2011": "$228", "2010": "$94", "2009": "$151", "2008": "$132", "2007": "$95", "2006": "$62", "2005": "$39"}, "Valmont Industries Quarterly Net Income (Millions of US $)": {"2020-09-30": "$39", "2020-06-30": "$23", "2020-03-31": "$43", "2019-12-31": "$40", "2019-09-30": "$38", "2019-06-30": "$40", "2019-03-31": "$36", "2018-12-31": "$18", "2018-09-30": "$4", "2018-06-30": "$33", "2018-03-31": "$39", "2017-12-31": "$-4", "2017-09-30": "$35", "2017-06-30": "$46", "2017-03-31": "$39", "2016-12-31": "$70", "2016-09-30": "$28", "2016-06-30": "$42", "2016-03-31": "$33", "2015-12-31": "$-31", "2015-09-30": "$12", "2015-06-30": "$28", "2015-03-31": "$31", "2014-12-31": "$40", "2014-09-30": "$24", "2014-06-30": "$64", "2014-03-31": "$56", "2013-12-31": "$55", "2013-09-30": "$56", "2013-06-30": "$90", "2013-03-31": "$78", "2012-12-31": "$65", "2012-09-30": "$57", "2012-06-30": "$60", "2012-03-31": "$52", "2011-12-31": "$115", "2011-09-30": "$42", "2011-06-30": "$46", "2011-03-31": "$26", "2010-12-31": "$35", "2010-09-30": "$26", "2010-06-30": "$17", "2010-03-31": "$16", "2009-12-31": "$30", "2009-09-30": "$40", "2009-06-30": "$44", "2009-03-31": "$36", "2008-12-31": "$28", "2008-09-30": "$37", "2008-06-30": "$37", "2008-03-31": "$30", "2007-12-31": "$23", "2007-09-30": "$26", "2007-06-30": "$27", "2007-03-31": "$19", "2006-12-31": "$16", "2006-09-30": "$15", "2006-06-30": "$17", "2006-03-31": "$13", "2005-12-31": "$12", "2005-09-30": "$10", "2005-06-30": "$10", "2005-03-31": "$7"}}, "eps-earnings-per-share-diluted": {"Valmont Industries Annual EPS": {"2019": "$7.06", "2018": "$4.20", "2017": "$5.11", "2016": "$7.63", "2015": "$1.71", "2014": "$7.09", "2013": "$10.35", "2012": "$8.75", "2011": "$8.60", "2010": "$3.57", "2009": "$5.73", "2008": "$5.04", "2007": "$3.63", "2006": "$2.38", "2005": "$1.54"}, "Valmont Industries Quarterly EPS": {"2020-09-30": "$1.84", "2020-06-30": "$1.06", "2020-03-31": "$1.99", "2019-12-31": "$1.85", "2019-09-30": "$1.75", "2019-06-30": "$1.82", "2019-03-31": "$1.64", "2018-12-31": "$0.82", "2018-09-30": "$0.20", "2018-06-30": "$1.46", "2018-03-31": "$1.72", "2017-12-31": "$-0.17", "2017-09-30": "$1.55", "2017-06-30": "$2.01", "2017-03-31": "$1.72", "2016-12-31": "$3.09", "2016-09-30": "$1.24", "2016-06-30": "$1.85", "2016-03-31": "$1.45", "2015-12-31": "$-1.28", "2015-09-30": "$0.52", "2015-06-30": "$1.19", "2015-03-31": "$1.28", "2014-12-31": "$1.71", "2014-09-30": "$0.92", "2014-06-30": "$2.38", "2014-03-31": "$2.08", "2013-12-31": "$2.03", "2013-09-30": "$2.10", "2013-06-30": "$3.33", "2013-03-31": "$2.89", "2012-12-31": "$2.43", "2012-09-30": "$2.12", "2012-06-30": "$2.24", "2012-03-31": "$1.96", "2011-12-31": "$4.32", "2011-09-30": "$1.59", "2011-06-30": "$1.72", "2011-03-31": "$0.97", "2010-12-31": "$1.32", "2010-09-30": "$0.98", "2010-06-30": "$0.65", "2010-03-31": "$0.62", "2009-12-31": "$1.14", "2009-09-30": "$1.53", "2009-06-30": "$1.69", "2009-03-31": "$1.37", "2008-12-31": "$1.10", "2008-09-30": "$1.40", "2008-06-30": "$1.41", "2008-03-31": "$1.13", "2007-12-31": "$0.89", "2007-09-30": "$0.99", "2007-06-30": "$1.03", "2007-03-31": "$0.72", "2006-12-31": "$0.61", "2006-09-30": "$0.58", "2006-06-30": "$0.67", "2006-03-31": "$0.52", "2005-12-31": "$0.45", "2005-09-30": "$0.40", "2005-06-30": "$0.42", "2005-03-31": "$0.27"}}, "shares-outstanding": {"Valmont Industries Annual Shares Outstanding (Millions of Shares)": {"2019": "22", "2018": "22", "2017": "23", "2016": "23", "2015": "23", "2014": "26", "2013": "27", "2012": "27", "2011": "27", "2010": "26", "2009": "26", "2008": "26", "2007": "26", "2006": "26", "2005": "25"}, "Valmont Industries Quarterly Shares Outstanding (Millions of Shares)": {"2020-09-30": "21", "2020-06-30": "21", "2020-03-31": "22", "2019-12-31": "22", "2019-09-30": "22", "2019-06-30": "22", "2019-03-31": "22", "2018-12-31": "22", "2018-09-30": "22", "2018-06-30": "23", "2018-03-31": "23", "2017-12-31": "23", "2017-09-30": "23", "2017-06-30": "23", "2017-03-31": "23", "2016-12-31": "23", "2016-09-30": "23", "2016-06-30": "23", "2016-03-31": "23", "2015-12-31": "23", "2015-09-30": "23", "2015-06-30": "23", "2015-03-31": "24", "2014-12-31": "26", "2014-09-30": "26", "2014-06-30": "27", "2014-03-31": "27", "2013-12-31": "27", "2013-09-30": "27", "2013-06-30": "27", "2013-03-31": "27", "2012-12-31": "27", "2012-09-30": "27", "2012-06-30": "27", "2012-03-31": "27", "2011-12-31": "27", "2011-09-30": "27", "2011-06-30": "27", "2011-03-31": "27", "2010-12-31": "26", "2010-09-30": "26", "2010-06-30": "26", "2010-03-31": "26", "2009-12-31": "26", "2009-09-30": "26", "2009-06-30": "26", "2009-03-31": "26", "2008-12-31": "26", "2008-09-30": "26", "2008-06-30": "26", "2008-03-31": "26", "2007-12-31": "26", "2007-09-30": "26", "2007-06-30": "26", "2007-03-31": "26", "2006-12-31": "26", "2006-09-30": "26", "2006-06-30": "26", "2006-03-31": "25", "2005-12-31": "25", "2005-09-30": "25", "2005-06-30": "25", "2005-03-31": "25"}}, "total-assets": {"Valmont Industries Annual Total Assets (Millions of US $)": {"2019": "$2,763", "2018": "$2,530", "2017": "$2,602", "2016": "$2,392", "2015": "$2,392", "2014": "$2,730", "2013": "$2,776", "2012": "$2,569", "2011": "$2,306", "2010": "$2,091", "2009": "$1,302", "2008": "$1,326", "2007": "$1,053", "2006": "$892", "2005": "$802"}, "Valmont Industries Quarterly Total Assets (Millions of US $)": {"2020-09-30": "$2,924", "2020-06-30": "$2,832", "2020-03-31": "$2,758", "2019-12-31": "$2,807", "2019-09-30": "$2,725", "2019-06-30": "$2,712", "2019-03-31": "$2,646", "2018-12-31": "$2,530", "2018-09-30": "$2,563", "2018-06-30": "$2,779", "2018-03-31": "$2,618", "2017-12-31": "$2,602", "2017-09-30": "$2,610", "2017-06-30": "$2,523", "2017-03-31": "$2,467", "2016-12-31": "$2,392", "2016-09-30": "$2,384", "2016-06-30": "$2,396", "2016-03-31": "$2,400", "2015-12-31": "$2,392", "2015-09-30": "$2,490", "2015-06-30": "$2,567", "2015-03-31": "$2,584", "2014-12-31": "$2,730", "2014-09-30": "$2,863", "2014-06-30": "$2,859", "2014-03-31": "$2,886", "2013-12-31": "$2,776", "2013-09-30": "$2,749", "2013-06-30": "$2,652", "2013-03-31": "$2,617", "2012-12-31": "$2,569", "2012-09-30": "$2,494", "2012-06-30": "$2,397", "2012-03-31": "$2,383", "2011-12-31": "$2,306", "2011-09-30": "$2,209", "2011-06-30": "$2,223", "2011-03-31": "$2,180", "2010-12-31": "$2,091", "2010-09-30": "$2,059", "2010-06-30": "$2,030", "2010-03-31": "$1,478", "2009-12-31": "$1,302", "2009-09-30": "$1,289", "2009-06-30": "$1,319", "2009-03-31": "$1,331", "2008-12-31": "$1,326", "2008-09-30": "$1,303", "2008-06-30": "$1,206", "2008-03-31": "$1,155", "2007-12-31": "$1,053", "2007-09-30": "$1,003", "2007-06-30": "$957", "2007-03-31": "$912", "2006-12-31": "$892", "2006-09-30": "$871", "2006-06-30": "$841", "2006-03-31": "$821", "2005-12-31": "$802", "2005-09-30": "$808", "2005-06-30": "$822", "2005-03-31": "$811"}}, "cash-on-hand": {"Valmont Industries Annual Cash on Hand (Millions of US $)": {"2019": "$354", "2018": "$313", "2017": "$493", "2016": "$400", "2015": "$349", "2014": "$372", "2013": "$614", "2012": "$414", "2011": "$363", "2010": "$347", "2009": "$181", "2008": "$69", "2007": "$107", "2006": "$64", "2005": "$47"}, "Valmont Industries Quarterly Cash on Hand (Millions of US $)": {"2020-09-30": "$443", "2020-06-30": "$353", "2020-03-31": "$295", "2019-12-31": "$354", "2019-09-30": "$327", "2019-06-30": "$257", "2019-03-31": "$211", "2018-12-31": "$313", "2018-09-30": "$296", "2018-06-30": "$723", "2018-03-31": "$480", "2017-12-31": "$493", "2017-09-30": "$493", "2017-06-30": "$448", "2017-03-31": "$425", "2016-12-31": "$400", "2016-09-30": "$349", "2016-06-30": "$344", "2016-03-31": "$388", "2015-12-31": "$349", "2015-09-30": "$313", "2015-06-30": "$318", "2015-03-31": "$318", "2014-12-31": "$372", "2014-09-30": "$452", "2014-06-30": "$456", "2014-03-31": "$488", "2013-12-31": "$614", "2013-09-30": "$543", "2013-06-30": "$490", "2013-03-31": "$420", "2012-12-31": "$414", "2012-09-30": "$427", "2012-06-30": "$328", "2012-03-31": "$340", "2011-12-31": "$363", "2011-09-30": "$337", "2011-06-30": "$327", "2011-03-31": "$358", "2010-12-31": "$347", "2010-09-30": "$323", "2010-06-30": "$314", "2010-03-31": "$374", "2009-12-31": "$181", "2009-09-30": "$130", "2009-06-30": "$96", "2009-03-31": "$76", "2008-12-31": "$69", "2008-09-30": "$68", "2008-06-30": "$65", "2008-03-31": "$67", "2007-12-31": "$107", "2007-09-30": "$69", "2007-06-30": "$48", "2007-03-31": "$42", "2006-12-31": "$64", "2006-09-30": "$55", "2006-06-30": "$35", "2006-03-31": "$36", "2005-12-31": "$47", "2005-09-30": "$34", "2005-06-30": "$40", "2005-03-31": "$37"}}, "long-term-debt": {"Valmont Industries Annual Long Term Debt (Millions of US $)": {"2019": "$765", "2018": "$742", "2017": "$754", "2016": "$755", "2015": "$757", "2014": "$767", "2013": "$471", "2012": "$473", "2011": "$474", "2010": "$469", "2009": "$160", "2008": "$337", "2007": "$201", "2006": "$203", "2005": "$219"}, "Valmont Industries Quarterly Long Term Debt (Millions of US $)": {"2020-09-30": "$780", "2020-06-30": "$778", "2020-03-31": "$776", "2019-12-31": "$765", "2019-09-30": "$765", "2019-06-30": "$766", "2019-03-31": "$742", "2018-12-31": "$742", "2018-09-30": "$736", "2018-06-30": "$736", "2018-03-31": "$754", "2017-12-31": "$754", "2017-09-30": "$754", "2017-06-30": "$754", "2017-03-31": "$755", "2016-12-31": "$755", "2016-09-30": "$756", "2016-06-30": "$757", "2016-03-31": "$757", "2015-12-31": "$757", "2015-09-30": "$765", "2015-06-30": "$765", "2015-03-31": "$766", "2014-12-31": "$767", "2014-09-30": "$769", "2014-06-30": "$478", "2014-03-31": "$479", "2013-12-31": "$471", "2013-09-30": "$471", "2013-06-30": "$472", "2013-03-31": "$472", "2012-12-31": "$473", "2012-09-30": "$473", "2012-06-30": "$474", "2012-03-31": "$474", "2011-12-31": "$474", "2011-09-30": "$495", "2011-06-30": "$489", "2011-03-31": "$485", "2010-12-31": "$469", "2010-09-30": "$483", "2010-06-30": "$518", "2010-03-31": "$351", "2009-12-31": "$160", "2009-09-30": "$172", "2009-06-30": "$258", "2009-03-31": "$331", "2008-12-31": "$337", "2008-09-30": "$265", "2008-06-30": "$181", "2008-03-31": "$244", "2007-12-31": "$201", "2007-09-30": "$201", "2007-06-30": "$206", "2007-03-31": "$198", "2006-12-31": "$203", "2006-09-30": "$206", "2006-06-30": "$212", "2006-03-31": "$214", "2005-12-31": "$219", "2005-09-30": "$255", "2005-06-30": "$290", "2005-03-31": "$293"}}, "total-liabilities": {"Valmont Industries Annual Total Liabilities (Millions of US $)": {"2019": "$1,607", "2018": "$1,395", "2017": "$1,450", "2016": "$1,409", "2015": "$1,427", "2014": "$1,479", "2013": "$1,232", "2012": "$1,162", "2011": "$1,108", "2010": "$1,081", "2009": "$494", "2008": "$685", "2007": "$542", "2006": "$491", "2005": "$473"}, "Valmont Industries Quarterly Total Liabilities (Millions of US $)": {"2020-09-30": "$1,734", "2020-06-30": "$1,679", "2020-03-31": "$1,647", "2019-12-31": "$1,617", "2019-09-30": "$1,594", "2019-06-30": "$1,585", "2019-03-31": "$1,515", "2018-12-31": "$1,395", "2018-09-30": "$1,429", "2018-06-30": "$1,630", "2018-03-31": "$1,433", "2017-12-31": "$1,450", "2017-09-30": "$1,458", "2017-06-30": "$1,421", "2017-03-31": "$1,426", "2016-12-31": "$1,409", "2016-09-30": "$1,382", "2016-06-30": "$1,402", "2016-03-31": "$1,420", "2015-12-31": "$1,427", "2015-09-30": "$1,424", "2015-06-30": "$1,427", "2015-03-31": "$1,440", "2014-12-31": "$1,479", "2014-09-30": "$1,504", "2014-06-30": "$1,244", "2014-03-31": "$1,266", "2013-12-31": "$1,232", "2013-09-30": "$1,173", "2013-06-30": "$1,153", "2013-03-31": "$1,153", "2012-12-31": "$1,162", "2012-09-30": "$1,107", "2012-06-30": "$1,089", "2012-03-31": "$1,102", "2011-12-31": "$1,108", "2011-09-30": "$1,146", "2011-06-30": "$1,147", "2011-03-31": "$1,126", "2010-12-31": "$1,081", "2010-09-30": "$1,123", "2010-06-30": "$1,150", "2010-03-31": "$665", "2009-12-31": "$494", "2009-09-30": "$511", "2009-06-30": "$588", "2009-03-31": "$657", "2008-12-31": "$685", "2008-09-30": "$688", "2008-06-30": "$615", "2008-03-31": "$608", "2007-12-31": "$542", "2007-09-30": "$520", "2007-06-30": "$506", "2007-03-31": "$490", "2006-12-31": "$491", "2006-09-30": "$487", "2006-06-30": "$471", "2006-03-31": "$476", "2005-12-31": "$473", "2005-09-30": "$488", "2005-06-30": "$514", "2005-03-31": "$511"}}, "total-share-holder-equity": {"Valmont Industries Annual Share Holder Equity (Millions of US $)": {"2019": "$1,157", "2018": "$1,136", "2017": "$1,152", "2016": "$983", "2015": "$965", "2014": "$1,250", "2013": "$1,545", "2012": "$1,407", "2011": "$1,198", "2010": "$1,010", "2009": "$808", "2008": "$641", "2007": "$511", "2006": "$401", "2005": "$329"}, "Valmont Industries Quarterly Share Holder Equity (Millions of US $)": {"2020-09-30": "$1,190", "2020-06-30": "$1,153", "2020-03-31": "$1,110", "2019-12-31": "$1,190", "2019-09-30": "$1,131", "2019-06-30": "$1,127", "2019-03-31": "$1,131", "2018-12-31": "$1,136", "2018-09-30": "$1,134", "2018-06-30": "$1,150", "2018-03-31": "$1,185", "2017-12-31": "$1,152", "2017-09-30": "$1,153", "2017-06-30": "$1,102", "2017-03-31": "$1,041", "2016-12-31": "$983", "2016-09-30": "$1,002", "2016-06-30": "$994", "2016-03-31": "$980", "2015-12-31": "$965", "2015-09-30": "$1,066", "2015-06-30": "$1,141", "2015-03-31": "$1,144", "2014-12-31": "$1,250", "2014-09-30": "$1,359", "2014-06-30": "$1,615", "2014-03-31": "$1,620", "2013-12-31": "$1,545", "2013-09-30": "$1,576", "2013-06-30": "$1,498", "2013-03-31": "$1,464", "2012-12-31": "$1,407", "2012-09-30": "$1,388", "2012-06-30": "$1,308", "2012-03-31": "$1,281", "2011-12-31": "$1,198", "2011-09-30": "$1,063", "2011-06-30": "$1,076", "2011-03-31": "$1,053", "2010-12-31": "$1,010", "2010-09-30": "$937", "2010-06-30": "$879", "2010-03-31": "$813", "2009-12-31": "$808", "2009-09-30": "$778", "2009-06-30": "$732", "2009-03-31": "$674", "2008-12-31": "$641", "2008-09-30": "$614", "2008-06-30": "$591", "2008-03-31": "$547", "2007-12-31": "$511", "2007-09-30": "$483", "2007-06-30": "$451", "2007-03-31": "$422", "2006-12-31": "$401", "2006-09-30": "$384", "2006-06-30": "$370", "2006-03-31": "$345", "2005-12-31": "$329", "2005-09-30": "$320", "2005-06-30": "$309", "2005-03-31": "$300"}}, "profit-margins": {"current": "5.06%"}, "gross margin": {"2020-09-30": "26.50%", "2020-06-30": "26.27%", "2020-03-31": "25.94%", "2019-12-31": "25.01%", "2019-09-30": "23.96%", "2019-06-30": "23.73%", "2019-03-31": "23.78%", "2018-12-31": "23.87%", "2018-09-30": "24.43%", "2018-06-30": "24.41%", "2018-03-31": "24.43%", "2017-12-31": "24.84%", "2017-09-30": "25.02%", "2017-06-30": "25.35%", "2017-03-31": "25.76%", "2016-12-31": "26.01%", "2016-09-30": "24.99%", "2016-06-30": "24.84%", "2016-03-31": "24.23%", "2015-12-31": "23.71%", "2015-09-30": "24.49%", "2015-06-30": "24.85%", "2015-03-31": "25.18%", "2014-12-31": "25.86%", "2014-09-30": "26.65%", "2014-06-30": "27.37%", "2014-03-31": "28.33%", "2013-12-31": "28.59%", "2013-09-30": "28.74%", "2013-06-30": "28.11%", "2013-03-31": "27.14%", "2012-12-31": "26.44%", "2012-09-30": "26.02%", "2012-06-30": "25.68%", "2012-03-31": "25.47%", "2011-12-31": "25.02%", "2011-09-30": "25.08%", "2011-06-30": "25.17%", "2011-03-31": "25.54%", "2010-12-31": "26.37%", "2010-09-30": "27.36%", "2010-06-30": "29.07%", "2010-03-31": "29.72%", "2009-12-31": "29.77%", "2009-09-30": "28.23%", "2009-06-30": "27.29%", "2009-03-31": "26.91%", "2008-12-31": "26.74%", "2008-09-30": "27.40%", "2008-06-30": "27.21%", "2008-03-31": "27.07%", "2007-12-31": "26.73%", "2007-09-30": "26.40%", "2007-06-30": "26.34%", "2007-03-31": "25.78%", "2006-12-31": "25.51%", "2006-09-30": "25.38%", "2006-06-30": "25.41%", "2006-03-31": "25.57%", "2005-12-31": "25.18%"}, "operating margin": {"2020-09-30": "8.34%", "2020-06-30": "8.48%", "2020-03-31": "9.09%", "2019-12-31": "8.60%", "2019-09-30": "7.66%", "2019-06-30": "6.86%", "2019-03-31": "7.02%", "2018-12-31": "7.33%", "2018-09-30": "8.29%", "2018-06-30": "9.07%", "2018-03-31": "9.47%", "2017-12-31": "9.72%", "2017-09-30": "9.65%", "2017-06-30": "9.64%", "2017-03-31": "9.68%", "2016-12-31": "9.71%", "2016-09-30": "6.85%", "2016-06-30": "6.15%", "2016-03-31": "5.34%", "2015-12-31": "5.04%", "2015-09-30": "7.82%", "2015-06-30": "9.23%", "2015-03-31": "10.42%", "2014-12-31": "11.46%", "2014-09-30": "12.32%", "2014-06-30": "12.96%", "2014-03-31": "14.03%", "2013-12-31": "14.31%", "2013-09-30": "14.70%", "2013-06-30": "14.30%", "2013-03-31": "13.31%", "2012-12-31": "12.61%", "2012-09-30": "11.70%", "2012-06-30": "11.31%", "2012-03-31": "10.71%", "2011-12-31": "9.88%", "2011-09-30": "9.89%", "2011-06-30": "9.43%", "2011-03-31": "8.77%", "2010-12-31": "9.01%", "2010-09-30": "9.23%", "2010-06-30": "10.70%", "2010-03-31": "12.48%", "2009-12-31": "13.32%", "2009-09-30": "12.92%", "2009-06-30": "12.46%", "2009-03-31": "12.16%", "2008-12-31": "11.96%", "2008-09-30": "11.95%", "2008-06-30": "11.40%", "2008-03-31": "10.94%", "2007-12-31": "10.40%", "2007-09-30": "9.98%", "2007-06-30": "9.77%", "2007-03-31": "9.10%", "2006-12-31": "8.66%", "2006-09-30": "8.46%", "2006-06-30": "8.20%", "2006-03-31": "7.94%", "2005-12-31": "7.49%"}, "ebitda margin": {"2020-09-30": "11.90%", "2020-06-30": "12.06%", "2020-03-31": "12.08%", "2019-12-31": "11.56%", "2019-09-30": "10.61%", "2019-06-30": "10.33%", "2019-03-31": "10.58%", "2018-12-31": "10.92%", "2018-09-30": "11.86%", "2018-06-30": "12.21%", "2018-03-31": "12.50%", "2017-12-31": "12.78%", "2017-09-30": "12.75%", "2017-06-30": "12.79%", "2017-03-31": "12.88%", "2016-12-31": "13.01%", "2016-09-30": "11.85%", "2016-06-30": "11.18%", "2016-03-31": "10.45%", "2015-12-31": "10.12%", "2015-09-30": "11.32%", "2015-06-30": "12.50%", "2015-03-31": "13.51%", "2014-12-31": "14.31%", "2014-09-30": "15.33%", "2014-06-30": "15.90%", "2014-03-31": "16.77%", "2013-12-31": "17.00%", "2013-09-30": "16.98%", "2013-06-30": "16.58%", "2013-03-31": "15.61%", "2012-12-31": "14.92%", "2012-09-30": "14.19%", "2012-06-30": "13.82%", "2012-03-31": "13.34%", "2011-12-31": "12.66%", "2011-09-30": "12.68%", "2011-06-30": "12.39%", "2011-03-31": "11.81%", "2010-12-31": "12.04%", "2010-09-30": "12.22%", "2010-06-30": "13.56%", "2010-03-31": "15.13%", "2009-12-31": "15.84%", "2009-09-30": "15.26%", "2009-06-30": "14.62%", "2009-03-31": "14.28%", "2008-12-31": "14.05%", "2008-09-30": "14.12%", "2008-06-30": "13.60%", "2008-03-31": "13.16%", "2007-12-31": "12.67%", "2007-09-30": "12.34%", "2007-06-30": "12.30%", "2007-03-31": "11.90%", "2006-12-31": "11.47%", "2006-09-30": "11.30%", "2006-06-30": "11.23%", "2006-03-31": "11.26%", "2005-12-31": "11.10%"}, "pre tax profit margin": {"2020-09-30": "7.16%", "2020-06-30": "7.27%", "2020-03-31": "7.89%", "2019-12-31": "7.55%", "2019-09-30": "6.51%", "2019-06-30": "5.20%", "2019-03-31": "5.05%", "2018-12-31": "5.19%", "2018-09-30": "6.20%", "2018-06-30": "7.45%", "2018-03-31": "8.05%", "2017-12-31": "8.30%", "2017-09-30": "8.80%", "2017-06-30": "8.77%", "2017-03-31": "8.82%", "2016-12-31": "8.76%", "2016-09-30": "5.36%", "2016-06-30": "4.59%", "2016-03-31": "3.73%", "2015-12-31": "3.55%", "2015-09-30": "6.37%", "2015-06-30": "6.56%", "2015-03-31": "8.09%", "2014-12-31": "9.12%", "2014-09-30": "10.13%", "2014-06-30": "12.06%", "2014-03-31": "13.10%", "2013-12-31": "13.62%", "2013-09-30": "13.94%", "2013-06-30": "13.59%", "2013-03-31": "12.55%", "2012-12-31": "11.85%", "2012-09-30": "10.85%", "2012-06-30": "10.42%", "2012-03-31": "9.71%", "2011-12-31": "8.75%", "2011-09-30": "8.85%", "2011-06-30": "8.29%", "2011-03-31": "7.63%", "2010-12-31": "7.74%", "2010-09-30": "7.94%", "2010-06-30": "9.69%", "2010-03-31": "11.77%", "2009-12-31": "12.70%", "2009-09-30": "12.01%", "2009-06-30": "11.43%", "2009-03-31": "11.03%", "2008-12-31": "10.80%", "2008-09-30": "11.01%", "2008-06-30": "10.38%", "2008-03-31": "9.87%", "2007-12-31": "9.33%", "2007-09-30": "8.87%", "2007-06-30": "8.61%", "2007-03-31": "7.88%", "2006-12-31": "7.49%", "2006-09-30": "7.19%", "2006-06-30": "6.80%", "2006-03-31": "6.46%", "2005-12-31": "5.78%"}, "net profit margin": {"2020-09-30": "5.21%", "2020-06-30": "5.26%", "2020-03-31": "5.86%", "2019-12-31": "5.57%", "2019-09-30": "4.75%", "2019-06-30": "3.54%", "2019-03-31": "3.31%", "2018-12-31": "3.41%", "2018-09-30": "2.59%", "2018-06-30": "3.71%", "2018-03-31": "4.13%", "2017-12-31": "4.22%", "2017-09-30": "7.02%", "2017-06-30": "6.94%", "2017-03-31": "6.99%", "2016-12-31": "6.86%", "2016-09-30": "2.90%", "2016-06-30": "2.24%", "2016-03-31": "1.65%", "2015-12-31": "1.53%", "2015-09-30": "4.04%", "2015-06-30": "4.27%", "2015-03-31": "5.23%", "2014-12-31": "5.89%", "2014-09-30": "6.24%", "2014-06-30": "7.22%", "2014-03-31": "7.94%", "2013-12-31": "8.44%", "2013-09-30": "8.78%", "2013-06-30": "8.94%", "2013-03-31": "8.30%", "2012-12-31": "7.73%", "2012-09-30": "9.57%", "2012-06-30": "9.25%", "2012-03-31": "9.07%", "2011-12-31": "8.60%", "2011-09-30": "5.94%", "2011-06-30": "5.63%", "2011-03-31": "4.78%", "2010-12-31": "4.76%", "2010-09-30": "5.01%", "2010-06-30": "6.12%", "2010-03-31": "7.65%", "2009-12-31": "8.39%", "2009-09-30": "7.87%", "2009-06-30": "7.47%", "2009-03-31": "7.11%", "2008-12-31": "6.92%", "2008-09-30": "7.06%", "2008-06-30": "6.92%", "2008-03-31": "6.70%", "2007-12-31": "6.33%", "2007-09-30": "6.10%", "2007-06-30": "5.57%", "2007-03-31": "5.08%", "2006-12-31": "4.76%", "2006-09-30": "4.51%", "2006-06-30": "4.26%", "2006-03-31": "3.93%", "2005-12-31": "3.52%"}, "pe ratio": {"current": "27.80", "2021-02-05": "32.43", "2020-09-30": "18.91", "2020-06-30": "17.21", "2020-03-31": "14.17", "2019-12-31": "20.87", "2019-09-30": "21.90", "2019-06-30": "27.25", "2019-03-31": "30.85", "2018-12-31": "25.86", "2018-09-30": "41.76", "2018-06-30": "31.93", "2018-03-31": "27.59", "2017-12-31": "31.20", "2017-09-30": "18.13", "2017-06-30": "17.77", "2017-03-31": "18.80", "2016-12-31": "17.59", "2016-09-30": "40.01", "2016-06-30": "51.75", "2016-03-31": "64.38", "2015-12-31": "60.61", "2015-09-30": "19.18", "2015-06-30": "22.05", "2015-03-31": "18.39", "2014-12-31": "16.79", "2014-09-30": "16.88", "2014-06-30": "16.35", "2014-03-31": "14.39", "2013-12-31": "13.26", "2013-09-30": "11.89", "2013-06-30": "12.20", "2013-03-31": "14.90", "2012-12-31": "14.27", "2012-09-30": "11.27", "2012-06-30": "10.89", "2012-03-31": "11.12", "2011-12-31": "9.57", "2011-09-30": "12.61", "2011-06-30": "17.46", "2011-03-31": "24.02", "2010-12-31": "22.39", "2010-09-30": "19.20", "2010-06-30": "16.54", "2010-03-31": "14.88", "2009-12-31": "12.23", "2009-09-30": "13.37", "2009-06-30": "11.56", "2009-03-31": "8.46", "2008-12-31": "10.81", "2008-09-30": "15.16", "2008-06-30": "20.87", "2008-03-31": "19.22", "2007-12-31": "21.67", "2007-09-30": "22.21", "2007-06-30": "21.66", "2007-03-31": "19.58", "2006-12-31": "20.32"}, "price sales": {"2021-02-05": "1.64", "2020-09-30": "0.96", "2020-06-30": "0.89", "2020-03-31": "0.83", "2019-12-31": "1.16", "2019-09-30": "1.08", "2019-06-30": "0.99", "2019-03-31": "1.03", "2018-12-31": "0.88", "2018-09-30": "1.10", "2018-06-30": "1.19", "2018-03-31": "1.15", "2017-12-31": "1.32", "2017-09-30": "1.28", "2017-06-30": "1.24", "2017-03-31": "1.32", "2016-12-31": "1.21", "2016-09-30": "1.18", "2016-06-30": "1.18", "2016-03-31": "1.07", "2015-12-31": "0.90", "2015-09-30": "0.78", "2015-06-30": "0.96", "2015-03-31": "0.97", "2014-12-31": "1.00", "2014-09-30": "1.04", "2014-06-30": "1.18", "2014-03-31": "1.14", "2013-12-31": "1.12", "2013-09-30": "1.04", "2013-06-30": "1.09", "2013-03-31": "1.23", "2012-12-31": "1.10", "2012-09-30": "1.08", "2012-06-30": "1.01", "2012-03-31": "1.01", "2011-12-31": "0.82", "2011-09-30": "0.75", "2011-06-30": "0.98", "2011-03-31": "1.14", "2010-12-31": "1.07", "2010-09-30": "0.97", "2010-06-30": "1.02", "2010-03-31": "1.15", "2009-12-31": "1.03", "2009-09-30": "1.06", "2009-06-30": "0.87", "2009-03-31": "0.60", "2008-12-31": "0.75", "2008-09-30": "1.07", "2008-06-30": "1.44", "2008-03-31": "1.28", "2007-12-31": "1.37", "2007-09-30": "1.35", "2007-06-30": "1.20", "2007-03-31": "1.00", "2006-12-31": "0.98"}, "price book": {"current": "3.81", "2021-02-05": "3.79", "2020-09-30": "2.21", "2020-06-30": "2.09", "2020-03-31": "2.02", "2019-12-31": "2.67", "2019-09-30": "2.59", "2019-06-30": "2.39", "2019-03-31": "2.46", "2018-12-31": "2.09", "2018-09-30": "2.62", "2018-06-30": "2.84", "2018-03-31": "2.69", "2017-12-31": "3.15", "2017-09-30": "2.98", "2017-06-30": "2.94", "2017-03-31": "3.23", "2016-12-31": "3.08", "2016-09-30": "2.88", "2016-06-30": "2.92", "2016-03-31": "2.71", "2015-12-31": "2.37", "2015-09-30": "1.93", "2015-06-30": "2.27", "2015-03-31": "2.36", "2014-12-31": "2.29", "2014-09-30": "2.27", "2014-06-30": "2.28", "2014-03-31": "2.28", "2013-12-31": "2.39", "2013-09-30": "2.17", "2013-06-30": "2.35", "2013-03-31": "2.64", "2012-12-31": "2.37", "2012-09-30": "2.30", "2012-06-30": "2.24", "2012-03-31": "2.21", "2011-12-31": "1.82", "2011-09-30": "1.76", "2011-06-30": "2.14", "2011-03-31": "2.36", "2010-12-31": "2.09", "2010-09-30": "1.83", "2010-06-30": "1.95", "2010-03-31": "2.40", "2009-12-31": "2.28", "2009-09-30": "2.57", "2009-06-30": "2.30", "2009-03-31": "1.74", "2008-12-31": "2.22", "2008-09-30": "3.11", "2008-06-30": "4.07", "2008-03-31": "3.69", "2007-12-31": "3.99", "2007-09-30": "4.00", "2007-06-30": "3.65", "2007-03-31": "3.09", "2006-12-31": "3.10", "2006-09-30": "3.04", "2006-06-30": "2.80", "2006-03-31": "2.69"}, "price fcf": {"2021-02-05": "", "2020-09-30": "$11.62", "2020-06-30": "$11.75", "2020-03-31": "$12.32", "2019-12-31": "$9.91", "2019-09-30": "$10.44", "2019-06-30": "$5.56", "2019-03-31": "$5.07", "2018-12-31": "$6.42", "2018-09-30": "$3.87", "2018-06-30": "$6.27", "2018-03-31": "$4.13", "2017-12-31": "$3.79", "2017-09-30": "$7.67", "2017-06-30": "$6.82", "2017-03-31": "$5.43", "2016-12-31": "$7.93", "2016-09-30": "$7.21", "2016-06-30": "$8.24", "2016-03-31": "$11.12", "2015-12-31": "$9.83", "2015-09-30": "$9.70", "2015-06-30": "$6.32", "2015-03-31": "$5.63", "2014-12-31": "$3.99", "2014-09-30": "$5.07", "2014-06-30": "$7.92", "2014-03-31": "$9.47", "2013-12-31": "$12.17", "2013-09-30": "$9.49", "2013-06-30": "$11.34", "2013-03-31": "$7.89", "2012-12-31": "$3.96", "2012-09-30": "$4.28", "2012-06-30": "$1.44", "2012-03-31": "$1.67", "2011-12-31": "$2.65", "2011-09-30": "$2.72", "2011-06-30": "$2.99", "2011-03-31": "$4.01", "2010-12-31": "$4.83", "2010-09-30": "$5.90", "2010-06-30": "$9.06", "2010-03-31": "$11.33", "2009-12-31": "$11.67", "2009-09-30": "$7.67", "2009-06-30": "$3.42", "2009-03-31": "$0.83", "2008-12-31": "$0.21", "2008-09-30": "$2.41", "2008-06-30": "$3.51", "2008-03-31": "$2.98", "2007-12-31": "$2.05", "2007-09-30": "$1.64", "2007-06-30": "$1.38", "2007-03-31": "$1.05", "2006-12-31": "$1.34"}, "net worth": {"value": "$4.51B"}, "current ratio": {"2020-09-30": "2.50", "2020-06-30": "2.45", "2020-03-31": "2.52", "2019-12-31": "2.79", "2019-09-30": "2.62", "2019-06-30": "2.71", "2019-03-31": "2.95", "2018-12-31": "3.28", "2018-09-30": "3.40", "2018-06-30": "2.83", "2018-03-31": "4.07", "2017-12-31": "3.65", "2017-09-30": "3.50", "2017-06-30": "3.68", "2017-03-31": "3.48", "2016-12-31": "3.58", "2016-09-30": "3.54", "2016-06-30": "3.54", "2016-03-31": "3.44", "2015-12-31": "3.35", "2015-09-30": "3.43", "2015-06-30": "3.49", "2015-03-31": "3.40", "2014-12-31": "3.51", "2014-09-30": "3.61", "2014-06-30": "3.59", "2014-03-31": "3.52", "2013-12-31": "3.66", "2013-09-30": "3.68", "2013-06-30": "3.65", "2013-03-31": "3.58", "2012-12-31": "3.46", "2012-09-30": "3.41", "2012-06-30": "3.32", "2012-03-31": "3.22", "2011-12-31": "3.07", "2011-09-30": "3.10", "2011-06-30": "3.07", "2011-03-31": "3.26", "2010-12-31": "3.15", "2010-09-30": "2.99", "2010-06-30": "2.95", "2010-03-31": "3.83", "2009-12-31": "2.79", "2009-09-30": "2.60", "2009-06-30": "2.84", "2009-03-31": "2.93", "2008-12-31": "2.69", "2008-09-30": "2.20", "2008-06-30": "1.91", "2008-03-31": "2.21", "2007-12-31": "2.29", "2007-09-30": "2.29", "2007-06-30": "2.37", "2007-03-31": "2.30", "2006-12-31": "2.28", "2006-09-30": "2.30", "2006-06-30": "2.42", "2006-03-31": "2.28", "2005-12-31": "2.28", "2005-09-30": "2.62", "2005-06-30": "2.86", "2005-03-31": "2.95"}, "quick ratio": {"2020-09-30": "1.78", "2020-06-30": "1.70", "2020-03-31": "1.78", "2019-12-31": "1.97", "2019-09-30": "1.90", "2019-06-30": "1.89", "2019-03-31": "2.05", "2018-12-31": "2.34", "2018-09-30": "2.40", "2018-06-30": "2.20", "2018-03-31": "3.08", "2017-12-31": "2.61", "2017-09-30": "2.53", "2017-06-30": "2.66", "2017-03-31": "2.46", "2016-12-31": "2.58", "2016-09-30": "2.49", "2016-06-30": "2.50", "2016-03-31": "2.47", "2015-12-31": "2.42", "2015-09-30": "2.44", "2015-06-30": "2.46", "2015-03-31": "2.41", "2014-12-31": "2.60", "2014-09-30": "2.71", "2014-06-30": "2.69", "2014-03-31": "2.56", "2013-12-31": "2.79", "2013-09-30": "2.70", "2013-06-30": "2.65", "2013-03-31": "2.48", "2012-12-31": "2.46", "2012-09-30": "2.36", "2012-06-30": "2.22", "2012-03-31": "2.13", "2011-12-31": "2.11", "2011-09-30": "2.15", "2011-06-30": "2.14", "2011-03-31": "2.35", "2010-12-31": "2.35", "2010-09-30": "2.18", "2010-06-30": "2.13", "2010-03-31": "2.93", "2009-12-31": "1.97", "2009-09-30": "1.80", "2009-06-30": "1.87", "2009-03-31": "1.71", "2008-12-31": "1.58", "2008-09-30": "1.28", "2008-06-30": "1.20", "2008-03-31": "1.37", "2007-12-31": "1.48", "2007-09-30": "1.44", "2007-06-30": "1.42", "2007-03-31": "1.36", "2006-12-31": "1.39", "2006-09-30": "1.46", "2006-06-30": "1.53", "2006-03-31": "1.36", "2005-12-31": "1.40", "2005-09-30": "1.55", "2005-06-30": "1.66", "2005-03-31": "1.68"}, "debt equity ratio": {"current": "0.66", "2020-09-30": "1.46", "2020-06-30": "1.46", "2020-03-31": "1.48", "2019-12-31": "1.36", "2019-09-30": "1.41", "2019-06-30": "1.41", "2019-03-31": "1.34", "2018-12-31": "1.23", "2018-09-30": "1.26", "2018-06-30": "1.42", "2018-03-31": "1.21", "2017-12-31": "1.26", "2017-09-30": "1.27", "2017-06-30": "1.29", "2017-03-31": "1.37", "2016-12-31": "1.43", "2016-09-30": "1.38", "2016-06-30": "1.41", "2016-03-31": "1.45", "2015-12-31": "1.48", "2015-09-30": "1.34", "2015-06-30": "1.25", "2015-03-31": "1.26", "2014-12-31": "1.18", "2014-09-30": "1.11", "2014-06-30": "0.77", "2014-03-31": "0.78", "2013-12-31": "0.80", "2013-09-30": "0.74", "2013-06-30": "0.77", "2013-03-31": "0.79", "2012-12-31": "0.83", "2012-09-30": "0.80", "2012-06-30": "0.83", "2012-03-31": "0.86", "2011-12-31": "0.93", "2011-09-30": "1.08", "2011-06-30": "1.07", "2011-03-31": "1.07", "2010-12-31": "1.07", "2010-09-30": "1.20", "2010-06-30": "1.31", "2010-03-31": "0.82", "2009-12-31": "0.61", "2009-09-30": "0.66", "2009-06-30": "0.80", "2009-03-31": "0.98", "2008-12-31": "1.07", "2008-09-30": "1.12", "2008-06-30": "1.04", "2008-03-31": "1.11", "2007-12-31": "1.06", "2007-09-30": "1.08", "2007-06-30": "1.12", "2007-03-31": "1.16", "2006-12-31": "1.22", "2006-09-30": "1.27", "2006-06-30": "1.27", "2006-03-31": "1.38", "2005-12-31": "1.44", "2005-09-30": "1.53", "2005-06-30": "1.66", "2005-03-31": "1.70"}, "return on equity": {"2020-09-30": "12.49%", "2020-06-30": "12.57%", "2020-03-31": "14.13%", "2019-12-31": "13.45%", "2019-09-30": "11.67%", "2019-06-30": "8.66%", "2019-03-31": "8.00%", "2018-12-31": "8.17%", "2018-09-30": "6.23%", "2018-06-30": "8.88%", "2018-03-31": "10.10%", "2017-12-31": "10.43%", "2017-09-30": "17.76%", "2017-06-30": "17.73%", "2017-03-31": "17.81%", "2016-12-31": "17.48%", "2016-09-30": "7.31%", "2016-06-30": "5.59%", "2016-03-31": "4.05%", "2015-12-31": "3.71%", "2015-09-30": "9.65%", "2015-06-30": "10.05%", "2015-03-31": "11.85%", "2014-12-31": "12.59%", "2014-09-30": "12.97%", "2014-06-30": "14.54%", "2014-03-31": "16.48%", "2013-12-31": "18.35%", "2013-09-30": "19.44%", "2013-06-30": "20.15%", "2013-03-31": "18.68%", "2012-12-31": "17.38%", "2012-09-30": "21.95%", "2012-06-30": "22.19%", "2012-03-31": "22.09%", "2011-12-31": "20.87%", "2011-09-30": "14.18%", "2011-06-30": "13.05%", "2011-03-31": "10.72%", "2010-12-31": "10.33%", "2010-09-30": "10.36%", "2010-06-30": "12.57%", "2010-03-31": "16.61%", "2009-12-31": "20.05%", "2009-09-30": "20.96%", "2009-06-30": "21.80%", "2009-03-31": "21.90%", "2008-12-31": "22.06%", "2008-09-30": "22.45%", "2008-06-30": "21.76%", "2008-03-31": "21.29%", "2007-12-31": "20.35%", "2007-09-30": "20.03%", "2007-06-30": "18.58%", "2007-03-31": "16.99%", "2006-12-31": "16.27%", "2006-09-30": "15.97%", "2006-06-30": "15.25%", "2006-03-31": "13.81%", "2005-12-31": "12.40%"}, "return on assets": {"2020-09-30": "5.12%", "2020-06-30": "5.18%", "2020-03-31": "5.85%", "2019-12-31": "5.66%", "2019-09-30": "4.98%", "2019-06-30": "3.75%", "2019-03-31": "3.46%", "2018-12-31": "3.58%", "2018-09-30": "2.73%", "2018-06-30": "3.88%", "2018-03-31": "4.48%", "2017-12-31": "4.55%", "2017-09-30": "7.61%", "2017-06-30": "7.50%", "2017-03-31": "7.43%", "2016-12-31": "7.23%", "2016-09-30": "3.01%", "2016-06-30": "2.31%", "2016-03-31": "1.71%", "2015-12-31": "1.59%", "2015-09-30": "4.28%", "2015-06-30": "4.58%", "2015-03-31": "5.76%", "2014-12-31": "6.49%", "2014-09-30": "6.99%", "2014-06-30": "8.20%", "2014-03-31": "9.29%", "2013-12-31": "10.34%", "2013-09-30": "10.92%", "2013-06-30": "11.23%", "2013-03-31": "10.32%", "2012-12-31": "9.51%", "2012-09-30": "11.86%", "2012-06-30": "11.58%", "2012-03-31": "11.18%", "2011-12-31": "10.27%", "2011-09-30": "6.85%", "2011-06-30": "6.22%", "2011-03-31": "4.98%", "2010-12-31": "4.91%", "2010-09-30": "5.18%", "2010-06-30": "6.76%", "2010-03-31": "9.65%", "2009-12-31": "11.45%", "2009-09-30": "11.24%", "2009-06-30": "10.99%", "2009-03-31": "10.69%", "2008-12-31": "10.58%", "2008-09-30": "10.77%", "2008-06-30": "10.50%", "2008-03-31": "10.17%", "2007-12-31": "9.68%", "2007-09-30": "9.35%", "2007-06-30": "8.48%", "2007-03-31": "7.62%", "2006-12-31": "7.12%", "2006-09-30": "6.84%", "2006-06-30": "6.36%", "2006-03-31": "5.53%", "2005-12-31": "4.81%"}, "return on investments": {"2020-09-30": "11.99%", "2020-06-30": "12.10%", "2020-03-31": "13.11%", "2019-12-31": "12.50%", "2019-09-30": "11.30%", "2019-06-30": "10.12%", "2019-03-31": "10.29%", "2018-12-31": "10.67%", "2018-09-30": "12.10%", "2018-06-30": "13.20%", "2018-03-31": "13.98%", "2017-12-31": "14.30%", "2017-09-30": "14.31%", "2017-06-30": "14.21%", "2017-03-31": "14.09%", "2016-12-31": "14.03%", "2016-09-30": "9.76%", "2016-06-30": "8.75%", "2016-03-31": "7.56%", "2015-12-31": "7.17%", "2015-09-30": "11.22%", "2015-06-30": "13.37%", "2015-03-31": "15.56%", "2014-12-31": "17.18%", "2014-09-30": "18.86%", "2014-06-30": "20.11%", "2014-03-31": "22.33%", "2013-12-31": "23.74%", "2013-09-30": "24.72%", "2013-06-30": "24.27%", "2013-03-31": "22.37%", "2012-12-31": "21.00%", "2012-09-30": "19.64%", "2012-06-30": "19.45%", "2012-03-31": "18.38%", "2011-12-31": "16.61%", "2011-09-30": "16.16%", "2011-06-30": "14.86%", "2011-03-31": "13.10%", "2010-12-31": "13.04%", "2010-09-30": "13.25%", "2010-06-30": "16.07%", "2010-03-31": "20.82%", "2009-12-31": "24.33%", "2009-09-30": "24.78%", "2009-06-30": "25.13%", "2009-03-31": "25.98%", "2008-12-31": "26.66%", "2008-09-30": "27.27%", "2008-06-30": "25.84%", "2008-03-31": "24.34%", "2007-12-31": "23.35%", "2007-09-30": "22.46%", "2007-06-30": "21.84%", "2007-03-31": "20.03%", "2006-12-31": "19.01%", "2006-09-30": "18.79%", "2006-06-30": "17.68%", "2006-03-31": "15.96%", "2005-12-31": "14.34%"}, "return on tangible equity": {"2020-09-30": "25.61%", "2020-06-30": "26.22%", "2020-03-31": "30.01%", "2019-12-31": "28.62%", "2019-09-30": "24.66%", "2019-06-30": "18.03%", "2019-03-31": "15.40%", "2018-12-31": "14.62%", "2018-09-30": "10.78%", "2018-06-30": "14.81%", "2018-03-31": "17.13%", "2017-12-31": "18.16%", "2017-09-30": "31.71%", "2017-06-30": "32.61%", "2017-03-31": "33.81%", "2016-12-31": "34.19%", "2016-09-30": "14.66%", "2016-06-30": "11.36%", "2016-03-31": "8.24%", "2015-12-31": "7.48%", "2015-09-30": "18.95%", "2015-06-30": "18.92%", "2015-03-31": "20.65%", "2014-12-31": "20.81%", "2014-09-30": "20.43%", "2014-06-30": "22.12%", "2014-03-31": "24.93%", "2013-12-31": "27.63%", "2013-09-30": "29.50%", "2013-06-30": "30.84%", "2013-03-31": "28.92%", "2012-12-31": "27.24%", "2012-09-30": "34.99%", "2012-06-30": "36.94%", "2012-03-31": "38.48%", "2011-12-31": "38.13%", "2011-09-30": "27.13%", "2011-06-30": "25.63%", "2011-03-31": "21.85%", "2010-12-31": "19.76%", "2010-09-30": "18.47%", "2010-06-30": "20.80%", "2010-03-31": "25.55%", "2009-12-31": "31.75%", "2009-09-30": "34.48%", "2009-06-30": "37.11%", "2009-03-31": "37.96%", "2008-12-31": "38.94%", "2008-09-30": "38.17%", "2008-06-30": "36.05%", "2008-03-31": "34.73%", "2007-12-31": "32.20%", "2007-09-30": "32.56%", "2007-06-30": "31.02%", "2007-03-31": "29.13%", "2006-12-31": "29.01%", "2006-09-30": "29.77%", "2006-06-30": "29.71%", "2006-03-31": "28.26%", "2005-12-31": "26.44%"}, "dividend yield history": {"last payout": "$1.80", "last yield": "0.85%"}}