{"ticker": "VVV", "price": {"title": "Valvoline Historical Annual Stock Price Data", "value": 23.7, "historical": {"2020": {"Average Stock Price": "19.6211", "Year Open": "21.1800", "Year High": "23.6300", "Year Low": "9.1400", "Year Close": "23.1400", "Annual % Change": "8.08%"}, "2019": {"Average Stock Price": "20.4633", "Year Open": "19.5900", "Year High": "23.5800", "Year Low": "17.2200", "Year Close": "21.4100", "Annual % Change": "10.65%"}, "2018": {"Average Stock Price": "21.6410", "Year Open": "25.2500", "Year High": "25.4000", "Year Low": "18.6200", "Year Close": "19.3500", "Annual % Change": "-22.79%"}, "2017": {"Average Stock Price": "23.1657", "Year Open": "21.4900", "Year High": "25.0600", "Year Low": "21.1700", "Year Close": "25.0600", "Annual % Change": "16.56%"}, "2016": {"Average Stock Price": "21.3967", "Year Open": "23.1000", "Year High": "23.9800", "Year Low": "18.9000", "Year Close": "21.5000", "Annual % Change": "0.00%"}}}, "market cap": {"value": "$4.38B"}, "income statement": {"Revenue": {"2020-09-30": "2353.00000", "2019-09-30": "2390.00000", "2018-09-30": "2285.00000", "2017-09-30": "2084.00000", "2016-09-30": "1929.00000", "2015-09-30": "1967.00000", "2014-09-30": "2041.00000", "2013-09-30": "1996.20000"}, "Cost Of Goods Sold": {"2020-09-30": "1490.00000", "2019-09-30": "1580.00000", "2018-09-30": "1479.00000", "2017-09-30": "1308.00000", "2016-09-30": "1181.00000", "2015-09-30": "1282.00000", "2014-09-30": "1409.00000", "2013-09-30": "1338.30000"}, "Gross Profit": {"2020-09-30": "863.00000", "2019-09-30": "810.00000", "2018-09-30": "806.00000", "2017-09-30": "776.00000", "2016-09-30": "748.00000", "2015-09-30": "685.00000", "2014-09-30": "632.00000", "2013-09-30": "657.89990"}, "Research And Development Expenses": {"2020-09-30": "", "2019-09-30": "", "2018-09-30": "", "2017-09-30": "", "2016-09-30": "", "2015-09-30": "", "2014-09-30": "", "2013-09-30": ""}, "SG&A Expenses": {"2020-09-30": "442.00000", "2019-09-30": "449.00000", "2018-09-30": "430.00000", "2017-09-30": "396.00000", "2016-09-30": "365.00000", "2015-09-30": "348.00000", "2014-09-30": "398.00000", "2013-09-30": "301.60000"}, "Other Operating Income Or Expenses": {"2020-09-30": "34.00000", "2019-09-30": "40.00000", "2018-09-30": "33.00000", "2017-09-30": "25.00000", "2016-09-30": "19.00000", "2015-09-30": "8.00000", "2014-09-30": "30.00000", "2013-09-30": "24.30000"}, "Operating Expenses": {"2020-09-30": "1868.00000", "2019-09-30": "1992.00000", "2018-09-30": "1890.00000", "2017-09-30": "1690.00000", "2016-09-30": "1533.00000", "2015-09-30": "1644.00000", "2014-09-30": "1777.00000", "2013-09-30": "1615.60000"}, "Operating Income": {"2020-09-30": "485.00000", "2019-09-30": "398.00000", "2018-09-30": "395.00000", "2017-09-30": "394.00000", "2016-09-30": "396.00000", "2015-09-30": "323.00000", "2014-09-30": "264.00000", "2013-09-30": "380.60000"}, "Total Non-Operating Income/Expense": {"2020-09-30": "-34.00000", "2019-09-30": "-133.00000", "2018-09-30": "-63.00000", "2017-09-30": "96.00000", "2016-09-30": "25.00000", "2015-09-30": "-26.00000", "2014-09-30": "", "2013-09-30": ""}, "Pre-Tax Income": {"2020-09-30": "451.00000", "2019-09-30": "265.00000", "2018-09-30": "332.00000", "2017-09-30": "490.00000", "2016-09-30": "421.00000", "2015-09-30": "297.00000", "2014-09-30": "264.00000", "2013-09-30": "380.60000"}, "Income Taxes": {"2020-09-30": "134.00000", "2019-09-30": "57.00000", "2018-09-30": "166.00000", "2017-09-30": "186.00000", "2016-09-30": "148.00000", "2015-09-30": "101.00000", "2014-09-30": "91.00000", "2013-09-30": "134.50000"}, "Income After Taxes": {"2020-09-30": "317.00000", "2019-09-30": "208.00000", "2018-09-30": "166.00000", "2017-09-30": "304.00000", "2016-09-30": "273.00000", "2015-09-30": "196.00000", "2014-09-30": "173.00000", "2013-09-30": "246.10000"}, "Other Income": {"2020-09-30": "", "2019-09-30": "", "2018-09-30": "", "2017-09-30": "", "2016-09-30": "", "2015-09-30": "", "2014-09-30": "", "2013-09-30": ""}, "Income From Continuous Operations": {"2020-09-30": "317.00000", "2019-09-30": "208.00000", "2018-09-30": "166.00000", "2017-09-30": "304.00000", "2016-09-30": "273.00000", "2015-09-30": "196.00000", "2014-09-30": "173.00000", "2013-09-30": "246.10000"}, "Income From Discontinued Operations": {"2020-09-30": "", "2019-09-30": "", "2018-09-30": "", "2017-09-30": "", "2016-09-30": "", "2015-09-30": "", "2014-09-30": "", "2013-09-30": ""}, "Net Income": {"2020-09-30": "317.00000", "2019-09-30": "208.00000", "2018-09-30": "166.00000", "2017-09-30": "304.00000", "2016-09-30": "273.00000", "2015-09-30": "196.00000", "2014-09-30": "173.00000", "2013-09-30": "246.10000"}, "EBITDA": {"2020-09-30": "551.00000", "2019-09-30": "459.00000", "2018-09-30": "449.00000", "2017-09-30": "436.00000", "2016-09-30": "438.00000", "2015-09-30": "361.00000", "2014-09-30": "301.00000", "2013-09-30": "416.30000"}, "EBIT": {"2020-09-30": "485.00000", "2019-09-30": "398.00000", "2018-09-30": "395.00000", "2017-09-30": "394.00000", "2016-09-30": "396.00000", "2015-09-30": "323.00000", "2014-09-30": "264.00000", "2013-09-30": "380.60000"}, "Basic Shares Outstanding": {"2020-09-30": "187.00000", "2019-09-30": "189.00000", "2018-09-30": "197.00000", "2017-09-30": "204.00000", "2016-09-30": "170.00000", "2015-09-30": "170.00000", "2014-09-30": "205.00000", "2013-09-30": ""}, "Shares Outstanding": {"2020-09-30": "188.00000", "2019-09-30": "189.00000", "2018-09-30": "197.00000", "2017-09-30": "204.00000", "2016-09-30": "170.00000", "2015-09-30": "170.00000", "2014-09-30": "205.00000", "2013-09-30": ""}, "Basic EPS": {"2020-09-30": "1.70000", "2019-09-30": "1.10000", "2018-09-30": "0.84000", "2017-09-30": "1.49000", "2016-09-30": "1.60000", "2015-09-30": "1.15000", "2014-09-30": "0.84000", "2013-09-30": ""}, "EPS - Earnings Per Share": {"2020-09-30": "1.69000", "2019-09-30": "1.10000", "2018-09-30": "0.84000", "2017-09-30": "1.49000", "2016-09-30": "1.60000", "2015-09-30": "1.15000", "2014-09-30": "0.84000", "2013-09-30": "0.00000"}}, "income statement, quarterly": {"Revenue": {"2020-12-31": "653.00000", "2020-09-30": "652.00000", "2020-06-30": "516.00000", "2020-03-31": "578.00000", "2019-12-31": "607.00000", "2019-09-30": "629.00000", "2019-06-30": "613.00000", "2019-03-31": "591.00000", "2018-12-31": "557.00000", "2018-09-30": "594.00000", "2018-06-30": "577.00000", "2018-03-31": "569.00000", "2017-12-31": "545.00000", "2017-09-30": "547.00000", "2017-06-30": "534.00000", "2017-03-31": "514.00000", "2016-12-31": "489.00000", "2016-09-30": "494.00000", "2016-06-30": "499.00000", "2016-03-31": "480.00000", "2015-12-31": "456.00000", "2015-09-30": "", "2015-06-30": "", "2014-09-30": "", "2013-09-30": ""}, "Cost Of Goods Sold": {"2020-12-31": "425.00000", "2020-09-30": "394.00000", "2020-06-30": "329.00000", "2020-03-31": "371.00000", "2019-12-31": "396.00000", "2019-09-30": "412.00000", "2019-06-30": "406.00000", "2019-03-31": "388.00000", "2018-12-31": "374.00000", "2018-09-30": "391.00000", "2018-06-30": "376.00000", "2018-03-31": "362.00000", "2017-12-31": "350.00000", "2017-09-30": "351.00000", "2017-06-30": "337.00000", "2017-03-31": "316.00000", "2016-12-31": "304.00000", "2016-09-30": "313.00000", "2016-06-30": "300.00000", "2016-03-31": "288.00000", "2015-12-31": "280.00000", "2015-09-30": "", "2015-06-30": "", "2014-09-30": "", "2013-09-30": ""}, "Gross Profit": {"2020-12-31": "228.00000", "2020-09-30": "258.00000", "2020-06-30": "187.00000", "2020-03-31": "207.00000", "2019-12-31": "211.00000", "2019-09-30": "217.00000", "2019-06-30": "207.00000", "2019-03-31": "203.00000", "2018-12-31": "183.00000", "2018-09-30": "203.00000", "2018-06-30": "201.00000", "2018-03-31": "207.00000", "2017-12-31": "195.00000", "2017-09-30": "196.00000", "2017-06-30": "197.00000", "2017-03-31": "198.00000", "2016-12-31": "185.00000", "2016-09-30": "181.00000", "2016-06-30": "199.00000", "2016-03-31": "192.00000", "2015-12-31": "176.00000", "2015-09-30": "", "2015-06-30": "", "2014-09-30": "", "2013-09-30": ""}, "Research And Development Expenses": {"2020-12-31": "", "2020-09-30": "", "2020-06-30": "", "2020-03-31": "", "2019-12-31": "", "2019-09-30": "", "2019-06-30": "", "2019-03-31": "", "2018-12-31": "", "2018-09-30": "", "2018-06-30": "", "2018-03-31": "", "2017-12-31": "", "2017-09-30": "", "2017-06-30": "", "2017-03-31": "", "2016-12-31": "", "2016-09-30": "", "2016-06-30": "", "2016-03-31": "", "2015-12-31": "", "2015-09-30": "", "2015-06-30": "0.00000", "2014-09-30": "", "2013-09-30": ""}, "SG&A Expenses": {"2020-12-31": "117.00000", "2020-09-30": "123.00000", "2020-06-30": "106.00000", "2020-03-31": "96.00000", "2019-12-31": "117.00000", "2019-09-30": "115.00000", "2019-06-30": "116.00000", "2019-03-31": "113.00000", "2018-12-31": "105.00000", "2018-09-30": "102.00000", "2018-06-30": "110.00000", "2018-03-31": "111.00000", "2017-12-31": "107.00000", "2017-09-30": "102.00000", "2017-06-30": "102.00000", "2017-03-31": "97.00000", "2016-12-31": "95.00000", "2016-09-30": "92.00000", "2016-06-30": "93.00000", "2016-03-31": "93.00000", "2015-12-31": "87.00000", "2015-09-30": "", "2015-06-30": "", "2014-09-30": "", "2013-09-30": ""}, "Other Operating Income Or Expenses": {"2020-12-31": "14.00000", "2020-09-30": "11.00000", "2020-06-30": "8.00000", "2020-03-31": "6.00000", "2019-12-31": "9.00000", "2019-09-30": "11.00000", "2019-06-30": "11.00000", "2019-03-31": "9.00000", "2018-12-31": "9.00000", "2018-09-30": "4.00000", "2018-06-30": "8.00000", "2018-03-31": "12.00000", "2017-12-31": "9.00000", "2017-09-30": "5.00000", "2017-06-30": "5.00000", "2017-03-31": "5.00000", "2016-12-31": "10.00000", "2016-09-30": "", "2016-06-30": "7.00000", "2016-03-31": "5.00000", "2015-12-31": "7.00000", "2015-09-30": "", "2015-06-30": "", "2014-09-30": "", "2013-09-30": ""}, "Operating Expenses": {"2020-12-31": "529.00000", "2020-09-30": "476.00000", "2020-06-30": "428.00000", "2020-03-31": "461.00000", "2019-12-31": "503.00000", "2019-09-30": "516.00000", "2019-06-30": "511.00000", "2019-03-31": "495.00000", "2018-12-31": "470.00000", "2018-09-30": "489.00000", "2018-06-30": "475.00000", "2018-03-31": "469.00000", "2017-12-31": "457.00000", "2017-09-30": "434.00000", "2017-06-30": "447.00000", "2017-03-31": "414.00000", "2016-12-31": "395.00000", "2016-09-30": "411.00000", "2016-06-30": "386.00000", "2016-03-31": "376.00000", "2015-12-31": "360.00000", "2015-09-30": "", "2015-06-30": "", "2014-09-30": "", "2013-09-30": ""}, "Operating Income": {"2020-12-31": "124.00000", "2020-09-30": "176.00000", "2020-06-30": "88.00000", "2020-03-31": "117.00000", "2019-12-31": "104.00000", "2019-09-30": "113.00000", "2019-06-30": "102.00000", "2019-03-31": "96.00000", "2018-12-31": "87.00000", "2018-09-30": "105.00000", "2018-06-30": "102.00000", "2018-03-31": "100.00000", "2017-12-31": "88.00000", "2017-09-30": "113.00000", "2017-06-30": "87.00000", "2017-03-31": "100.00000", "2016-12-31": "94.00000", "2016-09-30": "83.00000", "2016-06-30": "113.00000", "2016-03-31": "104.00000", "2015-12-31": "96.00000", "2015-09-30": "", "2015-06-30": "", "2014-09-30": "", "2013-09-30": ""}, "Total Non-Operating Income/Expense": {"2020-12-31": "-7.00000", "2020-09-30": "12.00000", "2020-06-30": "-10.00000", "2020-03-31": "-29.00000", "2019-12-31": "-7.00000", "2019-09-30": "-85.00000", "2019-06-30": "-17.00000", "2019-03-31": "-16.00000", "2018-12-31": "-15.00000", "2018-09-30": "-48.00000", "2018-06-30": "-5.00000", "2018-03-31": "-6.00000", "2017-12-31": "-4.00000", "2017-09-30": "64.00000", "2017-06-30": "7.00000", "2017-03-31": "9.00000", "2016-12-31": "16.00000", "2016-09-30": "26.00000", "2016-06-30": "", "2016-03-31": "-1.00000", "2015-12-31": "", "2015-09-30": "", "2015-06-30": "", "2014-09-30": "", "2013-09-30": ""}, "Pre-Tax Income": {"2020-12-31": "117.00000", "2020-09-30": "188.00000", "2020-06-30": "78.00000", "2020-03-31": "88.00000", "2019-12-31": "97.00000", "2019-09-30": "28.00000", "2019-06-30": "85.00000", "2019-03-31": "80.00000", "2018-12-31": "72.00000", "2018-09-30": "57.00000", "2018-06-30": "97.00000", "2018-03-31": "94.00000", "2017-12-31": "84.00000", "2017-09-30": "177.00000", "2017-06-30": "94.00000", "2017-03-31": "109.00000", "2016-12-31": "110.00000", "2016-09-30": "109.00000", "2016-06-30": "113.00000", "2016-03-31": "103.00000", "2015-12-31": "96.00000", "2015-09-30": "", "2015-06-30": "0.00000", "2014-09-30": "", "2013-09-30": ""}, "Income Taxes": {"2020-12-31": "30.00000", "2020-09-30": "66.00000", "2020-06-30": "19.00000", "2020-03-31": "25.00000", "2019-12-31": "24.00000", "2019-09-30": "1.00000", "2019-06-30": "20.00000", "2019-03-31": "17.00000", "2018-12-31": "19.00000", "2018-09-30": "12.00000", "2018-06-30": "33.00000", "2018-03-31": "27.00000", "2017-12-31": "94.00000", "2017-09-30": "72.00000", "2017-06-30": "38.00000", "2017-03-31": "38.00000", "2016-12-31": "38.00000", "2016-09-30": "44.00000", "2016-06-30": "38.00000", "2016-03-31": "35.00000", "2015-12-31": "31.00000", "2015-09-30": "", "2015-06-30": "0.00000", "2014-09-30": "", "2013-09-30": ""}, "Income After Taxes": {"2020-12-31": "87.00000", "2020-09-30": "122.00000", "2020-06-30": "59.00000", "2020-03-31": "63.00000", "2019-12-31": "73.00000", "2019-09-30": "27.00000", "2019-06-30": "65.00000", "2019-03-31": "63.00000", "2018-12-31": "53.00000", "2018-09-30": "45.00000", "2018-06-30": "64.00000", "2018-03-31": "67.00000", "2017-12-31": "-10.00000", "2017-09-30": "105.00000", "2017-06-30": "56.00000", "2017-03-31": "71.00000", "2016-12-31": "72.00000", "2016-09-30": "65.00000", "2016-06-30": "75.00000", "2016-03-31": "68.00000", "2015-12-31": "65.00000", "2015-09-30": "", "2015-06-30": "", "2014-09-30": "", "2013-09-30": ""}, "Other Income": {"2020-12-31": "", "2020-09-30": "", "2020-06-30": "", "2020-03-31": "", "2019-12-31": "", "2019-09-30": "", "2019-06-30": "", "2019-03-31": "", "2018-12-31": "", "2018-09-30": "", "2018-06-30": "", "2018-03-31": "", "2017-12-31": "", "2017-09-30": "", "2017-06-30": "", "2017-03-31": "", "2016-12-31": "", "2016-09-30": "", "2016-06-30": "", "2016-03-31": "", "2015-12-31": "", "2015-09-30": "", "2015-06-30": "0.00000", "2014-09-30": "", "2013-09-30": ""}, "Income From Continuous Operations": {"2020-12-31": "87.00000", "2020-09-30": "122.00000", "2020-06-30": "59.00000", "2020-03-31": "63.00000", "2019-12-31": "73.00000", "2019-09-30": "27.00000", "2019-06-30": "65.00000", "2019-03-31": "63.00000", "2018-12-31": "53.00000", "2018-09-30": "45.00000", "2018-06-30": "64.00000", "2018-03-31": "67.00000", "2017-12-31": "-10.00000", "2017-09-30": "105.00000", "2017-06-30": "56.00000", "2017-03-31": "71.00000", "2016-12-31": "72.00000", "2016-09-30": "65.00000", "2016-06-30": "75.00000", "2016-03-31": "68.00000", "2015-12-31": "65.00000", "2015-09-30": "", "2015-06-30": "0.00000", "2014-09-30": "", "2013-09-30": ""}, "Income From Discontinued Operations": {"2020-12-31": "", "2020-09-30": "", "2020-06-30": "", "2020-03-31": "", "2019-12-31": "", "2019-09-30": "", "2019-06-30": "", "2019-03-31": "", "2018-12-31": "", "2018-09-30": "", "2018-06-30": "", "2018-03-31": "", "2017-12-31": "", "2017-09-30": "", "2017-06-30": "", "2017-03-31": "", "2016-12-31": "", "2016-09-30": "", "2016-06-30": "", "2016-03-31": "", "2015-12-31": "", "2015-09-30": "", "2015-06-30": "0.00000", "2014-09-30": "", "2013-09-30": ""}, "Net Income": {"2020-12-31": "87.00000", "2020-09-30": "122.00000", "2020-06-30": "59.00000", "2020-03-31": "63.00000", "2019-12-31": "73.00000", "2019-09-30": "27.00000", "2019-06-30": "65.00000", "2019-03-31": "63.00000", "2018-12-31": "53.00000", "2018-09-30": "45.00000", "2018-06-30": "64.00000", "2018-03-31": "67.00000", "2017-12-31": "-10.00000", "2017-09-30": "105.00000", "2017-06-30": "56.00000", "2017-03-31": "71.00000", "2016-12-31": "72.00000", "2016-09-30": "65.00000", "2016-06-30": "75.00000", "2016-03-31": "68.00000", "2015-12-31": "65.00000", "2015-09-30": "", "2015-06-30": "", "2014-09-30": "", "2013-09-30": ""}, "EBITDA": {"2020-12-31": "145.00000", "2020-09-30": "194.00000", "2020-06-30": "105.00000", "2020-03-31": "132.00000", "2019-12-31": "120.00000", "2019-09-30": "131.00000", "2019-06-30": "117.00000", "2019-03-31": "110.00000", "2018-12-31": "101.00000", "2018-09-30": "118.00000", "2018-06-30": "117.00000", "2018-03-31": "114.00000", "2017-12-31": "100.00000", "2017-09-30": "123.00000", "2017-06-30": "99.00000", "2017-03-31": "110.00000", "2016-12-31": "104.00000", "2016-09-30": "96.00000", "2016-06-30": "123.00000", "2016-03-31": "114.00000", "2015-12-31": "105.00000", "2015-09-30": "", "2015-06-30": "", "2014-09-30": "", "2013-09-30": ""}, "EBIT": {"2020-12-31": "124.00000", "2020-09-30": "176.00000", "2020-06-30": "88.00000", "2020-03-31": "117.00000", "2019-12-31": "104.00000", "2019-09-30": "113.00000", "2019-06-30": "102.00000", "2019-03-31": "96.00000", "2018-12-31": "87.00000", "2018-09-30": "105.00000", "2018-06-30": "102.00000", "2018-03-31": "100.00000", "2017-12-31": "88.00000", "2017-09-30": "113.00000", "2017-06-30": "87.00000", "2017-03-31": "100.00000", "2016-12-31": "94.00000", "2016-09-30": "83.00000", "2016-06-30": "113.00000", "2016-03-31": "104.00000", "2015-12-31": "96.00000", "2015-09-30": "", "2015-06-30": "", "2014-09-30": "", "2013-09-30": ""}, "Basic Shares Outstanding": {"2020-12-31": "185.00000", "2020-09-30": "187.00000", "2020-06-30": "186.00000", "2020-03-31": "188.00000", "2019-12-31": "189.00000", "2019-09-30": "189.00000", "2019-06-30": "189.00000", "2019-03-31": "189.00000", "2018-12-31": "188.00000", "2018-09-30": "197.00000", "2018-06-30": "195.00000", "2018-03-31": "200.00000", "2017-12-31": "202.00000", "2017-09-30": "204.00000", "2017-06-30": "204.00000", "2017-03-31": "205.00000", "2016-12-31": "205.00000", "2016-09-30": "170.00000", "2016-06-30": "170.00000", "2016-03-31": "205.00000", "2015-12-31": "205.00000", "2015-09-30": "", "2015-06-30": "", "2014-09-30": "", "2013-09-30": ""}, "Shares Outstanding": {"2020-12-31": "186.00000", "2020-09-30": "188.00000", "2020-06-30": "186.00000", "2020-03-31": "188.00000", "2019-12-31": "189.00000", "2019-09-30": "189.00000", "2019-06-30": "189.00000", "2019-03-31": "189.00000", "2018-12-31": "189.00000", "2018-09-30": "197.00000", "2018-06-30": "196.00000", "2018-03-31": "200.00000", "2017-12-31": "202.00000", "2017-09-30": "204.00000", "2017-06-30": "204.00000", "2017-03-31": "205.00000", "2016-12-31": "205.00000", "2016-09-30": "170.00000", "2016-06-30": "170.00000", "2016-03-31": "205.00000", "2015-12-31": "205.00000", "2015-09-30": "", "2015-06-30": "", "2014-09-30": "", "2013-09-30": ""}, "Basic EPS": {"2020-12-31": "0.47000", "2020-09-30": "0.66000", "2020-06-30": "0.32000", "2020-03-31": "0.33000", "2019-12-31": "0.39000", "2019-09-30": "0.15000", "2019-06-30": "0.34000", "2019-03-31": "0.33000", "2018-12-31": "0.28000", "2018-09-30": "0.23000", "2018-06-30": "0.33000", "2018-03-31": "0.33000", "2017-12-31": "-0.05000", "2017-09-30": "0.52000", "2017-06-30": "0.27000", "2017-03-31": "0.35000", "2016-12-31": "0.35000", "2016-09-30": "0.51000", "2016-06-30": "0.44000", "2016-03-31": "0.33000", "2015-12-31": "0.32000", "2015-09-30": "", "2015-06-30": "", "2014-09-30": "", "2013-09-30": ""}, "EPS - Earnings Per Share": {"2020-12-31": "0.47000", "2020-09-30": "0.65000", "2020-06-30": "0.32000", "2020-03-31": "0.33000", "2019-12-31": "0.39000", "2019-09-30": "0.15000", "2019-06-30": "0.34000", "2019-03-31": "0.33000", "2018-12-31": "0.28000", "2018-09-30": "0.23000", "2018-06-30": "0.33000", "2018-03-31": "0.33000", "2017-12-31": "-0.05000", "2017-09-30": "0.52000", "2017-06-30": "0.27000", "2017-03-31": "0.35000", "2016-12-31": "0.35000", "2016-09-30": "0.51000", "2016-06-30": "0.44000", "2016-03-31": "0.33000", "2015-12-31": "0.32000", "2015-09-30": "0.00000", "2015-06-30": "0.00000", "2014-09-30": "0.00000", "2013-09-30": "0.00000"}}, "balance sheet": {"Cash On Hand": {"2020-09-30": "760.00000", "2019-09-30": "159.00000", "2018-09-30": "96.00000", "2017-09-30": "201.00000", "2016-09-30": "172.00000", "2015-09-30": "", "2014-09-30": "", "2013-09-30": ""}, "Receivables": {"2020-09-30": "433.00000", "2019-09-30": "401.00000", "2018-09-30": "409.00000", "2017-09-30": "385.00000", "2016-09-30": "363.00000", "2015-09-30": "335.00000", "2014-09-30": "388.00000", "2013-09-30": ""}, "Inventory": {"2020-09-30": "199.00000", "2019-09-30": "194.00000", "2018-09-30": "176.00000", "2017-09-30": "175.00000", "2016-09-30": "139.00000", "2015-09-30": "125.00000", "2014-09-30": "133.00000", "2013-09-30": ""}, "Pre-Paid Expenses": {"2020-09-30": "46.00000", "2019-09-30": "43.00000", "2018-09-30": "44.00000", "2017-09-30": "", "2016-09-30": "", "2015-09-30": "", "2014-09-30": "", "2013-09-30": ""}, "Other Current Assets": {"2020-09-30": "", "2019-09-30": "", "2018-09-30": "", "2017-09-30": "29.00000", "2016-09-30": "56.00000", "2015-09-30": "17.00000", "2014-09-30": "23.70000", "2013-09-30": ""}, "Total Current Assets": {"2020-09-30": "1438.00000", "2019-09-30": "797.00000", "2018-09-30": "725.00000", "2017-09-30": "790.00000", "2016-09-30": "730.00000", "2015-09-30": "477.00000", "2014-09-30": "544.70000", "2013-09-30": ""}, "Property, Plant, And Equipment": {"2020-09-30": "613.00000", "2019-09-30": "498.00000", "2018-09-30": "420.00000", "2017-09-30": "391.00000", "2016-09-30": "324.00000", "2015-09-30": "254.00000", "2014-09-30": "272.40000", "2013-09-30": ""}, "Long-Term Investments": {"2020-09-30": "44.00000", "2019-09-30": "34.00000", "2018-09-30": "31.00000", "2017-09-30": "30.00000", "2016-09-30": "26.00000", "2015-09-30": "29.00000", "2014-09-30": "44.00000", "2013-09-30": ""}, "Goodwill And Intangible Assets": {"2020-09-30": "529.00000", "2019-09-30": "504.00000", "2018-09-30": "448.00000", "2017-09-30": "335.00000", "2016-09-30": "267.00000", "2015-09-30": "171.00000", "2014-09-30": "174.30000", "2013-09-30": "0.00000"}, "Other Long-Term Assets": {"2020-09-30": "132.00000", "2019-09-30": "108.00000", "2018-09-30": "92.00000", "2017-09-30": "88.00000", "2016-09-30": "89.00000", "2015-09-30": "39.00000", "2014-09-30": "47.10000", "2013-09-30": ""}, "Total Long-Term Assets": {"2020-09-30": "1613.00000", "2019-09-30": "1267.00000", "2018-09-30": "1129.00000", "2017-09-30": "1125.00000", "2016-09-30": "1095.00000", "2015-09-30": "501.00000", "2014-09-30": "537.80000", "2013-09-30": ""}, "Total Assets": {"2020-09-30": "3051.00000", "2019-09-30": "2064.00000", "2018-09-30": "1854.00000", "2017-09-30": "1915.00000", "2016-09-30": "1825.00000", "2015-09-30": "978.00000", "2014-09-30": "1082.50000", "2013-09-30": "0.00000"}, "Total Current Liabilities": {"2020-09-30": "444.00000", "2019-09-30": "423.00000", "2018-09-30": "411.00000", "2017-09-30": "478.00000", "2016-09-30": "400.00000", "2015-09-30": "299.00000", "2014-09-30": "293.50000", "2013-09-30": ""}, "Long Term Debt": {"2020-09-30": "1962.00000", "2019-09-30": "1327.00000", "2018-09-30": "1292.00000", "2017-09-30": "1034.00000", "2016-09-30": "724.00000", "2015-09-30": "", "2014-09-30": "", "2013-09-30": ""}, "Other Non-Current Liabilities": {"2020-09-30": "173.00000", "2019-09-30": "185.00000", "2018-09-30": "176.00000", "2017-09-30": "178.00000", "2016-09-30": "143.00000", "2015-09-30": "25.00000", "2014-09-30": "31.20000", "2013-09-30": ""}, "Total Long Term Liabilities": {"2020-09-30": "2683.00000", "2019-09-30": "1899.00000", "2018-09-30": "1801.00000", "2017-09-30": "1554.00000", "2016-09-30": "1755.00000", "2015-09-30": "62.00000", "2014-09-30": "64.20000", "2013-09-30": ""}, "Total Liabilities": {"2020-09-30": "3127.00000", "2019-09-30": "2322.00000", "2018-09-30": "2212.00000", "2017-09-30": "2032.00000", "2016-09-30": "2155.00000", "2015-09-30": "361.00000", "2014-09-30": "357.70000", "2013-09-30": "0.00000"}, "Common Stock Net": {"2020-09-30": "2.00000", "2019-09-30": "2.00000", "2018-09-30": "2.00000", "2017-09-30": "2.00000", "2016-09-30": "2.00000", "2015-09-30": "", "2014-09-30": "751.40000", "2013-09-30": "0.00000"}, "Retained Earnings (Accumulated Deficit)": {"2020-09-30": "-110.00000", "2019-09-30": "-284.00000", "2018-09-30": "-399.00000", "2017-09-30": "-167.00000", "2016-09-30": "", "2015-09-30": "", "2014-09-30": "", "2013-09-30": ""}, "Comprehensive Income": {"2020-09-30": "8.00000", "2019-09-30": "11.00000", "2018-09-30": "32.00000", "2017-09-30": "43.00000", "2016-09-30": "-3.00000", "2015-09-30": "-61.00000", "2014-09-30": "-26.60000", "2013-09-30": ""}, "Other Share Holders Equity": {"2020-09-30": "", "2019-09-30": "", "2018-09-30": "", "2017-09-30": "", "2016-09-30": "-1039.00000", "2015-09-30": "678.00000", "2014-09-30": "", "2013-09-30": "0.00000"}, "Share Holder Equity": {"2020-09-30": "-76.00000", "2019-09-30": "-258.00000", "2018-09-30": "-358.00000", "2017-09-30": "-117.00000", "2016-09-30": "-330.00000", "2015-09-30": "617.00000", "2014-09-30": "724.80000", "2013-09-30": "0.00000"}, "Total Liabilities And Share Holders Equity": {"2020-09-30": "3051.00000", "2019-09-30": "2064.00000", "2018-09-30": "1854.00000", "2017-09-30": "1915.00000", "2016-09-30": "1825.00000", "2015-09-30": "978.00000", "2014-09-30": "1082.50000", "2013-09-30": "0.00000"}}, "balance sheet, quarterly": {"Cash On Hand": {"2020-12-31": "527.00000", "2020-09-30": "760.00000", "2020-06-30": "751.00000", "2020-03-31": "774.00000", "2019-12-31": "162.00000", "2019-09-30": "159.00000", "2019-06-30": "126.00000", "2019-03-31": "114.00000", "2018-12-31": "99.00000", "2018-09-30": "96.00000", "2018-06-30": "107.00000", "2018-03-31": "127.00000", "2017-12-31": "115.00000", "2017-09-30": "201.00000", "2017-06-30": "132.00000", "2017-03-31": "135.00000", "2016-12-31": "236.00000", "2016-09-30": "172.00000", "2016-06-30": "", "2016-03-31": "", "2015-12-31": "", "2015-09-30": "", "2015-06-30": "", "2014-09-30": "", "2013-09-30": ""}, "Receivables": {"2020-12-31": "430.00000", "2020-09-30": "433.00000", "2020-06-30": "396.00000", "2020-03-31": "352.00000", "2019-12-31": "395.00000", "2019-09-30": "401.00000", "2019-06-30": "423.00000", "2019-03-31": "368.00000", "2018-12-31": "331.00000", "2018-09-30": "409.00000", "2018-06-30": "461.00000", "2018-03-31": "435.00000", "2017-12-31": "418.00000", "2017-09-30": "385.00000", "2017-06-30": "403.00000", "2017-03-31": "405.00000", "2016-12-31": "353.00000", "2016-09-30": "363.00000", "2016-06-30": "338.30000", "2016-03-31": "", "2015-12-31": "", "2015-09-30": "", "2015-06-30": "", "2014-09-30": "388.00000", "2013-09-30": ""}, "Inventory": {"2020-12-31": "213.00000", "2020-09-30": "199.00000", "2020-06-30": "189.00000", "2020-03-31": "209.00000", "2019-12-31": "194.00000", "2019-09-30": "194.00000", "2019-06-30": "200.00000", "2019-03-31": "192.00000", "2018-12-31": "200.00000", "2018-09-30": "176.00000", "2018-06-30": "196.00000", "2018-03-31": "194.00000", "2017-12-31": "170.00000", "2017-09-30": "175.00000", "2017-06-30": "181.00000", "2017-03-31": "156.00000", "2016-12-31": "141.00000", "2016-09-30": "139.00000", "2016-06-30": "136.40000", "2016-03-31": "", "2015-12-31": "", "2015-09-30": "", "2015-06-30": "", "2014-09-30": "133.00000", "2013-09-30": ""}, "Pre-Paid Expenses": {"2020-12-31": "44.00000", "2020-09-30": "46.00000", "2020-06-30": "43.00000", "2020-03-31": "49.00000", "2019-12-31": "43.00000", "2019-09-30": "43.00000", "2019-06-30": "52.00000", "2019-03-31": "59.00000", "2018-12-31": "38.00000", "2018-09-30": "44.00000", "2018-06-30": "", "2018-03-31": "", "2017-12-31": "", "2017-09-30": "", "2017-06-30": "", "2017-03-31": "", "2016-12-31": "", "2016-09-30": "", "2016-06-30": "", "2016-03-31": "", "2015-12-31": "", "2015-09-30": "", "2015-06-30": "", "2014-09-30": "", "2013-09-30": ""}, "Other Current Assets": {"2020-12-31": "", "2020-09-30": "", "2020-06-30": "", "2020-03-31": "", "2019-12-31": "", "2019-09-30": "", "2019-06-30": "", "2019-03-31": "", "2018-12-31": "", "2018-09-30": "", "2018-06-30": "26.00000", "2018-03-31": "39.00000", "2017-12-31": "32.00000", "2017-09-30": "29.00000", "2017-06-30": "32.00000", "2017-03-31": "36.00000", "2016-12-31": "29.00000", "2016-09-30": "56.00000", "2016-06-30": "21.60000", "2016-03-31": "", "2015-12-31": "", "2015-09-30": "", "2015-06-30": "", "2014-09-30": "23.70000", "2013-09-30": ""}, "Total Current Assets": {"2020-12-31": "1214.00000", "2020-09-30": "1438.00000", "2020-06-30": "1379.00000", "2020-03-31": "1384.00000", "2019-12-31": "794.00000", "2019-09-30": "797.00000", "2019-06-30": "801.00000", "2019-03-31": "733.00000", "2018-12-31": "668.00000", "2018-09-30": "725.00000", "2018-06-30": "790.00000", "2018-03-31": "795.00000", "2017-12-31": "735.00000", "2017-09-30": "790.00000", "2017-06-30": "748.00000", "2017-03-31": "732.00000", "2016-12-31": "759.00000", "2016-09-30": "730.00000", "2016-06-30": "496.30000", "2016-03-31": "", "2015-12-31": "", "2015-09-30": "", "2015-06-30": "", "2014-09-30": "544.70000", "2013-09-30": ""}, "Property, Plant, And Equipment": {"2020-12-31": "713.00000", "2020-09-30": "613.00000", "2020-06-30": "559.00000", "2020-03-31": "509.00000", "2019-12-31": "479.00000", "2019-09-30": "498.00000", "2019-06-30": "455.00000", "2019-03-31": "441.00000", "2018-12-31": "428.00000", "2018-09-30": "420.00000", "2018-06-30": "399.00000", "2018-03-31": "390.00000", "2017-12-31": "384.00000", "2017-09-30": "391.00000", "2017-06-30": "369.00000", "2017-03-31": "349.00000", "2016-12-31": "331.00000", "2016-09-30": "324.00000", "2016-06-30": "280.10000", "2016-03-31": "", "2015-12-31": "", "2015-09-30": "", "2015-06-30": "", "2014-09-30": "663.00000", "2013-09-30": ""}, "Long-Term Investments": {"2020-12-31": "46.00000", "2020-09-30": "44.00000", "2020-06-30": "39.00000", "2020-03-31": "37.00000", "2019-12-31": "39.00000", "2019-09-30": "34.00000", "2019-06-30": "35.00000", "2019-03-31": "34.00000", "2018-12-31": "32.00000", "2018-09-30": "31.00000", "2018-06-30": "33.00000", "2018-03-31": "34.00000", "2017-12-31": "33.00000", "2017-09-30": "30.00000", "2017-06-30": "29.00000", "2017-03-31": "30.00000", "2016-12-31": "30.00000", "2016-09-30": "26.00000", "2016-06-30": "29.50000", "2016-03-31": "", "2015-12-31": "", "2015-09-30": "", "2015-06-30": "", "2014-09-30": "44.00000", "2013-09-30": ""}, "Goodwill And Intangible Assets": {"2020-12-31": "739.00000", "2020-09-30": "529.00000", "2020-06-30": "510.00000", "2020-03-31": "503.00000", "2019-12-31": "507.00000", "2019-09-30": "504.00000", "2019-06-30": "490.00000", "2019-03-31": "478.00000", "2018-12-31": "473.00000", "2018-09-30": "448.00000", "2018-06-30": "398.00000", "2018-03-31": "396.00000", "2017-12-31": "393.00000", "2017-09-30": "335.00000", "2017-06-30": "334.00000", "2017-03-31": "317.00000", "2016-12-31": "270.00000", "2016-09-30": "267.00000", "2016-06-30": "258.70000", "2016-03-31": "0.00000", "2015-12-31": "0.00000", "2015-09-30": "", "2015-06-30": "0.00000", "2014-09-30": "174.30000", "2013-09-30": "0.00000"}, "Other Long-Term Assets": {"2020-12-31": "123.00000", "2020-09-30": "132.00000", "2020-06-30": "133.00000", "2020-03-31": "131.00000", "2019-12-31": "109.00000", "2019-09-30": "108.00000", "2019-06-30": "106.00000", "2019-03-31": "103.00000", "2018-12-31": "97.00000", "2018-09-30": "92.00000", "2018-06-30": "82.00000", "2018-03-31": "83.00000", "2017-12-31": "86.00000", "2017-09-30": "88.00000", "2017-06-30": "86.00000", "2017-03-31": "86.00000", "2016-12-31": "89.00000", "2016-09-30": "89.00000", "2016-06-30": "53.40000", "2016-03-31": "", "2015-12-31": "", "2015-09-30": "", "2015-06-30": "", "2014-09-30": "47.10000", "2013-09-30": ""}, "Total Long-Term Assets": {"2020-12-31": "1942.00000", "2020-09-30": "1613.00000", "2020-06-30": "1584.00000", "2020-03-31": "1533.00000", "2019-12-31": "1503.00000", "2019-09-30": "1267.00000", "2019-06-30": "1199.00000", "2019-03-31": "1181.00000", "2018-12-31": "1164.00000", "2018-09-30": "1129.00000", "2018-06-30": "1059.00000", "2018-03-31": "1074.00000", "2017-12-31": "1092.00000", "2017-09-30": "1125.00000", "2017-06-30": "1212.00000", "2017-03-31": "1175.00000", "2016-12-31": "1106.00000", "2016-09-30": "1095.00000", "2016-06-30": "621.70000", "2016-03-31": "", "2015-12-31": "", "2015-09-30": "", "2015-06-30": "", "2014-09-30": "928.40000", "2013-09-30": ""}, "Total Assets": {"2020-12-31": "3156.00000", "2020-09-30": "3051.00000", "2020-06-30": "2963.00000", "2020-03-31": "2917.00000", "2019-12-31": "2297.00000", "2019-09-30": "2064.00000", "2019-06-30": "2000.00000", "2019-03-31": "1914.00000", "2018-12-31": "1832.00000", "2018-09-30": "1854.00000", "2018-06-30": "1849.00000", "2018-03-31": "1869.00000", "2017-12-31": "1827.00000", "2017-09-30": "1915.00000", "2017-06-30": "1960.00000", "2017-03-31": "1907.00000", "2016-12-31": "1865.00000", "2016-09-30": "1825.00000", "2016-06-30": "1118.00000", "2016-03-31": "0.00000", "2015-12-31": "0.00000", "2015-09-30": "0.00000", "2015-06-30": "0.00000", "2014-09-30": "1082.50000", "2013-09-30": "0.00000"}, "Total Current Liabilities": {"2020-12-31": "506.00000", "2020-09-30": "444.00000", "2020-06-30": "432.00000", "2020-03-31": "401.00000", "2019-12-31": "421.00000", "2019-09-30": "423.00000", "2019-06-30": "412.00000", "2019-03-31": "390.00000", "2018-12-31": "380.00000", "2018-09-30": "411.00000", "2018-06-30": "425.00000", "2018-03-31": "415.00000", "2017-12-31": "368.00000", "2017-09-30": "478.00000", "2017-06-30": "521.00000", "2017-03-31": "471.00000", "2016-12-31": "493.00000", "2016-09-30": "400.00000", "2016-06-30": "295.30000", "2016-03-31": "", "2015-12-31": "", "2015-09-30": "", "2015-06-30": "", "2014-09-30": "293.50000", "2013-09-30": ""}, "Long Term Debt": {"2020-12-31": "1887.00000", "2020-09-30": "1962.00000", "2020-06-30": "1953.00000", "2020-03-31": "2003.00000", "2019-12-31": "1320.00000", "2019-09-30": "1327.00000", "2019-06-30": "1334.00000", "2019-03-31": "1318.00000", "2018-12-31": "1291.00000", "2018-09-30": "1292.00000", "2018-06-30": "1231.00000", "2018-03-31": "1183.00000", "2017-12-31": "1147.00000", "2017-09-30": "1034.00000", "2017-06-30": "643.00000", "2017-03-31": "646.00000", "2016-12-31": "650.00000", "2016-09-30": "724.00000", "2016-06-30": "", "2016-03-31": "", "2015-12-31": "", "2015-09-30": "", "2015-06-30": "", "2014-09-30": "", "2013-09-30": ""}, "Other Non-Current Liabilities": {"2020-12-31": "255.00000", "2020-09-30": "173.00000", "2020-06-30": "185.00000", "2020-03-31": "163.00000", "2019-12-31": "152.00000", "2019-09-30": "185.00000", "2019-06-30": "184.00000", "2019-03-31": "179.00000", "2018-12-31": "174.00000", "2018-09-30": "176.00000", "2018-06-30": "178.00000", "2018-03-31": "181.00000", "2017-12-31": "175.00000", "2017-09-30": "178.00000", "2017-06-30": "186.00000", "2017-03-31": "173.00000", "2016-12-31": "152.00000", "2016-09-30": "143.00000", "2016-06-30": "47.60000", "2016-03-31": "", "2015-12-31": "", "2015-09-30": "", "2015-06-30": "", "2014-09-30": "46.00000", "2013-09-30": ""}, "Total Long Term Liabilities": {"2020-12-31": "2705.00000", "2020-09-30": "2683.00000", "2020-06-30": "2719.00000", "2020-03-31": "2753.00000", "2019-12-31": "2072.00000", "2019-09-30": "1899.00000", "2019-06-30": "1840.00000", "2019-03-31": "1822.00000", "2018-12-31": "1795.00000", "2018-09-30": "1801.00000", "2018-06-30": "1712.00000", "2018-03-31": "1680.00000", "2017-12-31": "1653.00000", "2017-09-30": "1554.00000", "2017-06-30": "1642.00000", "2017-03-31": "1654.00000", "2016-12-31": "1658.00000", "2016-09-30": "1755.00000", "2016-06-30": "82.70000", "2016-03-31": "", "2015-12-31": "", "2015-09-30": "", "2015-06-30": "", "2014-09-30": "64.20000", "2013-09-30": ""}, "Total Liabilities": {"2020-12-31": "3211.00000", "2020-09-30": "3127.00000", "2020-06-30": "3151.00000", "2020-03-31": "3154.00000", "2019-12-31": "2493.00000", "2019-09-30": "2322.00000", "2019-06-30": "2252.00000", "2019-03-31": "2212.00000", "2018-12-31": "2175.00000", "2018-09-30": "2212.00000", "2018-06-30": "2137.00000", "2018-03-31": "2095.00000", "2017-12-31": "2021.00000", "2017-09-30": "2032.00000", "2017-06-30": "2163.00000", "2017-03-31": "2125.00000", "2016-12-31": "2151.00000", "2016-09-30": "2155.00000", "2016-06-30": "378.00000", "2016-03-31": "0.00000", "2015-12-31": "0.00000", "2015-09-30": "", "2015-06-30": "0.00000", "2014-09-30": "357.70000", "2013-09-30": "0.00000"}, "Common Stock Net": {"2020-12-31": "2.00000", "2020-09-30": "2.00000", "2020-06-30": "2.00000", "2020-03-31": "2.00000", "2019-12-31": "2.00000", "2019-09-30": "2.00000", "2019-06-30": "2.00000", "2019-03-31": "2.00000", "2018-12-31": "2.00000", "2018-09-30": "2.00000", "2018-06-30": "2.00000", "2018-03-31": "2.00000", "2017-12-31": "2.00000", "2017-09-30": "2.00000", "2017-06-30": "2.00000", "2017-03-31": "2.00000", "2016-12-31": "2.00000", "2016-09-30": "2.00000", "2016-06-30": "804.00000", "2016-03-31": "0.00000", "2015-12-31": "0.00000", "2015-09-30": "", "2015-06-30": "0.00000", "2014-09-30": "751.40000", "2013-09-30": "0.00000"}, "Retained Earnings (Accumulated Deficit)": {"2020-12-31": "-106.00000", "2020-09-30": "-110.00000", "2020-06-30": "-211.00000", "2020-03-31": "-249.00000", "2019-12-31": "-231.00000", "2019-09-30": "-284.00000", "2019-06-30": "-291.00000", "2019-03-31": "-336.00000", "2018-12-31": "-379.00000", "2018-09-30": "-399.00000", "2018-06-30": "-323.00000", "2018-03-31": "-274.00000", "2017-12-31": "-238.00000", "2017-09-30": "-167.00000", "2017-06-30": "-207.00000", "2017-03-31": "123.00000", "2016-12-31": "62.00000", "2016-09-30": "", "2016-06-30": "", "2016-03-31": "", "2015-12-31": "", "2015-09-30": "", "2015-06-30": "", "2014-09-30": "", "2013-09-30": ""}, "Comprehensive Income": {"2020-12-31": "24.00000", "2020-09-30": "8.00000", "2020-06-30": "1.00000", "2020-03-31": "-6.00000", "2019-12-31": "17.00000", "2019-09-30": "11.00000", "2019-06-30": "24.00000", "2019-03-31": "26.00000", "2018-12-31": "26.00000", "2018-09-30": "32.00000", "2018-06-30": "27.00000", "2018-03-31": "43.00000", "2017-12-31": "42.00000", "2017-09-30": "43.00000", "2017-06-30": "", "2017-03-31": "-4.00000", "2016-12-31": "-8.00000", "2016-09-30": "-3.00000", "2016-06-30": "-64.00000", "2016-03-31": "", "2015-12-31": "", "2015-09-30": "", "2015-06-30": "", "2014-09-30": "", "2013-09-30": ""}, "Other Share Holders Equity": {"2020-12-31": "", "2020-09-30": "", "2020-06-30": "", "2020-03-31": "", "2019-12-31": "", "2019-09-30": "", "2019-06-30": "", "2019-03-31": "", "2018-12-31": "", "2018-09-30": "", "2018-06-30": "", "2018-03-31": "", "2017-12-31": "", "2017-09-30": "", "2017-06-30": "", "2017-03-31": "-1049.00000", "2016-12-31": "-1052.00000", "2016-09-30": "-1039.00000", "2016-06-30": "", "2016-03-31": "0.00000", "2015-12-31": "0.00000", "2015-09-30": "", "2015-06-30": "0.00000", "2014-09-30": "-26.60000", "2013-09-30": "0.00000"}, "Share Holder Equity": {"2020-12-31": "-55.00000", "2020-09-30": "-76.00000", "2020-06-30": "-188.00000", "2020-03-31": "-237.00000", "2019-12-31": "-196.00000", "2019-09-30": "-258.00000", "2019-06-30": "-252.00000", "2019-03-31": "-298.00000", "2018-12-31": "-343.00000", "2018-09-30": "-358.00000", "2018-06-30": "-288.00000", "2018-03-31": "-226.00000", "2017-12-31": "-194.00000", "2017-09-30": "-117.00000", "2017-06-30": "-203.00000", "2017-03-31": "-218.00000", "2016-12-31": "-286.00000", "2016-09-30": "-330.00000", "2016-06-30": "740.00000", "2016-03-31": "0.00000", "2015-12-31": "0.00000", "2015-09-30": "", "2015-06-30": "0.00000", "2014-09-30": "724.80000", "2013-09-30": "0.00000"}, "Total Liabilities And Share Holders Equity": {"2020-12-31": "3156.00000", "2020-09-30": "3051.00000", "2020-06-30": "2963.00000", "2020-03-31": "2917.00000", "2019-12-31": "2297.00000", "2019-09-30": "2064.00000", "2019-06-30": "2000.00000", "2019-03-31": "1914.00000", "2018-12-31": "1832.00000", "2018-09-30": "1854.00000", "2018-06-30": "1849.00000", "2018-03-31": "1869.00000", "2017-12-31": "1827.00000", "2017-09-30": "1915.00000", "2017-06-30": "1960.00000", "2017-03-31": "1907.00000", "2016-12-31": "1865.00000", "2016-09-30": "1825.00000", "2016-06-30": "1118.00000", "2016-03-31": "0.00000", "2015-12-31": "0.00000", "2015-09-30": "", "2015-06-30": "0.00000", "2014-09-30": "1082.50000", "2013-09-30": "0.00000"}}, "cash flow statement": {"Net Income/Loss": {"2020-09-30": "317.00000", "2019-09-30": "208.00000", "2018-09-30": "166.00000", "2017-09-30": "304.00000", "2016-09-30": "273.00000", "2015-09-30": "196.00000", "2014-09-30": "173.00000", "2013-09-30": "246.10000"}, "Total Depreciation And Amortization - Cash Flow": {"2020-09-30": "66.00000", "2019-09-30": "61.00000", "2018-09-30": "54.00000", "2017-09-30": "42.00000", "2016-09-30": "42.00000", "2015-09-30": "38.00000", "2014-09-30": "37.00000", "2013-09-30": "35.70000"}, "Other Non-Cash Items": {"2020-09-30": "84.00000", "2019-09-30": "76.00000", "2018-09-30": "175.00000", "2017-09-30": "-355.00000", "2016-09-30": "-26.00000", "2015-09-30": "39.00000", "2014-09-30": "-18.00000", "2013-09-30": "30.10000"}, "Total Non-Cash Items": {"2020-09-30": "150.00000", "2019-09-30": "137.00000", "2018-09-30": "229.00000", "2017-09-30": "-313.00000", "2016-09-30": "16.00000", "2015-09-30": "77.00000", "2014-09-30": "19.00000", "2013-09-30": "65.80000"}, "Change In Accounts Receivable": {"2020-09-30": "-11.00000", "2019-09-30": "-30.00000", "2018-09-30": "-38.00000", "2017-09-30": "-22.00000", "2016-09-30": "-17.00000", "2015-09-30": "53.00000", "2014-09-30": "-31.00000", "2013-09-30": "-1.30000"}, "Change In Inventories": {"2020-09-30": "", "2019-09-30": "", "2018-09-30": "", "2017-09-30": "-35.00000", "2016-09-30": "-4.00000", "2015-09-30": "-6.00000", "2014-09-30": "8.00000", "2013-09-30": "-18.90000"}, "Change In Accounts Payable": {"2020-09-30": "", "2019-09-30": "", "2018-09-30": "", "2017-09-30": "", "2016-09-30": "", "2015-09-30": "2.00000", "2014-09-30": "-8.00000", "2013-09-30": "12.00000"}, "Change In Assets/Liabilities": {"2020-09-30": "-81.00000", "2019-09-30": "-27.00000", "2018-09-30": "-35.00000", "2017-09-30": "-64.00000", "2016-09-30": "38.00000", "2015-09-30": "8.00000", "2014-09-30": "20.00000", "2013-09-30": "-39.60000"}, "Total Change In Assets/Liabilities": {"2020-09-30": "-95.00000", "2019-09-30": "-20.00000", "2018-09-30": "-75.00000", "2017-09-30": "-121.00000", "2016-09-30": "22.00000", "2015-09-30": "57.00000", "2014-09-30": "-22.00000", "2013-09-30": "-39.00000"}, "Cash Flow From Operating Activities": {"2020-09-30": "372.00000", "2019-09-30": "325.00000", "2018-09-30": "320.00000", "2017-09-30": "-130.00000", "2016-09-30": "311.00000", "2015-09-30": "330.00000", "2014-09-30": "170.00000", "2013-09-30": "272.90000"}, "Net Change In Property, Plant, And Equipment": {"2020-09-30": "-151.00000", "2019-09-30": "-108.00000", "2018-09-30": "-93.00000", "2017-09-30": "-68.00000", "2016-09-30": "-66.00000", "2015-09-30": "-44.00000", "2014-09-30": "-36.00000", "2013-09-30": "-40.40000"}, "Net Change In Intangible Assets": {"2020-09-30": "", "2019-09-30": "", "2018-09-30": "", "2017-09-30": "", "2016-09-30": "", "2015-09-30": "", "2014-09-30": "", "2013-09-30": ""}, "Net Acquisitions/Divestitures": {"2020-09-30": "-40.00000", "2019-09-30": "-78.00000", "2018-09-30": "-125.00000", "2017-09-30": "-68.00000", "2016-09-30": "-83.00000", "2015-09-30": "18.00000", "2014-09-30": "-2.00000", "2013-09-30": "-0.20000"}, "Net Change In Short-term Investments": {"2020-09-30": "", "2019-09-30": "", "2018-09-30": "", "2017-09-30": "", "2016-09-30": "", "2015-09-30": "", "2014-09-30": "", "2013-09-30": ""}, "Net Change In Long-Term Investments": {"2020-09-30": "", "2019-09-30": "", "2018-09-30": "", "2017-09-30": "", "2016-09-30": "", "2015-09-30": "", "2014-09-30": "", "2013-09-30": ""}, "Net Change In Investments - Total": {"2020-09-30": "", "2019-09-30": "", "2018-09-30": "", "2017-09-30": "", "2016-09-30": "", "2015-09-30": "", "2014-09-30": "", "2013-09-30": ""}, "Investing Activities - Other": {"2020-09-30": "-31.00000", "2019-09-30": "-2.00000", "2018-09-30": "5.00000", "2017-09-30": "1.00000", "2016-09-30": "1.00000", "2015-09-30": "", "2014-09-30": "", "2013-09-30": ""}, "Cash Flow From Investing Activities": {"2020-09-30": "-222.00000", "2019-09-30": "-188.00000", "2018-09-30": "-213.00000", "2017-09-30": "-135.00000", "2016-09-30": "-148.00000", "2015-09-30": "-26.00000", "2014-09-30": "-38.00000", "2013-09-30": "-40.60000"}, "Net Long-Term Debt": {"2020-09-30": "629.00000", "2019-09-30": "18.00000", "2018-09-30": "197.00000", "2017-09-30": "380.00000", "2016-09-30": "735.00000", "2015-09-30": "", "2014-09-30": "", "2013-09-30": ""}, "Net Current Debt": {"2020-09-30": "", "2019-09-30": "", "2018-09-30": "", "2017-09-30": "", "2016-09-30": "", "2015-09-30": "", "2014-09-30": "", "2013-09-30": ""}, "Debt Issuance/Retirement Net - Total": {"2020-09-30": "629.00000", "2019-09-30": "18.00000", "2018-09-30": "197.00000", "2017-09-30": "380.00000", "2016-09-30": "735.00000", "2015-09-30": "", "2014-09-30": "", "2013-09-30": ""}, "Net Common Equity Issued/Repurchased": {"2020-09-30": "-60.00000", "2019-09-30": "", "2018-09-30": "-325.00000", "2017-09-30": "-45.00000", "2016-09-30": "-785.00000", "2015-09-30": "-304.00000", "2014-09-30": "", "2013-09-30": "-232.30000"}, "Net Total Equity Issued/Repurchased": {"2020-09-30": "-60.00000", "2019-09-30": "", "2018-09-30": "-325.00000", "2017-09-30": "-45.00000", "2016-09-30": "-785.00000", "2015-09-30": "-304.00000", "2014-09-30": "", "2013-09-30": "-232.30000"}, "Total Common And Preferred Stock Dividends Paid": {"2020-09-30": "-84.00000", "2019-09-30": "-80.00000", "2018-09-30": "-58.00000", "2017-09-30": "-40.00000", "2016-09-30": "", "2015-09-30": "", "2014-09-30": "", "2013-09-30": ""}, "Financial Activities - Other": {"2020-09-30": "-35.00000", "2019-09-30": "-9.00000", "2018-09-30": "-23.00000", "2017-09-30": "", "2016-09-30": "60.00000", "2015-09-30": "", "2014-09-30": "-132.00000", "2013-09-30": ""}, "Cash Flow From Financial Activities": {"2020-09-30": "450.00000", "2019-09-30": "-71.00000", "2018-09-30": "-209.00000", "2017-09-30": "295.00000", "2016-09-30": "10.00000", "2015-09-30": "-304.00000", "2014-09-30": "-132.00000", "2013-09-30": "-232.30000"}, "Net Cash Flow": {"2020-09-30": "602.00000", "2019-09-30": "63.00000", "2018-09-30": "-105.00000", "2017-09-30": "29.00000", "2016-09-30": "172.00000", "2015-09-30": "", "2014-09-30": "", "2013-09-30": "0.00000"}, "Stock-Based Compensation": {"2020-09-30": "12.00000", "2019-09-30": "9.00000", "2018-09-30": "12.00000", "2017-09-30": "9.00000", "2016-09-30": "", "2015-09-30": "", "2014-09-30": "", "2013-09-30": ""}, "Common Stock Dividends Paid": {"2020-09-30": "-84.00000", "2019-09-30": "-80.00000", "2018-09-30": "-58.00000", "2017-09-30": "-40.00000", "2016-09-30": "", "2015-09-30": "", "2014-09-30": "", "2013-09-30": ""}}, "cash flow statement, quarterly": {"Net Income/Loss": {"2020-12-31": "87.00000", "2020-09-30": 122, "2020-06-30": 59, "2020-03-31": 63, "2019-12-31": "73.00000", "2019-09-30": 27, "2019-06-30": 65, "2019-03-31": 63, "2018-12-31": "53.00000", "2018-09-30": 45, "2018-06-30": 64, "2018-03-31": 67, "2017-12-31": "-10.00000", "2017-09-30": 105, "2017-06-30": 56, "2017-03-31": 71, "2016-12-31": "72.00000", "2016-09-30": 65, "2016-06-30": 75, "2016-03-31": 68, "2015-12-31": "65.00000", "2015-09-30": 33, "2015-06-30": -10.3, "2014-09-30": -72.7, "2013-09-30": 246.1}, "Total Depreciation And Amortization - Cash Flow": {"2020-12-31": "21.00000", "2020-09-30": 18, "2020-06-30": 17, "2020-03-31": 15, "2019-12-31": "16.00000", "2019-09-30": 18, "2019-06-30": 15, "2019-03-31": 14, "2018-12-31": "14.00000", "2018-09-30": 13, "2018-06-30": 15, "2018-03-31": 14, "2017-12-31": "12.00000", "2017-09-30": 10, "2017-06-30": 12, "2017-03-31": 10, "2016-12-31": "10.00000", "2016-09-30": 13, "2016-06-30": 10, "2016-03-31": 10, "2015-12-31": "9.00000", "2015-09-30": 10.1, "2015-06-30": -9.2, "2014-09-30": 1.4, "2013-09-30": 35.7}, "Other Non-Cash Items": {"2020-12-31": "2.00000", "2020-09-30": 65, "2020-06-30": 0, "2020-03-31": 19, "2019-12-31": "", "2019-09-30": 77, "2019-06-30": -3, "2019-03-31": 1, "2018-12-31": "1.00000", "2018-09-30": 112, "2018-06-30": 7, "2018-03-31": -28, "2017-12-31": "84.00000", "2017-09-30": -334, "2017-06-30": -2, "2017-03-31": -5, "2016-12-31": "-14.00000", "2016-09-30": -27, "2016-06-30": 1, "2016-03-31": 0, "2015-12-31": "", "2015-09-30": -45, "2015-06-30": 45, "2014-09-30": 0, "2013-09-30": 0}, "Total Non-Cash Items": {"2020-12-31": "23.00000", "2020-09-30": 83, "2020-06-30": 17, "2020-03-31": 34, "2019-12-31": "16.00000", "2019-09-30": 95, "2019-06-30": 12, "2019-03-31": 15, "2018-12-31": "15.00000", "2018-09-30": 125, "2018-06-30": 22, "2018-03-31": -14, "2017-12-31": "96.00000", "2017-09-30": -324, "2017-06-30": 10, "2017-03-31": 5, "2016-12-31": "-4.00000", "2016-09-30": -14, "2016-06-30": 11, "2016-03-31": 10, "2015-12-31": "9.00000", "2015-09-30": -34.9, "2015-06-30": 35.8, "2014-09-30": 1.4, "2013-09-30": 35.7}, "Change In Accounts Receivable": {"2020-12-31": "7.00000", "2020-09-30": -24, "2020-06-30": -31, "2020-03-31": 37, "2019-12-31": "7.00000", "2019-09-30": 18, "2019-06-30": -55, "2019-03-31": -36, "2018-12-31": "43.00000", "2018-09-30": 42, "2018-06-30": -30, "2018-03-31": -16, "2017-12-31": "-34.00000", "2017-09-30": 17, "2017-06-30": 3, "2017-03-31": -52, "2016-12-31": "10.00000", "2016-09-30": -14, "2016-06-30": 12, "2016-03-31": -28, "2015-12-31": "13.00000", "2015-09-30": -30.1, "2015-06-30": 30.1, "2014-09-30": 0, "2013-09-30": 0}, "Change In Inventories": {"2020-12-31": "-4.00000", "2020-09-30": -3, "2020-06-30": 23, "2020-03-31": -24, "2019-12-31": "4.00000", "2019-09-30": 11, "2019-06-30": -7, "2019-03-31": 9, "2018-12-31": "-13.00000", "2018-09-30": 23, "2018-06-30": -7, "2018-03-31": -23, "2017-12-31": "7.00000", "2017-09-30": 6, "2017-06-30": -24, "2017-03-31": -15, "2016-12-31": "-2.00000", "2016-09-30": 6, "2016-06-30": 7, "2016-03-31": -15, "2015-12-31": "-2.00000", "2015-09-30": 5.1, "2015-06-30": -5.1, "2014-09-30": 0, "2013-09-30": 0}, "Change In Accounts Payable": {"2020-12-31": "", "2020-09-30": 0, "2020-06-30": 0, "2020-03-31": 0, "2019-12-31": "", "2019-09-30": 0, "2019-06-30": 0, "2019-03-31": 0, "2018-12-31": "", "2018-09-30": 0, "2018-06-30": 0, "2018-03-31": 0, "2017-12-31": "", "2017-09-30": 0, "2017-06-30": 0, "2017-03-31": 0, "2016-12-31": "", "2016-09-30": 14, "2016-06-30": -4, "2016-03-31": 27, "2015-12-31": "-37.00000", "2015-09-30": 5.8, "2015-06-30": -5.8, "2014-09-30": 0, "2013-09-30": 0}, "Change In Assets/Liabilities": {"2020-12-31": "6.00000", "2020-09-30": -84, "2020-06-30": 19, "2020-03-31": -22, "2019-12-31": "6.00000", "2019-09-30": -43, "2019-06-30": 18, "2019-03-31": -8, "2018-12-31": "6.00000", "2018-09-30": -82, "2018-06-30": 14, "2018-03-31": 32, "2017-12-31": "1.00000", "2017-09-30": -48, "2017-06-30": -10, "2017-03-31": 5, "2016-12-31": "-11.00000", "2016-09-30": 63, "2016-06-30": -6, "2016-03-31": -11, "2015-12-31": "-8.00000", "2015-09-30": 2.6, "2015-06-30": -2.6, "2014-09-30": 0, "2013-09-30": 0}, "Total Change In Assets/Liabilities": {"2020-12-31": "-31.00000", "2020-09-30": -104, "2020-06-30": 41, "2020-03-31": -2, "2019-12-31": "-30.00000", "2019-09-30": -11, "2019-06-30": 3, "2019-03-31": -29, "2018-12-31": "17.00000", "2018-09-30": -31, "2018-06-30": -13, "2018-03-31": 35, "2017-12-31": "-66.00000", "2017-09-30": -68, "2017-06-30": 21, "2017-03-31": -94, "2016-12-31": "20.00000", "2016-09-30": 74, "2016-06-30": 9, "2016-03-31": -27, "2015-12-31": "-34.00000", "2015-09-30": 23.9, "2015-06-30": 54.7, "2014-09-30": 16.8, "2013-09-30": -39}, "Cash Flow From Operating Activities": {"2020-12-31": "79.00000", "2020-09-30": 101, "2020-06-30": 117, "2020-03-31": 95, "2019-12-31": "59.00000", "2019-09-30": 111, "2019-06-30": 80, "2019-03-31": 49, "2018-12-31": "85.00000", "2018-09-30": 139, "2018-06-30": 73, "2018-03-31": 88, "2017-12-31": "20.00000", "2017-09-30": -287, "2017-06-30": 87, "2017-03-31": -18, "2016-12-31": "88.00000", "2016-09-30": 125, "2016-06-30": 95, "2016-03-31": 51, "2015-12-31": "40.00000", "2015-09-30": 61.3, "2015-06-30": 97.9, "2014-09-30": -102.3, "2013-09-30": 272.9}, "Net Change In Property, Plant, And Equipment": {"2020-12-31": "-35.00000", "2020-09-30": -57, "2020-06-30": -37, "2020-03-31": -29, "2019-12-31": "-28.00000", "2019-09-30": -35, "2019-06-30": -25, "2019-03-31": -21, "2018-12-31": "-27.00000", "2018-09-30": -42, "2018-06-30": -21, "2018-03-31": -16, "2017-12-31": "-14.00000", "2017-09-30": -25, "2017-06-30": -16, "2017-03-31": -18, "2016-12-31": "-9.00000", "2016-09-30": -35, "2016-06-30": -17, "2016-03-31": -9, "2015-12-31": "-5.00000", "2015-09-30": -18.7, "2015-06-30": 11, "2014-09-30": 4, "2013-09-30": -40.4}, "Net Change In Intangible Assets": {"2020-12-31": "", "2020-09-30": 0, "2020-06-30": 0, "2020-03-31": 0, "2019-12-31": "", "2019-09-30": 0, "2019-06-30": 0, "2019-03-31": 0, "2018-12-31": "", "2018-09-30": 0, "2018-06-30": 0, "2018-03-31": 0, "2017-12-31": "", "2017-09-30": 0, "2017-06-30": 0, "2017-03-31": 0, "2016-12-31": "", "2016-09-30": 0, "2016-06-30": 0, "2016-03-31": 0, "2015-12-31": "", "2015-09-30": 0, "2015-06-30": 0, "2014-09-30": 0, "2013-09-30": 0}, "Net Acquisitions/Divestitures": {"2020-12-31": "-218.00000", "2020-09-30": -22, "2020-06-30": -7, "2020-03-31": -5, "2019-12-31": "-6.00000", "2019-09-30": -28, "2019-06-30": -15, "2019-03-31": -5, "2018-12-31": "-30.00000", "2018-09-30": -54, "2018-06-30": -4, "2018-03-31": -7, "2017-12-31": "-60.00000", "2017-09-30": -2, "2017-06-30": -18, "2017-03-31": -48, "2016-12-31": "", "2016-09-30": -13, "2016-06-30": -3, "2016-03-31": -63, "2015-12-31": "-4.00000", "2015-09-30": -1.1, "2015-06-30": 21.1, "2014-09-30": -1.7, "2013-09-30": -0.2}, "Net Change In Short-term Investments": {"2020-12-31": "", "2020-09-30": 0, "2020-06-30": 0, "2020-03-31": 0, "2019-12-31": "", "2019-09-30": 0, "2019-06-30": 0, "2019-03-31": 0, "2018-12-31": "", "2018-09-30": 0, "2018-06-30": 0, "2018-03-31": 0, "2017-12-31": "", "2017-09-30": 0, "2017-06-30": 0, "2017-03-31": 0, "2016-12-31": "", "2016-09-30": 0, "2016-06-30": 0, "2016-03-31": 0, "2015-12-31": "", "2015-09-30": 0, "2015-06-30": 0, "2014-09-30": 0, "2013-09-30": 0}, "Net Change In Long-Term Investments": {"2020-12-31": "", "2020-09-30": 0, "2020-06-30": 0, "2020-03-31": 0, "2019-12-31": "", "2019-09-30": 0, "2019-06-30": 0, "2019-03-31": 0, "2018-12-31": "", "2018-09-30": 0, "2018-06-30": 0, "2018-03-31": 0, "2017-12-31": "", "2017-09-30": 0, "2017-06-30": 0, "2017-03-31": 0, "2016-12-31": "", "2016-09-30": 0, "2016-06-30": 0, "2016-03-31": 0, "2015-12-31": "", "2015-09-30": 0, "2015-06-30": 0, "2014-09-30": 0, "2013-09-30": 0}, "Net Change In Investments - Total": {"2020-12-31": "", "2020-09-30": 0, "2020-06-30": 0, "2020-03-31": 0, "2019-12-31": "", "2019-09-30": 0, "2019-06-30": 0, "2019-03-31": 0, "2018-12-31": "", "2018-09-30": 0, "2018-06-30": 0, "2018-03-31": 0, "2017-12-31": "", "2017-09-30": 0, "2017-06-30": 0, "2017-03-31": 0, "2016-12-31": "", "2016-09-30": 0, "2016-06-30": 0, "2016-03-31": 0, "2015-12-31": "", "2015-09-30": 0, "2015-06-30": 0, "2014-09-30": 0, "2013-09-30": 0}, "Investing Activities - Other": {"2020-12-31": "8.00000", "2020-09-30": 0, "2020-06-30": -28, "2020-03-31": -2, "2019-12-31": "-1.00000", "2019-09-30": -1, "2019-06-30": 1, "2019-03-31": -3, "2018-12-31": "1.00000", "2018-09-30": 0, "2018-06-30": -1, "2018-03-31": 6, "2017-12-31": "", "2017-09-30": 1, "2017-06-30": 1, "2017-03-31": 0, "2016-12-31": "-1.00000", "2016-09-30": 1, "2016-06-30": 0, "2016-03-31": 0, "2015-12-31": "", "2015-09-30": 0, "2015-06-30": 0, "2014-09-30": 0, "2013-09-30": 0}, "Cash Flow From Investing Activities": {"2020-12-31": "-245.00000", "2020-09-30": -79, "2020-06-30": -72, "2020-03-31": -36, "2019-12-31": "-35.00000", "2019-09-30": -64, "2019-06-30": -39, "2019-03-31": -29, "2018-12-31": "-56.00000", "2018-09-30": -96, "2018-06-30": -26, "2018-03-31": -17, "2017-12-31": "-74.00000", "2017-09-30": -26, "2017-06-30": -33, "2017-03-31": -66, "2016-12-31": "-10.00000", "2016-09-30": -47, "2016-06-30": -20, "2016-03-31": -72, "2015-12-31": "-9.00000", "2015-09-30": -19.8, "2015-06-30": 32.1, "2014-09-30": 2.3, "2013-09-30": -40.6}, "Net Long-Term Debt": {"2020-12-31": "11.00000", "2020-09-30": 7, "2020-06-30": -35, "2020-03-31": 657, "2019-12-31": "", "2019-09-30": 0, "2019-06-30": -7, "2019-03-31": 26, "2018-12-31": "-1.00000", "2018-09-30": 66, "2018-06-30": 51, "2018-03-31": 40, "2017-12-31": "40.00000", "2017-09-30": 392, "2017-06-30": -4, "2017-03-31": -4, "2016-12-31": "-4.00000", "2016-09-30": 735, "2016-06-30": 0, "2016-03-31": 0, "2015-12-31": "", "2015-09-30": 0, "2015-06-30": 0, "2014-09-30": 0, "2013-09-30": 0}, "Net Current Debt": {"2020-12-31": "", "2020-09-30": 0, "2020-06-30": 0, "2020-03-31": 0, "2019-12-31": "", "2019-09-30": 0, "2019-06-30": 0, "2019-03-31": 0, "2018-12-31": "", "2018-09-30": 0, "2018-06-30": 0, "2018-03-31": 0, "2017-12-31": "", "2017-09-30": 0, "2017-06-30": 0, "2017-03-31": 0, "2016-12-31": "", "2016-09-30": 0, "2016-06-30": 0, "2016-03-31": 0, "2015-12-31": "", "2015-09-30": 0, "2015-06-30": 0, "2014-09-30": 0, "2013-09-30": 0}, "Debt Issuance/Retirement Net - Total": {"2020-12-31": "11.00000", "2020-09-30": 7, "2020-06-30": -35, "2020-03-31": 657, "2019-12-31": "", "2019-09-30": 0, "2019-06-30": -7, "2019-03-31": 26, "2018-12-31": "-1.00000", "2018-09-30": 66, "2018-06-30": 51, "2018-03-31": 40, "2017-12-31": "40.00000", "2017-09-30": 392, "2017-06-30": -4, "2017-03-31": -4, "2016-12-31": "-4.00000", "2016-09-30": 735, "2016-06-30": 0, "2016-03-31": 0, "2015-12-31": "", "2015-09-30": 0, "2015-06-30": 0, "2014-09-30": 0, "2013-09-30": 0}, "Net Common Equity Issued/Repurchased": {"2020-12-31": "-58.00000", "2020-09-30": 0, "2020-06-30": 0, "2020-03-31": -60, "2019-12-31": "", "2019-09-30": 0, "2019-06-30": 0, "2019-03-31": 0, "2018-12-31": "", "2018-09-30": -105, "2018-06-30": -97, "2018-03-31": -86, "2017-12-31": "-37.00000", "2017-09-30": 0, "2017-06-30": -43, "2017-03-31": -2, "2016-12-31": "", "2016-09-30": -700, "2016-06-30": -85, "2016-03-31": 31, "2015-12-31": "-31.00000", "2015-09-30": 262.3, "2015-06-30": -262.3, "2014-09-30": 0, "2013-09-30": 0}, "Net Total Equity Issued/Repurchased": {"2020-12-31": "-58.00000", "2020-09-30": 0, "2020-06-30": 0, "2020-03-31": -60, "2019-12-31": "", "2019-09-30": 0, "2019-06-30": 0, "2019-03-31": 0, "2018-12-31": "", "2018-09-30": -105, "2018-06-30": -97, "2018-03-31": -86, "2017-12-31": "-37.00000", "2017-09-30": 0, "2017-06-30": -43, "2017-03-31": -2, "2016-12-31": "", "2016-09-30": -700, "2016-06-30": -85, "2016-03-31": 31, "2015-12-31": "-31.00000", "2015-09-30": -41.5, "2015-06-30": -130, "2014-09-30": 100, "2013-09-30": -232.3}, "Total Common And Preferred Stock Dividends Paid": {"2020-12-31": "-23.00000", "2020-09-30": -21, "2020-06-30": -21, "2020-03-31": -21, "2019-12-31": "-21.00000", "2019-09-30": -20, "2019-06-30": -20, "2019-03-31": -20, "2018-12-31": "-20.00000", "2018-09-30": -13, "2018-06-30": -15, "2018-03-31": -15, "2017-12-31": "-15.00000", "2017-09-30": -10, "2017-06-30": -10, "2017-03-31": -10, "2016-12-31": "-10.00000", "2016-09-30": 0, "2016-06-30": 0, "2016-03-31": 0, "2015-12-31": "", "2015-09-30": 0, "2015-06-30": 0, "2014-09-30": 0, "2013-09-30": 0}, "Financial Activities - Other": {"2020-12-31": "-3.00000", "2020-09-30": -1, "2020-06-30": -16, "2020-03-31": -16, "2019-12-31": "-2.00000", "2019-09-30": -2, "2019-06-30": -2, "2019-03-31": -1, "2018-12-31": "-4.00000", "2018-09-30": -2, "2018-06-30": -1, "2018-03-31": -1, "2017-12-31": "-19.00000", "2017-09-30": 0, "2017-06-30": 0, "2017-03-31": 2, "2016-12-31": "-2.00000", "2016-09-30": 60, "2016-06-30": 10, "2016-03-31": -10, "2015-12-31": "", "2015-09-30": 0, "2015-06-30": 0, "2014-09-30": 0, "2013-09-30": 0}, "Cash Flow From Financial Activities": {"2020-12-31": "-73.00000", "2020-09-30": -15, "2020-06-30": -72, "2020-03-31": 560, "2019-12-31": "-23.00000", "2019-09-30": -22, "2019-06-30": -29, "2019-03-31": 5, "2018-12-31": "-25.00000", "2018-09-30": -54, "2018-06-30": -62, "2018-03-31": -62, "2017-12-31": "-31.00000", "2017-09-30": 382, "2017-06-30": -57, "2017-03-31": -14, "2016-12-31": "-16.00000", "2016-09-30": 95, "2016-06-30": -75, "2016-03-31": 21, "2015-12-31": "-31.00000", "2015-09-30": -41.5, "2015-06-30": -130, "2014-09-30": 100, "2013-09-30": -232.3}, "Net Cash Flow": {"2020-12-31": "-233.00000", "2020-09-30": 10, "2020-06-30": -24, "2020-03-31": 612, "2019-12-31": "4.00000", "2019-09-30": 22, "2019-06-30": 12, "2019-03-31": 26, "2018-12-31": "3.00000", "2018-09-30": -11, "2018-06-30": -20, "2018-03-31": 12, "2017-12-31": "-86.00000", "2017-09-30": 69, "2017-06-30": -3, "2017-03-31": -101, "2016-12-31": "64.00000", "2016-09-30": 172, "2016-06-30": 0, "2016-03-31": 0, "2015-12-31": "", "2015-09-30": 0, "2015-06-30": 0, "2014-09-30": 0, "2013-09-30": 0}, "Stock-Based Compensation": {"2020-12-31": "3.00000", "2020-09-30": 4, "2020-06-30": 5, "2020-03-31": -1, "2019-12-31": "4.00000", "2019-09-30": 1, "2019-06-30": 3, "2019-03-31": 2, "2018-12-31": "3.00000", "2018-09-30": 2, "2018-06-30": 3, "2018-03-31": 3, "2017-12-31": "4.00000", "2017-09-30": 3, "2017-06-30": 3, "2017-03-31": 2, "2016-12-31": "1.00000", "2016-09-30": 0, "2016-06-30": 0, "2016-03-31": 0, "2015-12-31": "", "2015-09-30": 0, "2015-06-30": 0, "2014-09-30": 0, "2013-09-30": 0}, "Common Stock Dividends Paid": {"2020-12-31": "-23.00000", "2020-09-30": -21, "2020-06-30": -21, "2020-03-31": -21, "2019-12-31": "-21.00000", "2019-09-30": -20, "2019-06-30": -20, "2019-03-31": -20, "2018-12-31": "-20.00000", "2018-09-30": -13, "2018-06-30": -15, "2018-03-31": -15, "2017-12-31": "-15.00000", "2017-09-30": -10, "2017-06-30": -10, "2017-03-31": -10, "2016-12-31": "-10.00000", "2016-09-30": 0, "2016-06-30": 0, "2016-03-31": 0, "2015-12-31": "", "2015-09-30": 0, "2015-06-30": 0, "2014-09-30": 0, "2013-09-30": 0}}, "financial ratios": {"Current Ratio": {"2020-09-30": "3.23870", "2019-09-30": "1.88420", "2018-09-30": "1.76400", "2017-09-30": "1.65270", "2016-09-30": "1.82500", "2015-09-30": "1.59530", "2014-09-30": "1.85590", "2013-09-30": ""}, "Long-term Debt / Capital": {"2020-09-30": "1.04030", "2019-09-30": "1.24130", "2018-09-30": "1.38330", "2017-09-30": "1.12760", "2016-09-30": "1.83760", "2015-09-30": "", "2014-09-30": "", "2013-09-30": ""}, "Debt/Equity Ratio": {"2020-09-30": "-25.81580", "2019-09-30": "-5.20160", "2018-09-30": "-3.69270", "2017-09-30": "-9.60680", "2016-09-30": "-2.25150", "2015-09-30": "", "2014-09-30": "", "2013-09-30": ""}, "Gross Margin": {"2020-09-30": "36.67660", "2019-09-30": "33.89120", "2018-09-30": "35.27350", "2017-09-30": "37.23610", "2016-09-30": "38.77660", "2015-09-30": "34.82460", "2014-09-30": "30.96520", "2013-09-30": "32.95760"}, "Operating Margin": {"2020-09-30": "20.61200", "2019-09-30": "16.65270", "2018-09-30": "17.28670", "2017-09-30": "18.90600", "2016-09-30": "20.52880", "2015-09-30": "16.42100", "2014-09-30": "12.93480", "2013-09-30": "19.06620"}, "EBIT Margin": {"2020-09-30": "20.61200", "2019-09-30": "16.65270", "2018-09-30": "17.28670", "2017-09-30": "18.90600", "2016-09-30": "20.52880", "2015-09-30": "16.42100", "2014-09-30": "12.93480", "2013-09-30": "19.06620"}, "EBITDA Margin": {"2020-09-30": "23.41690", "2019-09-30": "19.20500", "2018-09-30": "19.64990", "2017-09-30": "20.92130", "2016-09-30": "22.70610", "2015-09-30": "18.35280", "2014-09-30": "14.74770", "2013-09-30": "20.85460"}, "Pre-Tax Profit Margin": {"2020-09-30": "19.16700", "2019-09-30": "11.08790", "2018-09-30": "14.52950", "2017-09-30": "23.51250", "2016-09-30": "21.82480", "2015-09-30": "15.09910", "2014-09-30": "12.93480", "2013-09-30": "19.06620"}, "Net Profit Margin": {"2020-09-30": "13.47220", "2019-09-30": "8.70290", "2018-09-30": "7.26480", "2017-09-30": "14.58730", "2016-09-30": "14.15240", "2015-09-30": "9.96440", "2014-09-30": "8.47620", "2013-09-30": "12.32840"}, "Asset Turnover": {"2020-09-30": "0.77120", "2019-09-30": "1.15790", "2018-09-30": "1.23250", "2017-09-30": "1.08830", "2016-09-30": "1.05700", "2015-09-30": "2.01120", "2014-09-30": "1.88550", "2013-09-30": ""}, "Inventory Turnover Ratio": {"2020-09-30": "7.48740", "2019-09-30": "8.14430", "2018-09-30": "8.40340", "2017-09-30": "7.47430", "2016-09-30": "8.49640", "2015-09-30": "10.25600", "2014-09-30": "10.59400", "2013-09-30": ""}, "Receiveable Turnover": {"2020-09-30": "5.43420", "2019-09-30": "5.96010", "2018-09-30": "5.58680", "2017-09-30": "5.41300", "2016-09-30": "5.31410", "2015-09-30": "5.87160", "2014-09-30": "5.26030", "2013-09-30": ""}, "Days Sales In Receivables": {"2020-09-30": "67.16740", "2019-09-30": "61.24060", "2018-09-30": "65.33260", "2017-09-30": "67.43040", "2016-09-30": "68.68580", "2015-09-30": "62.16320", "2014-09-30": "69.38760", "2013-09-30": ""}, "ROE - Return On Equity": {"2020-09-30": "-417.10530", "2019-09-30": "-80.62020", "2018-09-30": "-46.36870", "2017-09-30": "-259.82910", "2016-09-30": "-82.72730", "2015-09-30": "31.76660", "2014-09-30": "23.86870", "2013-09-30": ""}, "Return On Tangible Equity": {"2020-09-30": "-52.39670", "2019-09-30": "-27.29660", "2018-09-30": "-20.59550", "2017-09-30": "-67.25660", "2016-09-30": "-45.72860", "2015-09-30": "43.94620", "2014-09-30": "31.42600", "2013-09-30": ""}, "ROA - Return On Assets": {"2020-09-30": "10.39000", "2019-09-30": "10.07750", "2018-09-30": "8.95360", "2017-09-30": "15.87470", "2016-09-30": "14.95890", "2015-09-30": "20.04090", "2014-09-30": "15.98150", "2013-09-30": ""}, "ROI - Return On Investment": {"2020-09-30": "16.80810", "2019-09-30": "19.45740", "2018-09-30": "17.77300", "2017-09-30": "33.15160", "2016-09-30": "69.28930", "2015-09-30": "31.76660", "2014-09-30": "23.86870", "2013-09-30": ""}, "Book Value Per Share": {"2020-09-30": "-0.41080", "2019-09-30": "-1.37230", "2018-09-30": "-1.90430", "2017-09-30": "-0.57640", "2016-09-30": "-1.60980", "2015-09-30": "", "2014-09-30": "", "2013-09-30": ""}, "Operating Cash Flow Per Share": {"2020-09-30": 0.2591, "2019-09-30": 0.0952, "2018-09-30": 2.2617, "2017-09-30": -2.4667, "2016-09-30": -0.1118, "2015-09-30": 1.1119, "2014-09-30": 0.8293, "2013-09-30": 0}, "Free Cash Flow Per Share": {"2020-09-30": 0.0274, "2019-09-30": -0.0042, "2018-09-30": 2.1229, "2017-09-30": -2.4118, "2016-09-30": -0.2412, "2015-09-30": 1.0287, "2014-09-30": 0.6537, "2013-09-30": 0}}, "financial ratios, quarterly": {"Current Ratio": {"2020-12-31": "2.39920", "2020-09-30": "3.23870", "2020-06-30": "3.19210", "2020-03-31": "3.45140", "2019-12-31": "1.88600", "2019-09-30": "1.88420", "2019-06-30": "1.94420", "2019-03-31": "1.87950", "2018-12-31": "1.75790", "2018-09-30": "1.76400", "2018-06-30": "1.85880", "2018-03-31": "1.91570", "2017-12-31": "1.99730", "2017-09-30": "1.65270", "2017-06-30": "1.43570", "2017-03-31": "1.55410", "2016-12-31": "1.53960", "2016-09-30": "1.82500", "2016-06-30": "1.68070", "2016-03-31": "", "2015-12-31": "", "2015-09-30": "", "2015-06-30": "", "2014-09-30": "", "2013-09-30": ""}, "Long-term Debt / Capital": {"2020-12-31": "1.03000", "2020-09-30": "1.04030", "2020-06-30": "1.10650", "2020-03-31": "1.13420", "2019-12-31": "1.17440", "2019-09-30": "1.24130", "2019-06-30": "1.23290", "2019-03-31": "1.29220", "2018-12-31": "1.36180", "2018-09-30": "1.38330", "2018-06-30": "1.30540", "2018-03-31": "1.23620", "2017-12-31": "1.20360", "2017-09-30": "1.12760", "2017-06-30": "1.46140", "2017-03-31": "1.50930", "2016-12-31": "1.78570", "2016-09-30": "1.83760", "2016-06-30": "", "2016-03-31": "", "2015-12-31": "", "2015-09-30": "", "2015-06-30": "", "2014-09-30": "", "2013-09-30": ""}, "Debt/Equity Ratio": {"2020-12-31": "-35.90910", "2020-09-30": "-25.81580", "2020-06-30": "-10.38830", "2020-03-31": "-8.45150", "2019-12-31": "-6.84690", "2019-09-30": "-5.20160", "2019-06-30": "-5.32140", "2019-03-31": "-4.52350", "2018-12-31": "-3.85130", "2018-09-30": "-3.69270", "2018-06-30": "-4.36460", "2018-03-31": "-5.33630", "2017-12-31": "-6.01030", "2017-09-30": "-9.60680", "2017-06-30": "-3.61080", "2017-03-31": "-3.38070", "2016-12-31": "-2.58740", "2016-09-30": "-2.25150", "2016-06-30": "", "2016-03-31": "", "2015-12-31": "", "2015-09-30": "", "2015-06-30": "", "2014-09-30": "", "2013-09-30": ""}, "Gross Margin": {"2020-12-31": "34.91580", "2020-09-30": "39.57060", "2020-06-30": "36.24030", "2020-03-31": "35.81320", "2019-12-31": "34.76110", "2019-09-30": "34.49920", "2019-06-30": "33.76840", "2019-03-31": "34.34860", "2018-12-31": "32.85460", "2018-09-30": "34.17510", "2018-06-30": "34.83540", "2018-03-31": "36.37960", "2017-12-31": "35.77980", "2017-09-30": "35.83180", "2017-06-30": "36.89140", "2017-03-31": "38.52140", "2016-12-31": "37.83230", "2016-09-30": "36.63970", "2016-06-30": "39.87980", "2016-03-31": "40.00000", "2015-12-31": "38.59650", "2015-09-30": "", "2015-06-30": "", "2014-09-30": "", "2013-09-30": ""}, "Operating Margin": {"2020-12-31": "18.98930", "2020-09-30": "26.99390", "2020-06-30": "17.05430", "2020-03-31": "20.24220", "2019-12-31": "17.13340", "2019-09-30": "17.96500", "2019-06-30": "16.63950", "2019-03-31": "16.24370", "2018-12-31": "15.61940", "2018-09-30": "17.67680", "2018-06-30": "17.67760", "2018-03-31": "17.57470", "2017-12-31": "16.14680", "2017-09-30": "20.65810", "2017-06-30": "16.29210", "2017-03-31": "19.45530", "2016-12-31": "19.22290", "2016-09-30": "16.80160", "2016-06-30": "22.64530", "2016-03-31": "21.66670", "2015-12-31": "21.05260", "2015-09-30": "", "2015-06-30": "", "2014-09-30": "", "2013-09-30": ""}, "EBIT Margin": {"2020-12-31": "18.98930", "2020-09-30": "26.99390", "2020-06-30": "17.05430", "2020-03-31": "20.24220", "2019-12-31": "17.13340", "2019-09-30": "17.96500", "2019-06-30": "16.63950", "2019-03-31": "16.24370", "2018-12-31": "15.61940", "2018-09-30": "17.67680", "2018-06-30": "17.67760", "2018-03-31": "17.57470", "2017-12-31": "16.14680", "2017-09-30": "20.65810", "2017-06-30": "16.29210", "2017-03-31": "19.45530", "2016-12-31": "19.22290", "2016-09-30": "16.80160", "2016-06-30": "22.64530", "2016-03-31": "21.66670", "2015-12-31": "21.05260", "2015-09-30": "", "2015-06-30": "", "2014-09-30": "", "2013-09-30": ""}, "EBITDA Margin": {"2020-12-31": "", "2020-09-30": "", "2020-06-30": "", "2020-03-31": "", "2019-12-31": "", "2019-09-30": "", "2019-06-30": "", "2019-03-31": "", "2018-12-31": "", "2018-09-30": "", "2018-06-30": "", "2018-03-31": "", "2017-12-31": "", "2017-09-30": "", "2017-06-30": "", "2017-03-31": "", "2016-12-31": "", "2016-09-30": "", "2016-06-30": "", "2016-03-31": "", "2015-12-31": "", "2015-09-30": "", "2015-06-30": "", "2014-09-30": "", "2013-09-30": ""}, "Pre-Tax Profit Margin": {"2020-12-31": "17.91730", "2020-09-30": "28.83440", "2020-06-30": "15.11630", "2020-03-31": "15.22490", "2019-12-31": "15.98020", "2019-09-30": "4.45150", "2019-06-30": "13.86620", "2019-03-31": "13.53640", "2018-12-31": "12.92640", "2018-09-30": "9.59600", "2018-06-30": "16.81110", "2018-03-31": "16.52020", "2017-12-31": "15.41280", "2017-09-30": "32.35830", "2017-06-30": "17.60300", "2017-03-31": "21.20620", "2016-12-31": "22.49490", "2016-09-30": "22.06480", "2016-06-30": "22.64530", "2016-03-31": "21.45830", "2015-12-31": "21.05260", "2015-09-30": "", "2015-06-30": "", "2014-09-30": "", "2013-09-30": ""}, "Net Profit Margin": {"2020-12-31": "13.32310", "2020-09-30": "18.71170", "2020-06-30": "11.43410", "2020-03-31": "10.89970", "2019-12-31": "12.02640", "2019-09-30": "4.29250", "2019-06-30": "10.60360", "2019-03-31": "10.65990", "2018-12-31": "9.51530", "2018-09-30": "7.57580", "2018-06-30": "11.09190", "2018-03-31": "11.77500", "2017-12-31": "-1.83490", "2017-09-30": "19.19560", "2017-06-30": "10.48690", "2017-03-31": "13.81320", "2016-12-31": "14.72390", "2016-09-30": "13.15790", "2016-06-30": "15.03010", "2016-03-31": "14.16670", "2015-12-31": "14.25440", "2015-09-30": "", "2015-06-30": "", "2014-09-30": "", "2013-09-30": ""}, "Asset Turnover": {"2020-12-31": "0.20690", "2020-09-30": "0.21370", "2020-06-30": "0.17410", "2020-03-31": "0.19810", "2019-12-31": "0.26430", "2019-09-30": "0.30470", "2019-06-30": "0.30650", "2019-03-31": "0.30880", "2018-12-31": "0.30400", "2018-09-30": "0.32040", "2018-06-30": "0.31210", "2018-03-31": "0.30440", "2017-12-31": "0.29830", "2017-09-30": "0.28560", "2017-06-30": "0.27240", "2017-03-31": "0.26950", "2016-12-31": "0.26220", "2016-09-30": "0.27070", "2016-06-30": "0.44630", "2016-03-31": "", "2015-12-31": "", "2015-09-30": "", "2015-06-30": "", "2014-09-30": "", "2013-09-30": ""}, "Inventory Turnover Ratio": {"2020-12-31": "1.99530", "2020-09-30": "1.97990", "2020-06-30": "1.74070", "2020-03-31": "1.77510", "2019-12-31": "2.04120", "2019-09-30": "2.12370", "2019-06-30": "2.03000", "2019-03-31": "2.02080", "2018-12-31": "1.87000", "2018-09-30": "2.22160", "2018-06-30": "1.91840", "2018-03-31": "1.86600", "2017-12-31": "2.05880", "2017-09-30": "2.00570", "2017-06-30": "1.86190", "2017-03-31": "2.02560", "2016-12-31": "2.15600", "2016-09-30": "2.25180", "2016-06-30": "2.19940", "2016-03-31": "", "2015-12-31": "", "2015-09-30": "", "2015-06-30": "", "2014-09-30": "", "2013-09-30": ""}, "Receiveable Turnover": {"2020-12-31": "1.51860", "2020-09-30": "1.50580", "2020-06-30": "1.30300", "2020-03-31": "1.64200", "2019-12-31": "1.53670", "2019-09-30": "1.56860", "2019-06-30": "1.44920", "2019-03-31": "1.60600", "2018-12-31": "1.68280", "2018-09-30": "1.45230", "2018-06-30": "1.25160", "2018-03-31": "1.30800", "2017-12-31": "1.30380", "2017-09-30": "1.42080", "2017-06-30": "1.32510", "2017-03-31": "1.26910", "2016-12-31": "1.38530", "2016-09-30": "1.36090", "2016-06-30": "1.47500", "2016-03-31": "", "2015-12-31": "", "2015-09-30": "", "2015-06-30": "", "2014-09-30": "", "2013-09-30": ""}, "Days Sales In Receivables": {"2020-12-31": "59.26490", "2020-09-30": "59.76990", "2020-06-30": "69.06980", "2020-03-31": "54.80970", "2019-12-31": "58.56670", "2019-09-30": "57.37680", "2019-06-30": "62.10440", "2019-03-31": "56.04060", "2018-12-31": "53.48290", "2018-09-30": "61.96970", "2018-06-30": "71.90640", "2018-03-31": "68.80490", "2017-12-31": "69.02750", "2017-09-30": "63.34550", "2017-06-30": "67.92140", "2017-03-31": "70.91440", "2016-12-31": "64.96930", "2016-09-30": "66.13360", "2016-06-30": "61.01600", "2016-03-31": "", "2015-12-31": "", "2015-09-30": "", "2015-06-30": "", "2014-09-30": "", "2013-09-30": ""}, "ROE - Return On Equity": {"2020-12-31": "-158.18180", "2020-09-30": "-160.52630", "2020-06-30": "-31.38300", "2020-03-31": "-26.58230", "2019-12-31": "-37.24490", "2019-09-30": "-10.46510", "2019-06-30": "-25.79370", "2019-03-31": "-21.14090", "2018-12-31": "-15.45190", "2018-09-30": "-12.56980", "2018-06-30": "-22.22220", "2018-03-31": "-29.64600", "2017-12-31": "5.15460", "2017-09-30": "-89.74360", "2017-06-30": "-27.58620", "2017-03-31": "-32.56880", "2016-12-31": "-25.17480", "2016-09-30": "-19.69700", "2016-06-30": "10.13510", "2016-03-31": "", "2015-12-31": "", "2015-09-30": "", "2015-06-30": "", "2014-09-30": "", "2013-09-30": ""}, "Return On Tangible Equity": {"2020-12-31": "-10.95720", "2020-09-30": "-20.16530", "2020-06-30": "-8.45270", "2020-03-31": "-8.51350", "2019-12-31": "-10.38410", "2019-09-30": "-3.54330", "2019-06-30": "-8.76010", "2019-03-31": "-8.11860", "2018-12-31": "-6.49510", "2018-09-30": "-5.58310", "2018-06-30": "-9.32940", "2018-03-31": "-10.77170", "2017-12-31": "1.70360", "2017-09-30": "-23.23010", "2017-06-30": "-10.42830", "2017-03-31": "-13.27100", "2016-12-31": "-12.94960", "2016-09-30": "-10.88780", "2016-06-30": "15.58280", "2016-03-31": "", "2015-12-31": "", "2015-09-30": "", "2015-06-30": "", "2014-09-30": "", "2013-09-30": ""}, "ROA - Return On Assets": {"2020-12-31": "2.75670", "2020-09-30": "3.99870", "2020-06-30": "1.99120", "2020-03-31": "2.15980", "2019-12-31": "3.17810", "2019-09-30": "1.30810", "2019-06-30": "3.25000", "2019-03-31": "3.29150", "2018-12-31": "2.89300", "2018-09-30": "2.42720", "2018-06-30": "3.46130", "2018-03-31": "3.58480", "2017-12-31": "-0.54730", "2017-09-30": "5.48300", "2017-06-30": "2.85710", "2017-03-31": "3.72310", "2016-12-31": "3.86060", "2016-09-30": "3.56160", "2016-06-30": "6.70840", "2016-03-31": "", "2015-12-31": "", "2015-09-30": "", "2015-06-30": "", "2014-09-30": "", "2013-09-30": ""}, "ROI - Return On Investment": {"2020-12-31": "4.74890", "2020-09-30": "6.46870", "2020-06-30": "3.34280", "2020-03-31": "3.56740", "2019-12-31": "6.49470", "2019-09-30": "2.52570", "2019-06-30": "6.00740", "2019-03-31": "6.17650", "2018-12-31": "5.59070", "2018-09-30": "4.81800", "2018-06-30": "6.78690", "2018-03-31": "7.00100", "2017-12-31": "-1.04930", "2017-09-30": "11.45040", "2017-06-30": "12.72730", "2017-03-31": "16.58880", "2016-12-31": "19.78020", "2016-09-30": "16.49750", "2016-06-30": "10.13510", "2016-03-31": "", "2015-12-31": "", "2015-09-30": "", "2015-06-30": "", "2014-09-30": "", "2013-09-30": ""}, "Book Value Per Share": {"2020-12-31": "-0.30050", "2020-09-30": "-0.41080", "2020-06-30": "-1.01620", "2020-03-31": "-1.28110", "2019-12-31": "-1.04260", "2019-09-30": "-1.37230", "2019-06-30": "-1.34040", "2019-03-31": "-1.58510", "2018-12-31": "-1.82450", "2018-09-30": "-1.90430", "2018-06-30": "-1.49220", "2018-03-31": "-1.14720", "2017-12-31": "-0.96520", "2017-09-30": "-0.57640", "2017-06-30": "-1.00000", "2017-03-31": "-1.06340", "2016-12-31": "-1.39510", "2016-09-30": "-1.60980", "2016-06-30": "3.70000", "2016-03-31": "", "2015-12-31": "", "2015-09-30": "", "2015-06-30": "", "2014-09-30": "", "2013-09-30": ""}, "Operating Cash Flow Per Share": {"2020-12-31": "0.42470", "2020-09-30": 0.5217, "2020-06-30": 0.6379, "2020-03-31": 0.5069, "2019-12-31": "0.31220", "2019-09-30": 0.5873, "2019-06-30": 0.4233, "2019-03-31": 0.2593, "2018-12-31": "0.44970", "2018-09-30": 0.7009, "2018-06-30": 0.3835, "2018-03-31": 0.441, "2017-12-31": "0.09900", "2017-09-30": -1.4069, "2017-06-30": 0.4281, "2017-03-31": -0.0878, "2016-12-31": "0.42930", "2016-09-30": 0.7353, "2016-06-30": 0.6502, "2016-03-31": 0.2488, "2015-12-31": "0.19510", "2015-09-30": 0, "2015-06-30": 0, "2014-09-30": 0, "2013-09-30": 0}, "Free Cash Flow Per Share": {"2020-12-31": "0.23660", "2020-09-30": 0.2239, "2020-06-30": 0.4356, "2020-03-31": 0.352, "2019-12-31": "0.16400", "2019-09-30": 0.4021, "2019-06-30": 0.291, "2019-03-31": 0.1481, "2018-12-31": "0.30690", "2018-09-30": 0.489, "2018-06-30": 0.2733, "2018-03-31": 0.3603, "2017-12-31": "0.02970", "2017-09-30": -1.5294, "2017-06-30": 0.349, "2017-03-31": -0.1756, "2016-12-31": "0.38540", "2016-09-30": 0.5294, "2016-06-30": 0.5362, "2016-03-31": 0.2049, "2015-12-31": "0.17070", "2015-09-30": 0, "2015-06-30": 0, "2014-09-30": 0, "2013-09-30": 0}}, "revenue": {"Valvoline Annual Revenue (Millions of US $)": {"2020": "$2,353", "2019": "$2,390", "2018": "$2,285", "2017": "$2,084", "2016": "$1,929", "2015": "$1,967", "2014": "$2,041", "2013": "$1,996"}, "Valvoline Quarterly Revenue (Millions of US $)": {"2020-12-31": "$653", "2020-09-30": "$652", "2020-06-30": "$516", "2020-03-31": "$578", "2019-12-31": "$607", "2019-09-30": "$629", "2019-06-30": "$613", "2019-03-31": "$591", "2018-12-31": "$557", "2018-09-30": "$594", "2018-06-30": "$577", "2018-03-31": "$569", "2017-12-31": "$545", "2017-09-30": "$547", "2017-06-30": "$534", "2017-03-31": "$514", "2016-12-31": "$489", "2016-09-30": "$494", "2016-06-30": "$499", "2016-03-31": "$480", "2015-12-31": "$456", "2015-09-30": "", "2015-06-30": "", "2014-09-30": "", "2013-09-30": ""}}, "gross-profit": {"Valvoline Annual Gross Profit (Millions of US $)": {"2020": "$863", "2019": "$810", "2018": "$806", "2017": "$776", "2016": "$748", "2015": "$685", "2014": "$632", "2013": "$658"}, "Valvoline Quarterly Gross Profit (Millions of US $)": {"2020-12-31": "$228", "2020-09-30": "$258", "2020-06-30": "$187", "2020-03-31": "$207", "2019-12-31": "$211", "2019-09-30": "$217", "2019-06-30": "$207", "2019-03-31": "$203", "2018-12-31": "$183", "2018-09-30": "$203", "2018-06-30": "$201", "2018-03-31": "$207", "2017-12-31": "$195", "2017-09-30": "$196", "2017-06-30": "$197", "2017-03-31": "$198", "2016-12-31": "$185", "2016-09-30": "$181", "2016-06-30": "$199", "2016-03-31": "$192", "2015-12-31": "$176", "2015-09-30": "", "2015-06-30": "", "2014-09-30": "", "2013-09-30": ""}}, "operating-income": {"Valvoline Annual Operating Income (Millions of US $)": {"2020": "$485", "2019": "$398", "2018": "$395", "2017": "$394", "2016": "$396", "2015": "$323", "2014": "$264", "2013": "$381"}, "Valvoline Quarterly Operating Income (Millions of US $)": {"2020-12-31": "$124", "2020-09-30": "$176", "2020-06-30": "$88", "2020-03-31": "$117", "2019-12-31": "$104", "2019-09-30": "$113", "2019-06-30": "$102", "2019-03-31": "$96", "2018-12-31": "$87", "2018-09-30": "$105", "2018-06-30": "$102", "2018-03-31": "$100", "2017-12-31": "$88", "2017-09-30": "$113", "2017-06-30": "$87", "2017-03-31": "$100", "2016-12-31": "$94", "2016-09-30": "$83", "2016-06-30": "$113", "2016-03-31": "$104", "2015-12-31": "$96", "2015-09-30": "", "2015-06-30": "", "2014-09-30": "", "2013-09-30": ""}}, "ebitda": {"Valvoline Annual EBITDA (Millions of US $)": {"2020": "$551", "2019": "$459", "2018": "$449", "2017": "$436", "2016": "$438", "2015": "$361", "2014": "$301", "2013": "$416"}, "Valvoline Quarterly EBITDA (Millions of US $)": {"2020-12-31": "$145", "2020-09-30": "$194", "2020-06-30": "$105", "2020-03-31": "$132", "2019-12-31": "$120", "2019-09-30": "$131", "2019-06-30": "$117", "2019-03-31": "$110", "2018-12-31": "$101", "2018-09-30": "$118", "2018-06-30": "$117", "2018-03-31": "$114", "2017-12-31": "$100", "2017-09-30": "$123", "2017-06-30": "$99", "2017-03-31": "$110", "2016-12-31": "$104", "2016-09-30": "$96", "2016-06-30": "$123", "2016-03-31": "$114", "2015-12-31": "$105", "2015-09-30": "", "2015-06-30": "", "2014-09-30": "", "2013-09-30": ""}}, "net-income": {"Valvoline Annual Net Income (Millions of US $)": {"2020": "$317", "2019": "$208", "2018": "$166", "2017": "$304", "2016": "$273", "2015": "$196", "2014": "$173", "2013": "$246"}, "Valvoline Quarterly Net Income (Millions of US $)": {"2020-12-31": "$87", "2020-09-30": "$122", "2020-06-30": "$59", "2020-03-31": "$63", "2019-12-31": "$73", "2019-09-30": "$27", "2019-06-30": "$65", "2019-03-31": "$63", "2018-12-31": "$53", "2018-09-30": "$45", "2018-06-30": "$64", "2018-03-31": "$67", "2017-12-31": "$-10", "2017-09-30": "$105", "2017-06-30": "$56", "2017-03-31": "$71", "2016-12-31": "$72", "2016-09-30": "$65", "2016-06-30": "$75", "2016-03-31": "$68", "2015-12-31": "$65", "2015-09-30": "", "2015-06-30": "", "2014-09-30": "", "2013-09-30": ""}}, "eps-earnings-per-share-diluted": {"Valvoline Annual EPS": {"2020": "$1.69", "2019": "$1.10", "2018": "$0.84", "2017": "$1.49", "2016": "$1.60", "2015": "$1.15", "2014": "$0.84", "2013": "$0.00"}, "Valvoline Quarterly EPS": {"2020-12-31": "$0.47", "2020-09-30": "$0.65", "2020-06-30": "$0.32", "2020-03-31": "$0.33", "2019-12-31": "$0.39", "2019-09-30": "$0.15", "2019-06-30": "$0.34", "2019-03-31": "$0.33", "2018-12-31": "$0.28", "2018-09-30": "$0.23", "2018-06-30": "$0.33", "2018-03-31": "$0.33", "2017-12-31": "$-0.05", "2017-09-30": "$0.52", "2017-06-30": "$0.27", "2017-03-31": "$0.35", "2016-12-31": "$0.35", "2016-09-30": "$0.51", "2016-06-30": "$0.44", "2016-03-31": "$0.33", "2015-12-31": "$0.32", "2015-09-30": "$0.00", "2015-06-30": "$0.00", "2014-09-30": "$0.00", "2013-09-30": "$0.00"}}, "shares-outstanding": {"Valvoline Annual Shares Outstanding (Millions of Shares)": {"2020": "188", "2019": "189", "2018": "197", "2017": "204", "2016": "170", "2015": "170", "2014": "205", "2013": ""}, "Valvoline Quarterly Shares Outstanding (Millions of Shares)": {"2020-12-31": "186", "2020-09-30": "188", "2020-06-30": "186", "2020-03-31": "188", "2019-12-31": "189", "2019-09-30": "189", "2019-06-30": "189", "2019-03-31": "189", "2018-12-31": "189", "2018-09-30": "197", "2018-06-30": "196", "2018-03-31": "200", "2017-12-31": "202", "2017-09-30": "204", "2017-06-30": "204", "2017-03-31": "205", "2016-12-31": "205", "2016-09-30": "170", "2016-06-30": "170", "2016-03-31": "205", "2015-12-31": "205", "2015-09-30": "", "2015-06-30": "", "2014-09-30": "", "2013-09-30": ""}}, "total-assets": {"Valvoline Annual Total Assets (Millions of US $)": {"2020": "$3,051", "2019": "$2,064", "2018": "$1,854", "2017": "$1,915", "2016": "$1,825", "2015": "$978", "2014": "$1,083", "2013": "$0"}, "Valvoline Quarterly Total Assets (Millions of US $)": {"2020-12-31": "$3,156", "2020-09-30": "$3,051", "2020-06-30": "$2,963", "2020-03-31": "$2,917", "2019-12-31": "$2,297", "2019-09-30": "$2,064", "2019-06-30": "$2,000", "2019-03-31": "$1,914", "2018-12-31": "$1,832", "2018-09-30": "$1,854", "2018-06-30": "$1,849", "2018-03-31": "$1,869", "2017-12-31": "$1,827", "2017-09-30": "$1,915", "2017-06-30": "$1,960", "2017-03-31": "$1,907", "2016-12-31": "$1,865", "2016-09-30": "$1,825", "2016-06-30": "$1,118", "2016-03-31": "$0", "2015-12-31": "$0", "2015-09-30": "$0", "2015-06-30": "$0", "2014-09-30": "$1,083", "2013-09-30": "$0"}}, "cash-on-hand": {"Valvoline Annual Cash on Hand (Millions of US $)": {"2020": "$760", "2019": "$159", "2018": "$96", "2017": "$201", "2016": "$172", "2015": "$", "2014": "$", "2013": "$"}, "Valvoline Quarterly Cash on Hand (Millions of US $)": {"2020-12-31": "$527", "2020-09-30": "$760", "2020-06-30": "$751", "2020-03-31": "$774", "2019-12-31": "$162", "2019-09-30": "$159", "2019-06-30": "$126", "2019-03-31": "$114", "2018-12-31": "$99", "2018-09-30": "$96", "2018-06-30": "$107", "2018-03-31": "$127", "2017-12-31": "$115", "2017-09-30": "$201", "2017-06-30": "$132", "2017-03-31": "$135", "2016-12-31": "$236", "2016-09-30": "$172", "2016-06-30": "", "2016-03-31": "", "2015-12-31": "", "2015-09-30": "", "2015-06-30": "", "2014-09-30": "", "2013-09-30": ""}}, "long-term-debt": {"Valvoline Annual Long Term Debt (Millions of US $)": {"2020": "$1,962", "2019": "$1,327", "2018": "$1,292", "2017": "$1,034", "2016": "$724", "2015": "$", "2014": "$", "2013": "$"}, "Valvoline Quarterly Long Term Debt (Millions of US $)": {"2020-12-31": "$1,887", "2020-09-30": "$1,962", "2020-06-30": "$1,953", "2020-03-31": "$2,003", "2019-12-31": "$1,320", "2019-09-30": "$1,327", "2019-06-30": "$1,334", "2019-03-31": "$1,318", "2018-12-31": "$1,291", "2018-09-30": "$1,292", "2018-06-30": "$1,231", "2018-03-31": "$1,183", "2017-12-31": "$1,147", "2017-09-30": "$1,034", "2017-06-30": "$643", "2017-03-31": "$646", "2016-12-31": "$650", "2016-09-30": "$724", "2016-06-30": "", "2016-03-31": "", "2015-12-31": "", "2015-09-30": "", "2015-06-30": "", "2014-09-30": "", "2013-09-30": ""}}, "total-liabilities": {"Valvoline Annual Total Liabilities (Millions of US $)": {"2020": "$3,127", "2019": "$2,322", "2018": "$2,212", "2017": "$2,032", "2016": "$2,155", "2015": "$361", "2014": "$358", "2013": "$0"}, "Valvoline Quarterly Total Liabilities (Millions of US $)": {"2020-12-31": "$3,211", "2020-09-30": "$3,127", "2020-06-30": "$3,151", "2020-03-31": "$3,154", "2019-12-31": "$2,493", "2019-09-30": "$2,322", "2019-06-30": "$2,252", "2019-03-31": "$2,212", "2018-12-31": "$2,175", "2018-09-30": "$2,212", "2018-06-30": "$2,137", "2018-03-31": "$2,095", "2017-12-31": "$2,021", "2017-09-30": "$2,032", "2017-06-30": "$2,163", "2017-03-31": "$2,125", "2016-12-31": "$2,151", "2016-09-30": "$2,155", "2016-06-30": "$378", "2016-03-31": "$0", "2015-12-31": "$0", "2015-09-30": "", "2015-06-30": "$0", "2014-09-30": "$358", "2013-09-30": "$0"}}, "total-share-holder-equity": {"Valvoline Annual Share Holder Equity (Millions of US $)": {"2020": "$-76", "2019": "$-258", "2018": "$-358", "2017": "$-117", "2016": "$-330", "2015": "$617", "2014": "$725", "2013": "$0"}, "Valvoline Quarterly Share Holder Equity (Millions of US $)": {"2020-12-31": "$-55", "2020-09-30": "$-76", "2020-06-30": "$-188", "2020-03-31": "$-237", "2019-12-31": "$-196", "2019-09-30": "$-258", "2019-06-30": "$-252", "2019-03-31": "$-298", "2018-12-31": "$-343", "2018-09-30": "$-358", "2018-06-30": "$-288", "2018-03-31": "$-226", "2017-12-31": "$-194", "2017-09-30": "$-117", "2017-06-30": "$-203", "2017-03-31": "$-218", "2016-12-31": "$-286", "2016-09-30": "$-330", "2016-06-30": "$740", "2016-03-31": "$0", "2015-12-31": "$0", "2015-09-30": "", "2015-06-30": "$0", "2014-09-30": "$725", "2013-09-30": "$0"}}, "profit-margins": {"current": "13.8%"}, "gross margin": {"2020-12-31": "36.68%", "2020-09-30": "36.68%", "2020-06-30": "35.28%", "2020-03-31": "34.69%", "2019-12-31": "34.34%", "2019-09-30": "33.89%", "2019-06-30": "33.80%", "2019-03-31": "34.07%", "2018-12-31": "34.57%", "2018-09-30": "35.27%", "2018-06-30": "35.70%", "2018-03-31": "36.22%", "2017-12-31": "36.73%", "2017-09-30": "37.24%", "2017-06-30": "37.47%", "2017-03-31": "38.23%", "2016-12-31": "38.58%", "2016-09-30": "38.78%"}, "operating margin": {"2020-12-31": "21.05%", "2020-09-30": "20.61%", "2020-06-30": "18.11%", "2020-03-31": "17.96%", "2019-12-31": "17.01%", "2019-09-30": "16.65%", "2019-06-30": "16.56%", "2019-03-31": "16.82%", "2018-12-31": "17.15%", "2018-09-30": "17.29%", "2018-06-30": "18.01%", "2018-03-31": "17.68%", "2017-12-31": "18.13%", "2017-09-30": "18.91%", "2017-06-30": "17.92%", "2017-03-31": "19.54%", "2016-12-31": "20.08%", "2016-09-30": "20.53%"}, "ebitda margin": {"2020-12-31": "24.01%", "2020-09-30": "23.42%", "2020-06-30": "20.94%", "2020-03-31": "20.60%", "2019-12-31": "19.59%", "2019-09-30": "19.21%", "2019-06-30": "18.94%", "2019-03-31": "19.23%", "2018-12-31": "19.59%", "2018-09-30": "19.65%", "2018-06-30": "20.29%", "2018-03-31": "19.86%", "2017-12-31": "20.19%", "2017-09-30": "20.92%", "2017-06-30": "20.14%", "2017-03-31": "21.69%", "2016-12-31": "22.27%", "2016-09-30": "22.71%"}, "pre tax profit margin": {"2020-12-31": "19.63%", "2020-09-30": "19.17%", "2020-06-30": "12.49%", "2020-03-31": "12.28%", "2019-12-31": "11.89%", "2019-09-30": "11.09%", "2019-06-30": "12.48%", "2019-03-31": "13.20%", "2018-12-31": "13.93%", "2018-09-30": "14.53%", "2018-06-30": "20.20%", "2018-03-31": "20.46%", "2017-12-31": "21.68%", "2017-09-30": "23.51%", "2017-06-30": "20.78%", "2017-03-31": "22.09%", "2016-12-31": "22.17%", "2016-09-30": "21.82%"}, "net profit margin": {"2020-12-31": "13.80%", "2020-09-30": "13.47%", "2020-06-30": "9.53%", "2020-03-31": "9.39%", "2019-12-31": "9.34%", "2019-09-30": "8.70%", "2019-06-30": "9.60%", "2019-03-31": "9.70%", "2018-12-31": "9.97%", "2018-09-30": "7.26%", "2018-06-30": "10.10%", "2018-03-31": "9.93%", "2017-12-31": "10.37%", "2017-09-30": "14.59%", "2017-06-30": "13.00%", "2017-03-31": "14.18%", "2016-12-31": "14.27%", "2016-09-30": "14.15%"}, "pe ratio": {"current": "15.39", "2021-02-05": "18.09", "2020-12-31": "17.66", "2020-09-30": "11.14", "2020-06-30": "16.21", "2020-03-31": "10.72", "2019-12-31": "17.44", "2019-09-30": "19.66", "2019-06-30": "16.02", "2019-03-31": "15.27", "2018-12-31": "15.83", "2018-09-30": "24.51", "2018-06-30": "18.21", "2018-03-31": "19.65", "2017-12-31": "21.78", "2017-09-30": "14.86", "2017-06-30": "17.32"}, "price sales": {"2021-02-05": "1.85", "2020-12-31": "1.80", "2020-09-30": "1.51", "2020-06-30": "1.54", "2020-03-31": "1.00", "2019-12-31": "1.62", "2019-09-30": "1.69", "2019-06-30": "1.53", "2019-03-31": "1.48", "2018-12-31": "1.58", "2018-09-30": "1.79", "2018-06-30": "1.84", "2018-03-31": "1.94", "2017-12-31": "2.26", "2017-09-30": "2.17", "2017-06-30": "2.15"}, "price book": {"current": "0.00", "2021-02-05": "0.00", "2020-12-31": "-77.00", "2020-09-30": "-46.10", "2020-06-30": "-18.82", "2020-03-31": "-10.05", "2019-12-31": "-20.08", "2019-09-30": "-15.62", "2019-06-30": "-14.11", "2019-03-31": "-11.27", "2018-12-31": "-10.15", "2018-09-30": "-10.81", "2018-06-30": "-13.79", "2018-03-31": "-18.33", "2017-12-31": "-24.59", "2017-09-30": "-38.42", "2017-06-30": "-22.35", "2017-03-31": "-21.70", "2016-12-31": "-14.46", "2016-09-30": "-13.65"}, "price fcf": {"2021-02-05": "", "2020-12-31": "$1.25", "2020-09-30": "$1.18", "2020-06-30": "$1.35", "2020-03-31": "$1.21", "2019-12-31": "$1.01", "2019-09-30": "$1.15", "2019-06-30": "$1.24", "2019-03-31": "$1.22", "2018-12-31": "$1.43", "2018-09-30": "$1.15", "2018-06-30": "$-0.87", "2018-03-31": "$-0.79", "2017-12-31": "$-1.33", "2017-09-30": "$-0.97", "2017-06-30": "$2.00"}, "net worth": {"value": "$4.38B"}, "current ratio": {"2020-12-31": "2.40", "2020-09-30": "3.24", "2020-06-30": "3.19", "2020-03-31": "3.45", "2019-12-31": "1.89", "2019-09-30": "1.88", "2019-06-30": "1.94", "2019-03-31": "1.88", "2018-12-31": "1.76", "2018-09-30": "1.76", "2018-06-30": "1.86", "2018-03-31": "1.92", "2017-12-31": "2.00", "2017-09-30": "1.65", "2017-06-30": "1.44", "2017-03-31": "1.55", "2016-12-31": "1.54", "2016-09-30": "1.83", "2016-06-30": "1.68", "2016-03-31": "0.00", "2015-12-31": "0.00", "2015-09-30": "0.00", "2015-06-30": "0.00", "2014-09-30": "1.86", "2013-09-30": "0.00"}, "quick ratio": {"2020-12-31": "1.98", "2020-09-30": "2.79", "2020-06-30": "2.76", "2020-03-31": "2.93", "2019-12-31": "1.43", "2019-09-30": "1.43", "2019-06-30": "1.46", "2019-03-31": "1.39", "2018-12-31": "1.23", "2018-09-30": "1.34", "2018-06-30": "1.40", "2018-03-31": "1.45", "2017-12-31": "1.54", "2017-09-30": "1.29", "2017-06-30": "1.09", "2017-03-31": "1.22", "2016-12-31": "1.25", "2016-09-30": "1.48", "2016-06-30": "1.22", "2016-03-31": "0.00", "2015-12-31": "0.00", "2015-09-30": "0.00", "2015-06-30": "0.00", "2014-09-30": "1.40", "2013-09-30": "0.00"}, "debt equity ratio": {"current": "0.00", "2020-12-31": "-58.38", "2020-09-30": "-41.15", "2020-06-30": "-16.76", "2020-03-31": "-13.31", "2019-12-31": "-12.72", "2019-09-30": "-9.00", "2019-06-30": "-8.94", "2019-03-31": "-7.42", "2018-12-31": "-6.34", "2018-09-30": "-6.18", "2018-06-30": "-7.42", "2018-03-31": "-9.27", "2017-12-31": "-10.42", "2017-09-30": "-17.37", "2017-06-30": "-10.66", "2017-03-31": "-9.75", "2016-12-31": "-7.52", "2016-09-30": "-6.53", "2016-06-30": "0.51", "2016-03-31": "0.00", "2015-12-31": "0.00", "2015-09-30": "0.00", "2015-06-30": "0.00", "2014-09-30": "0.49", "2013-09-30": "0.00"}, "return on equity": {"2020-12-31": "-238.13%", "2020-09-30": "-181.92%", "2020-06-30": "-101.02%", "2020-03-31": "-96.71%", "2019-12-31": "-90.84%", "2019-09-30": "-72.28%", "2019-06-30": "-72.26%", "2019-03-31": "-69.93%", "2018-12-31": "-75.39%", "2018-09-30": "-62.29%", "2018-06-30": "-109.58%", "2018-03-31": "-117.84%", "2017-12-31": "-121.31%", "2017-09-30": "-147.57%", "2017-06-30": "-101.83%", "2017-03-31": "-1204.26%", "2016-12-31": "903.23%", "2016-09-30": "266.34%"}, "return on assets": {"2020-12-31": "10.95%", "2020-09-30": "11.29%", "2020-06-30": "8.67%", "2020-03-31": "9.83%", "2019-12-31": "11.02%", "2019-09-30": "10.65%", "2019-06-30": "11.89%", "2019-03-31": "12.08%", "2018-12-31": "12.37%", "2018-09-30": "8.97%", "2018-06-30": "12.12%", "2018-03-31": "11.52%", "2017-12-31": "11.67%", "2017-09-30": "15.90%", "2017-06-30": "13.97%", "2017-03-31": "16.86%", "2016-12-31": "23.29%", "2016-09-30": "37.10%"}, "return on investments": {"2020-12-31": "27.87%", "2020-09-30": "29.66%", "2020-06-30": "29.49%", "2020-03-31": "34.60%", "2019-12-31": "38.65%", "2019-09-30": "38.65%", "2019-06-30": "39.16%", "2019-03-31": "40.57%", "2018-12-31": "41.67%", "2018-09-30": "41.72%", "2018-06-30": "42.76%", "2018-03-31": "47.51%", "2017-12-31": "56.68%", "2017-09-30": "73.34%", "2017-06-30": "89.54%", "2017-03-31": "131.53%", "2016-12-31": "207.92%", "2016-09-30": "402.03%"}, "return on tangible equity": {"2020-12-31": "-46.67%", "2020-09-30": "-46.18%", "2020-06-30": "-30.59%", "2020-03-31": "-30.95%", "2019-12-31": "-30.57%", "2019-09-30": "-26.87%", "2019-06-30": "-28.79%", "2019-03-31": "-29.18%", "2018-12-31": "-31.26%", "2018-09-30": "-24.58%", "2018-06-30": "-38.52%", "2018-03-31": "-39.67%", "2017-12-31": "-42.07%", "2017-09-30": "-58.46%", "2017-06-30": "-47.46%", "2017-03-31": "-93.79%", "2016-12-31": "-166.67%", "2016-09-30": "-941.38%"}, "dividend yield history": {"last payout": "$0.50", "last yield": "2.11%"}}