{"ticker": "VAR", "price": {"title": "Varian Medical Systems Historical Annual Stock Price Data", "value": 176.09, "historical": {"2021": {"Average Stock Price": "175.7096", "Year Open": "175.1300", "Year High": "176.4000", "Year Low": "175.1300", "Year Close": "176.0900", "Annual % Change": "0.62%"}, "2020": {"Average Stock Price": "144.8347", "Year Open": "144.8100", "Year High": "175.0100", "Year Low": "89.8100", "Year Close": "175.0100", "Annual % Change": "23.24%"}, "2019": {"Average Stock Price": "127.8075", "Year Open": "112.6700", "Year High": "143.2600", "Year Low": "105.0700", "Year Close": "142.0100", "Annual % Change": "25.33%"}, "2018": {"Average Stock Price": "116.5718", "Year Open": "110.9800", "Year High": "129.4600", "Year Low": "103.9700", "Year Close": "113.3100", "Annual % Change": "1.94%"}, "2017": {"Average Stock Price": "98.3083", "Year Open": "90.6800", "Year High": "112.4200", "Year Low": "77.6500", "Year Close": "111.1500", "Annual % Change": "23.80%"}, "2016": {"Average Stock Price": "86.4358", "Year Open": "78.6500", "Year High": "100.2900", "Year Low": "74.0200", "Year Close": "89.7800", "Annual % Change": "11.11%"}, "2015": {"Average Stock Price": "85.6013", "Year Open": "87.0200", "Year High": "96.1400", "Year Low": "71.4400", "Year Close": "80.8000", "Annual % Change": "-6.60%"}, "2014": {"Average Stock Price": "83.2630", "Year Open": "77.3400", "Year High": "89.0900", "Year Low": "77.3400", "Year Close": "86.5100", "Annual % Change": "11.35%"}, "2013": {"Average Stock Price": "72.1965", "Year Open": "72.4700", "Year High": "79.8400", "Year Low": "64.0200", "Year Close": "77.6900", "Annual % Change": "10.61%"}, "2012": {"Average Stock Price": "63.9838", "Year Open": "69.3000", "Year High": "72.3500", "Year Low": "53.7300", "Year Close": "70.2400", "Annual % Change": "4.63%"}, "2011": {"Average Stock Price": "63.8964", "Year Open": "69.7900", "Year High": "71.9600", "Year Low": "49.6300", "Year Close": "67.1300", "Annual % Change": "-3.10%"}, "2010": {"Average Stock Price": "56.1964", "Year Open": "47.1700", "Year High": "70.6900", "Year Low": "47.1700", "Year Close": "69.2800", "Annual % Change": "47.88%"}, "2009": {"Average Stock Price": "37.6169", "Year Open": "36.2800", "Year High": "47.4400", "Year Low": "27.4500", "Year Close": "46.8500", "Annual % Change": "33.70%"}, "2008": {"Average Stock Price": "49.7837", "Year Open": "52.1700", "Year High": "64.9700", "Year Low": "33.8200", "Year Close": "35.0400", "Annual % Change": "-32.82%"}, "2007": {"Average Stock Price": "45.0337", "Year Open": "47.2400", "Year High": "53.0100", "Year Low": "37.8200", "Year Close": "52.1600", "Annual % Change": "9.65%"}, "2006": {"Average Stock Price": "51.5397", "Year Open": "49.9700", "Year High": "60.6300", "Year Low": "41.3300", "Year Close": "47.5700", "Annual % Change": "-5.50%"}, "2005": {"Average Stock Price": "39.8224", "Year Open": "42.7400", "Year High": "52.9100", "Year Low": "32.6300", "Year Close": "50.3400", "Annual % Change": "16.42%"}, "2004": {"Average Stock Price": "39.3426", "Year Open": "34.8900", "Year High": "46.0650", "Year Low": "31.3800", "Year Close": "43.2400", "Annual % Change": "25.15%"}, "2003": {"Average Stock Price": "28.5674", "Year Open": "25.2250", "Year High": "35.3200", "Year Low": "23.7500", "Year Close": "34.5500", "Annual % Change": "39.31%"}, "2002": {"Average Stock Price": "21.2009", "Year Open": "17.4750", "Year High": "25.1900", "Year Low": "16.5750", "Year Close": "24.8000", "Annual % Change": "39.21%"}, "2001": {"Average Stock Price": "16.7633", "Year Open": "15.4375", "Year High": "19.1975", "Year Low": "13.8275", "Year Close": "17.8150", "Annual % Change": "4.89%"}, "2000": {"Average Stock Price": "11.1857", "Year Open": "7.1875", "Year High": "17.2975", "Year Low": "7.1400", "Year Close": "16.9850", "Annual % Change": "127.91%"}, "1999": {"Average Stock Price": "6.3844", "Year Open": "9.4850", "Year High": "10.2650", "Year Low": "4.1575", "Year Close": "7.4525", "Annual % Change": "-21.30%"}, "1998": {"Average Stock Price": "10.9151", "Year Open": "12.5000", "Year High": "14.5150", "Year Low": "7.9525", "Year Close": "9.4700", "Annual % Change": "-25.08%"}, "1997": {"Average Stock Price": "13.9353", "Year Open": "12.3125", "Year High": "16.6875", "Year Low": "11.8750", "Year Close": "12.6400", "Annual % Change": "-0.63%"}, "1996": {"Average Stock Price": "12.3651", "Year Open": "11.9700", "Year High": "15.6875", "Year Low": "10.6250", "Year Close": "12.7200", "Annual % Change": "6.27%"}, "1995": {"Average Stock Price": "11.9489", "Year Open": "8.6575", "Year High": "14.3125", "Year Low": "8.6575", "Year Close": "11.9700", "Annual % Change": "35.83%"}, "1994": {"Average Stock Price": "8.6981", "Year Open": "7.2650", "Year High": "9.7500", "Year Low": "7.0625", "Year Close": "8.8125", "Annual % Change": "17.50%"}, "1993": {"Average Stock Price": "6.1092", "Year Open": "5.3600", "Year High": "7.5000", "Year Low": "4.8438", "Year Close": "7.5000", "Annual % Change": "35.20%"}, "1992": {"Average Stock Price": "4.7100", "Year Open": "4.3438", "Year High": "5.5475", "Year Low": "4.2188", "Year Close": "5.5475", "Annual % Change": "27.71%"}, "1991": {"Average Stock Price": "4.9709", "Year Open": "3.7975", "Year High": "6.1875", "Year Low": "3.7188", "Year Close": "4.3438", "Annual % Change": "13.94%"}, "1990": {"Average Stock Price": "3.4159", "Year Open": "2.7350", "Year High": "4.3275", "Year Low": "2.5313", "Year Close": "3.8125", "Annual % Change": "41.07%"}, "1989": {"Average Stock Price": "3.2201", "Year Open": "3.4375", "Year High": "3.7813", "Year Low": "2.5000", "Year Close": "2.7025", "Annual % Change": "-22.79%"}}}, "market cap": {"value": "$16.1B"}, "income statement": {"Revenue": {"2020-09-30": "3168.20000", "2019-09-30": "3225.10000", "2018-09-30": "2919.10000", "2017-09-30": "2619.30000", "2016-09-30": "2593.70000", "2015-09-30": "2490.70000", "2014-09-30": "3049.80000", "2013-09-30": "2942.89700", "2012-09-30": "2807.01500", "2011-09-30": "2596.66600", "2010-09-30": "2356.58500", "2009-09-30": "2214.06000", "2008-09-30": "2069.73000", "2007-09-30": "1755.07200", "2006-09-30": "1597.82000", "2005-09-30": "1382.55700"}, "Cost Of Goods Sold": {"2020-09-30": "1791.00000", "2019-09-30": "1854.80000", "2018-09-30": "1645.50000", "2017-09-30": "1505.40000", "2016-09-30": "1489.00000", "2015-09-30": "1458.60000", "2014-09-30": "1748.10000", "2013-09-30": "1693.21000", "2012-09-30": "1610.67900", "2011-09-30": "1460.77700", "2010-09-30": "1330.94300", "2009-09-30": "1253.55500", "2008-09-30": "1192.19800", "2007-09-30": "1022.20900", "2006-09-30": "934.49300", "2005-09-30": "789.53600"}, "Gross Profit": {"2020-09-30": "1377.20000", "2019-09-30": "1370.30000", "2018-09-30": "1273.60000", "2017-09-30": "1113.90000", "2016-09-30": "1104.70000", "2015-09-30": "1032.10000", "2014-09-30": "1301.70000", "2013-09-30": "1249.68700", "2012-09-30": "1196.33600", "2011-09-30": "1135.88900", "2010-09-30": "1025.64200", "2009-09-30": "960.50500", "2008-09-30": "877.53200", "2007-09-30": "732.86300", "2006-09-30": "663.32700", "2005-09-30": "593.02100"}, "Research And Development Expenses": {"2020-09-30": "280.60000", "2019-09-30": "247.60000", "2018-09-30": "233.90000", "2017-09-30": "210.00000", "2016-09-30": "200.40000", "2015-09-30": "195.40000", "2014-09-30": "234.80000", "2013-09-30": "208.20800", "2012-09-30": "185.74200", "2011-09-30": "170.72500", "2010-09-30": "156.74800", "2009-09-30": "147.37500", "2008-09-30": "135.59900", "2007-09-30": "117.32000", "2006-09-30": "100.40800", "2005-09-30": "82.06300"}, "SG&A Expenses": {"2020-09-30": "671.80000", "2019-09-30": "623.10000", "2018-09-30": "543.50000", "2017-09-30": "552.80000", "2016-09-30": "472.20000", "2015-09-30": "441.00000", "2014-09-30": "470.60000", "2013-09-30": "432.58900", "2012-09-30": "416.52000", "2011-09-30": "376.71300", "2010-09-30": "334.69200", "2009-09-30": "338.98400", "2008-09-30": "322.52900", "2007-09-30": "276.91800", "2006-09-30": "253.56300", "2005-09-30": "205.98200"}, "Other Operating Income Or Expenses": {"2020-09-30": "", "2019-09-30": "", "2018-09-30": "", "2017-09-30": "", "2016-09-30": "", "2015-09-30": "", "2014-09-30": "-25.10000", "2013-09-30": "", "2012-09-30": "", "2011-09-30": "", "2010-09-30": "", "2009-09-30": "", "2008-09-30": "", "2007-09-30": "", "2006-09-30": "", "2005-09-30": ""}, "Operating Expenses": {"2020-09-30": "2845.00000", "2019-09-30": "2838.90000", "2018-09-30": "2481.70000", "2017-09-30": "2321.50000", "2016-09-30": "2166.90000", "2015-09-30": "2095.00000", "2014-09-30": "2478.60000", "2013-09-30": "2334.00700", "2012-09-30": "2212.94100", "2011-09-30": "2008.21500", "2010-09-30": "1822.38300", "2009-09-30": "1739.91400", "2008-09-30": "1650.32600", "2007-09-30": "1416.44700", "2006-09-30": "1288.46400", "2005-09-30": "1077.58100"}, "Operating Income": {"2020-09-30": "323.19970", "2019-09-30": "386.20020", "2018-09-30": "437.40010", "2017-09-30": "297.80000", "2016-09-30": "426.79980", "2015-09-30": "395.70000", "2014-09-30": "571.20000", "2013-09-30": "608.89010", "2012-09-30": "594.07400", "2011-09-30": "588.45100", "2010-09-30": "534.20190", "2009-09-30": "474.14600", "2008-09-30": "419.40410", "2007-09-30": "338.62510", "2006-09-30": "309.35600", "2005-09-30": "304.97600"}, "Total Non-Operating Income/Expense": {"2020-09-30": "35.10000", "2019-09-30": "34.60000", "2018-09-30": "14.70000", "2017-09-30": "5.30000", "2016-09-30": "5.60000", "2015-09-30": "5.60000", "2014-09-30": "3.30000", "2013-09-30": "3.19300", "2012-09-30": "1.85000", "2011-09-30": "0.25900", "2010-09-30": "-1.27700", "2009-09-30": "0.49700", "2008-09-30": "6.61900", "2007-09-30": "7.37400", "2006-09-30": "9.32600", "2005-09-30": "3.35000"}, "Pre-Tax Income": {"2020-09-30": "358.30000", "2019-09-30": "420.80000", "2018-09-30": "452.10000", "2017-09-30": "303.10000", "2016-09-30": "432.40000", "2015-09-30": "401.30000", "2014-09-30": "574.50000", "2013-09-30": "612.08300", "2012-09-30": "595.92400", "2011-09-30": "588.71000", "2010-09-30": "532.92500", "2009-09-30": "474.64300", "2008-09-30": "426.02300", "2007-09-30": "345.99900", "2006-09-30": "318.68200", "2005-09-30": "308.32600"}, "Income Taxes": {"2020-09-30": "88.90000", "2019-09-30": "128.60000", "2018-09-30": "301.80000", "2017-09-30": "77.10000", "2016-09-30": "110.10000", "2015-09-30": "89.90000", "2014-09-30": "170.80000", "2013-09-30": "173.83500", "2012-09-30": "168.87500", "2011-09-30": "180.08400", "2010-09-30": "165.44400", "2009-09-30": "143.16700", "2008-09-30": "130.76700", "2007-09-30": "103.08300", "2006-09-30": "75.12000", "2005-09-30": "101.75000"}, "Income After Taxes": {"2020-09-30": "269.40000", "2019-09-30": "292.20000", "2018-09-30": "150.30000", "2017-09-30": "226.00000", "2016-09-30": "322.30000", "2015-09-30": "311.40000", "2014-09-30": "403.70000", "2013-09-30": "438.24800", "2012-09-30": "427.04900", "2011-09-30": "408.62600", "2010-09-30": "367.48100", "2009-09-30": "331.47600", "2008-09-30": "295.25600", "2007-09-30": "242.91600", "2006-09-30": "243.56200", "2005-09-30": "206.57600"}, "Other Income": {"2020-09-30": "", "2019-09-30": "", "2018-09-30": "", "2017-09-30": "", "2016-09-30": "", "2015-09-30": "", "2014-09-30": "", "2013-09-30": "", "2012-09-30": "", "2011-09-30": "", "2010-09-30": "", "2009-09-30": "", "2008-09-30": "", "2007-09-30": "", "2006-09-30": "", "2005-09-30": ""}, "Income From Continuous Operations": {"2020-09-30": "269.40000", "2019-09-30": "292.20000", "2018-09-30": "150.30000", "2017-09-30": "226.00000", "2016-09-30": "322.30000", "2015-09-30": "311.40000", "2014-09-30": "403.70000", "2013-09-30": "438.24800", "2012-09-30": "427.04900", "2011-09-30": "408.62600", "2010-09-30": "367.48100", "2009-09-30": "331.47600", "2008-09-30": "295.25600", "2007-09-30": "242.91600", "2006-09-30": "243.56200", "2005-09-30": "206.57600"}, "Income From Discontinued Operations": {"2020-09-30": "", "2019-09-30": "", "2018-09-30": "", "2017-09-30": "-6.80000", "2016-09-30": "77.40000", "2015-09-30": "100.60000", "2014-09-30": "", "2013-09-30": "", "2012-09-30": "", "2011-09-30": "-9.69300", "2010-09-30": "-7.05900", "2009-09-30": "-12.45400", "2008-09-30": "-15.77200", "2007-09-30": "-3.46000", "2006-09-30": "1.52900", "2005-09-30": ""}, "Net Income": {"2020-09-30": "269.20000", "2019-09-30": "291.90000", "2018-09-30": "149.90000", "2017-09-30": "218.50000", "2016-09-30": "399.30000", "2015-09-30": "411.50000", "2014-09-30": "403.70000", "2013-09-30": "438.24800", "2012-09-30": "427.04900", "2011-09-30": "398.93300", "2010-09-30": "360.42200", "2009-09-30": "319.02200", "2008-09-30": "279.48400", "2007-09-30": "239.45600", "2006-09-30": "245.09100", "2005-09-30": "206.57600"}, "EBITDA": {"2020-09-30": "422.09970", "2019-09-30": "479.20020", "2018-09-30": "510.10020", "2017-09-30": "374.70000", "2016-09-30": "506.59980", "2015-09-30": "464.20000", "2014-09-30": "633.70000", "2013-09-30": "671.74910", "2012-09-30": "655.05600", "2011-09-30": "641.04210", "2010-09-30": "582.49490", "2009-09-30": "518.75500", "2008-09-30": "456.11300", "2007-09-30": "370.83110", "2006-09-30": "338.93190", "2005-09-30": "332.11100"}, "EBIT": {"2020-09-30": "323.19970", "2019-09-30": "386.20020", "2018-09-30": "437.40010", "2017-09-30": "297.80000", "2016-09-30": "426.79980", "2015-09-30": "395.70000", "2014-09-30": "571.20000", "2013-09-30": "608.89010", "2012-09-30": "594.07400", "2011-09-30": "588.45100", "2010-09-30": "534.20190", "2009-09-30": "474.14600", "2008-09-30": "419.40410", "2007-09-30": "338.62510", "2006-09-30": "309.35600", "2005-09-30": "304.97600"}, "Basic Shares Outstanding": {"2020-09-30": "90.90000", "2019-09-30": "91.00000", "2018-09-30": "91.50000", "2017-09-30": "92.50000", "2016-09-30": "95.40000", "2015-09-30": "99.70000", "2014-09-30": "104.00000", "2013-09-30": "108.35200", "2012-09-30": "111.37600", "2011-09-30": "116.70300", "2010-09-30": "121.81600", "2009-09-30": "124.03400", "2008-09-30": "124.80000", "2007-09-30": "127.40700", "2006-09-30": "130.96400", "2005-09-30": "132.43500"}, "Shares Outstanding": {"2020-09-30": "91.50000", "2019-09-30": "91.90000", "2018-09-30": "92.50000", "2017-09-30": "93.20000", "2016-09-30": "96.00000", "2015-09-30": "100.60000", "2014-09-30": "105.30000", "2013-09-30": "110.05300", "2012-09-30": "113.47300", "2011-09-30": "118.73500", "2010-09-30": "124.02500", "2009-09-30": "124.99500", "2008-09-30": "127.60400", "2007-09-30": "130.62200", "2006-09-30": "135.43900", "2005-09-30": "137.83500"}, "Basic EPS": {"2020-09-30": "2.96000", "2019-09-30": "3.21000", "2018-09-30": "1.64000", "2017-09-30": "2.36000", "2016-09-30": "4.19000", "2015-09-30": "4.13000", "2014-09-30": "3.88000", "2013-09-30": "4.04000", "2012-09-30": "3.83000", "2011-09-30": "3.42000", "2010-09-30": "2.96000", "2009-09-30": "2.57000", "2008-09-30": "2.24000", "2007-09-30": "1.88000", "2006-09-30": "1.87000", "2005-09-30": "1.56000"}, "EPS - Earnings Per Share": {"2020-09-30": "2.94000", "2019-09-30": "3.18000", "2018-09-30": "1.62000", "2017-09-30": "2.35000", "2016-09-30": "4.16000", "2015-09-30": "4.09000", "2014-09-30": "3.83000", "2013-09-30": "3.98000", "2012-09-30": "3.76000", "2011-09-30": "3.36000", "2010-09-30": "2.91000", "2009-09-30": "2.55000", "2008-09-30": "2.19000", "2007-09-30": "1.83000", "2006-09-30": "1.81000", "2005-09-30": "1.50000"}}, "income statement, quarterly": {"Revenue": {"2020-12-31": "778.80000", "2020-09-30": "850.49990", "2020-06-30": "694.30000", "2020-03-31": "794.50000", "2019-12-31": "828.90000", "2019-09-30": "878.90000", "2019-06-30": "825.80000", "2019-03-31": "779.40000", "2018-12-31": "741.00000", "2018-09-30": "801.60000", "2018-06-30": "709.10000", "2018-03-31": "729.90000", "2017-12-31": "678.50000", "2017-09-30": "721.80000", "2017-06-30": "632.80000", "2017-03-31": "663.20000", "2016-12-31": "601.50000", "2016-09-30": "578.49990", "2016-06-30": "642.90000", "2016-03-31": "615.20000", "2015-12-31": "757.10000", "2015-09-30": "209.42900", "2015-06-30": "784.01100", "2015-03-31": "759.40600", "2014-12-31": "737.85400", "2014-09-30": "812.10700", "2014-06-30": "747.68500", "2014-03-31": "778.50600", "2013-12-31": "711.50200", "2013-09-30": "769.93010", "2013-06-30": "726.21100", "2013-03-31": "768.35800", "2012-12-31": "678.39800", "2012-09-30": "756.15710", "2012-06-30": "705.24600", "2012-03-31": "720.27400", "2011-12-31": "625.33800", "2011-09-30": "718.92100", "2011-06-30": "649.43800", "2011-03-31": "648.45500", "2010-12-31": "579.85200", "2010-09-30": "652.05690", "2010-06-30": "578.05100", "2010-03-31": "585.57100", "2009-12-31": "540.90600", "2009-09-30": "641.92910", "2009-06-30": "509.87100", "2009-03-31": "553.59100", "2008-12-31": "508.66900", "2008-09-30": "592.69800", "2008-06-30": "507.41700", "2008-03-31": "518.40200", "2007-12-31": "451.21300", "2007-09-30": "500.87600", "2007-06-30": "423.65600", "2007-03-31": "442.68200", "2006-12-31": "387.85800", "2006-09-30": "454.05990", "2006-06-30": "395.67100", "2006-03-31": "413.85800", "2005-12-31": "334.23100", "2005-09-30": "386.18100", "2005-06-30": "346.54100", "2005-03-31": "350.87900"}, "Cost Of Goods Sold": {"2020-12-31": "419.80000", "2020-09-30": "475.79990", "2020-06-30": "395.80000", "2020-03-31": "457.30000", "2019-12-31": "462.10000", "2019-09-30": "494.30010", "2019-06-30": "474.40000", "2019-03-31": "461.20000", "2018-12-31": "424.90000", "2018-09-30": "462.90000", "2018-06-30": "395.50000", "2018-03-31": "411.40000", "2017-12-31": "375.70000", "2017-09-30": "416.00000", "2017-06-30": "367.30000", "2017-03-31": "387.60000", "2016-12-31": "334.50000", "2016-09-30": "325.10000", "2016-06-30": "359.40000", "2016-03-31": "357.10000", "2015-12-31": "447.40000", "2015-09-30": "141.85100", "2015-06-30": "469.03500", "2015-03-31": "436.86800", "2014-12-31": "410.84600", "2014-09-30": "472.02300", "2014-06-30": "423.95800", "2014-03-31": "450.19600", "2013-12-31": "401.92300", "2013-09-30": "441.43400", "2013-06-30": "415.74600", "2013-03-31": "448.72000", "2012-12-31": "387.31000", "2012-09-30": "432.88690", "2012-06-30": "397.63500", "2012-03-31": "423.57800", "2011-12-31": "356.57900", "2011-09-30": "418.62000", "2011-06-30": "369.68300", "2011-03-31": "359.46100", "2010-12-31": "313.01300", "2010-09-30": "375.79090", "2010-06-30": "323.67000", "2010-03-31": "331.59300", "2009-12-31": "299.88900", "2009-09-30": "357.01210", "2009-06-30": "293.63100", "2009-03-31": "313.20000", "2008-12-31": "289.71200", "2008-09-30": "330.16700", "2008-06-30": "295.08300", "2008-03-31": "306.84000", "2007-12-31": "260.10800", "2007-09-30": "283.82500", "2007-06-30": "253.16300", "2007-03-31": "257.51300", "2006-12-31": "227.70800", "2006-09-30": "263.24200", "2006-06-30": "233.01100", "2006-03-31": "242.77300", "2005-12-31": "195.46700", "2005-09-30": "220.37100", "2005-06-30": "194.66900", "2005-03-31": "200.72400"}, "Gross Profit": {"2020-12-31": "359.00000", "2020-09-30": "374.70000", "2020-06-30": "298.50000", "2020-03-31": "337.20000", "2019-12-31": "366.80000", "2019-09-30": "384.59990", "2019-06-30": "351.40000", "2019-03-31": "318.20000", "2018-12-31": "316.10000", "2018-09-30": "338.70000", "2018-06-30": "313.60000", "2018-03-31": "318.50000", "2017-12-31": "302.80000", "2017-09-30": "305.80000", "2017-06-30": "265.50000", "2017-03-31": "275.60000", "2016-12-31": "267.00000", "2016-09-30": "253.39990", "2016-06-30": "283.50000", "2016-03-31": "258.10000", "2015-12-31": "309.70000", "2015-09-30": "67.57790", "2015-06-30": "314.97600", "2015-03-31": "322.53800", "2014-12-31": "327.00800", "2014-09-30": "340.08400", "2014-06-30": "323.72700", "2014-03-31": "328.31000", "2013-12-31": "309.57900", "2013-09-30": "328.49610", "2013-06-30": "310.46500", "2013-03-31": "319.63800", "2012-12-31": "291.08800", "2012-09-30": "323.27020", "2012-06-30": "307.61100", "2012-03-31": "296.69600", "2011-12-31": "268.75900", "2011-09-30": "300.30100", "2011-06-30": "279.75500", "2011-03-31": "288.99400", "2010-12-31": "266.83900", "2010-09-30": "276.26600", "2010-06-30": "254.38100", "2010-03-31": "253.97800", "2009-12-31": "241.01700", "2009-09-30": "284.91710", "2009-06-30": "216.24000", "2009-03-31": "240.39100", "2008-12-31": "218.95700", "2008-09-30": "262.53100", "2008-06-30": "212.33400", "2008-03-31": "211.56200", "2007-12-31": "191.10500", "2007-09-30": "217.05100", "2007-06-30": "170.49300", "2007-03-31": "185.16900", "2006-12-31": "160.15000", "2006-09-30": "190.81790", "2006-06-30": "162.66000", "2006-03-31": "171.08500", "2005-12-31": "138.76400", "2005-09-30": "165.81000", "2005-06-30": "151.87200", "2005-03-31": "150.15500"}, "Research And Development Expenses": {"2020-12-31": "72.20000", "2020-09-30": "77.20000", "2020-06-30": "65.30000", "2020-03-31": "71.00000", "2019-12-31": "67.10000", "2019-09-30": "65.20000", "2019-06-30": "62.10000", "2019-03-31": "59.40000", "2018-12-31": "60.90000", "2018-09-30": "59.60000", "2018-06-30": "59.50000", "2018-03-31": "58.90000", "2017-12-31": "55.90000", "2017-09-30": "51.70000", "2017-06-30": "55.10000", "2017-03-31": "53.30000", "2016-12-31": "49.90000", "2016-09-30": "40.30000", "2016-06-30": "51.10000", "2016-03-31": "49.00000", "2015-12-31": "60.00000", "2015-09-30": "19.00200", "2015-06-30": "60.01000", "2015-03-31": "59.31200", "2014-12-31": "57.07600", "2014-09-30": "59.13200", "2014-06-30": "56.98800", "2014-03-31": "60.67700", "2013-12-31": "58.00300", "2013-09-30": "56.85300", "2013-06-30": "53.33500", "2013-03-31": "50.90300", "2012-12-31": "47.11700", "2012-09-30": "45.96700", "2012-06-30": "48.94300", "2012-03-31": "47.06700", "2011-12-31": "43.76500", "2011-09-30": "43.92400", "2011-06-30": "44.42600", "2011-03-31": "43.87300", "2010-12-31": "38.50200", "2010-09-30": "40.56600", "2010-06-30": "38.87400", "2010-03-31": "38.92000", "2009-12-31": "38.38800", "2009-09-30": "38.09300", "2009-06-30": "35.32500", "2009-03-31": "36.97900", "2008-12-31": "36.97800", "2008-09-30": "39.12600", "2008-06-30": "35.65000", "2008-03-31": "31.87900", "2007-12-31": "28.94400", "2007-09-30": "32.69900", "2007-06-30": "29.19500", "2007-03-31": "28.46000", "2006-12-31": "26.96600", "2006-09-30": "27.72300", "2006-06-30": "25.45600", "2006-03-31": "25.01200", "2005-12-31": "22.21700", "2005-09-30": "21.57700", "2005-06-30": "21.89000", "2005-03-31": "20.22800"}, "SG&A Expenses": {"2020-12-31": "161.90000", "2020-09-30": "174.50000", "2020-06-30": "145.00000", "2020-03-31": "175.30000", "2019-12-31": "177.00000", "2019-09-30": "181.59990", "2019-06-30": "153.60000", "2019-03-31": "146.80000", "2018-12-31": "141.10000", "2018-09-30": "138.40000", "2018-06-30": "140.40000", "2018-03-31": "139.40000", "2017-12-31": "125.30000", "2017-09-30": "138.40000", "2017-06-30": "121.40000", "2017-03-31": "131.60000", "2016-12-31": "161.40000", "2016-09-30": "105.00000", "2016-06-30": "128.10000", "2016-03-31": "106.10000", "2015-12-31": "133.00000", "2015-09-30": "72.60600", "2015-06-30": "110.72200", "2015-03-31": "117.19000", "2014-12-31": "140.48200", "2014-09-30": "121.82400", "2014-06-30": "124.23500", "2014-03-31": "114.95900", "2013-12-31": "109.58200", "2013-09-30": "110.67900", "2013-06-30": "102.39800", "2013-03-31": "113.03100", "2012-12-31": "106.48100", "2012-09-30": "109.53400", "2012-06-30": "105.08100", "2012-03-31": "105.83000", "2011-12-31": "96.07500", "2011-09-30": "96.64100", "2011-06-30": "94.83800", "2011-03-31": "93.92400", "2010-12-31": "91.31000", "2010-09-30": "86.90600", "2010-06-30": "84.74200", "2010-03-31": "79.50200", "2009-12-31": "83.54200", "2009-09-30": "96.14100", "2009-06-30": "78.42700", "2009-03-31": "81.18300", "2008-12-31": "83.23300", "2008-09-30": "87.82400", "2008-06-30": "84.54600", "2008-03-31": "75.08600", "2007-12-31": "75.07300", "2007-09-30": "68.33400", "2007-06-30": "75.18100", "2007-03-31": "70.26100", "2006-12-31": "63.14200", "2006-09-30": "65.73100", "2006-06-30": "64.50000", "2006-03-31": "66.54900", "2005-12-31": "56.78300", "2005-09-30": "54.44700", "2005-06-30": "54.67800", "2005-03-31": "50.66700"}, "Other Operating Income Or Expenses": {"2020-12-31": "", "2020-09-30": "", "2020-06-30": "", "2020-03-31": "", "2019-12-31": "", "2019-09-30": "", "2019-06-30": "", "2019-03-31": "", "2018-12-31": "", "2018-09-30": "", "2018-06-30": "", "2018-03-31": "", "2017-12-31": "", "2017-09-30": "", "2017-06-30": "", "2017-03-31": "", "2016-12-31": "", "2016-09-30": "", "2016-06-30": "", "2016-03-31": "", "2015-12-31": "", "2015-09-30": "", "2015-06-30": "", "2015-03-31": "", "2014-12-31": "", "2014-09-30": "0.03000", "2014-06-30": "0.00000", "2014-03-31": "-25.13000", "2013-12-31": "", "2013-09-30": "", "2013-06-30": "", "2013-03-31": "", "2012-12-31": "", "2012-09-30": "", "2012-06-30": "", "2012-03-31": "", "2011-12-31": "", "2011-09-30": "", "2011-06-30": "", "2011-03-31": "", "2010-12-31": "", "2010-09-30": "", "2010-06-30": "", "2010-03-31": "", "2009-12-31": "", "2009-09-30": "", "2009-06-30": "", "2009-03-31": "", "2008-12-31": "", "2008-09-30": "", "2008-06-30": "", "2008-03-31": "", "2007-12-31": "", "2007-09-30": "", "2007-06-30": "", "2007-03-31": "", "2006-12-31": "", "2006-09-30": "", "2006-06-30": "", "2006-03-31": "", "2005-12-31": "", "2005-09-30": "", "2005-06-30": "", "2005-03-31": ""}, "Operating Expenses": {"2020-12-31": "661.60000", "2020-09-30": "752.10020", "2020-06-30": "634.40000", "2020-03-31": "739.60000", "2019-12-31": "718.90000", "2019-09-30": "768.10000", "2019-06-30": "771.90000", "2019-03-31": "669.60000", "2018-12-31": "629.30000", "2018-09-30": "684.89980", "2018-06-30": "619.10000", "2018-03-31": "620.80000", "2017-12-31": "556.90000", "2017-09-30": "620.00000", "2017-06-30": "544.30000", "2017-03-31": "573.10000", "2016-12-31": "584.10000", "2016-09-30": "473.50010", "2016-06-30": "540.80000", "2016-03-31": "512.20000", "2015-12-31": "640.40000", "2015-09-30": "233.45910", "2015-06-30": "639.76700", "2015-03-31": "613.37000", "2014-12-31": "608.40390", "2014-09-30": "652.94900", "2014-06-30": "605.18100", "2014-03-31": "650.96200", "2013-12-31": "569.50800", "2013-09-30": "608.96580", "2013-06-30": "571.47900", "2013-03-31": "612.65400", "2012-12-31": "540.90800", "2012-09-30": "588.38790", "2012-06-30": "551.65900", "2012-03-31": "576.47500", "2011-12-31": "496.41900", "2011-09-30": "559.18490", "2011-06-30": "508.94700", "2011-03-31": "497.25800", "2010-12-31": "442.82500", "2010-09-30": "503.26300", "2010-06-30": "447.28600", "2010-03-31": "450.01500", "2009-12-31": "421.81900", "2009-09-30": "491.24600", "2009-06-30": "407.38300", "2009-03-31": "431.36200", "2008-12-31": "409.92300", "2008-09-30": "457.11690", "2008-06-30": "415.27900", "2008-03-31": "413.80500", "2007-12-31": "364.12500", "2007-09-30": "384.85800", "2007-06-30": "357.53900", "2007-03-31": "356.23400", "2006-12-31": "317.81600", "2006-09-30": "356.69600", "2006-06-30": "322.96700", "2006-03-31": "334.33400", "2005-12-31": "274.46700", "2005-09-30": "296.39510", "2005-06-30": "271.23700", "2005-03-31": "271.61900"}, "Operating Income": {"2020-12-31": "117.20000", "2020-09-30": "98.39970", "2020-06-30": "59.90000", "2020-03-31": "54.90000", "2019-12-31": "110.00000", "2019-09-30": "110.80000", "2019-06-30": "53.90000", "2019-03-31": "109.80000", "2018-12-31": "111.70000", "2018-09-30": "116.70010", "2018-06-30": "89.99990", "2018-03-31": "109.10000", "2017-12-31": "121.60000", "2017-09-30": "101.80000", "2017-06-30": "88.49990", "2017-03-31": "90.10000", "2016-12-31": "17.40000", "2016-09-30": "104.99980", "2016-06-30": "102.10000", "2016-03-31": "103.00000", "2015-12-31": "116.70000", "2015-09-30": "-24.03020", "2015-06-30": "144.24400", "2015-03-31": "146.03600", "2014-12-31": "129.45010", "2014-09-30": "159.15800", "2014-06-30": "142.50400", "2014-03-31": "127.54400", "2013-12-31": "141.99400", "2013-09-30": "160.96440", "2013-06-30": "154.73200", "2013-03-31": "155.70400", "2012-12-31": "137.49000", "2012-09-30": "167.76920", "2012-06-30": "153.58700", "2012-03-31": "143.79900", "2011-12-31": "128.91900", "2011-09-30": "159.73600", "2011-06-30": "140.49100", "2011-03-31": "151.19700", "2010-12-31": "137.02700", "2010-09-30": "148.79390", "2010-06-30": "130.76500", "2010-03-31": "135.55600", "2009-12-31": "119.08700", "2009-09-30": "150.68310", "2009-06-30": "102.48800", "2009-03-31": "122.22900", "2008-12-31": "98.74600", "2008-09-30": "135.58110", "2008-06-30": "92.13800", "2008-03-31": "104.59700", "2007-12-31": "87.08800", "2007-09-30": "116.01800", "2007-06-30": "66.11700", "2007-03-31": "86.44800", "2006-12-31": "70.04200", "2006-09-30": "97.36390", "2006-06-30": "72.70400", "2006-03-31": "79.52400", "2005-12-31": "59.76400", "2005-09-30": "89.78590", "2005-06-30": "75.30400", "2005-03-31": "79.26000"}, "Total Non-Operating Income/Expense": {"2020-12-31": "7.20000", "2020-09-30": "9.60000", "2020-06-30": "24.90000", "2020-03-31": "-2.10000", "2019-12-31": "2.70000", "2019-09-30": "-0.40000", "2019-06-30": "6.10000", "2019-03-31": "3.20000", "2018-12-31": "25.70000", "2018-09-30": "25.30000", "2018-06-30": "2.00000", "2018-03-31": "-13.50000", "2017-12-31": "0.90000", "2017-09-30": "2.90000", "2017-06-30": "0.20000", "2017-03-31": "0.30000", "2016-12-31": "1.90000", "2016-09-30": "1.30000", "2016-06-30": "1.60000", "2016-03-31": "1.00000", "2015-12-31": "1.70000", "2015-09-30": "1.95400", "2015-06-30": "1.60800", "2015-03-31": "1.04300", "2014-12-31": "0.99500", "2014-09-30": "1.06700", "2014-06-30": "1.25800", "2014-03-31": "0.60300", "2013-12-31": "0.37200", "2013-09-30": "0.80000", "2013-06-30": "1.04100", "2013-03-31": "0.67900", "2012-12-31": "0.67300", "2012-09-30": "0.74800", "2012-06-30": "0.37900", "2012-03-31": "0.40200", "2011-12-31": "0.32100", "2011-09-30": "0.10500", "2011-06-30": "0.08000", "2011-03-31": "", "2010-12-31": "0.07400", "2010-09-30": "0.21600", "2010-06-30": "-0.81800", "2010-03-31": "-0.37900", "2009-12-31": "-0.29600", "2009-09-30": "-0.26200", "2009-06-30": "-0.23300", "2009-03-31": "-0.31700", "2008-12-31": "1.30900", "2008-09-30": "2.24300", "2008-06-30": "1.29800", "2008-03-31": "1.56400", "2007-12-31": "1.51400", "2007-09-30": "1.24700", "2007-06-30": "1.65900", "2007-03-31": "2.02200", "2006-12-31": "2.44600", "2006-09-30": "2.55200", "2006-06-30": "2.57400", "2006-03-31": "2.53400", "2005-12-31": "1.66600", "2005-09-30": "1.17000", "2005-06-30": "1.07500", "2005-03-31": "0.65200"}, "Pre-Tax Income": {"2020-12-31": "124.40000", "2020-09-30": "108.00000", "2020-06-30": "84.80000", "2020-03-31": "52.80000", "2019-12-31": "112.70000", "2019-09-30": "110.40000", "2019-06-30": "60.00000", "2019-03-31": "113.00000", "2018-12-31": "137.40000", "2018-09-30": "142.00000", "2018-06-30": "92.00000", "2018-03-31": "95.60000", "2017-12-31": "122.50000", "2017-09-30": "104.70000", "2017-06-30": "88.70000", "2017-03-31": "90.40000", "2016-12-31": "19.30000", "2016-09-30": "106.30000", "2016-06-30": "103.70000", "2016-03-31": "104.00000", "2015-12-31": "118.40000", "2015-09-30": "-22.07600", "2015-06-30": "145.85200", "2015-03-31": "147.07900", "2014-12-31": "130.44500", "2014-09-30": "160.22500", "2014-06-30": "143.76200", "2014-03-31": "128.14700", "2013-12-31": "142.36600", "2013-09-30": "161.76400", "2013-06-30": "155.77300", "2013-03-31": "156.38300", "2012-12-31": "138.16300", "2012-09-30": "168.51700", "2012-06-30": "153.96600", "2012-03-31": "144.20100", "2011-12-31": "129.24000", "2011-09-30": "159.84100", "2011-06-30": "140.57100", "2011-03-31": "151.19700", "2010-12-31": "137.10100", "2010-09-30": "149.01000", "2010-06-30": "129.94700", "2010-03-31": "135.17700", "2009-12-31": "118.79100", "2009-09-30": "150.42100", "2009-06-30": "102.25500", "2009-03-31": "121.91200", "2008-12-31": "100.05500", "2008-09-30": "137.82400", "2008-06-30": "93.43600", "2008-03-31": "106.16100", "2007-12-31": "88.60200", "2007-09-30": "117.26500", "2007-06-30": "67.77600", "2007-03-31": "88.47000", "2006-12-31": "72.48800", "2006-09-30": "99.91600", "2006-06-30": "75.27800", "2006-03-31": "82.05800", "2005-12-31": "61.43000", "2005-09-30": "90.95600", "2005-06-30": "76.37900", "2005-03-31": "79.91200"}, "Income Taxes": {"2020-12-31": "27.60000", "2020-09-30": "31.50000", "2020-06-30": "23.90000", "2020-03-31": "9.70000", "2019-12-31": "23.80000", "2019-09-30": "40.00000", "2019-06-30": "30.50000", "2019-03-31": "24.60000", "2018-12-31": "33.50000", "2018-09-30": "25.20000", "2018-06-30": "19.50000", "2018-03-31": "22.40000", "2017-12-31": "234.70000", "2017-09-30": "26.10000", "2017-06-30": "18.80000", "2017-03-31": "20.90000", "2016-12-31": "11.30000", "2016-09-30": "32.10000", "2016-06-30": "21.80000", "2016-03-31": "26.80000", "2015-12-31": "29.40000", "2015-09-30": "-20.55100", "2015-06-30": "32.21000", "2015-03-31": "41.11000", "2014-12-31": "37.13100", "2014-09-30": "54.36300", "2014-06-30": "36.67200", "2014-03-31": "35.35900", "2013-12-31": "44.40600", "2013-09-30": "44.41800", "2013-06-30": "42.94200", "2013-03-31": "43.59500", "2012-12-31": "42.88000", "2012-09-30": "48.31700", "2012-06-30": "45.12300", "2012-03-31": "36.42900", "2011-12-31": "39.00600", "2011-09-30": "49.38800", "2011-06-30": "41.96600", "2011-03-31": "48.11800", "2010-12-31": "40.61200", "2010-09-30": "43.36200", "2010-06-30": "38.00300", "2010-03-31": "44.06300", "2009-12-31": "40.01600", "2009-09-30": "53.23300", "2009-06-30": "16.90400", "2009-03-31": "42.55400", "2008-12-31": "30.47600", "2008-09-30": "50.75100", "2008-06-30": "16.38000", "2008-03-31": "33.26500", "2007-12-31": "30.37100", "2007-09-30": "35.17100", "2007-06-30": "17.40600", "2007-03-31": "27.51900", "2006-12-31": "22.98700", "2006-09-30": "19.04000", "2006-06-30": "9.55000", "2006-03-31": "26.26000", "2005-12-31": "20.27000", "2005-09-30": "30.02000", "2005-06-30": "25.20000", "2005-03-31": "25.76000"}, "Income After Taxes": {"2020-12-31": "96.80000", "2020-09-30": "76.50000", "2020-06-30": "60.90000", "2020-03-31": "43.10000", "2019-12-31": "88.90000", "2019-09-30": "70.40000", "2019-06-30": "29.50000", "2019-03-31": "88.40000", "2018-12-31": "103.90000", "2018-09-30": "116.80000", "2018-06-30": "72.50000", "2018-03-31": "73.20000", "2017-12-31": "-112.20000", "2017-09-30": "78.60000", "2017-06-30": "69.90000", "2017-03-31": "69.50000", "2016-12-31": "8.00000", "2016-09-30": "74.20000", "2016-06-30": "81.90000", "2016-03-31": "77.20000", "2015-12-31": "89.00000", "2015-09-30": "-1.52500", "2015-06-30": "113.64200", "2015-03-31": "105.96900", "2014-12-31": "93.31400", "2014-09-30": "105.86200", "2014-06-30": "107.09000", "2014-03-31": "92.78800", "2013-12-31": "97.96000", "2013-09-30": "117.34600", "2013-06-30": "112.83100", "2013-03-31": "112.78800", "2012-12-31": "95.28300", "2012-09-30": "120.20000", "2012-06-30": "108.84300", "2012-03-31": "107.77200", "2011-12-31": "90.23400", "2011-09-30": "110.45300", "2011-06-30": "98.60500", "2011-03-31": "103.07900", "2010-12-31": "96.48900", "2010-09-30": "105.64800", "2010-06-30": "91.94400", "2010-03-31": "91.11400", "2009-12-31": "78.77500", "2009-09-30": "97.18800", "2009-06-30": "85.35100", "2009-03-31": "79.35800", "2008-12-31": "69.57900", "2008-09-30": "87.07300", "2008-06-30": "77.05600", "2008-03-31": "72.89600", "2007-12-31": "58.23100", "2007-09-30": "82.09400", "2007-06-30": "50.37000", "2007-03-31": "60.95100", "2006-12-31": "49.50100", "2006-09-30": "80.87600", "2006-06-30": "65.72800", "2006-03-31": "55.79800", "2005-12-31": "41.16000", "2005-09-30": "60.93600", "2005-06-30": "51.17900", "2005-03-31": "54.15200"}, "Other Income": {"2020-12-31": "", "2020-09-30": "", "2020-06-30": "", "2020-03-31": "", "2019-12-31": "", "2019-09-30": "", "2019-06-30": "", "2019-03-31": "", "2018-12-31": "", "2018-09-30": "", "2018-06-30": "", "2018-03-31": "", "2017-12-31": "", "2017-09-30": "", "2017-06-30": "", "2017-03-31": "", "2016-12-31": "", "2016-09-30": "", "2016-06-30": "", "2016-03-31": "", "2015-12-31": "", "2015-09-30": "", "2015-06-30": "", "2015-03-31": "", "2014-12-31": "", "2014-09-30": "", "2014-06-30": "", "2014-03-31": "", "2013-12-31": "", "2013-09-30": "", "2013-06-30": "", "2013-03-31": "", "2012-12-31": "", "2012-09-30": "", "2012-06-30": "", "2012-03-31": "", "2011-12-31": "", "2011-09-30": "", "2011-06-30": "", "2011-03-31": "", "2010-12-31": "", "2010-09-30": "", "2010-06-30": "", "2010-03-31": "", "2009-12-31": "", "2009-09-30": "", "2009-06-30": "", "2009-03-31": "", "2008-12-31": "", "2008-09-30": "", "2008-06-30": "", "2008-03-31": "", "2007-12-31": "", "2007-09-30": "", "2007-06-30": "", "2007-03-31": "", "2006-12-31": "", "2006-09-30": "", "2006-06-30": "", "2006-03-31": "", "2005-12-31": "", "2005-09-30": "", "2005-06-30": "", "2005-03-31": ""}, "Income From Continuous Operations": {"2020-12-31": "96.80000", "2020-09-30": "76.50000", "2020-06-30": "60.90000", "2020-03-31": "43.10000", "2019-12-31": "88.90000", "2019-09-30": "70.40000", "2019-06-30": "29.50000", "2019-03-31": "88.40000", "2018-12-31": "103.90000", "2018-09-30": "116.80000", "2018-06-30": "72.50000", "2018-03-31": "73.20000", "2017-12-31": "-112.20000", "2017-09-30": "78.60000", "2017-06-30": "69.90000", "2017-03-31": "69.50000", "2016-12-31": "8.00000", "2016-09-30": "74.20000", "2016-06-30": "81.90000", "2016-03-31": "77.20000", "2015-12-31": "89.00000", "2015-09-30": "-1.52500", "2015-06-30": "113.64200", "2015-03-31": "105.96900", "2014-12-31": "93.31400", "2014-09-30": "105.86200", "2014-06-30": "107.09000", "2014-03-31": "92.78800", "2013-12-31": "97.96000", "2013-09-30": "117.34600", "2013-06-30": "112.83100", "2013-03-31": "112.78800", "2012-12-31": "95.28300", "2012-09-30": "120.20000", "2012-06-30": "108.84300", "2012-03-31": "107.77200", "2011-12-31": "90.23400", "2011-09-30": "110.45300", "2011-06-30": "98.60500", "2011-03-31": "103.07900", "2010-12-31": "96.48900", "2010-09-30": "105.64800", "2010-06-30": "91.94400", "2010-03-31": "91.11400", "2009-12-31": "78.77500", "2009-09-30": "97.18800", "2009-06-30": "85.35100", "2009-03-31": "79.35800", "2008-12-31": "69.57900", "2008-09-30": "87.07300", "2008-06-30": "77.05600", "2008-03-31": "72.89600", "2007-12-31": "58.23100", "2007-09-30": "82.09400", "2007-06-30": "50.37000", "2007-03-31": "60.95100", "2006-12-31": "49.50100", "2006-09-30": "80.87600", "2006-06-30": "65.72800", "2006-03-31": "55.79800", "2005-12-31": "41.16000", "2005-09-30": "60.93600", "2005-06-30": "51.17900", "2005-03-31": "54.15200"}, "Income From Discontinued Operations": {"2020-12-31": "", "2020-09-30": "", "2020-06-30": "", "2020-03-31": "", "2019-12-31": "", "2019-09-30": "", "2019-06-30": "", "2019-03-31": "", "2018-12-31": "", "2018-09-30": "", "2018-06-30": "", "2018-03-31": "", "2017-12-31": "", "2017-09-30": "", "2017-06-30": "", "2017-03-31": "-13.30000", "2016-12-31": "6.50000", "2016-09-30": "40.60000", "2016-06-30": "17.00000", "2016-03-31": "19.80000", "2015-12-31": "", "2015-09-30": "", "2015-06-30": "", "2015-03-31": "", "2014-12-31": "", "2014-09-30": "", "2014-06-30": "", "2014-03-31": "", "2013-12-31": "", "2013-09-30": "", "2013-06-30": "", "2013-03-31": "", "2012-12-31": "", "2012-09-30": "", "2012-06-30": "", "2012-03-31": "", "2011-12-31": "", "2011-09-30": "", "2011-06-30": "", "2011-03-31": "", "2010-12-31": "", "2010-09-30": "-0.60900", "2010-06-30": "-6.45000", "2010-03-31": "", "2009-12-31": "", "2009-09-30": "-0.12700", "2009-06-30": "", "2009-03-31": "-11.54500", "2008-12-31": "-0.78200", "2008-09-30": "-8.61100", "2008-06-30": "-2.87600", "2008-03-31": "-1.53300", "2007-12-31": "-2.75200", "2007-09-30": "", "2007-06-30": "", "2007-03-31": "", "2006-12-31": "", "2006-09-30": "", "2006-06-30": "", "2006-03-31": "", "2005-12-31": "", "2005-09-30": "", "2005-06-30": "", "2005-03-31": ""}, "Net Income": {"2020-12-31": "96.50000", "2020-09-30": "76.60000", "2020-06-30": "61.20000", "2020-03-31": "43.20000", "2019-12-31": "88.20000", "2019-09-30": "70.70000", "2019-06-30": "29.40000", "2019-03-31": "88.60000", "2018-12-31": "103.20000", "2018-09-30": "116.40000", "2018-06-30": "72.60000", "2018-03-31": "73.20000", "2017-12-31": "-112.30000", "2017-09-30": "78.60000", "2017-06-30": "69.70000", "2017-03-31": "56.30000", "2016-12-31": "13.90000", "2016-09-30": "114.50000", "2016-06-30": "98.80000", "2016-03-31": "97.00000", "2015-12-31": "89.00000", "2015-09-30": "98.71100", "2015-06-30": "113.50600", "2015-03-31": "105.96900", "2014-12-31": "93.31400", "2014-09-30": "105.86200", "2014-06-30": "107.09000", "2014-03-31": "92.78800", "2013-12-31": "97.96000", "2013-09-30": "117.34600", "2013-06-30": "112.83100", "2013-03-31": "112.78800", "2012-12-31": "95.28300", "2012-09-30": "120.20000", "2012-06-30": "108.84300", "2012-03-31": "107.77200", "2011-12-31": "90.23400", "2011-09-30": "100.76000", "2011-06-30": "98.60500", "2011-03-31": "103.07900", "2010-12-31": "96.48900", "2010-09-30": "105.03900", "2010-06-30": "85.49400", "2010-03-31": "91.11400", "2009-12-31": "78.77500", "2009-09-30": "97.06100", "2009-06-30": "85.35100", "2009-03-31": "67.81300", "2008-12-31": "68.79700", "2008-09-30": "78.46200", "2008-06-30": "74.18000", "2008-03-31": "71.36300", "2007-12-31": "55.47900", "2007-09-30": "78.63400", "2007-06-30": "50.37000", "2007-03-31": "60.95100", "2006-12-31": "49.50100", "2006-09-30": "82.40500", "2006-06-30": "65.72800", "2006-03-31": "55.79800", "2005-12-31": "41.16000", "2005-09-30": "60.93600", "2005-06-30": "51.17900", "2005-03-31": "54.15200"}, "EBITDA": {"2020-12-31": "", "2020-09-30": "123.69960", "2020-06-30": "83.90000", "2020-03-31": "79.30000", "2019-12-31": "135.20000", "2019-09-30": "146.40010", "2019-06-30": "74.10000", "2019-03-31": "129.50000", "2018-12-31": "129.20000", "2018-09-30": "135.90010", "2018-06-30": "107.69990", "2018-03-31": "125.80000", "2017-12-31": "140.70000", "2017-09-30": "120.20010", "2017-06-30": "105.99990", "2017-03-31": "108.80000", "2016-12-31": "39.70000", "2016-09-30": "128.39970", "2016-06-30": "120.60000", "2016-03-31": "122.40000", "2015-12-31": "135.20000", "2015-09-30": "-5.53520", "2015-06-30": "160.85200", "2015-03-31": "162.36200", "2014-12-31": "146.52110", "2014-09-30": "175.68200", "2014-06-30": "157.84100", "2014-03-31": "142.11800", "2013-12-31": "158.05900", "2013-09-30": "175.91440", "2013-06-30": "170.13500", "2013-03-31": "171.25400", "2012-12-31": "154.44600", "2012-09-30": "186.19220", "2012-06-30": "168.10100", "2012-03-31": "157.85800", "2011-12-31": "142.90500", "2011-09-30": "173.33900", "2011-06-30": "153.92900", "2011-03-31": "164.38200", "2010-12-31": "149.39200", "2010-09-30": "161.43080", "2010-06-30": "142.66800", "2010-03-31": "147.37400", "2009-12-31": "131.02200", "2009-09-30": "162.59910", "2009-06-30": "114.01700", "2009-03-31": "133.87600", "2008-12-31": "108.26300", "2008-09-30": "145.33710", "2008-06-30": "101.32400", "2008-03-31": "113.71800", "2007-12-31": "95.73400", "2007-09-30": "124.93400", "2007-06-30": "74.32700", "2007-03-31": "94.19400", "2006-12-31": "77.37600", "2006-09-30": "104.76690", "2006-06-30": "80.09600", "2006-03-31": "87.00200", "2005-12-31": "67.06700", "2005-09-30": "96.66890", "2005-06-30": "82.02100", "2005-03-31": "86.12300"}, "EBIT": {"2020-12-31": "117.20000", "2020-09-30": "98.39970", "2020-06-30": "59.90000", "2020-03-31": "54.90000", "2019-12-31": "110.00000", "2019-09-30": "110.80020", "2019-06-30": "53.90000", "2019-03-31": "109.80000", "2018-12-31": "111.70000", "2018-09-30": "116.70010", "2018-06-30": "89.99990", "2018-03-31": "109.10000", "2017-12-31": "121.60000", "2017-09-30": "101.80000", "2017-06-30": "88.49990", "2017-03-31": "90.10000", "2016-12-31": "17.40000", "2016-09-30": "104.99980", "2016-06-30": "102.10000", "2016-03-31": "103.00000", "2015-12-31": "116.70000", "2015-09-30": "-24.03020", "2015-06-30": "144.24400", "2015-03-31": "146.03600", "2014-12-31": "129.45010", "2014-09-30": "159.15800", "2014-06-30": "142.50400", "2014-03-31": "127.54400", "2013-12-31": "141.99400", "2013-09-30": "160.96420", "2013-06-30": "154.73200", "2013-03-31": "155.70400", "2012-12-31": "137.49000", "2012-09-30": "167.76900", "2012-06-30": "153.58700", "2012-03-31": "143.79900", "2011-12-31": "128.91900", "2011-09-30": "159.73610", "2011-06-30": "140.49100", "2011-03-31": "151.19700", "2010-12-31": "137.02700", "2010-09-30": "148.79390", "2010-06-30": "130.76500", "2010-03-31": "135.55600", "2009-12-31": "119.08700", "2009-09-30": "150.68300", "2009-06-30": "102.48800", "2009-03-31": "122.22900", "2008-12-31": "98.74600", "2008-09-30": "135.58110", "2008-06-30": "92.13800", "2008-03-31": "104.59700", "2007-12-31": "87.08800", "2007-09-30": "116.01810", "2007-06-30": "66.11700", "2007-03-31": "86.44800", "2006-12-31": "70.04200", "2006-09-30": "97.36400", "2006-06-30": "72.70400", "2006-03-31": "79.52400", "2005-12-31": "59.76400", "2005-09-30": "89.78600", "2005-06-30": "75.30400", "2005-03-31": "79.26000"}, "Basic Shares Outstanding": {"2020-12-31": "91.40000", "2020-09-30": "90.90000", "2020-06-30": "90.80000", "2020-03-31": "90.70000", "2019-12-31": "90.90000", "2019-09-30": "91.00000", "2019-06-30": "91.00000", "2019-03-31": "91.00000", "2018-12-31": "91.00000", "2018-09-30": "91.50000", "2018-06-30": "91.50000", "2018-03-31": "91.50000", "2017-12-31": "91.60000", "2017-09-30": "92.50000", "2017-06-30": "91.70000", "2017-03-31": "93.00000", "2016-12-31": "93.50000", "2016-09-30": "95.40000", "2016-06-30": "94.90000", "2016-03-31": "95.70000", "2015-12-31": "97.20000", "2015-09-30": "99.70000", "2015-06-30": "99.72100", "2015-03-31": "100.15700", "2014-12-31": "100.46800", "2014-09-30": "104.00000", "2014-06-30": "103.64400", "2014-03-31": "104.15200", "2013-12-31": "105.98600", "2013-09-30": "108.35200", "2013-06-30": "108.15800", "2013-03-31": "108.84100", "2012-12-31": "109.29800", "2012-09-30": "111.37600", "2012-06-30": "111.07000", "2012-03-31": "112.35400", "2011-12-31": "112.26700", "2011-09-30": "116.70300", "2011-06-30": "116.87400", "2011-03-31": "117.95900", "2010-12-31": "118.17000", "2010-09-30": "121.81600", "2010-06-30": "122.07200", "2010-03-31": "122.93800", "2009-12-31": "123.69000", "2009-09-30": "124.03400", "2009-06-30": "124.23700", "2009-03-31": "123.78200", "2008-12-31": "123.81800", "2008-09-30": "124.80000", "2008-06-30": "124.61700", "2008-03-31": "125.15800", "2007-12-31": "124.80900", "2007-09-30": "127.40700", "2007-06-30": "126.97800", "2007-03-31": "128.20500", "2006-12-31": "129.19800", "2006-09-30": "130.96400", "2006-06-30": "131.13800", "2006-03-31": "131.92600", "2005-12-31": "131.13800", "2005-09-30": "132.43500", "2005-06-30": "131.93300", "2005-03-31": "133.08200"}, "Shares Outstanding": {"2020-12-31": "92.20000", "2020-09-30": "91.50000", "2020-06-30": "91.20000", "2020-03-31": "91.40000", "2019-12-31": "91.70000", "2019-09-30": "91.90000", "2019-06-30": "91.80000", "2019-03-31": "91.90000", "2018-12-31": "92.00000", "2018-09-30": "92.50000", "2018-06-30": "92.50000", "2018-03-31": "92.60000", "2017-12-31": "91.60000", "2017-09-30": "93.20000", "2017-06-30": "92.40000", "2017-03-31": "93.70000", "2016-12-31": "94.20000", "2016-09-30": "96.00000", "2016-06-30": "95.40000", "2016-03-31": "96.20000", "2015-12-31": "97.80000", "2015-09-30": "100.60000", "2015-06-30": "100.45400", "2015-03-31": "101.02600", "2014-12-31": "101.64200", "2014-09-30": "105.30000", "2014-06-30": "104.86900", "2014-03-31": "105.44600", "2013-12-31": "107.44900", "2013-09-30": "110.05300", "2013-06-30": "109.76000", "2013-03-31": "110.65000", "2012-12-31": "111.14400", "2012-09-30": "113.47300", "2012-06-30": "112.82300", "2012-03-31": "114.51300", "2011-12-31": "114.37000", "2011-09-30": "118.73500", "2011-06-30": "119.06400", "2011-03-31": "120.38600", "2010-12-31": "121.21200", "2010-09-30": "124.02500", "2010-06-30": "124.51100", "2010-03-31": "124.33700", "2009-12-31": "125.06100", "2009-09-30": "124.99500", "2009-06-30": "124.99100", "2009-03-31": "124.49700", "2008-12-31": "125.16700", "2008-09-30": "127.60400", "2008-06-30": "127.06500", "2008-03-31": "128.03500", "2007-12-31": "127.79300", "2007-09-30": "130.62200", "2007-06-30": "129.86200", "2007-03-31": "131.86800", "2006-12-31": "132.96300", "2006-09-30": "135.43900", "2006-06-30": "135.26700", "2006-03-31": "136.82100", "2005-12-31": "135.93800", "2005-09-30": "137.83500", "2005-06-30": "136.87000", "2005-03-31": "138.42700"}, "Basic EPS": {"2020-12-31": "1.06000", "2020-09-30": "0.84000", "2020-06-30": "0.67000", "2020-03-31": "0.48000", "2019-12-31": "0.97000", "2019-09-30": "0.79000", "2019-06-30": "0.32000", "2019-03-31": "0.97000", "2018-12-31": "1.13000", "2018-09-30": "1.27000", "2018-06-30": "0.79000", "2018-03-31": "0.80000", "2017-12-31": "-1.22000", "2017-09-30": "0.85000", "2017-06-30": "0.76000", "2017-03-31": "0.60000", "2016-12-31": "0.15000", "2016-09-30": "1.22000", "2016-06-30": "1.04000", "2016-03-31": "1.01000", "2015-12-31": "0.92000", "2015-09-30": "1.00000", "2015-06-30": "1.14000", "2015-03-31": "1.06000", "2014-12-31": "0.93000", "2014-09-30": "1.04000", "2014-06-30": "1.03000", "2014-03-31": "0.89000", "2013-12-31": "0.92000", "2013-09-30": "1.09000", "2013-06-30": "1.04000", "2013-03-31": "1.04000", "2012-12-31": "0.87000", "2012-09-30": "1.09000", "2012-06-30": "0.98000", "2012-03-31": "0.96000", "2011-12-31": "0.80000", "2011-09-30": "0.89000", "2011-06-30": "0.84000", "2011-03-31": "0.87000", "2010-12-31": "0.82000", "2010-09-30": "0.88000", "2010-06-30": "0.70000", "2010-03-31": "0.74000", "2009-12-31": "0.64000", "2009-09-30": "0.77000", "2009-06-30": "0.69000", "2009-03-31": "0.55000", "2008-12-31": "0.56000", "2008-09-30": "0.63000", "2008-06-30": "0.60000", "2008-03-31": "0.57000", "2007-12-31": "0.44000", "2007-09-30": "0.62000", "2007-06-30": "0.40000", "2007-03-31": "0.48000", "2006-12-31": "0.38000", "2006-09-30": "0.64000", "2006-06-30": "0.50000", "2006-03-31": "0.42000", "2005-12-31": "0.31000", "2005-09-30": "0.46000", "2005-06-30": "0.39000", "2005-03-31": "0.41000"}, "EPS - Earnings Per Share": {"2020-12-31": "1.05000", "2020-09-30": "0.84000", "2020-06-30": "0.67000", "2020-03-31": "0.47000", "2019-12-31": "0.96000", "2019-09-30": "0.78000", "2019-06-30": "0.32000", "2019-03-31": "0.96000", "2018-12-31": "1.12000", "2018-09-30": "1.26000", "2018-06-30": "0.79000", "2018-03-31": "0.79000", "2017-12-31": "-1.22000", "2017-09-30": "0.85000", "2017-06-30": "0.75000", "2017-03-31": "0.60000", "2016-12-31": "0.15000", "2016-09-30": "1.20000", "2016-06-30": "1.04000", "2016-03-31": "1.01000", "2015-12-31": "0.91000", "2015-09-30": "0.99000", "2015-06-30": "1.13000", "2015-03-31": "1.05000", "2014-12-31": "0.92000", "2014-09-30": "1.02000", "2014-06-30": "1.02000", "2014-03-31": "0.88000", "2013-12-31": "0.91000", "2013-09-30": "1.07000", "2013-06-30": "1.03000", "2013-03-31": "1.02000", "2012-12-31": "0.86000", "2012-09-30": "1.07000", "2012-06-30": "0.96000", "2012-03-31": "0.94000", "2011-12-31": "0.79000", "2011-09-30": "0.87000", "2011-06-30": "0.83000", "2011-03-31": "0.86000", "2010-12-31": "0.80000", "2010-09-30": "0.86000", "2010-06-30": "0.69000", "2010-03-31": "0.73000", "2009-12-31": "0.63000", "2009-09-30": "0.78000", "2009-06-30": "0.68000", "2009-03-31": "0.54000", "2008-12-31": "0.55000", "2008-09-30": "0.62000", "2008-06-30": "0.58000", "2008-03-31": "0.56000", "2007-12-31": "0.43000", "2007-09-30": "0.61000", "2007-06-30": "0.39000", "2007-03-31": "0.46000", "2006-12-31": "0.37000", "2006-09-30": "0.61000", "2006-06-30": "0.49000", "2006-03-31": "0.41000", "2005-12-31": "0.30000", "2005-09-30": "0.45000", "2005-06-30": "0.37000", "2005-03-31": "0.39000"}}, "balance sheet": {"Cash On Hand": {"2020-09-30": "766.10000", "2019-09-30": "531.40000", "2018-09-30": "504.80000", "2017-09-30": "716.20000", "2016-09-30": "906.70000", "2015-09-30": "845.50000", "2014-09-30": "915.45100", "2013-09-30": "1180.56100", "2012-09-30": "754.27900", "2011-09-30": "583.66200", "2010-09-30": "520.22100", "2009-09-30": "553.52900", "2008-09-30": "397.30600", "2007-09-30": "263.24600", "2006-09-30": "366.10700", "2005-09-30": "378.44200"}, "Receivables": {"2020-09-30": "1066.10000", "2019-09-30": "1106.30000", "2018-09-30": "1009.90000", "2017-09-30": "961.50000", "2016-09-30": "769.60000", "2015-09-30": "770.90000", "2014-09-30": "731.92900", "2013-09-30": "698.25400", "2012-09-30": "691.80600", "2011-09-30": "635.15300", "2010-09-30": "591.67700", "2009-09-30": "580.91800", "2008-09-30": "486.31000", "2007-09-30": "499.33000", "2006-09-30": "471.82000", "2005-09-30": "351.89900"}, "Inventory": {"2020-09-30": "516.30000", "2019-09-30": "551.50000", "2018-09-30": "438.10000", "2017-09-30": "417.70000", "2016-09-30": "442.40000", "2015-09-30": "612.60000", "2014-09-30": "572.26100", "2013-09-30": "535.22300", "2012-09-30": "457.86900", "2011-09-30": "409.96200", "2010-09-30": "363.93300", "2009-09-30": "321.86100", "2008-09-30": "282.98000", "2007-09-30": "213.09500", "2006-09-30": "189.65300", "2005-09-30": "164.87300"}, "Pre-Paid Expenses": {"2020-09-30": "254.80000", "2019-09-30": "206.20000", "2018-09-30": "233.30000", "2017-09-30": "190.30000", "2016-09-30": "141.10000", "2015-09-30": "164.00000", "2014-09-30": "148.56200", "2013-09-30": "168.49500", "2012-09-30": "150.77500", "2011-09-30": "111.87500", "2010-09-30": "87.26700", "2009-09-30": "71.75100", "2008-09-30": "78.01800", "2007-09-30": "48.15000", "2006-09-30": "25.95300", "2005-09-30": "26.21100"}, "Other Current Assets": {"2020-09-30": "", "2019-09-30": "", "2018-09-30": "", "2017-09-30": "", "2016-09-30": "", "2015-09-30": "", "2014-09-30": "", "2013-09-30": "", "2012-09-30": "", "2011-09-30": "", "2010-09-30": "", "2009-09-30": "", "2008-09-30": "18.79900", "2007-09-30": "29.79800", "2006-09-30": "", "2005-09-30": ""}, "Total Current Assets": {"2020-09-30": "2603.30000", "2019-09-30": "2395.40000", "2018-09-30": "2188.40000", "2017-09-30": "2296.80000", "2016-09-30": "2615.40000", "2015-09-30": "2393.00000", "2014-09-30": "2494.16500", "2013-09-30": "2704.78300", "2012-09-30": "2170.51500", "2011-09-30": "1854.61700", "2010-09-30": "1681.34400", "2009-09-30": "1672.45100", "2008-09-30": "1394.40100", "2007-09-30": "1160.22900", "2006-09-30": "1156.04900", "2005-09-30": "1016.89500"}, "Property, Plant, And Equipment": {"2020-09-30": "344.90000", "2019-09-30": "311.50000", "2018-09-30": "274.60000", "2017-09-30": "255.30000", "2016-09-30": "258.60000", "2015-09-30": "379.20000", "2014-09-30": "337.99900", "2013-09-30": "315.33100", "2012-09-30": "296.59200", "2011-09-30": "285.89400", "2010-09-30": "267.92700", "2009-09-30": "264.06000", "2008-09-30": "218.18300", "2007-09-30": "167.94600", "2006-09-30": "130.31800", "2005-09-30": "114.54000"}, "Long-Term Investments": {"2020-09-30": "", "2019-09-30": "", "2018-09-30": "", "2017-09-30": "", "2016-09-30": "", "2015-09-30": "", "2014-09-30": "", "2013-09-30": "", "2012-09-30": "", "2011-09-30": "", "2010-09-30": "", "2009-09-30": "", "2008-09-30": "", "2007-09-30": "", "2006-09-30": "", "2005-09-30": "3.67900"}, "Goodwill And Intangible Assets": {"2020-09-30": "895.20000", "2019-09-30": "912.90000", "2018-09-30": "394.70000", "2017-09-30": "294.20000", "2016-09-30": "304.10000", "2015-09-30": "356.10000", "2014-09-30": "240.62600", "2013-09-30": "225.33500", "2012-09-30": "222.24200", "2011-09-30": "212.45200", "2010-09-30": "208.45100", "2009-09-30": "210.34600", "2008-09-30": "209.14600", "2007-09-30": "205.55300", "2006-09-30": "121.38900", "2005-09-30": "121.38900"}, "Other Long-Term Assets": {"2020-09-30": "416.30000", "2019-09-30": "397.20000", "2018-09-30": "292.80000", "2017-09-30": "300.80000", "2016-09-30": "227.00000", "2015-09-30": "331.00000", "2014-09-30": "284.50000", "2013-09-30": "223.02500", "2012-09-30": "189.37700", "2011-09-30": "145.79800", "2010-09-30": "166.23000", "2009-09-30": "161.39100", "2008-09-30": "153.78200", "2007-09-30": "150.64700", "2006-09-30": "103.99500", "2005-09-30": "60.89900"}, "Total Long-Term Assets": {"2020-09-30": "1858.90000", "2019-09-30": "1706.30000", "2018-09-30": "1064.30000", "2017-09-30": "997.60000", "2016-09-30": "1199.40000", "2015-09-30": "1185.70000", "2014-09-30": "863.12500", "2013-09-30": "763.69100", "2012-09-30": "708.21100", "2011-09-30": "644.14400", "2010-09-30": "642.60800", "2009-09-30": "635.79700", "2008-09-30": "581.11100", "2007-09-30": "524.14600", "2006-09-30": "355.70200", "2005-09-30": "300.50700"}, "Total Assets": {"2020-09-30": "4462.20000", "2019-09-30": "4101.70000", "2018-09-30": "3252.70000", "2017-09-30": "3294.40000", "2016-09-30": "3814.80000", "2015-09-30": "3578.70000", "2014-09-30": "3357.29000", "2013-09-30": "3468.47400", "2012-09-30": "2878.72600", "2011-09-30": "2498.76100", "2010-09-30": "2323.95200", "2009-09-30": "2308.24800", "2008-09-30": "1975.51200", "2007-09-30": "1684.37500", "2006-09-30": "1511.75100", "2005-09-30": "1317.40200"}, "Total Current Liabilities": {"2020-09-30": "1854.50000", "2019-09-30": "1884.00000", "2018-09-30": "1339.70000", "2017-09-30": "1645.10000", "2016-09-30": "1613.40000", "2015-09-30": "1376.70000", "2014-09-30": "1201.65400", "2013-09-30": "1160.57900", "2012-09-30": "1236.53100", "2011-09-30": "1125.91200", "2010-09-30": "903.54100", "2009-09-30": "842.32000", "2008-09-30": "781.67700", "2007-09-30": "781.68700", "2006-09-30": "643.95600", "2005-09-30": "543.93300"}, "Long Term Debt": {"2020-09-30": "", "2019-09-30": "", "2018-09-30": "", "2017-09-30": "", "2016-09-30": "286.90000", "2015-09-30": "337.50000", "2014-09-30": "387.50000", "2013-09-30": "450.00000", "2012-09-30": "6.25000", "2011-09-30": "6.25000", "2010-09-30": "17.86900", "2009-09-30": "23.39400", "2008-09-30": "32.39900", "2007-09-30": "40.38600", "2006-09-30": "49.35600", "2005-09-30": "57.31800"}, "Other Non-Current Liabilities": {"2020-09-30": "421.80000", "2019-09-30": "440.10000", "2018-09-30": "324.30000", "2017-09-30": "127.40000", "2016-09-30": "155.80000", "2015-09-30": "138.20000", "2014-09-30": "151.71600", "2013-09-30": "144.04800", "2012-09-30": "126.16900", "2011-09-30": "122.70800", "2010-09-30": "127.17500", "2009-09-30": "130.75100", "2008-09-30": "134.25100", "2007-09-30": "40.84700", "2006-09-30": "21.18600", "2005-09-30": "57.12400"}, "Total Long Term Liabilities": {"2020-09-30": "522.90000", "2019-09-30": "440.10000", "2018-09-30": "324.30000", "2017-09-30": "127.40000", "2016-09-30": "457.20000", "2015-09-30": "475.70000", "2014-09-30": "539.21600", "2013-09-30": "594.04800", "2012-09-30": "132.41900", "2011-09-30": "128.95800", "2010-09-30": "145.04400", "2009-09-30": "154.14500", "2008-09-30": "166.65000", "2007-09-30": "81.23300", "2006-09-30": "70.54200", "2005-09-30": "114.44200"}, "Total Liabilities": {"2020-09-30": "2377.40000", "2019-09-30": "2324.10000", "2018-09-30": "1664.00000", "2017-09-30": "1772.50000", "2016-09-30": "2070.60000", "2015-09-30": "1852.40000", "2014-09-30": "1740.87000", "2013-09-30": "1754.62700", "2012-09-30": "1368.95000", "2011-09-30": "1254.87000", "2010-09-30": "1048.58500", "2009-09-30": "996.46500", "2008-09-30": "948.32700", "2007-09-30": "862.92000", "2006-09-30": "714.49800", "2005-09-30": "658.37500"}, "Common Stock Net": {"2020-09-30": "91.20000", "2019-09-30": "90.80000", "2018-09-30": "91.20000", "2017-09-30": "91.70000", "2016-09-30": "93.70000", "2015-09-30": "98.10000", "2014-09-30": "100.94200", "2013-09-30": "106.49100", "2012-09-30": "109.40700", "2011-09-30": "112.34400", "2010-09-30": "118.00700", "2009-09-30": "125.28100", "2008-09-30": "125.59000", "2007-09-30": "125.21500", "2006-09-30": "129.72100", "2005-09-30": "130.71500"}, "Retained Earnings (Accumulated Deficit)": {"2020-09-30": "1133.00000", "2019-09-30": "934.00000", "2018-09-30": "780.40000", "2017-09-30": "778.60000", "2016-09-30": "1069.00000", "2015-09-30": "1017.80000", "2014-09-30": "931.24100", "2013-09-30": "1010.34300", "2012-09-30": "893.11500", "2011-09-30": "677.47300", "2010-09-30": "686.59800", "2009-09-30": "696.40900", "2008-09-30": "451.43900", "2007-09-30": "395.74200", "2006-09-30": "406.84900", "2005-09-30": "383.66700"}, "Comprehensive Income": {"2020-09-30": "-85.70000", "2019-09-30": "-102.10000", "2018-09-30": "-65.30000", "2017-09-30": "-68.80000", "2016-09-30": "-100.80000", "2015-09-30": "-86.50000", "2014-09-30": "-58.61100", "2013-09-30": "-40.07100", "2012-09-30": "-56.62100", "2011-09-30": "-46.84800", "2010-09-30": "-37.60400", "2009-09-30": "-26.38500", "2008-09-30": "-18.22800", "2007-09-30": "-10.91300", "2006-09-30": "-4.53100", "2005-09-30": "-5.82100"}, "Other Share Holders Equity": {"2020-09-30": "", "2019-09-30": "", "2018-09-30": "", "2017-09-30": "", "2016-09-30": "", "2015-09-30": "", "2014-09-30": "", "2013-09-30": "", "2012-09-30": "", "2011-09-30": "", "2010-09-30": "", "2009-09-30": "", "2008-09-30": "", "2007-09-30": "", "2006-09-30": "", "2005-09-30": ""}, "Share Holder Equity": {"2020-09-30": "2084.80000", "2019-09-30": "1777.60000", "2018-09-30": "1588.70000", "2017-09-30": "1521.90000", "2016-09-30": "1744.20000", "2015-09-30": "1726.30000", "2014-09-30": "1616.42000", "2013-09-30": "1713.84700", "2012-09-30": "1509.77600", "2011-09-30": "1243.89100", "2010-09-30": "1275.36700", "2009-09-30": "1311.78300", "2008-09-30": "1027.18500", "2007-09-30": "821.45500", "2006-09-30": "797.25300", "2005-09-30": "659.02700"}, "Total Liabilities And Share Holders Equity": {"2020-09-30": "4462.20000", "2019-09-30": "4101.70000", "2018-09-30": "3252.70000", "2017-09-30": "3294.40000", "2016-09-30": "3814.80000", "2015-09-30": "3578.70000", "2014-09-30": "3357.29000", "2013-09-30": "3468.47400", "2012-09-30": "2878.72600", "2011-09-30": "2498.76100", "2010-09-30": "2323.95200", "2009-09-30": "2308.24800", "2008-09-30": "1975.51200", "2007-09-30": "1684.37500", "2006-09-30": "1511.75100", "2005-09-30": "1317.40200"}}, "balance sheet, quarterly": {"Cash On Hand": {"2020-12-31": "773.30000", "2020-09-30": "766.10000", "2020-06-30": "769.20000", "2020-03-31": "667.80000", "2019-12-31": "721.90000", "2019-09-30": "531.40000", "2019-06-30": "520.70000", "2019-03-31": "546.30000", "2018-12-31": "616.00000", "2018-09-30": "504.80000", "2018-06-30": "536.00000", "2018-03-31": "739.90000", "2017-12-31": "822.60000", "2017-09-30": "716.20000", "2017-06-30": "658.20000", "2017-03-31": "705.50000", "2016-12-31": "814.70000", "2016-09-30": "906.70000", "2016-06-30": "835.93600", "2016-03-31": "961.10000", "2015-12-31": "953.37700", "2015-09-30": "845.50000", "2015-06-30": "1023.13600", "2015-03-31": "932.29800", "2014-12-31": "972.88100", "2014-09-30": "915.45100", "2014-06-30": "986.76400", "2014-03-31": "1018.44100", "2013-12-31": "1045.17400", "2013-09-30": "1180.56100", "2013-06-30": "825.04400", "2013-03-31": "795.87000", "2012-12-31": "807.29300", "2012-09-30": "754.27900", "2012-06-30": "680.54100", "2012-03-31": "648.35100", "2011-12-31": "631.60600", "2011-09-30": "583.66200", "2011-06-30": "567.92200", "2011-03-31": "584.38900", "2010-12-31": "703.51900", "2010-09-30": "520.22100", "2010-06-30": "587.61100", "2010-03-31": "654.72700", "2009-12-31": "625.49500", "2009-09-30": "553.52900", "2009-06-30": "474.35000", "2009-03-31": "376.95700", "2008-12-31": "422.87100", "2008-09-30": "397.30600", "2008-06-30": "405.68400", "2008-03-31": "360.05600", "2007-12-31": "334.08200", "2007-09-30": "263.24600", "2007-06-30": "192.79000", "2007-03-31": "288.77800", "2006-12-31": "362.84400", "2006-09-30": "366.10700", "2006-06-30": "370.98000", "2006-03-31": "393.55500", "2005-12-31": "385.43000", "2005-09-30": "378.44200", "2005-06-30": "306.26600", "2005-03-31": "334.67400"}, "Receivables": {"2020-12-31": "1029.30000", "2020-09-30": "1066.10000", "2020-06-30": "987.40000", "2020-03-31": "1004.80000", "2019-12-31": "1079.20000", "2019-09-30": "1106.30000", "2019-06-30": "1054.20000", "2019-03-31": "1029.20000", "2018-12-31": "989.50000", "2018-09-30": "1009.90000", "2018-06-30": "933.60000", "2018-03-31": "936.70000", "2017-12-31": "880.10000", "2017-09-30": "961.50000", "2017-06-30": "747.50000", "2017-03-31": "761.50000", "2016-12-31": "801.70000", "2016-09-30": "769.60000", "2016-06-30": "840.43700", "2016-03-31": "852.63400", "2015-12-31": "768.54800", "2015-09-30": "770.90000", "2015-06-30": "673.70600", "2015-03-31": "707.92700", "2014-12-31": "663.04100", "2014-09-30": "731.92900", "2014-06-30": "747.34600", "2014-03-31": "786.02900", "2013-12-31": "708.22600", "2013-09-30": "698.25400", "2013-06-30": "655.13000", "2013-03-31": "722.97900", "2012-12-31": "637.47300", "2012-09-30": "691.80600", "2012-06-30": "608.83400", "2012-03-31": "637.40200", "2011-12-31": "577.25300", "2011-09-30": "635.15300", "2011-06-30": "581.86200", "2011-03-31": "564.14700", "2010-12-31": "496.27100", "2010-09-30": "591.67700", "2010-06-30": "514.93900", "2010-03-31": "497.32000", "2009-12-31": "507.41100", "2009-09-30": "580.91800", "2009-06-30": "469.52300", "2009-03-31": "534.78900", "2008-12-31": "467.41500", "2008-09-30": "486.31000", "2008-06-30": "442.65000", "2008-03-31": "521.92400", "2007-12-31": "438.13200", "2007-09-30": "499.33000", "2007-06-30": "431.47900", "2007-03-31": "421.39100", "2006-12-31": "395.83500", "2006-09-30": "471.82000", "2006-06-30": "396.04900", "2006-03-31": "371.30100", "2005-12-31": "341.28500", "2005-09-30": "351.89900", "2005-06-30": "318.22700", "2005-03-31": "314.38200"}, "Inventory": {"2020-12-31": "571.70000", "2020-09-30": "516.30000", "2020-06-30": "600.40000", "2020-03-31": "604.00000", "2019-12-31": "597.40000", "2019-09-30": "551.50000", "2019-06-30": "529.30000", "2019-03-31": "478.00000", "2018-12-31": "469.60000", "2018-09-30": "438.10000", "2018-06-30": "469.20000", "2018-03-31": "433.80000", "2017-12-31": "431.40000", "2017-09-30": "417.70000", "2017-06-30": "460.20000", "2017-03-31": "453.70000", "2016-12-31": "661.60000", "2016-09-30": "442.40000", "2016-06-30": "682.49000", "2016-03-31": "653.32800", "2015-12-31": "613.06900", "2015-09-30": "612.60000", "2015-06-30": "640.10100", "2015-03-31": "651.77900", "2014-12-31": "630.87200", "2014-09-30": "572.26100", "2014-06-30": "586.07100", "2014-03-31": "561.19400", "2013-12-31": "561.80200", "2013-09-30": "535.22300", "2013-06-30": "536.69300", "2013-03-31": "502.59800", "2012-12-31": "499.61600", "2012-09-30": "457.86900", "2012-06-30": "464.43600", "2012-03-31": "444.80000", "2011-12-31": "444.66500", "2011-09-30": "409.96200", "2011-06-30": "438.48300", "2011-03-31": "422.46700", "2010-12-31": "402.76800", "2010-09-30": "363.93300", "2010-06-30": "390.18800", "2010-03-31": "371.49600", "2009-12-31": "350.84500", "2009-09-30": "321.86100", "2009-06-30": "358.15100", "2009-03-31": "340.24000", "2008-12-31": "327.26500", "2008-09-30": "282.98000", "2008-06-30": "304.30600", "2008-03-31": "268.51700", "2007-12-31": "259.57100", "2007-09-30": "213.09500", "2007-06-30": "276.04800", "2007-03-31": "267.68300", "2006-12-31": "223.71200", "2006-09-30": "189.65300", "2006-06-30": "196.58300", "2006-03-31": "177.36500", "2005-12-31": "179.85100", "2005-09-30": "164.87300", "2005-06-30": "186.26200", "2005-03-31": "178.72000"}, "Pre-Paid Expenses": {"2020-12-31": "267.00000", "2020-09-30": "254.80000", "2020-06-30": "274.70000", "2020-03-31": "224.30000", "2019-12-31": "248.50000", "2019-09-30": "206.20000", "2019-06-30": "237.00000", "2019-03-31": "207.70000", "2018-12-31": "223.50000", "2018-09-30": "233.30000", "2018-06-30": "249.80000", "2018-03-31": "226.40000", "2017-12-31": "206.20000", "2017-09-30": "190.30000", "2017-06-30": "173.80000", "2017-03-31": "206.90000", "2016-12-31": "143.30000", "2016-09-30": "141.10000", "2016-06-30": "187.76000", "2016-03-31": "177.25100", "2015-12-31": "174.69300", "2015-09-30": "164.00000", "2015-06-30": "187.13000", "2015-03-31": "177.77000", "2014-12-31": "164.24000", "2014-09-30": "148.56200", "2014-06-30": "183.01900", "2014-03-31": "175.28100", "2013-12-31": "172.87500", "2013-09-30": "168.49500", "2013-06-30": "185.39300", "2013-03-31": "189.59400", "2012-12-31": "168.01700", "2012-09-30": "150.77500", "2012-06-30": "150.43000", "2012-03-31": "136.57500", "2011-12-31": "140.67700", "2011-09-30": "111.87500", "2011-06-30": "130.96000", "2011-03-31": "117.04800", "2010-12-31": "106.37100", "2010-09-30": "87.26700", "2010-06-30": "96.91600", "2010-03-31": "97.98900", "2009-12-31": "95.53400", "2009-09-30": "71.75100", "2009-06-30": "60.54400", "2009-03-31": "67.45800", "2008-12-31": "55.45100", "2008-09-30": "78.01800", "2008-06-30": "76.85800", "2008-03-31": "70.81400", "2007-12-31": "60.40100", "2007-09-30": "48.15000", "2007-06-30": "57.45900", "2007-03-31": "34.32600", "2006-12-31": "32.31300", "2006-09-30": "25.95300", "2006-06-30": "32.03000", "2006-03-31": "27.47200", "2005-12-31": "26.40900", "2005-09-30": "26.21100", "2005-06-30": "40.21900", "2005-03-31": "35.28200"}, "Other Current Assets": {"2020-12-31": "", "2020-09-30": "", "2020-06-30": "", "2020-03-31": "", "2019-12-31": "", "2019-09-30": "", "2019-06-30": "", "2019-03-31": "", "2018-12-31": "", "2018-09-30": "", "2018-06-30": "", "2018-03-31": "", "2017-12-31": "", "2017-09-30": "", "2017-06-30": "", "2017-03-31": "", "2016-12-31": "", "2016-09-30": "", "2016-06-30": "", "2016-03-31": "", "2015-12-31": "", "2015-09-30": "", "2015-06-30": "", "2015-03-31": "", "2014-12-31": "", "2014-09-30": "", "2014-06-30": "", "2014-03-31": "", "2013-12-31": "", "2013-09-30": "", "2013-06-30": "", "2013-03-31": "", "2012-12-31": "", "2012-09-30": "", "2012-06-30": "", "2012-03-31": "", "2011-12-31": "", "2011-09-30": "", "2011-06-30": "", "2011-03-31": "", "2010-12-31": "", "2010-09-30": "", "2010-06-30": "", "2010-03-31": "", "2009-12-31": "", "2009-09-30": "", "2009-06-30": "", "2009-03-31": "", "2008-12-31": "18.60300", "2008-09-30": "18.79900", "2008-06-30": "", "2008-03-31": "", "2007-12-31": "", "2007-09-30": "29.79800", "2007-06-30": "", "2007-03-31": "", "2006-12-31": "", "2006-09-30": "", "2006-06-30": "", "2006-03-31": "", "2005-12-31": "", "2005-09-30": "", "2005-06-30": "", "2005-03-31": ""}, "Total Current Assets": {"2020-12-31": "2641.30000", "2020-09-30": "2603.30000", "2020-06-30": "2631.70000", "2020-03-31": "2500.90000", "2019-12-31": "2647.00000", "2019-09-30": "2395.40000", "2019-06-30": "2341.20000", "2019-03-31": "2261.20000", "2018-12-31": "2300.90000", "2018-09-30": "2188.40000", "2018-06-30": "2193.00000", "2018-03-31": "2345.40000", "2017-12-31": "2351.60000", "2017-09-30": "2296.80000", "2017-06-30": "2058.60000", "2017-03-31": "2141.50000", "2016-12-31": "2421.30000", "2016-09-30": "2615.40000", "2016-06-30": "2546.62300", "2016-03-31": "2773.21700", "2015-12-31": "2640.21600", "2015-09-30": "2393.00000", "2015-06-30": "2648.93500", "2015-03-31": "2590.35100", "2014-12-31": "2552.36500", "2014-09-30": "2494.16500", "2014-06-30": "2624.75600", "2014-03-31": "2678.30400", "2013-12-31": "2606.34900", "2013-09-30": "2704.78300", "2013-06-30": "2317.03900", "2013-03-31": "2326.35400", "2012-12-31": "2228.31300", "2012-09-30": "2170.51500", "2012-06-30": "2017.48700", "2012-03-31": "1980.27000", "2011-12-31": "1907.67700", "2011-09-30": "1854.61700", "2011-06-30": "1837.45200", "2011-03-31": "1806.09400", "2010-12-31": "1827.24800", "2010-09-30": "1681.34400", "2010-06-30": "1697.92800", "2010-03-31": "1729.60000", "2009-12-31": "1723.27800", "2009-09-30": "1672.45100", "2009-06-30": "1493.50900", "2009-03-31": "1450.15400", "2008-12-31": "1422.54500", "2008-09-30": "1394.40100", "2008-06-30": "1355.17800", "2008-03-31": "1347.33800", "2007-12-31": "1217.72400", "2007-09-30": "1160.22900", "2007-06-30": "1060.30600", "2007-03-31": "1114.35400", "2006-12-31": "1115.25700", "2006-09-30": "1156.04900", "2006-06-30": "1096.79300", "2006-03-31": "1071.02200", "2005-12-31": "1029.79800", "2005-09-30": "1016.89500", "2005-06-30": "932.10400", "2005-03-31": "944.18800"}, "Property, Plant, And Equipment": {"2020-12-31": "346.50000", "2020-09-30": "344.90000", "2020-06-30": "346.30000", "2020-03-31": "341.90000", "2019-12-31": "330.30000", "2019-09-30": "311.50000", "2019-06-30": "307.40000", "2019-03-31": "268.40000", "2018-12-31": "270.10000", "2018-09-30": "274.60000", "2018-06-30": "265.90000", "2018-03-31": "247.00000", "2017-12-31": "250.40000", "2017-09-30": "255.30000", "2017-06-30": "249.30000", "2017-03-31": "252.60000", "2016-12-31": "375.10000", "2016-09-30": "258.60000", "2016-06-30": "372.49600", "2016-03-31": "374.35600", "2015-12-31": "372.85800", "2015-09-30": "379.20000", "2015-06-30": "343.41700", "2015-03-31": "334.80700", "2014-12-31": "335.32500", "2014-09-30": "337.99900", "2014-06-30": "328.64600", "2014-03-31": "325.84200", "2013-12-31": "321.00500", "2013-09-30": "315.33100", "2013-06-30": "306.34100", "2013-03-31": "302.74300", "2012-12-31": "298.53300", "2012-09-30": "296.59200", "2012-06-30": "287.33600", "2012-03-31": "282.23900", "2011-12-31": "280.83200", "2011-09-30": "285.89400", "2011-06-30": "283.18500", "2011-03-31": "281.82300", "2010-12-31": "277.55000", "2010-09-30": "267.92700", "2010-06-30": "261.36100", "2010-03-31": "258.47900", "2009-12-31": "258.43200", "2009-09-30": "264.06000", "2009-06-30": "260.29700", "2009-03-31": "252.27300", "2008-12-31": "253.07200", "2008-09-30": "218.18300", "2008-06-30": "209.02200", "2008-03-31": "195.47300", "2007-12-31": "180.87600", "2007-09-30": "167.94600", "2007-06-30": "156.82000", "2007-03-31": "147.26300", "2006-12-31": "135.77400", "2006-09-30": "130.31800", "2006-06-30": "123.49500", "2006-03-31": "119.81100", "2005-12-31": "117.05500", "2005-09-30": "114.54000", "2005-06-30": "98.75600", "2005-03-31": "91.88600"}, "Long-Term Investments": {"2020-12-31": "", "2020-09-30": "", "2020-06-30": "", "2020-03-31": "", "2019-12-31": "", "2019-09-30": "", "2019-06-30": "", "2019-03-31": "", "2018-12-31": "", "2018-09-30": "", "2018-06-30": "", "2018-03-31": "", "2017-12-31": "", "2017-09-30": "", "2017-06-30": "", "2017-03-31": "", "2016-12-31": "", "2016-09-30": "", "2016-06-30": "", "2016-03-31": "", "2015-12-31": "", "2015-09-30": "", "2015-06-30": "", "2015-03-31": "", "2014-12-31": "", "2014-09-30": "", "2014-06-30": "", "2014-03-31": "", "2013-12-31": "", "2013-09-30": "", "2013-06-30": "", "2013-03-31": "", "2012-12-31": "", "2012-09-30": "", "2012-06-30": "", "2012-03-31": "", "2011-12-31": "", "2011-09-30": "", "2011-06-30": "", "2011-03-31": "", "2010-12-31": "", "2010-09-30": "", "2010-06-30": "", "2010-03-31": "", "2009-12-31": "", "2009-09-30": "", "2009-06-30": "", "2009-03-31": "", "2008-12-31": "3.55200", "2008-09-30": "", "2008-06-30": "", "2008-03-31": "", "2007-12-31": "", "2007-09-30": "", "2007-06-30": "", "2007-03-31": "", "2006-12-31": "", "2006-09-30": "", "2006-06-30": "", "2006-03-31": "", "2005-12-31": "3.65900", "2005-09-30": "3.67900", "2005-06-30": "36.34900", "2005-03-31": "37.37700"}, "Goodwill And Intangible Assets": {"2020-12-31": "892.70000", "2020-09-30": "895.20000", "2020-06-30": "873.10000", "2020-03-31": "896.30000", "2019-12-31": "903.30000", "2019-09-30": "912.90000", "2019-06-30": "840.00000", "2019-03-31": "400.10000", "2018-12-31": "408.00000", "2018-09-30": "394.70000", "2018-06-30": "319.30000", "2018-03-31": "318.20000", "2017-12-31": "289.00000", "2017-09-30": "294.20000", "2017-06-30": "295.00000", "2017-03-31": "294.20000", "2016-12-31": "391.10000", "2016-09-30": "304.10000", "2016-06-30": "282.89400", "2016-03-31": "283.94700", "2015-12-31": "281.77300", "2015-09-30": "356.10000", "2015-06-30": "241.73400", "2015-03-31": "232.63300", "2014-12-31": "237.70200", "2014-09-30": "240.62600", "2014-06-30": "236.13000", "2014-03-31": "226.82900", "2013-12-31": "226.95500", "2013-09-30": "225.33500", "2013-06-30": "222.94600", "2013-03-31": "222.19800", "2012-12-31": "223.91400", "2012-09-30": "222.24200", "2012-06-30": "224.05800", "2012-03-31": "214.54700", "2011-12-31": "213.01700", "2011-09-30": "212.45200", "2011-06-30": "216.06300", "2011-03-31": "214.73100", "2010-12-31": "206.94600", "2010-09-30": "208.45100", "2010-06-30": "203.28800", "2010-03-31": "207.14600", "2009-12-31": "210.56300", "2009-09-30": "210.34600", "2009-06-30": "207.68700", "2009-03-31": "203.87100", "2008-12-31": "206.26100", "2008-09-30": "209.14600", "2008-06-30": "214.92700", "2008-03-31": "215.67600", "2007-12-31": "208.84400", "2007-09-30": "205.55300", "2007-06-30": "170.18400", "2007-03-31": "153.95500", "2006-12-31": "121.38900", "2006-09-30": "121.38900", "2006-06-30": "121.38900", "2006-03-31": "121.38900", "2005-12-31": "121.38900", "2005-09-30": "121.38900", "2005-06-30": "122.24000", "2005-03-31": "122.01500"}, "Other Long-Term Assets": {"2020-12-31": "", "2020-09-30": "416.30000", "2020-06-30": "387.40000", "2020-03-31": "387.40000", "2019-12-31": "370.30000", "2019-09-30": "397.20000", "2019-06-30": "384.80000", "2019-03-31": "365.60000", "2018-12-31": "289.30000", "2018-09-30": "292.80000", "2018-06-30": "287.20000", "2018-03-31": "282.00000", "2017-12-31": "296.00000", "2017-09-30": "300.80000", "2017-06-30": "309.30000", "2017-03-31": "287.20000", "2016-12-31": "346.50000", "2016-09-30": "227.00000", "2016-06-30": "439.52100", "2016-03-31": "434.73800", "2015-12-31": "431.81500", "2015-09-30": "331.00000", "2015-06-30": "297.49300", "2015-03-31": "301.74500", "2014-12-31": "270.91000", "2014-09-30": "284.50000", "2014-06-30": "285.34300", "2014-03-31": "244.86300", "2013-12-31": "236.92500", "2013-09-30": "223.02500", "2013-06-30": "212.72900", "2013-03-31": "210.78400", "2012-12-31": "187.80400", "2012-09-30": "189.37700", "2012-06-30": "189.07200", "2012-03-31": "186.11400", "2011-12-31": "179.80500", "2011-09-30": "145.79800", "2011-06-30": "176.57900", "2011-03-31": "166.92200", "2010-12-31": "159.22500", "2010-09-30": "166.23000", "2010-06-30": "156.31800", "2010-03-31": "154.66400", "2009-12-31": "165.72100", "2009-09-30": "161.39100", "2009-06-30": "166.07700", "2009-03-31": "157.69300", "2008-12-31": "152.57200", "2008-09-30": "153.78200", "2008-06-30": "161.85700", "2008-03-31": "158.45400", "2007-12-31": "156.75100", "2007-09-30": "150.64700", "2007-06-30": "142.24300", "2007-03-31": "125.75000", "2006-12-31": "120.23600", "2006-09-30": "103.99500", "2006-06-30": "75.17100", "2006-03-31": "67.75200", "2005-12-31": "66.02800", "2005-09-30": "60.89900", "2005-06-30": "57.11000", "2005-03-31": "55.78200"}, "Total Long-Term Assets": {"2020-12-31": "1884.80000", "2020-09-30": "1858.90000", "2020-06-30": "1822.70000", "2020-03-31": "1843.00000", "2019-12-31": "1803.70000", "2019-09-30": "1706.30000", "2019-06-30": "1626.10000", "2019-03-31": "1129.00000", "2018-12-31": "1069.90000", "2018-09-30": "1064.30000", "2018-06-30": "978.80000", "2018-03-31": "962.10000", "2017-12-31": "948.20000", "2017-09-30": "997.60000", "2017-06-30": "1000.40000", "2017-03-31": "977.30000", "2016-12-31": "1263.50000", "2016-09-30": "1199.40000", "2016-06-30": "1212.82900", "2016-03-31": "1093.04100", "2015-12-31": "1086.44600", "2015-09-30": "1185.70000", "2015-06-30": "882.64400", "2015-03-31": "869.18500", "2014-12-31": "843.93700", "2014-09-30": "863.12500", "2014-06-30": "850.11900", "2014-03-31": "797.53410", "2013-12-31": "784.88500", "2013-09-30": "763.69100", "2013-06-30": "742.01600", "2013-03-31": "735.72500", "2012-12-31": "710.25100", "2012-09-30": "708.21100", "2012-06-30": "700.46600", "2012-03-31": "682.90000", "2011-12-31": "673.65400", "2011-09-30": "644.14400", "2011-06-30": "675.82700", "2011-03-31": "663.47600", "2010-12-31": "643.72090", "2010-09-30": "642.60800", "2010-06-30": "620.96700", "2010-03-31": "620.28900", "2009-12-31": "634.71600", "2009-09-30": "635.79700", "2009-06-30": "634.06100", "2009-03-31": "613.83700", "2008-12-31": "615.45700", "2008-09-30": "581.11100", "2008-06-30": "585.80600", "2008-03-31": "569.60300", "2007-12-31": "546.47100", "2007-09-30": "524.14600", "2007-06-30": "469.24700", "2007-03-31": "426.96800", "2006-12-31": "377.39900", "2006-09-30": "355.70200", "2006-06-30": "320.05500", "2006-03-31": "308.95200", "2005-12-31": "308.13100", "2005-09-30": "300.50700", "2005-06-30": "314.45500", "2005-03-31": "307.06000"}, "Total Assets": {"2020-12-31": "4526.10000", "2020-09-30": "4462.20000", "2020-06-30": "4454.40000", "2020-03-31": "4343.90000", "2019-12-31": "4450.70000", "2019-09-30": "4101.70000", "2019-06-30": "3967.30000", "2019-03-31": "3390.20000", "2018-12-31": "3370.80000", "2018-09-30": "3252.70000", "2018-06-30": "3171.80000", "2018-03-31": "3307.50000", "2017-12-31": "3299.80000", "2017-09-30": "3294.40000", "2017-06-30": "3059.00000", "2017-03-31": "3118.80000", "2016-12-31": "3684.80000", "2016-09-30": "3814.80000", "2016-06-30": "3759.45200", "2016-03-31": "3866.25800", "2015-12-31": "3726.66200", "2015-09-30": "3578.70000", "2015-06-30": "3531.57900", "2015-03-31": "3459.53600", "2014-12-31": "3396.30200", "2014-09-30": "3357.29000", "2014-06-30": "3474.87500", "2014-03-31": "3475.83800", "2013-12-31": "3391.23400", "2013-09-30": "3468.47400", "2013-06-30": "3059.05500", "2013-03-31": "3062.07900", "2012-12-31": "2938.56400", "2012-09-30": "2878.72600", "2012-06-30": "2717.95300", "2012-03-31": "2663.17000", "2011-12-31": "2581.33100", "2011-09-30": "2498.76100", "2011-06-30": "2513.27900", "2011-03-31": "2469.57000", "2010-12-31": "2470.96900", "2010-09-30": "2323.95200", "2010-06-30": "2318.89500", "2010-03-31": "2349.88900", "2009-12-31": "2357.99400", "2009-09-30": "2308.24800", "2009-06-30": "2127.57000", "2009-03-31": "2063.99100", "2008-12-31": "2038.00200", "2008-09-30": "1975.51200", "2008-06-30": "1940.98400", "2008-03-31": "1916.94100", "2007-12-31": "1764.19500", "2007-09-30": "1684.37500", "2007-06-30": "1529.55300", "2007-03-31": "1541.32200", "2006-12-31": "1492.65600", "2006-09-30": "1511.75100", "2006-06-30": "1416.84800", "2006-03-31": "1379.97400", "2005-12-31": "1337.92900", "2005-09-30": "1317.40200", "2005-06-30": "1246.55900", "2005-03-31": "1251.24800"}, "Total Current Liabilities": {"2020-12-31": "1744.90000", "2020-09-30": "1854.50000", "2020-06-30": "1991.40000", "2020-03-31": "1949.70000", "2019-12-31": "2046.40000", "2019-09-30": "1884.00000", "2019-06-30": "1809.90000", "2019-03-31": "1318.80000", "2018-12-31": "1333.00000", "2018-09-30": "1339.70000", "2018-06-30": "1379.10000", "2018-03-31": "1530.20000", "2017-12-31": "1616.40000", "2017-09-30": "1645.10000", "2017-06-30": "1273.20000", "2017-03-31": "1405.40000", "2016-12-31": "1524.10000", "2016-09-30": "1613.40000", "2016-06-30": "1617.71100", "2016-03-31": "1694.14000", "2015-12-31": "1589.05500", "2015-09-30": "1376.70000", "2015-06-30": "1288.64600", "2015-03-31": "1270.76800", "2014-12-31": "1256.93000", "2014-09-30": "1201.65400", "2014-06-30": "1209.93800", "2014-03-31": "1234.73600", "2013-12-31": "1133.14400", "2013-09-30": "1160.57900", "2013-06-30": "1231.61200", "2013-03-31": "1288.99900", "2012-12-31": "1231.77200", "2012-09-30": "1236.53100", "2012-06-30": "1130.32700", "2012-03-31": "1101.80600", "2011-12-31": "1092.32300", "2011-09-30": "1125.91200", "2011-06-30": "931.84500", "2011-03-31": "1018.80200", "2010-12-31": "863.22600", "2010-09-30": "903.54100", "2010-06-30": "795.21500", "2010-03-31": "818.00400", "2009-12-31": "851.56800", "2009-09-30": "842.32000", "2009-06-30": "757.48300", "2009-03-31": "755.01000", "2008-12-31": "810.33400", "2008-09-30": "781.67700", "2008-06-30": "829.22500", "2008-03-31": "830.76600", "2007-12-31": "727.35400", "2007-09-30": "781.68700", "2007-06-30": "656.21300", "2007-03-31": "644.90700", "2006-12-31": "621.47000", "2006-09-30": "643.95600", "2006-06-30": "558.48300", "2006-03-31": "523.86400", "2005-12-31": "510.38600", "2005-09-30": "543.93300", "2005-06-30": "520.54800", "2005-03-31": "516.10800"}, "Long Term Debt": {"2020-12-31": "", "2020-09-30": "", "2020-06-30": "", "2020-03-31": "", "2019-12-31": "", "2019-09-30": "", "2019-06-30": "", "2019-03-31": "", "2018-12-31": "", "2018-09-30": "", "2018-06-30": "", "2018-03-31": "", "2017-12-31": "", "2017-09-30": "", "2017-06-30": "249.90000", "2017-03-31": "277.20000", "2016-12-31": "274.60000", "2016-09-30": "286.90000", "2016-06-30": "300.00000", "2016-03-31": "312.50000", "2015-12-31": "345.00000", "2015-09-30": "337.50000", "2015-06-30": "350.00000", "2015-03-31": "362.50000", "2014-12-31": "375.00000", "2014-09-30": "387.50000", "2014-06-30": "400.00000", "2014-03-31": "412.50000", "2013-12-31": "425.00000", "2013-09-30": "450.00000", "2013-06-30": "", "2013-03-31": "6.25000", "2012-12-31": "6.25000", "2012-09-30": "6.25000", "2012-06-30": "6.25000", "2012-03-31": "6.25000", "2011-12-31": "6.25000", "2011-09-30": "6.25000", "2011-06-30": "6.25000", "2011-03-31": "12.50000", "2010-12-31": "16.09400", "2010-09-30": "17.86900", "2010-06-30": "17.93900", "2010-03-31": "23.25900", "2009-12-31": "23.32700", "2009-09-30": "23.39400", "2009-06-30": "23.45900", "2009-03-31": "29.77400", "2008-12-31": "32.33700", "2008-09-30": "32.39900", "2008-06-30": "32.46000", "2008-03-31": "40.27000", "2007-12-31": "40.32900", "2007-09-30": "40.38600", "2007-06-30": "40.44300", "2007-03-31": "55.91600", "2006-12-31": "49.30300", "2006-09-30": "49.35600", "2006-06-30": "49.40900", "2006-03-31": "57.21000", "2005-12-31": "57.26100", "2005-09-30": "57.31800", "2005-06-30": "53.18000", "2005-03-31": "55.70700"}, "Other Non-Current Liabilities": {"2020-12-31": "431.70000", "2020-09-30": "421.80000", "2020-06-30": "417.30000", "2020-03-31": "423.10000", "2019-12-31": "453.30000", "2019-09-30": "440.10000", "2019-06-30": "400.10000", "2019-03-31": "331.30000", "2018-12-31": "355.80000", "2018-09-30": "324.30000", "2018-06-30": "291.20000", "2018-03-31": "320.70000", "2017-12-31": "292.40000", "2017-09-30": "127.40000", "2017-06-30": "141.60000", "2017-03-31": "143.60000", "2016-12-31": "146.80000", "2016-09-30": "155.80000", "2016-06-30": "139.55400", "2016-03-31": "155.74800", "2015-12-31": "150.54300", "2015-09-30": "138.20000", "2015-06-30": "149.99900", "2015-03-31": "147.94500", "2014-12-31": "146.47000", "2014-09-30": "151.71600", "2014-06-30": "150.02400", "2014-03-31": "149.58600", "2013-12-31": "133.50100", "2013-09-30": "144.04800", "2013-06-30": "143.89300", "2013-03-31": "138.96300", "2012-12-31": "123.65400", "2012-09-30": "126.16900", "2012-06-30": "118.05100", "2012-03-31": "119.13100", "2011-12-31": "123.40500", "2011-09-30": "122.70800", "2011-06-30": "121.13700", "2011-03-31": "122.54500", "2010-12-31": "123.32700", "2010-09-30": "127.17500", "2010-06-30": "118.39500", "2010-03-31": "115.10000", "2009-12-31": "128.87400", "2009-09-30": "130.75100", "2009-06-30": "117.56100", "2009-03-31": "152.15400", "2008-12-31": "153.06500", "2008-09-30": "134.25100", "2008-06-30": "126.97700", "2008-03-31": "138.17400", "2007-12-31": "133.62900", "2007-09-30": "40.84700", "2007-06-30": "27.20500", "2007-03-31": "25.70900", "2006-12-31": "22.71700", "2006-09-30": "21.18600", "2006-06-30": "56.82000", "2006-03-31": "55.83700", "2005-12-31": "54.92700", "2005-09-30": "57.12400", "2005-06-30": "41.16500", "2005-03-31": "41.74000"}, "Total Long Term Liabilities": {"2020-12-31": "533.40000", "2020-09-30": "522.90000", "2020-06-30": "519.90000", "2020-03-31": "523.50000", "2019-12-31": "547.00000", "2019-09-30": "440.10000", "2019-06-30": "400.10000", "2019-03-31": "331.30000", "2018-12-31": "355.80000", "2018-09-30": "324.30000", "2018-06-30": "291.20000", "2018-03-31": "320.70000", "2017-12-31": "292.40000", "2017-09-30": "127.40000", "2017-06-30": "391.50000", "2017-03-31": "420.80000", "2016-12-31": "431.70000", "2016-09-30": "457.20000", "2016-06-30": "449.88500", "2016-03-31": "478.57900", "2015-12-31": "505.92500", "2015-09-30": "475.70000", "2015-06-30": "499.99900", "2015-03-31": "510.44500", "2014-12-31": "521.47000", "2014-09-30": "539.21600", "2014-06-30": "550.02400", "2014-03-31": "562.08600", "2013-12-31": "558.50100", "2013-09-30": "594.04800", "2013-06-30": "143.89300", "2013-03-31": "145.21300", "2012-12-31": "129.90400", "2012-09-30": "132.41900", "2012-06-30": "124.30100", "2012-03-31": "125.38100", "2011-12-31": "129.65500", "2011-09-30": "128.95800", "2011-06-30": "127.38700", "2011-03-31": "135.04500", "2010-12-31": "139.42100", "2010-09-30": "145.04400", "2010-06-30": "136.33400", "2010-03-31": "138.35900", "2009-12-31": "152.20100", "2009-09-30": "154.14500", "2009-06-30": "141.02000", "2009-03-31": "181.92800", "2008-12-31": "185.40200", "2008-09-30": "166.65000", "2008-06-30": "159.43700", "2008-03-31": "178.44400", "2007-12-31": "173.95800", "2007-09-30": "81.23300", "2007-06-30": "67.64800", "2007-03-31": "81.62500", "2006-12-31": "72.02000", "2006-09-30": "70.54200", "2006-06-30": "106.22900", "2006-03-31": "113.04700", "2005-12-31": "112.18800", "2005-09-30": "114.44200", "2005-06-30": "94.34500", "2005-03-31": "97.44700"}, "Total Liabilities": {"2020-12-31": "2278.30000", "2020-09-30": "2377.40000", "2020-06-30": "2511.30000", "2020-03-31": "2473.20000", "2019-12-31": "2593.40000", "2019-09-30": "2324.10000", "2019-06-30": "2210.00000", "2019-03-31": "1650.10000", "2018-12-31": "1688.80000", "2018-09-30": "1664.00000", "2018-06-30": "1670.30000", "2018-03-31": "1850.90000", "2017-12-31": "1908.80000", "2017-09-30": "1772.50000", "2017-06-30": "1664.70000", "2017-03-31": "1826.20000", "2016-12-31": "1955.80000", "2016-09-30": "2070.60000", "2016-06-30": "2067.59600", "2016-03-31": "2172.71900", "2015-12-31": "2094.98000", "2015-09-30": "1852.40000", "2015-06-30": "1788.64500", "2015-03-31": "1781.21300", "2014-12-31": "1778.40000", "2014-09-30": "1740.87000", "2014-06-30": "1759.96200", "2014-03-31": "1796.82200", "2013-12-31": "1691.64500", "2013-09-30": "1754.62700", "2013-06-30": "1375.50500", "2013-03-31": "1434.21200", "2012-12-31": "1361.67600", "2012-09-30": "1368.95000", "2012-06-30": "1254.62800", "2012-03-31": "1227.18700", "2011-12-31": "1221.97800", "2011-09-30": "1254.87000", "2011-06-30": "1059.23200", "2011-03-31": "1153.84700", "2010-12-31": "1002.64700", "2010-09-30": "1048.58500", "2010-06-30": "931.54900", "2010-03-31": "956.36300", "2009-12-31": "1003.76900", "2009-09-30": "996.46500", "2009-06-30": "898.50300", "2009-03-31": "936.93800", "2008-12-31": "995.73600", "2008-09-30": "948.32700", "2008-06-30": "988.66200", "2008-03-31": "1009.21000", "2007-12-31": "901.31200", "2007-09-30": "862.92000", "2007-06-30": "723.86100", "2007-03-31": "726.53200", "2006-12-31": "693.49000", "2006-09-30": "714.49800", "2006-06-30": "664.71200", "2006-03-31": "636.91100", "2005-12-31": "622.57400", "2005-09-30": "658.37500", "2005-06-30": "614.89300", "2005-03-31": "613.55500"}, "Common Stock Net": {"2020-12-31": "91.80000", "2020-09-30": "91.20000", "2020-06-30": "90.90000", "2020-03-31": "90.70000", "2019-12-31": "90.70000", "2019-09-30": "90.80000", "2019-06-30": "91.00000", "2019-03-31": "91.20000", "2018-12-31": "91.20000", "2018-09-30": "91.20000", "2018-06-30": "91.50000", "2018-03-31": "91.70000", "2017-12-31": "91.60000", "2017-09-30": "91.70000", "2017-06-30": "91.70000", "2017-03-31": "91.80000", "2016-12-31": "93.50000", "2016-09-30": "93.70000", "2016-06-30": "94.30600", "2016-03-31": "95.55000", "2015-12-31": "95.99900", "2015-09-30": "98.10000", "2015-06-30": "99.51100", "2015-03-31": "100.20100", "2014-12-31": "100.32700", "2014-09-30": "100.94200", "2014-06-30": "103.14000", "2014-03-31": "104.01900", "2013-12-31": "105.31600", "2013-09-30": "106.49100", "2013-06-30": "107.77400", "2013-03-31": "108.52200", "2012-12-31": "109.32200", "2012-09-30": "109.40700", "2012-06-30": "110.71100", "2012-03-31": "111.80500", "2011-12-31": "112.78400", "2011-09-30": "112.34400", "2011-06-30": "117.07500", "2011-03-31": "116.95300", "2010-12-31": "119.89400", "2010-09-30": "118.00700", "2010-06-30": "121.77000", "2010-03-31": "123.46000", "2009-12-31": "124.35700", "2009-09-30": "125.28100", "2009-06-30": "125.53000", "2009-03-31": "125.36000", "2008-12-31": "124.31300", "2008-09-30": "125.59000", "2008-06-30": "124.87700", "2008-03-31": "125.50700", "2007-12-31": "125.48600", "2007-09-30": "125.21500", "2007-06-30": "126.41600", "2007-03-31": "127.88700", "2006-12-31": "128.89100", "2006-09-30": "129.72100", "2006-06-30": "130.54700", "2006-03-31": "131.80500", "2005-12-31": "131.86000", "2005-09-30": "130.71500", "2005-06-30": "131.24200", "2005-03-31": "132.71900"}, "Retained Earnings (Accumulated Deficit)": {"2020-12-31": "1225.60000", "2020-09-30": "1133.00000", "2020-06-30": "1054.90000", "2020-03-31": "993.70000", "2019-12-31": "983.20000", "2019-09-30": "934.00000", "2019-06-30": "890.70000", "2019-03-31": "902.30000", "2018-12-31": "855.50000", "2018-09-30": "780.40000", "2018-06-30": "704.60000", "2018-03-31": "664.20000", "2017-12-31": "620.20000", "2017-09-30": "778.60000", "2017-06-30": "693.60000", "2017-03-31": "638.60000", "2016-12-31": "1049.90000", "2016-09-30": "1069.00000", "2016-06-30": "1018.93200", "2016-03-31": "1016.02700", "2015-12-31": "962.32400", "2015-09-30": "1017.80000", "2015-06-30": "1016.54700", "2015-03-31": "975.38300", "2014-12-31": "927.20500", "2014-09-30": "931.24100", "2014-06-30": "989.32800", "2014-03-31": "961.94800", "2013-12-31": "992.12000", "2013-09-30": "1010.34300", "2013-06-30": "995.16500", "2013-03-31": "945.25100", "2012-12-31": "909.72300", "2012-09-30": "893.11500", "2012-06-30": "834.85100", "2012-03-31": "798.99600", "2011-12-31": "767.70100", "2011-09-30": "677.47300", "2011-06-30": "768.81000", "2011-03-31": "701.77800", "2010-12-31": "783.08700", "2010-09-30": "686.59800", "2010-06-30": "772.42700", "2010-03-31": "773.54200", "2009-12-31": "735.63400", "2009-09-30": "696.40900", "2009-06-30": "620.74300", "2009-03-31": "535.39200", "2008-12-31": "467.57800", "2008-09-30": "451.43900", "2008-06-30": "440.90900", "2008-03-31": "414.82000", "2007-12-31": "400.44800", "2007-09-30": "395.74200", "2007-06-30": "381.71600", "2007-03-31": "394.25500", "2006-12-31": "394.03100", "2006-09-30": "406.84900", "2006-06-30": "382.58300", "2006-03-31": "377.85400", "2005-12-31": "393.16400", "2005-09-30": "383.66700", "2005-06-30": "359.41700", "2005-03-31": "357.73300"}, "Comprehensive Income": {"2020-12-31": "-76.80000", "2020-09-30": "-85.70000", "2020-06-30": "-113.50000", "2020-03-31": "-101.80000", "2019-12-31": "-97.00000", "2019-09-30": "-102.10000", "2019-06-30": "-69.50000", "2019-03-31": "-71.80000", "2018-12-31": "-69.00000", "2018-09-30": "-65.30000", "2018-06-30": "-70.70000", "2018-03-31": "-58.40000", "2017-12-31": "-65.70000", "2017-09-30": "-68.80000", "2017-06-30": "-94.00000", "2017-03-31": "-109.40000", "2016-12-31": "-113.10000", "2016-09-30": "-100.80000", "2016-06-30": "-84.06200", "2016-03-31": "-80.96800", "2015-12-31": "-90.38400", "2015-09-30": "-86.50000", "2015-06-30": "-86.48300", "2015-03-31": "-88.62300", "2014-12-31": "-70.50500", "2014-09-30": "-58.61100", "2014-06-30": "-38.69500", "2014-03-31": "-37.63500", "2013-12-31": "-35.92600", "2013-09-30": "-40.07100", "2013-06-30": "-53.39500", "2013-03-31": "-54.47500", "2012-12-31": "-51.40300", "2012-09-30": "-56.62100", "2012-06-30": "-51.18000", "2012-03-31": "-44.95600", "2011-12-31": "-51.16100", "2011-09-30": "-46.84800", "2011-06-30": "-28.23800", "2011-03-31": "-31.88100", "2010-12-31": "-41.52400", "2010-09-30": "-37.60400", "2010-06-30": "-40.06900", "2010-03-31": "-32.02000", "2009-12-31": "-26.97400", "2009-09-30": "-26.38500", "2009-06-30": "-18.79400", "2009-03-31": "-20.28300", "2008-12-31": "-18.24000", "2008-09-30": "-18.22800", "2008-06-30": "-5.23500", "2008-03-31": "-4.54300", "2007-12-31": "-9.97700", "2007-09-30": "-10.91300", "2007-06-30": "-4.53100", "2007-03-31": "-4.53100", "2006-12-31": "-4.53100", "2006-09-30": "-4.53100", "2006-06-30": "-5.82100", "2006-03-31": "-5.82100", "2005-12-31": "-5.82100", "2005-09-30": "-5.82100", "2005-06-30": "", "2005-03-31": ""}, "Other Share Holders Equity": {"2020-12-31": "", "2020-09-30": "", "2020-06-30": "", "2020-03-31": "", "2019-12-31": "", "2019-09-30": "", "2019-06-30": "", "2019-03-31": "", "2018-12-31": "", "2018-09-30": "", "2018-06-30": "", "2018-03-31": "", "2017-12-31": "", "2017-09-30": "", "2017-06-30": "", "2017-03-31": "", "2016-12-31": "", "2016-09-30": "", "2016-06-30": "", "2016-03-31": "", "2015-12-31": "", "2015-09-30": "", "2015-06-30": "", "2015-03-31": "", "2014-12-31": "", "2014-09-30": "", "2014-06-30": "", "2014-03-31": "", "2013-12-31": "", "2013-09-30": "", "2013-06-30": "", "2013-03-31": "", "2012-12-31": "", "2012-09-30": "", "2012-06-30": "", "2012-03-31": "", "2011-12-31": "", "2011-09-30": "", "2011-06-30": "", "2011-03-31": "", "2010-12-31": "", "2010-09-30": "", "2010-06-30": "", "2010-03-31": "", "2009-12-31": "", "2009-09-30": "", "2009-06-30": "", "2009-03-31": "", "2008-12-31": "", "2008-09-30": "", "2008-06-30": "", "2008-03-31": "", "2007-12-31": "", "2007-09-30": "", "2007-06-30": "", "2007-03-31": "", "2006-12-31": "", "2006-09-30": "", "2006-06-30": "", "2006-03-31": "", "2005-12-31": "", "2005-09-30": "", "2005-06-30": "", "2005-03-31": ""}, "Share Holder Equity": {"2020-12-31": "2247.80000", "2020-09-30": "2084.80000", "2020-06-30": "1943.10000", "2020-03-31": "1870.70000", "2019-12-31": "1857.30000", "2019-09-30": "1777.60000", "2019-06-30": "1757.30000", "2019-03-31": "1740.10000", "2018-12-31": "1682.00000", "2018-09-30": "1588.70000", "2018-06-30": "1501.50000", "2018-03-31": "1456.60000", "2017-12-31": "1391.00000", "2017-09-30": "1521.90000", "2017-06-30": "1394.30000", "2017-03-31": "1292.60000", "2016-12-31": "1729.00000", "2016-09-30": "1744.20000", "2016-06-30": "1691.85600", "2016-03-31": "1693.53900", "2015-12-31": "1631.68200", "2015-09-30": "1726.30000", "2015-06-30": "1742.93400", "2015-03-31": "1678.32300", "2014-12-31": "1617.90200", "2014-09-30": "1616.42000", "2014-06-30": "1714.91300", "2014-03-31": "1679.01600", "2013-12-31": "1699.58900", "2013-09-30": "1713.84700", "2013-06-30": "1683.55000", "2013-03-31": "1627.86700", "2012-12-31": "1576.88800", "2012-09-30": "1509.77600", "2012-06-30": "1463.32500", "2012-03-31": "1435.98300", "2011-12-31": "1359.35300", "2011-09-30": "1243.89100", "2011-06-30": "1454.04700", "2011-03-31": "1315.72300", "2010-12-31": "1468.32200", "2010-09-30": "1275.36700", "2010-06-30": "1387.34600", "2010-03-31": "1393.52600", "2009-12-31": "1354.22500", "2009-09-30": "1311.78300", "2009-06-30": "1229.06700", "2009-03-31": "1127.05300", "2008-12-31": "1042.26600", "2008-09-30": "1027.18500", "2008-06-30": "952.32200", "2008-03-31": "907.73100", "2007-12-31": "862.88300", "2007-09-30": "821.45500", "2007-06-30": "805.69200", "2007-03-31": "814.79000", "2006-12-31": "799.16600", "2006-09-30": "797.25300", "2006-06-30": "752.13600", "2006-03-31": "743.06300", "2005-12-31": "715.35500", "2005-09-30": "659.02700", "2005-06-30": "631.66600", "2005-03-31": "637.69300"}, "Total Liabilities And Share Holders Equity": {"2020-12-31": "4526.10000", "2020-09-30": "4462.20000", "2020-06-30": "4454.40000", "2020-03-31": "4343.90000", "2019-12-31": "4450.70000", "2019-09-30": "4101.70000", "2019-06-30": "3967.30000", "2019-03-31": "3390.20000", "2018-12-31": "3370.80000", "2018-09-30": "3252.70000", "2018-06-30": "3171.80000", "2018-03-31": "3307.50000", "2017-12-31": "3299.80000", "2017-09-30": "3294.40000", "2017-06-30": "3059.00000", "2017-03-31": "3118.80000", "2016-12-31": "3684.80000", "2016-09-30": "3814.80000", "2016-06-30": "3759.45200", "2016-03-31": "3866.25800", "2015-12-31": "3726.66200", "2015-09-30": "3578.70000", "2015-06-30": "3531.57900", "2015-03-31": "3459.53600", "2014-12-31": "3396.30200", "2014-09-30": "3357.29000", "2014-06-30": "3474.87500", "2014-03-31": "3475.83800", "2013-12-31": "3391.23400", "2013-09-30": "3468.47400", "2013-06-30": "3059.05500", "2013-03-31": "3062.07900", "2012-12-31": "2938.56400", "2012-09-30": "2878.72600", "2012-06-30": "2717.95300", "2012-03-31": "2663.17000", "2011-12-31": "2581.33100", "2011-09-30": "2498.76100", "2011-06-30": "2513.27900", "2011-03-31": "2469.57000", "2010-12-31": "2470.96900", "2010-09-30": "2323.95200", "2010-06-30": "2318.89500", "2010-03-31": "2349.88900", "2009-12-31": "2357.99400", "2009-09-30": "2308.24800", "2009-06-30": "2127.57000", "2009-03-31": "2063.99100", "2008-12-31": "2038.00200", "2008-09-30": "1975.51200", "2008-06-30": "1940.98400", "2008-03-31": "1916.94100", "2007-12-31": "1764.19500", "2007-09-30": "1684.37500", "2007-06-30": "1529.55300", "2007-03-31": "1541.32200", "2006-12-31": "1492.65600", "2006-09-30": "1511.75100", "2006-06-30": "1416.84800", "2006-03-31": "1379.97400", "2005-12-31": "1337.92900", "2005-09-30": "1317.40200", "2005-06-30": "1246.55900", "2005-03-31": "1251.24800"}}, "cash flow statement": {"Net Income/Loss": {"2020-09-30": "269.40000", "2019-09-30": "292.20000", "2018-09-30": "150.30000", "2017-09-30": "219.20000", "2016-09-30": "399.70000", "2015-09-30": "412.00000", "2014-09-30": "403.70000", "2013-09-30": "438.24800", "2012-09-30": "427.04900", "2011-09-30": "398.93300", "2010-09-30": "360.42200", "2009-09-30": "319.02200", "2008-09-30": "279.48400", "2007-09-30": "239.45600", "2006-09-30": "245.09100", "2005-09-30": "206.57600"}, "Total Depreciation And Amortization - Cash Flow": {"2020-09-30": "98.90000", "2019-09-30": "93.00000", "2018-09-30": "72.70000", "2017-09-30": "76.90000", "2016-09-30": "79.80000", "2015-09-30": "68.50000", "2014-09-30": "62.50000", "2013-09-30": "62.85900", "2012-09-30": "60.98200", "2011-09-30": "52.59100", "2010-09-30": "48.29300", "2009-09-30": "44.60900", "2008-09-30": "36.70900", "2007-09-30": "32.20600", "2006-09-30": "29.57600", "2005-09-30": "27.13500"}, "Other Non-Cash Items": {"2020-09-30": "104.20000", "2019-09-30": "139.30000", "2018-09-30": "130.00000", "2017-09-30": "115.70000", "2016-09-30": "27.00000", "2015-09-30": "54.20000", "2014-09-30": "70.80000", "2013-09-30": "39.82200", "2012-09-30": "55.85600", "2011-09-30": "76.95900", "2010-09-30": "76.26200", "2009-09-30": "28.79100", "2008-09-30": "48.62400", "2007-09-30": "49.16400", "2006-09-30": "-21.15800", "2005-09-30": "27.62600"}, "Total Non-Cash Items": {"2020-09-30": "203.10000", "2019-09-30": "232.30000", "2018-09-30": "202.70000", "2017-09-30": "192.60000", "2016-09-30": "106.80000", "2015-09-30": "122.70000", "2014-09-30": "133.30000", "2013-09-30": "102.68100", "2012-09-30": "116.83800", "2011-09-30": "129.55000", "2010-09-30": "124.55500", "2009-09-30": "73.40000", "2008-09-30": "85.33300", "2007-09-30": "81.37000", "2006-09-30": "8.41800", "2005-09-30": "54.76100"}, "Change In Accounts Receivable": {"2020-09-30": "35.20000", "2019-09-30": "-111.70000", "2018-09-30": "-76.10000", "2017-09-30": "-18.00000", "2016-09-30": "-167.70000", "2015-09-30": "-79.40000", "2014-09-30": "-74.50000", "2013-09-30": "-43.30100", "2012-09-30": "-87.43400", "2011-09-30": "-41.57700", "2010-09-30": "-12.87400", "2009-09-30": "-86.01200", "2008-09-30": "21.97800", "2007-09-30": "-4.69700", "2006-09-30": "-111.98900", "2005-09-30": "-68.38300"}, "Change In Inventories": {"2020-09-30": "39.80000", "2019-09-30": "-106.90000", "2018-09-30": "-16.40000", "2017-09-30": "-7.20000", "2016-09-30": "-42.30000", "2015-09-30": "-41.60000", "2014-09-30": "-43.30000", "2013-09-30": "-76.40000", "2012-09-30": "-42.45900", "2011-09-30": "-42.23500", "2010-09-30": "-53.32800", "2009-09-30": "-39.57500", "2008-09-30": "-56.06200", "2007-09-30": "-30.06600", "2006-09-30": "-22.90700", "2005-09-30": "-21.92700"}, "Change In Accounts Payable": {"2020-09-30": "-66.90000", "2019-09-30": "49.70000", "2018-09-30": "21.90000", "2017-09-30": "5.50000", "2016-09-30": "9.70000", "2015-09-30": "6.50000", "2014-09-30": "2.00000", "2013-09-30": "7.78400", "2012-09-30": "19.27500", "2011-09-30": "35.52400", "2010-09-30": "2.95900", "2009-09-30": "6.04200", "2008-09-30": "10.46200", "2007-09-30": "5.28100", "2006-09-30": "5.70400", "2005-09-30": "11.74800"}, "Change In Assets/Liabilities": {"2020-09-30": "16.00000", "2019-09-30": "30.70000", "2018-09-30": "-3.10000", "2017-09-30": "-5.70000", "2016-09-30": "-8.40000", "2015-09-30": "63.40000", "2014-09-30": "28.60000", "2013-09-30": "58.90400", "2012-09-30": "21.75800", "2011-09-30": "8.34200", "2010-09-30": "38.02900", "2009-09-30": "-15.58300", "2008-09-30": "27.98700", "2007-09-30": "10.81800", "2006-09-30": "39.02200", "2005-09-30": "50.48700"}, "Total Change In Assets/Liabilities": {"2020-09-30": "11.60000", "2019-09-30": "-152.70000", "2018-09-30": "101.90000", "2017-09-30": "-12.70000", "2016-09-30": "-150.20000", "2015-09-30": "-65.10000", "2014-09-30": "-88.00000", "2013-09-30": "-85.74400", "2012-09-30": "-51.11200", "2011-09-30": "-55.70400", "2010-09-30": "-24.19100", "2009-09-30": "-87.98900", "2008-09-30": "7.41000", "2007-09-30": "-20.63300", "2006-09-30": "-51.75100", "2005-09-30": "-9.54000"}, "Cash Flow From Operating Activities": {"2020-09-30": "484.10000", "2019-09-30": "371.80000", "2018-09-30": "454.90000", "2017-09-30": "399.10000", "2016-09-30": "356.30000", "2015-09-30": "469.60000", "2014-09-30": "449.00000", "2013-09-30": "455.18500", "2012-09-30": "492.77500", "2011-09-30": "472.77900", "2010-09-30": "460.78600", "2009-09-30": "304.43300", "2008-09-30": "372.22700", "2007-09-30": "300.19300", "2006-09-30": "201.75800", "2005-09-30": "251.79700"}, "Net Change In Property, Plant, And Equipment": {"2020-09-30": "-84.30000", "2019-09-30": "-58.00000", "2018-09-30": "-47.70000", "2017-09-30": "-59.10000", "2016-09-30": "-80.40000", "2015-09-30": "-91.40000", "2014-09-30": "-89.60000", "2013-09-30": "-76.27700", "2012-09-30": "-61.10300", "2011-09-30": "-70.92800", "2010-09-30": "-67.54500", "2009-09-30": "-62.56200", "2008-09-30": "-81.42400", "2007-09-30": "-64.13500", "2006-09-30": "-40.19900", "2005-09-30": "-43.82300"}, "Net Change In Intangible Assets": {"2020-09-30": "", "2019-09-30": "", "2018-09-30": "", "2017-09-30": "", "2016-09-30": "", "2015-09-30": "", "2014-09-30": "", "2013-09-30": "", "2012-09-30": "", "2011-09-30": "", "2010-09-30": "", "2009-09-30": "", "2008-09-30": "", "2007-09-30": "", "2006-09-30": "", "2005-09-30": ""}, "Net Acquisitions/Divestitures": {"2020-09-30": "-36.20000", "2019-09-30": "-576.20000", "2018-09-30": "-109.00000", "2017-09-30": "-3.00000", "2016-09-30": "-21.10000", "2015-09-30": "-95.30000", "2014-09-30": "-31.50000", "2013-09-30": "", "2012-09-30": "-28.24100", "2011-09-30": "-9.12400", "2010-09-30": "-1.80000", "2009-09-30": "-2.55000", "2008-09-30": "-2.09200", "2007-09-30": "-52.37400", "2006-09-30": "", "2005-09-30": "-12.37200"}, "Net Change In Short-term Investments": {"2020-09-30": "", "2019-09-30": "8.50000", "2018-09-30": "-1.90000", "2017-09-30": "-13.40000", "2016-09-30": "5.30000", "2015-09-30": "-1.20000", "2014-09-30": "-7.10000", "2013-09-30": "-10.04400", "2012-09-30": "-30.50300", "2011-09-30": "-19.20500", "2010-09-30": "0.00000", "2009-09-30": "", "2008-09-30": "", "2007-09-30": "93.57000", "2006-09-30": "45.31500", "2005-09-30": "120.61000"}, "Net Change In Long-Term Investments": {"2020-09-30": "-17.10000", "2019-09-30": "-2.90000", "2018-09-30": "-10.10000", "2017-09-30": "-8.40000", "2016-09-30": "-0.60000", "2015-09-30": "", "2014-09-30": "", "2013-09-30": "", "2012-09-30": "", "2011-09-30": "-13.59700", "2010-09-30": "", "2009-09-30": "", "2008-09-30": "", "2007-09-30": "", "2006-09-30": "", "2005-09-30": ""}, "Net Change In Investments - Total": {"2020-09-30": "-17.10000", "2019-09-30": "5.60000", "2018-09-30": "-12.00000", "2017-09-30": "-21.80000", "2016-09-30": "4.70000", "2015-09-30": "-1.20000", "2014-09-30": "-7.10000", "2013-09-30": "-10.04400", "2012-09-30": "-30.50300", "2011-09-30": "-32.80200", "2010-09-30": "", "2009-09-30": "", "2008-09-30": "", "2007-09-30": "93.57000", "2006-09-30": "45.31500", "2005-09-30": "120.61000"}, "Investing Activities - Other": {"2020-09-30": "-2.70000", "2019-09-30": "-3.10000", "2018-09-30": "-6.00000", "2017-09-30": "-46.50000", "2016-09-30": "-12.40000", "2015-09-30": "-23.00000", "2014-09-30": "-4.90000", "2013-09-30": "-9.95000", "2012-09-30": "-2.44800", "2011-09-30": "-5.07800", "2010-09-30": "-5.47000", "2009-09-30": "-12.79400", "2008-09-30": "-4.06900", "2007-09-30": "-32.71900", "2006-09-30": "-16.60300", "2005-09-30": "-12.65500"}, "Cash Flow From Investing Activities": {"2020-09-30": "-140.30000", "2019-09-30": "-631.70000", "2018-09-30": "-174.70000", "2017-09-30": "-130.40000", "2016-09-30": "-109.20000", "2015-09-30": "-210.90000", "2014-09-30": "-133.10000", "2013-09-30": "-96.27100", "2012-09-30": "-122.29500", "2011-09-30": "-117.93200", "2010-09-30": "-74.81500", "2009-09-30": "-77.90600", "2008-09-30": "-87.58500", "2007-09-30": "-55.65800", "2006-09-30": "-11.48700", "2005-09-30": "51.76000"}, "Net Long-Term Debt": {"2020-09-30": "", "2019-09-30": "-16.80000", "2018-09-30": "", "2017-09-30": "", "2016-09-30": "", "2015-09-30": "145.00000", "2014-09-30": "", "2013-09-30": "500.00000", "2012-09-30": "-9.87600", "2011-09-30": "", "2010-09-30": "", "2009-09-30": "", "2008-09-30": "", "2007-09-30": "", "2006-09-30": "", "2005-09-30": ""}, "Net Current Debt": {"2020-09-30": "-55.00000", "2019-09-30": "410.00000", "2018-09-30": "-350.00000", "2017-09-30": "-314.50000", "2016-09-30": "167.10000", "2015-09-30": "-86.40000", "2014-09-30": "-68.80000", "2013-09-30": "-155.00000", "2012-09-30": "-26.40000", "2011-09-30": "154.13600", "2010-09-30": "6.59300", "2009-09-30": "-3.81600", "2008-09-30": "-49.97100", "2007-09-30": "26.45300", "2006-09-30": "-2.69700", "2005-09-30": "-5.34000"}, "Debt Issuance/Retirement Net - Total": {"2020-09-30": "-55.00000", "2019-09-30": "393.20000", "2018-09-30": "-350.00000", "2017-09-30": "-314.50000", "2016-09-30": "167.10000", "2015-09-30": "58.60000", "2014-09-30": "-68.80000", "2013-09-30": "345.00000", "2012-09-30": "-36.27600", "2011-09-30": "154.13600", "2010-09-30": "6.59300", "2009-09-30": "-3.81600", "2008-09-30": "-49.97100", "2007-09-30": "26.45300", "2006-09-30": "-2.69700", "2005-09-30": "-5.34000"}, "Net Common Equity Issued/Repurchased": {"2020-09-30": "-10.20000", "2019-09-30": "-103.30000", "2018-09-30": "-121.20000", "2017-09-30": "-222.40000", "2016-09-30": "-400.70000", "2015-09-30": "-331.00000", "2014-09-30": "-528.00000", "2013-09-30": "-290.35100", "2012-09-30": "-197.10800", "2011-09-30": "-367.58700", "2010-09-30": "-413.06900", "2009-09-30": "-73.66000", "2008-09-30": "-132.81500", "2007-09-30": "-274.79600", "2006-09-30": "-196.92100", "2005-09-30": "-188.99600"}, "Net Total Equity Issued/Repurchased": {"2020-09-30": "-10.20000", "2019-09-30": "-103.30000", "2018-09-30": "-121.20000", "2017-09-30": "-222.40000", "2016-09-30": "-400.70000", "2015-09-30": "-331.00000", "2014-09-30": "-528.00000", "2013-09-30": "-290.35100", "2012-09-30": "-197.10800", "2011-09-30": "-367.58700", "2010-09-30": "-413.06900", "2009-09-30": "-73.66000", "2008-09-30": "-132.81500", "2007-09-30": "-274.79600", "2006-09-30": "-196.92100", "2005-09-30": "-188.99600"}, "Total Common And Preferred Stock Dividends Paid": {"2020-09-30": "", "2019-09-30": "", "2018-09-30": "", "2017-09-30": "", "2016-09-30": "", "2015-09-30": "", "2014-09-30": "", "2013-09-30": "", "2012-09-30": "", "2011-09-30": "", "2010-09-30": "", "2009-09-30": "", "2008-09-30": "", "2007-09-30": "", "2006-09-30": "", "2005-09-30": ""}, "Financial Activities - Other": {"2020-09-30": "-27.90000", "2019-09-30": "-10.70000", "2018-09-30": "-15.80000", "2017-09-30": "144.50000", "2016-09-30": "-12.20000", "2015-09-30": "-4.30000", "2014-09-30": "1.30000", "2013-09-30": "-3.00300", "2012-09-30": "-1.29200", "2011-09-30": "-97.88400", "2010-09-30": "-15.69900", "2009-09-30": "6.19500", "2008-09-30": "40.71000", "2007-09-30": "7.82300", "2006-09-30": "43.86900", "2005-09-30": ""}, "Cash Flow From Financial Activities": {"2020-09-30": "-93.10000", "2019-09-30": "279.20000", "2018-09-30": "-487.00000", "2017-09-30": "-392.40000", "2016-09-30": "-245.80000", "2015-09-30": "-276.70000", "2014-09-30": "-595.50000", "2013-09-30": "51.64600", "2012-09-30": "-234.67600", "2011-09-30": "-311.33500", "2010-09-30": "-422.17500", "2009-09-30": "-71.28100", "2008-09-30": "-142.07600", "2007-09-30": "-240.52000", "2006-09-30": "-155.74900", "2005-09-30": "-194.33600"}, "Net Cash Flow": {"2020-09-30": "241.70000", "2019-09-30": "27.70000", "2018-09-30": "-202.10000", "2017-09-30": "-127.60000", "2016-09-30": "-2.00000", "2015-09-30": "-3.80000", "2014-09-30": "-268.60000", "2013-09-30": "413.29100", "2012-09-30": "140.11300", "2011-09-30": "44.23600", "2010-09-30": "-33.30800", "2009-09-30": "156.22300", "2008-09-30": "134.06000", "2007-09-30": "-9.26200", "2006-09-30": "29.42200", "2005-09-30": "110.21600"}, "Stock-Based Compensation": {"2020-09-30": "43.90000", "2019-09-30": "47.90000", "2018-09-30": "45.90000", "2017-09-30": "41.20000", "2016-09-30": "48.30000", "2015-09-30": "46.30000", "2014-09-30": "39.60000", "2013-09-30": "42.63700", "2012-09-30": "47.87600", "2011-09-30": "42.01800", "2010-09-30": "39.81400", "2009-09-30": "42.57700", "2008-09-30": "40.99400", "2007-09-30": "44.88200", "2006-09-30": "40.84700", "2005-09-30": "1.11300"}, "Common Stock Dividends Paid": {"2020-09-30": "", "2019-09-30": "", "2018-09-30": "", "2017-09-30": "", "2016-09-30": "", "2015-09-30": "", "2014-09-30": "", "2013-09-30": "", "2012-09-30": "", "2011-09-30": "", "2010-09-30": "", "2009-09-30": "", "2008-09-30": "", "2007-09-30": "", "2006-09-30": "", "2005-09-30": ""}}, "cash flow statement, quarterly": {"Net Income/Loss": {"2020-12-31": "0.00000", "2020-09-30": 76.5, "2020-06-30": 60.9, "2020-03-31": 43.1, "2019-12-31": "88.90000", "2019-09-30": 70.4, "2019-06-30": 29.5, "2019-03-31": 88.4, "2018-12-31": "103.90000", "2018-09-30": 116.8, "2018-06-30": 72.5, "2018-03-31": 73.2, "2017-12-31": "-112.20000", "2017-09-30": 78.6, "2017-06-30": 69.9, "2017-03-31": 56.2, "2016-12-31": "14.50000", "2016-09-30": 114.8, "2016-06-30": 98.9, "2016-03-31": 97, "2015-12-31": "89.00000", "2015-09-30": 99.075, "2015-06-30": 113.642, "2015-03-31": 105.969, "2014-12-31": "93.31400", "2014-09-30": 105.862, "2014-06-30": 107.09, "2014-03-31": 92.788, "2013-12-31": "97.96000", "2013-09-30": 117.346, "2013-06-30": 112.831, "2013-03-31": 112.788, "2012-12-31": "95.28300", "2012-09-30": 120.201, "2012-06-30": 108.842, "2012-03-31": 107.772, "2011-12-31": "90.23400", "2011-09-30": 100.76, "2011-06-30": 98.605, "2011-03-31": 103.079, "2010-12-31": "96.48900", "2010-09-30": 105.039, "2010-06-30": 85.494, "2010-03-31": 91.114, "2009-12-31": "78.77500", "2009-09-30": 97.061, "2009-06-30": 85.351, "2009-03-31": 67.813, "2008-12-31": "68.79700", "2008-09-30": 78.462, "2008-06-30": 74.18, "2008-03-31": 71.363, "2007-12-31": "55.47900", "2007-09-30": 78.634, "2007-06-30": 50.37, "2007-03-31": 60.951, "2006-12-31": "49.50100", "2006-09-30": 82.405, "2006-06-30": 65.728, "2006-03-31": 55.798, "2005-12-31": "41.16000", "2005-09-30": 60.936, "2005-06-30": 51.179, "2005-03-31": 94.461}, "Total Depreciation And Amortization - Cash Flow": {"2020-12-31": "", "2020-09-30": 25.3, "2020-06-30": 24, "2020-03-31": 24.4, "2019-12-31": "25.20000", "2019-09-30": 35.6, "2019-06-30": 20.2, "2019-03-31": 19.7, "2018-12-31": "17.50000", "2018-09-30": 19.2, "2018-06-30": 17.7, "2018-03-31": 16.7, "2017-12-31": "19.10000", "2017-09-30": 18.4, "2017-06-30": 17.5, "2017-03-31": 18.7, "2016-12-31": "22.30000", "2016-09-30": 23.4, "2016-06-30": 18.5, "2016-03-31": 19.4, "2015-12-31": "18.50000", "2015-09-30": 18.495, "2015-06-30": 16.608, "2015-03-31": 16.326, "2014-12-31": "17.07100", "2014-09-30": 16.524, "2014-06-30": 15.337, "2014-03-31": 14.574, "2013-12-31": "16.06500", "2013-09-30": 14.95, "2013-06-30": 15.403, "2013-03-31": 15.55, "2012-12-31": "16.95600", "2012-09-30": 18.423, "2012-06-30": 14.514, "2012-03-31": 14.059, "2011-12-31": "13.98600", "2011-09-30": 13.603, "2011-06-30": 13.438, "2011-03-31": 13.185, "2010-12-31": "12.36500", "2010-09-30": 12.637, "2010-06-30": 11.903, "2010-03-31": 11.818, "2009-12-31": "11.93500", "2009-09-30": 11.916, "2009-06-30": 11.529, "2009-03-31": 11.647, "2008-12-31": "9.51700", "2008-09-30": 9.756, "2008-06-30": 9.186, "2008-03-31": 9.121, "2007-12-31": "8.64600", "2007-09-30": 8.916, "2007-06-30": 8.21, "2007-03-31": 7.746, "2006-12-31": "7.33400", "2006-09-30": 7.403, "2006-06-30": 7.392, "2006-03-31": 7.478, "2005-12-31": "7.30300", "2005-09-30": 6.883, "2005-06-30": 6.717, "2005-03-31": 13.535}, "Other Non-Cash Items": {"2020-12-31": "", "2020-09-30": 46, "2020-06-30": -1, "2020-03-31": 34.2, "2019-12-31": "25.00000", "2019-09-30": 41.9, "2019-06-30": 84.5, "2019-03-31": 20.7, "2018-12-31": "-7.80000", "2018-09-30": 14.3, "2018-06-30": 23.2, "2018-03-31": 36.2, "2017-12-31": "56.30000", "2017-09-30": 22.8, "2017-06-30": 0.4, "2017-03-31": 26.1, "2016-12-31": "66.40000", "2016-09-30": -18.3, "2016-06-30": 18.2, "2016-03-31": 14, "2015-12-31": "13.10000", "2015-09-30": -1.806, "2015-06-30": 6.167, "2015-03-31": 14.849, "2014-12-31": "34.99000", "2014-09-30": 33.766, "2014-06-30": 28.219, "2014-03-31": -7.702, "2013-12-31": "16.51700", "2013-09-30": -1.507, "2013-06-30": 9.06, "2013-03-31": 15.09, "2012-12-31": "17.17900", "2012-09-30": 16.477, "2012-06-30": 14.449, "2012-03-31": 15.271, "2011-12-31": "9.65900", "2011-09-30": 33.022, "2011-06-30": 13.888, "2011-03-31": 15.504, "2010-12-31": "14.54500", "2010-09-30": 45.627, "2010-06-30": 9.57, "2010-03-31": 11.984, "2009-12-31": "9.08100", "2009-09-30": -6.982, "2009-06-30": 10.144, "2009-03-31": 17.268, "2008-12-31": "8.36100", "2008-09-30": 20.718, "2008-06-30": 10.317, "2008-03-31": 7.912, "2007-12-31": "9.67700", "2007-09-30": 23.728, "2007-06-30": 7.181, "2007-03-31": 7.464, "2006-12-31": "10.79100", "2006-09-30": -48.939, "2006-06-30": 12.428, "2006-03-31": 7.695, "2005-12-31": "7.65800", "2005-09-30": 11.495, "2005-06-30": 2.242, "2005-03-31": 13.889}, "Total Non-Cash Items": {"2020-12-31": "", "2020-09-30": 71.3, "2020-06-30": 23, "2020-03-31": 58.6, "2019-12-31": "50.20000", "2019-09-30": 77.5, "2019-06-30": 104.7, "2019-03-31": 40.4, "2018-12-31": "9.70000", "2018-09-30": 33.5, "2018-06-30": 40.9, "2018-03-31": 52.9, "2017-12-31": "75.40000", "2017-09-30": 41.2, "2017-06-30": 17.9, "2017-03-31": 44.8, "2016-12-31": "88.70000", "2016-09-30": 5.1, "2016-06-30": 36.7, "2016-03-31": 33.4, "2015-12-31": "31.60000", "2015-09-30": 16.689, "2015-06-30": 22.775, "2015-03-31": 31.175, "2014-12-31": "52.06100", "2014-09-30": 50.29, "2014-06-30": 43.556, "2014-03-31": 6.872, "2013-12-31": "32.58200", "2013-09-30": 13.443, "2013-06-30": 24.463, "2013-03-31": 30.64, "2012-12-31": "34.13500", "2012-09-30": 34.9, "2012-06-30": 28.963, "2012-03-31": 29.33, "2011-12-31": "23.64500", "2011-09-30": 46.625, "2011-06-30": 27.326, "2011-03-31": 28.689, "2010-12-31": "26.91000", "2010-09-30": 58.264, "2010-06-30": 21.473, "2010-03-31": 23.802, "2009-12-31": "21.01600", "2009-09-30": 4.934, "2009-06-30": 21.673, "2009-03-31": 28.915, "2008-12-31": "17.87800", "2008-09-30": 30.474, "2008-06-30": 19.503, "2008-03-31": 17.033, "2007-12-31": "18.32300", "2007-09-30": 32.644, "2007-06-30": 15.391, "2007-03-31": 15.21, "2006-12-31": "18.12500", "2006-09-30": -41.536, "2006-06-30": 19.82, "2006-03-31": 15.173, "2005-12-31": "14.96100", "2005-09-30": 18.378, "2005-06-30": 8.959, "2005-03-31": 27.424}, "Change In Accounts Receivable": {"2020-12-31": "", "2020-09-30": -49.1, "2020-06-30": 34.4, "2020-03-31": 20.4, "2019-12-31": "29.50000", "2019-09-30": -34, "2019-06-30": -19.1, "2019-03-31": -61.5, "2018-12-31": "2.90000", "2018-09-30": -86.9, "2018-06-30": -17.6, "2018-03-31": -37.5, "2017-12-31": "65.90000", "2017-09-30": -43.8, "2017-06-30": 40.3, "2017-03-31": -46.9, "2016-12-31": "32.40000", "2016-09-30": -73.1, "2016-06-30": -0.2, "2016-03-31": -64.9, "2015-12-31": "-29.50000", "2015-09-30": -93.445, "2015-06-30": 31.502, "2015-03-31": -61.177, "2014-12-31": "43.72000", "2014-09-30": -6.553, "2014-06-30": 31.518, "2014-03-31": -80.17, "2013-12-31": "-19.29500", "2013-09-30": -61.964, "2013-06-30": 68.195, "2013-03-31": -102.651, "2012-12-31": "53.11900", "2012-09-30": -83.264, "2012-06-30": 21.618, "2012-03-31": -64.029, "2011-12-31": "38.24100", "2011-09-30": -66.538, "2011-06-30": -5.036, "2011-03-31": -62.406, "2010-12-31": "92.40300", "2010-09-30": -57.414, "2010-06-30": -24.351, "2010-03-31": 0.221, "2009-12-31": "68.67000", "2009-09-30": -95.214, "2009-06-30": 75.81, "2009-03-31": -77.534, "2008-12-31": "10.92600", "2008-09-30": -68.699, "2008-06-30": 67.155, "2008-03-31": -50.924, "2007-12-31": "74.44600", "2007-09-30": -70.143, "2007-06-30": -10.086, "2007-03-31": -5.668, "2006-12-31": "81.20000", "2006-09-30": -71.256, "2006-06-30": -15.479, "2006-03-31": -28.477, "2005-12-31": "3.22300", "2005-09-30": -36.779, "2005-06-30": -13.618, "2005-03-31": -17.986}, "Change In Inventories": {"2020-12-31": "", "2020-09-30": 87.5, "2020-06-30": 6, "2020-03-31": -8.8, "2019-12-31": "-44.90000", "2019-09-30": -28.5, "2019-06-30": -36.5, "2019-03-31": -9.5, "2018-12-31": "-32.40000", "2018-09-30": 32.1, "2018-06-30": -37.6, "2018-03-31": 0.8, "2017-12-31": "-11.70000", "2017-09-30": 13, "2017-06-30": -5.9, "2017-03-31": 15.8, "2016-12-31": "-30.10000", "2016-09-30": 29.8, "2016-06-30": -32.5, "2016-03-31": -35.6, "2015-12-31": "-4.00000", "2015-09-30": 35.688, "2015-06-30": 15.663, "2015-03-31": -30.802, "2014-12-31": "-62.14900", "2014-09-30": 5.76, "2014-06-30": -25.998, "2014-03-31": 1.286, "2013-12-31": "-24.34800", "2013-09-30": 3.998, "2013-06-30": -33.69, "2013-03-31": -5.693, "2012-12-31": "-41.01500", "2012-09-30": 6.812, "2012-06-30": -20.286, "2012-03-31": 1.586, "2011-12-31": "-30.57100", "2011-09-30": 26.075, "2011-06-30": -15.141, "2011-03-31": -16.795, "2010-12-31": "-36.37400", "2010-09-30": 27.356, "2010-06-30": -22.712, "2010-03-31": -18.272, "2009-12-31": "-39.70000", "2009-09-30": 36.016, "2009-06-30": -20.251, "2009-03-31": -10.382, "2008-12-31": "-44.95800", "2008-09-30": 10.386, "2008-06-30": -35.093, "2008-03-31": -6.684, "2007-12-31": "-24.67100", "2007-09-30": 37.623, "2007-06-30": -7.231, "2007-03-31": -26.417, "2006-12-31": "-34.04100", "2006-09-30": 6.978, "2006-06-30": -19.18, "2006-03-31": 2.927, "2005-12-31": "-13.63200", "2005-09-30": 20.841, "2005-06-30": -7.948, "2005-03-31": -34.82}, "Change In Accounts Payable": {"2020-12-31": "", "2020-09-30": 27.4, "2020-06-30": -39.6, "2020-03-31": -22, "2019-12-31": "-32.70000", "2019-09-30": 19.8, "2019-06-30": 6.2, "2019-03-31": 10.2, "2018-12-31": "13.50000", "2018-09-30": -5.9, "2018-06-30": 26.9, "2018-03-31": 11.2, "2017-12-31": "-10.30000", "2017-09-30": 6.1, "2017-06-30": 9.3, "2017-03-31": 10.8, "2016-12-31": "-20.70000", "2016-09-30": 14.8, "2016-06-30": 8.5, "2016-03-31": 0.5, "2015-12-31": "-14.10000", "2015-09-30": 6.219, "2015-06-30": 13.114, "2015-03-31": 24.179, "2014-12-31": "-37.01200", "2014-09-30": 16.02, "2014-06-30": 2.289, "2014-03-31": -5.565, "2013-12-31": "-10.74400", "2013-09-30": 8.045, "2013-06-30": 7.901, "2013-03-31": 25.196, "2012-12-31": "-33.35800", "2012-09-30": 26.943, "2012-06-30": 5.524, "2012-03-31": 11.644, "2011-12-31": "-24.83600", "2011-09-30": 38.021, "2011-06-30": -5.064, "2011-03-31": 0.817, "2010-12-31": "1.75000", "2010-09-30": 10.794, "2010-06-30": -4.673, "2010-03-31": 9.133, "2009-12-31": "-12.29500", "2009-09-30": 25.669, "2009-06-30": -24.203, "2009-03-31": 17.936, "2008-12-31": "-13.36000", "2008-09-30": 6.851, "2008-06-30": -4.519, "2008-03-31": 8.449, "2007-12-31": "-0.31900", "2007-09-30": 9.793, "2007-06-30": 2.896, "2007-03-31": -1.99, "2006-12-31": "-5.41800", "2006-09-30": 1.436, "2006-06-30": 4.382, "2006-03-31": 13.399, "2005-12-31": "-13.51300", "2005-09-30": 4.725, "2005-06-30": -1.468, "2005-03-31": 8.491}, "Change In Assets/Liabilities": {"2020-12-31": "", "2020-09-30": 23, "2020-06-30": -21.8, "2020-03-31": -48.9, "2019-12-31": "63.70000", "2019-09-30": 2.7, "2019-06-30": -8.1, "2019-03-31": -19.7, "2018-12-31": "55.80000", "2018-09-30": -7, "2018-06-30": -7.6, "2018-03-31": -35.3, "2017-12-31": "46.80000", "2017-09-30": -6.2, "2017-06-30": 26.1, "2017-03-31": -43.3, "2016-12-31": "17.70000", "2016-09-30": 2.1, "2016-06-30": -14.4, "2016-03-31": 4.9, "2015-12-31": "-1.00000", "2015-09-30": 63.362, "2015-06-30": -16.109, "2015-03-31": 1.557, "2014-12-31": "14.59000", "2014-09-30": 8.064, "2014-06-30": -12.137, "2014-03-31": 40.761, "2013-12-31": "-8.08800", "2013-09-30": 28.757, "2013-06-30": 30.649, "2013-03-31": -3.332, "2012-12-31": "2.83000", "2012-09-30": 37.499, "2012-06-30": -15.794, "2012-03-31": 23.927, "2011-12-31": "-23.87400", "2011-09-30": 16.563, "2011-06-30": -8.544, "2011-03-31": 18.497, "2010-12-31": "-18.17400", "2010-09-30": -0.418, "2010-06-30": 14.82, "2010-03-31": -12.466, "2009-12-31": "36.09300", "2009-09-30": -3.445, "2009-06-30": -2.429, "2009-03-31": -40.554, "2008-12-31": "30.84500", "2008-09-30": -2.06, "2008-06-30": -9.256, "2008-03-31": 29.752, "2007-12-31": "9.55100", "2007-09-30": 31.022, "2007-06-30": -6.975, "2007-03-31": -7.893, "2006-12-31": "-5.33600", "2006-09-30": 20.785, "2006-06-30": 4.84, "2006-03-31": 9.317, "2005-12-31": "4.08000", "2005-09-30": 39.261, "2005-06-30": -5.912, "2005-03-31": 17.138}, "Total Change In Assets/Liabilities": {"2020-12-31": "", "2020-09-30": 118.8, "2020-06-30": -0.9, "2020-03-31": -79.8, "2019-12-31": "-26.50000", "2019-09-30": -30.1, "2019-06-30": -7.7, "2019-03-31": -142.2, "2018-12-31": "27.30000", "2018-09-30": -42.1, "2018-06-30": -11.2, "2018-03-31": -60.6, "2017-12-31": "215.80000", "2017-09-30": 9.9, "2017-06-30": 67.2, "2017-03-31": -68.8, "2016-12-31": "-21.00000", "2016-09-30": 32.1, "2016-06-30": -40.4, "2016-03-31": -98.6, "2015-12-31": "-43.30000", "2015-09-30": 37.669, "2015-06-30": 47.484, "2015-03-31": -83.83, "2014-12-31": "-66.42300", "2014-09-30": 37.259, "2014-06-30": -64.17, "2014-03-31": 26.192, "2013-12-31": "-87.28100", "2013-09-30": 24.14, "2013-06-30": 60.446, "2013-03-31": -112.793, "2012-12-31": "-57.53700", "2012-09-30": 36.312, "2012-06-30": 4.934, "2012-03-31": -31.814, "2011-12-31": "-60.54400", "2011-09-30": -1.533, "2011-06-30": -5.032, "2011-03-31": -63.897, "2010-12-31": "14.75800", "2010-09-30": 5.059, "2010-06-30": -39.131, "2010-03-31": -20.995, "2009-12-31": "30.87600", "2009-09-30": 13.905, "2009-06-30": 21.888, "2009-03-31": -121.669, "2008-12-31": "-2.11300", "2008-09-30": -26.897, "2008-06-30": 20.69, "2008-03-31": -33.279, "2007-12-31": "46.89600", "2007-09-30": 25.301, "2007-06-30": -26.586, "2007-03-31": -34.51, "2006-12-31": "15.16200", "2006-09-30": 20.105, "2006-06-30": -15.309, "2006-03-31": -14.305, "2005-12-31": "-42.24200", "2005-09-30": 13.553, "2005-06-30": -11.344, "2005-03-31": -11.749}, "Cash Flow From Operating Activities": {"2020-12-31": "", "2020-09-30": 266.6, "2020-06-30": 83, "2020-03-31": 21.9, "2019-12-31": "112.60000", "2019-09-30": 117.8, "2019-06-30": 126.5, "2019-03-31": -13.4, "2018-12-31": "140.90000", "2018-09-30": 108.2, "2018-06-30": 102.2, "2018-03-31": 65.5, "2017-12-31": "179.00000", "2017-09-30": 129.7, "2017-06-30": 155, "2017-03-31": 32.2, "2016-12-31": "82.20000", "2016-09-30": 152, "2016-06-30": 95.2, "2016-03-31": 31.8, "2015-12-31": "77.30000", "2015-09-30": 153.433, "2015-06-30": 183.901, "2015-03-31": 53.314, "2014-12-31": "78.95200", "2014-09-30": 193.411, "2014-06-30": 86.476, "2014-03-31": 125.852, "2013-12-31": "43.26100", "2013-09-30": 154.929, "2013-06-30": 197.74, "2013-03-31": 30.635, "2012-12-31": "71.88100", "2012-09-30": 191.413, "2012-06-30": 142.739, "2012-03-31": 105.288, "2011-12-31": "53.33500", "2011-09-30": 145.852, "2011-06-30": 120.899, "2011-03-31": 67.871, "2010-12-31": "138.15700", "2010-09-30": 168.362, "2010-06-30": 67.836, "2010-03-31": 93.921, "2009-12-31": "130.66700", "2009-09-30": 115.9, "2009-06-30": 128.912, "2009-03-31": -24.941, "2008-12-31": "84.56200", "2008-09-30": 82.039, "2008-06-30": 114.373, "2008-03-31": 55.117, "2007-12-31": "120.69800", "2007-09-30": 136.579, "2007-06-30": 39.175, "2007-03-31": 41.651, "2006-12-31": "82.78800", "2006-09-30": 60.974, "2006-06-30": 70.239, "2006-03-31": 56.666, "2005-12-31": "13.87900", "2005-09-30": 92.867, "2005-06-30": 48.794, "2005-03-31": 110.136}, "Net Change In Property, Plant, And Equipment": {"2020-12-31": "", "2020-09-30": -29.3, "2020-06-30": -18, "2020-03-31": -14.4, "2019-12-31": "-22.60000", "2019-09-30": -14.3, "2019-06-30": -18.5, "2019-03-31": -11.2, "2018-12-31": "-14.00000", "2018-09-30": -16.9, "2018-06-30": -13, "2018-03-31": -8.5, "2017-12-31": "-9.30000", "2017-09-30": -18.7, "2017-06-30": -8.3, "2017-03-31": -14.9, "2016-12-31": "-17.20000", "2016-09-30": -19.4, "2016-06-30": -15.1, "2016-03-31": -18.6, "2015-12-31": "-27.30000", "2015-09-30": -34.316, "2015-06-30": -20.362, "2015-03-31": -14.999, "2014-12-31": "-21.72300", "2014-09-30": -26.371, "2014-06-30": -19.424, "2014-03-31": -19.323, "2013-12-31": "-24.48200", "2013-09-30": -19.589, "2013-06-30": -17.835, "2013-03-31": -18.849, "2012-12-31": "-20.00400", "2012-09-30": -20.915, "2012-06-30": -17.963, "2012-03-31": -14.469, "2011-12-31": "-7.75600", "2011-09-30": -18.639, "2011-06-30": -13.65, "2011-03-31": -16.028, "2010-12-31": "-22.61100", "2010-09-30": -17.941, "2010-06-30": -30.582, "2010-03-31": -11.468, "2009-12-31": "-7.55400", "2009-09-30": -14.631, "2009-06-30": -18.597, "2009-03-31": -10.867, "2008-12-31": "-18.46700", "2008-09-30": -22.093, "2008-06-30": -20.769, "2008-03-31": -22.016, "2007-12-31": "-16.54600", "2007-09-30": -23.719, "2007-06-30": -15.685, "2007-03-31": -13.178, "2006-12-31": "-11.55300", "2006-09-30": -12.922, "2006-06-30": -10.246, "2006-03-31": -8.717, "2005-12-31": "-8.31400", "2005-09-30": -17.419, "2005-06-30": -12.136, "2005-03-31": -14.268}, "Net Change In Intangible Assets": {"2020-12-31": "", "2020-09-30": 0, "2020-06-30": 0, "2020-03-31": 0, "2019-12-31": "", "2019-09-30": 0, "2019-06-30": 0, "2019-03-31": 0, "2018-12-31": "", "2018-09-30": 0, "2018-06-30": 0, "2018-03-31": 0, "2017-12-31": "", "2017-09-30": 0, "2017-06-30": 0, "2017-03-31": 0, "2016-12-31": "", "2016-09-30": 0, "2016-06-30": 0, "2016-03-31": 0, "2015-12-31": "", "2015-09-30": 0, "2015-06-30": 0, "2015-03-31": 0, "2014-12-31": "", "2014-09-30": 0, "2014-06-30": 0, "2014-03-31": 0, "2013-12-31": "", "2013-09-30": 0, "2013-06-30": 0, "2013-03-31": 0, "2012-12-31": "", "2012-09-30": 0, "2012-06-30": 0, "2012-03-31": 0, "2011-12-31": "", "2011-09-30": 0, "2011-06-30": 0, "2011-03-31": 0, "2010-12-31": "", "2010-09-30": 0, "2010-06-30": 0, "2010-03-31": 0, "2009-12-31": "", "2009-09-30": 0, "2009-06-30": 0, "2009-03-31": 0, "2008-12-31": "", "2008-09-30": 0, "2008-06-30": 0, "2008-03-31": 0, "2007-12-31": "", "2007-09-30": 0, "2007-06-30": 0, "2007-03-31": 0, "2006-12-31": "", "2006-09-30": 0, "2006-06-30": 0, "2006-03-31": 0, "2005-12-31": "", "2005-09-30": 0, "2005-06-30": 0, "2005-03-31": 0}, "Net Acquisitions/Divestitures": {"2020-12-31": "", "2020-09-30": -27.8, "2020-06-30": 0, "2020-03-31": -6.7, "2019-12-31": "-1.70000", "2019-09-30": -90.6, "2019-06-30": -460.6, "2019-03-31": 0.5, "2018-12-31": "-25.50000", "2018-09-30": -44.8, "2018-06-30": -29.1, "2018-03-31": -35.1, "2017-12-31": "", "2017-09-30": -2.6, "2017-06-30": -0.4, "2017-03-31": 0, "2016-12-31": "", "2016-09-30": -21.1, "2016-06-30": 0, "2016-03-31": 0, "2015-12-31": "", "2015-09-30": -83.715, "2015-06-30": -11.585, "2015-03-31": 0, "2014-12-31": "", "2014-09-30": -16, "2014-06-30": -15.5, "2014-03-31": 0, "2013-12-31": "", "2013-09-30": 0, "2013-06-30": 0, "2013-03-31": 0, "2012-12-31": "", "2012-09-30": 0, "2012-06-30": -18.409, "2012-03-31": 0, "2011-12-31": "-9.83200", "2011-09-30": -0.725, "2011-06-30": -0.3, "2011-03-31": -7.799, "2010-12-31": "-0.30000", "2010-09-30": 0, "2010-06-30": -1.8, "2010-03-31": 0, "2009-12-31": "", "2009-09-30": 0, "2009-06-30": -2.55, "2009-03-31": 0, "2008-12-31": "", "2008-09-30": -0.801, "2008-06-30": -1.291, "2008-03-31": 0, "2007-12-31": "", "2007-09-30": -0.094, "2007-06-30": -25.488, "2007-03-31": -26.792, "2006-12-31": "", "2006-09-30": 0, "2006-06-30": 0, "2006-03-31": 0, "2005-12-31": "", "2005-09-30": 0, "2005-06-30": -0.225, "2005-03-31": -12.147}, "Net Change In Short-term Investments": {"2020-12-31": "", "2020-09-30": 0, "2020-06-30": 0, "2020-03-31": -9.2, "2019-12-31": "9.20000", "2019-09-30": 0, "2019-06-30": 20.3, "2019-03-31": -41.7, "2018-12-31": "29.90000", "2018-09-30": -3.9, "2018-06-30": 3.1, "2018-03-31": 4.9, "2017-12-31": "-6.00000", "2017-09-30": -4.3, "2017-06-30": -8, "2017-03-31": -0.5, "2016-12-31": "-0.60000", "2016-09-30": -9.1, "2016-06-30": 6.8, "2016-03-31": -0.1, "2015-12-31": "7.70000", "2015-09-30": -0.258, "2015-06-30": -0.942, "2015-03-31": 0.942, "2014-12-31": "-0.94200", "2014-09-30": -4.483, "2014-06-30": 11.129, "2014-03-31": -3.87, "2013-12-31": "-9.87600", "2013-09-30": -2.49, "2013-06-30": -2.944, "2013-03-31": -3.226, "2012-12-31": "-1.38400", "2012-09-30": -2.553, "2012-06-30": -15.531, "2012-03-31": -6.335, "2011-12-31": "-6.08400", "2011-09-30": -19.205, "2011-06-30": 0, "2011-03-31": 0, "2010-12-31": "0.00000", "2010-09-30": 0, "2010-06-30": 0, "2010-03-31": 0, "2009-12-31": "", "2009-09-30": 0, "2009-06-30": 0, "2009-03-31": 0, "2008-12-31": "", "2008-09-30": 0, "2008-06-30": 0, "2008-03-31": 0, "2007-12-31": "", "2007-09-30": 0, "2007-06-30": 0, "2007-03-31": 98.57, "2006-12-31": "-5.00000", "2006-09-30": -47.35, "2006-06-30": 81, "2006-03-31": 2.155, "2005-12-31": "9.51000", "2005-09-30": 22.475, "2005-06-30": -17.225, "2005-03-31": 115.36}, "Net Change In Long-Term Investments": {"2020-12-31": "", "2020-09-30": -5, "2020-06-30": -21.3, "2020-03-31": 9.2, "2019-12-31": "", "2019-09-30": -3, "2019-06-30": -29.8, "2019-03-31": 29.9, "2018-12-31": "", "2018-09-30": 5.3, "2018-06-30": -10.1, "2018-03-31": 1.8, "2017-12-31": "-7.10000", "2017-09-30": -1.2, "2017-06-30": -2.2, "2017-03-31": -5, "2016-12-31": "", "2016-09-30": -0.6, "2016-06-30": 0, "2016-03-31": 0, "2015-12-31": "", "2015-09-30": 0, "2015-06-30": 0, "2015-03-31": 0, "2014-12-31": "", "2014-09-30": 0, "2014-06-30": 0, "2014-03-31": 0, "2013-12-31": "", "2013-09-30": 0, "2013-06-30": 0, "2013-03-31": 0, "2012-12-31": "", "2012-09-30": 0, "2012-06-30": 0, "2012-03-31": 0, "2011-12-31": "", "2011-09-30": 0, "2011-06-30": -13.597, "2011-03-31": 0, "2010-12-31": "", "2010-09-30": 0, "2010-06-30": 0, "2010-03-31": 0, "2009-12-31": "", "2009-09-30": 0, "2009-06-30": 0, "2009-03-31": 0, "2008-12-31": "", "2008-09-30": 0, "2008-06-30": 0, "2008-03-31": 0, "2007-12-31": "", "2007-09-30": 0, "2007-06-30": 0, "2007-03-31": 0, "2006-12-31": "", "2006-09-30": 0, "2006-06-30": 0, "2006-03-31": 0, "2005-12-31": "", "2005-09-30": 0, "2005-06-30": 0, "2005-03-31": 0}, "Net Change In Investments - Total": {"2020-12-31": "", "2020-09-30": -5, "2020-06-30": -21.3, "2020-03-31": 0, "2019-12-31": "9.20000", "2019-09-30": -3, "2019-06-30": -9.5, "2019-03-31": -11.8, "2018-12-31": "29.90000", "2018-09-30": 1.4, "2018-06-30": -7, "2018-03-31": 6.7, "2017-12-31": "-13.10000", "2017-09-30": -5.5, "2017-06-30": -10.2, "2017-03-31": -5.5, "2016-12-31": "-0.60000", "2016-09-30": -9.7, "2016-06-30": 6.8, "2016-03-31": -0.1, "2015-12-31": "7.70000", "2015-09-30": -0.258, "2015-06-30": -0.942, "2015-03-31": 0.942, "2014-12-31": "-0.94200", "2014-09-30": -4.483, "2014-06-30": 11.129, "2014-03-31": -3.87, "2013-12-31": "-9.87600", "2013-09-30": -2.49, "2013-06-30": -2.944, "2013-03-31": -3.226, "2012-12-31": "-1.38400", "2012-09-30": -2.553, "2012-06-30": -15.531, "2012-03-31": -6.335, "2011-12-31": "-6.08400", "2011-09-30": -19.205, "2011-06-30": -13.597, "2011-03-31": 0, "2010-12-31": "", "2010-09-30": 0, "2010-06-30": 0, "2010-03-31": 0, "2009-12-31": "", "2009-09-30": 0, "2009-06-30": 0, "2009-03-31": 0, "2008-12-31": "", "2008-09-30": 0, "2008-06-30": 0, "2008-03-31": 0, "2007-12-31": "", "2007-09-30": 0, "2007-06-30": 0, "2007-03-31": 98.57, "2006-12-31": "-5.00000", "2006-09-30": -47.35, "2006-06-30": 81, "2006-03-31": 2.155, "2005-12-31": "9.51000", "2005-09-30": 22.475, "2005-06-30": -17.225, "2005-03-31": 115.36}, "Investing Activities - Other": {"2020-12-31": "", "2020-09-30": -0.9, "2020-06-30": -1.8, "2020-03-31": 0, "2019-12-31": "", "2019-09-30": -0.1, "2019-06-30": -0.5, "2019-03-31": 1, "2018-12-31": "-3.50000", "2018-09-30": -11.3, "2018-06-30": 1, "2018-03-31": 7.5, "2017-12-31": "-3.20000", "2017-09-30": -24.7, "2017-06-30": -6.8, "2017-03-31": -1, "2016-12-31": "-14.00000", "2016-09-30": 1.4, "2016-06-30": -5.6, "2016-03-31": -3.5, "2015-12-31": "-4.70000", "2015-09-30": -19.422, "2015-06-30": 34.868, "2015-03-31": -35.533, "2014-12-31": "-2.91300", "2014-09-30": -0.042, "2014-06-30": -3.502, "2014-03-31": 0.051, "2013-12-31": "-1.40700", "2013-09-30": 0.194, "2013-06-30": -10.248, "2013-03-31": 2.689, "2012-12-31": "-2.58500", "2012-09-30": -0.76, "2012-06-30": -3.386, "2012-03-31": 0.561, "2011-12-31": "1.13700", "2011-09-30": 5.484, "2011-06-30": -9.48, "2011-03-31": -1.412, "2010-12-31": "0.33000", "2010-09-30": -0.913, "2010-06-30": -0.886, "2010-03-31": 4.455, "2009-12-31": "-8.12600", "2009-09-30": -0.249, "2009-06-30": 0.314, "2009-03-31": -9.209, "2008-12-31": "-3.65000", "2008-09-30": -5.413, "2008-06-30": 1.524, "2008-03-31": 0.879, "2007-12-31": "-1.05900", "2007-09-30": -7.324, "2007-06-30": -9.009, "2007-03-31": -5.044, "2006-12-31": "-11.34200", "2006-09-30": -0.635, "2006-06-30": -9.206, "2006-03-31": -3.713, "2005-12-31": "-3.04900", "2005-09-30": -2.951, "2005-06-30": -2.263, "2005-03-31": -7.441}, "Cash Flow From Investing Activities": {"2020-12-31": "", "2020-09-30": -63, "2020-06-30": -41.1, "2020-03-31": -21.1, "2019-12-31": "-15.10000", "2019-09-30": -108, "2019-06-30": -489.1, "2019-03-31": -21.5, "2018-12-31": "-13.10000", "2018-09-30": -71.6, "2018-06-30": -48.1, "2018-03-31": -29.4, "2017-12-31": "-25.60000", "2017-09-30": -51.5, "2017-06-30": -25.7, "2017-03-31": -21.4, "2016-12-31": "-31.80000", "2016-09-30": -48.8, "2016-06-30": -13.9, "2016-03-31": -22.2, "2015-12-31": "-24.30000", "2015-09-30": -137.711, "2015-06-30": 1.979, "2015-03-31": -49.59, "2014-12-31": "-25.57800", "2014-09-30": -46.896, "2014-06-30": -27.297, "2014-03-31": -23.142, "2013-12-31": "-35.76500", "2013-09-30": -21.885, "2013-06-30": -31.027, "2013-03-31": -19.386, "2012-12-31": "-23.97300", "2012-09-30": -24.228, "2012-06-30": -55.289, "2012-03-31": -20.243, "2011-12-31": "-22.53500", "2011-09-30": -33.085, "2011-06-30": -37.027, "2011-03-31": -25.239, "2010-12-31": "-22.58100", "2010-09-30": -18.854, "2010-06-30": -33.268, "2010-03-31": -7.013, "2009-12-31": "-15.68000", "2009-09-30": -14.88, "2009-06-30": -20.833, "2009-03-31": -20.076, "2008-12-31": "-22.11700", "2008-09-30": -28.307, "2008-06-30": -20.536, "2008-03-31": -21.137, "2007-12-31": "-17.60500", "2007-09-30": -31.137, "2007-06-30": -50.182, "2007-03-31": 53.556, "2006-12-31": "-27.89500", "2006-09-30": -60.907, "2006-06-30": 61.548, "2006-03-31": -10.275, "2005-12-31": "-1.85300", "2005-09-30": 2.105, "2005-06-30": -31.849, "2005-03-31": 81.504}, "Net Long-Term Debt": {"2020-12-31": "", "2020-09-30": 0, "2020-06-30": 0, "2020-03-31": 0, "2019-12-31": "", "2019-09-30": 0, "2019-06-30": -16.8, "2019-03-31": 0, "2018-12-31": "", "2018-09-30": 0, "2018-06-30": 0, "2018-03-31": 0, "2017-12-31": "", "2017-09-30": 0, "2017-06-30": 0, "2017-03-31": 0, "2016-12-31": "", "2016-09-30": 0, "2016-06-30": 0, "2016-03-31": 0, "2015-12-31": "", "2015-09-30": 145, "2015-06-30": 0, "2015-03-31": 0, "2014-12-31": "", "2014-09-30": 0, "2014-06-30": 37.5, "2014-03-31": -12.5, "2013-12-31": "-25.00000", "2013-09-30": 500, "2013-06-30": 0, "2013-03-31": 0, "2012-12-31": "", "2012-09-30": -9.876, "2012-06-30": 0, "2012-03-31": 0, "2011-12-31": "", "2011-09-30": 0, "2011-06-30": 0, "2011-03-31": 0, "2010-12-31": "", "2010-09-30": 0, "2010-06-30": 0, "2010-03-31": 0, "2009-12-31": "", "2009-09-30": 0, "2009-06-30": 0, "2009-03-31": 0, "2008-12-31": "", "2008-09-30": 0, "2008-06-30": 0, "2008-03-31": 0, "2007-12-31": "", "2007-09-30": 0, "2007-06-30": 0, "2007-03-31": 0, "2006-12-31": "", "2006-09-30": 0, "2006-06-30": 0, "2006-03-31": 0, "2005-12-31": "", "2005-09-30": 0, "2005-06-30": 0, "2005-03-31": 0}, "Net Current Debt": {"2020-12-31": "", "2020-09-30": -225, "2020-06-30": 60, "2020-03-31": -22, "2019-12-31": "132.00000", "2019-09-30": 10, "2019-06-30": 400, "2019-03-31": 0, "2018-12-31": "", "2018-09-30": -18.3, "2018-06-30": -236.7, "2018-03-31": -85, "2017-12-31": "-10.00000", "2017-09-30": -15, "2017-06-30": -182.5, "2017-03-31": -62, "2016-12-31": "-55.00000", "2016-09-30": -35.4, "2016-06-30": -94.5, "2016-03-31": 64.5, "2015-12-31": "232.50000", "2015-09-30": -144.378, "2015-06-30": -17.022, "2015-03-31": -12.5, "2014-12-31": "87.50000", "2014-09-30": -42.103, "2014-06-30": -26.697, "2014-03-31": 0, "2013-12-31": "", "2013-09-30": -169.935, "2013-06-30": -64.815, "2013-03-31": 34.75, "2012-12-31": "45.00000", "2012-09-30": -3.939, "2012-06-30": 11.958, "2012-03-31": -24.393, "2011-12-31": "-10.02600", "2011-09-30": 179.595, "2011-06-30": -125.293, "2011-03-31": 119.901, "2010-12-31": "-20.06700", "2010-09-30": 19.935, "2010-06-30": -6.315, "2010-03-31": -6.965, "2009-12-31": "-0.06200", "2009-09-30": 4.11, "2009-06-30": -10.06, "2009-03-31": -22.809, "2008-12-31": "24.94300", "2008-09-30": -66.953, "2008-06-30": -14.91, "2008-03-31": 54.945, "2007-12-31": "-23.05300", "2007-09-30": 40.947, "2007-06-30": -14.394, "2007-03-31": -0.051, "2006-12-31": "-0.04900", "2006-09-30": -0.05, "2006-06-30": -2.547, "2006-03-31": -0.047, "2005-12-31": "-0.05300", "2005-09-30": -0.025, "2005-06-30": -5.275, "2005-03-31": -0.04}, "Debt Issuance/Retirement Net - Total": {"2020-12-31": "", "2020-09-30": -225, "2020-06-30": 60, "2020-03-31": -22, "2019-12-31": "132.00000", "2019-09-30": 10, "2019-06-30": 383.2, "2019-03-31": 0, "2018-12-31": "", "2018-09-30": -18.3, "2018-06-30": -236.7, "2018-03-31": -85, "2017-12-31": "-10.00000", "2017-09-30": -15, "2017-06-30": -182.5, "2017-03-31": -62, "2016-12-31": "-55.00000", "2016-09-30": -35.4, "2016-06-30": -94.5, "2016-03-31": 64.5, "2015-12-31": "232.50000", "2015-09-30": 0.622, "2015-06-30": -17.022, "2015-03-31": -12.5, "2014-12-31": "87.50000", "2014-09-30": -42.103, "2014-06-30": 10.803, "2014-03-31": -12.5, "2013-12-31": "-25.00000", "2013-09-30": 330.065, "2013-06-30": -64.815, "2013-03-31": 34.75, "2012-12-31": "45.00000", "2012-09-30": -13.815, "2012-06-30": 11.958, "2012-03-31": -24.393, "2011-12-31": "-10.02600", "2011-09-30": 179.595, "2011-06-30": -125.293, "2011-03-31": 119.901, "2010-12-31": "-20.06700", "2010-09-30": 19.935, "2010-06-30": -6.315, "2010-03-31": -6.965, "2009-12-31": "-0.06200", "2009-09-30": 4.11, "2009-06-30": -10.06, "2009-03-31": -22.809, "2008-12-31": "24.94300", "2008-09-30": -66.953, "2008-06-30": -14.91, "2008-03-31": 54.945, "2007-12-31": "-23.05300", "2007-09-30": 40.947, "2007-06-30": -14.394, "2007-03-31": -0.051, "2006-12-31": "-0.04900", "2006-09-30": -0.05, "2006-06-30": -2.547, "2006-03-31": -0.047, "2005-12-31": "-0.05300", "2005-09-30": -0.025, "2005-06-30": -5.275, "2005-03-31": -0.04}, "Net Common Equity Issued/Repurchased": {"2020-12-31": "", "2020-09-30": 24.6, "2020-06-30": 19.3, "2020-03-31": -30, "2019-12-31": "-24.10000", "2019-09-30": -24.8, "2019-06-30": -31.5, "2019-03-31": -34.2, "2018-12-31": "-12.80000", "2018-09-30": -46.4, "2018-06-30": -26.7, "2018-03-31": -15.6, "2017-12-31": "-32.50000", "2017-09-30": -10, "2017-06-30": -15.5, "2017-03-31": -163.5, "2016-12-31": "-33.40000", "2016-09-30": -63.1, "2016-06-30": -110.6, "2016-03-31": -50.2, "2015-12-31": "-176.80000", "2015-09-30": -126.859, "2015-06-30": -70.181, "2015-03-31": -43.22, "2014-12-31": "-90.74000", "2014-09-30": -194.862, "2014-06-30": -82.698, "2014-03-31": -125.493, "2013-12-31": "-124.94700", "2013-09-30": -105.716, "2013-06-30": -71.327, "2013-03-31": -68.686, "2012-12-31": "-44.62200", "2012-09-30": -79.219, "2012-06-30": -84.306, "2012-03-31": -52.96, "2011-12-31": "19.37700", "2011-09-30": -262.111, "2011-06-30": 27.657, "2011-03-31": -209.939, "2010-12-31": "76.80600", "2010-09-30": -216.181, "2010-06-30": -98.523, "2010-03-31": -51.975, "2009-12-31": "-46.39000", "2009-09-30": -19.016, "2009-06-30": 3.085, "2009-03-31": 9.321, "2008-12-31": "-67.05000", "2008-09-30": -19.442, "2008-06-30": -49.434, "2008-03-31": -47.093, "2007-12-31": "-16.84600", "2007-09-30": -71.083, "2007-06-30": -74.392, "2007-03-31": -62.675, "2006-12-31": "-66.64600", "2006-09-30": -55.79, "2006-06-30": -69.934, "2006-03-31": -61.123, "2005-12-31": "-10.07400", "2005-09-30": -34.491, "2005-06-30": -59.864, "2005-03-31": -94.641}, "Net Total Equity Issued/Repurchased": {"2020-12-31": "", "2020-09-30": 24.6, "2020-06-30": 19.3, "2020-03-31": -30, "2019-12-31": "-24.10000", "2019-09-30": -24.8, "2019-06-30": -31.5, "2019-03-31": -34.2, "2018-12-31": "-12.80000", "2018-09-30": -46.4, "2018-06-30": -26.7, "2018-03-31": -15.6, "2017-12-31": "-32.50000", "2017-09-30": -10, "2017-06-30": -15.5, "2017-03-31": -163.5, "2016-12-31": "-33.40000", "2016-09-30": -63.1, "2016-06-30": -110.6, "2016-03-31": -50.2, "2015-12-31": "-176.80000", "2015-09-30": -126.859, "2015-06-30": -70.181, "2015-03-31": -43.22, "2014-12-31": "-90.74000", "2014-09-30": -194.862, "2014-06-30": -82.698, "2014-03-31": -125.493, "2013-12-31": "-124.94700", "2013-09-30": -105.716, "2013-06-30": -71.327, "2013-03-31": -68.686, "2012-12-31": "-44.62200", "2012-09-30": -79.219, "2012-06-30": -84.306, "2012-03-31": -52.96, "2011-12-31": "19.37700", "2011-09-30": -262.111, "2011-06-30": 27.657, "2011-03-31": -209.939, "2010-12-31": "76.80600", "2010-09-30": -216.181, "2010-06-30": -98.523, "2010-03-31": -51.975, "2009-12-31": "-46.39000", "2009-09-30": -19.016, "2009-06-30": 3.085, "2009-03-31": 9.321, "2008-12-31": "-67.05000", "2008-09-30": -19.442, "2008-06-30": -49.434, "2008-03-31": -47.093, "2007-12-31": "-16.84600", "2007-09-30": -71.083, "2007-06-30": -74.392, "2007-03-31": -62.675, "2006-12-31": "-66.64600", "2006-09-30": -55.79, "2006-06-30": -69.934, "2006-03-31": -61.123, "2005-12-31": "-10.07400", "2005-09-30": -34.491, "2005-06-30": -59.864, "2005-03-31": -94.641}, "Total Common And Preferred Stock Dividends Paid": {"2020-12-31": "", "2020-09-30": 0, "2020-06-30": 0, "2020-03-31": 0, "2019-12-31": "", "2019-09-30": 0, "2019-06-30": 0, "2019-03-31": 0, "2018-12-31": "", "2018-09-30": 0, "2018-06-30": 0, "2018-03-31": 0, "2017-12-31": "", "2017-09-30": 0, "2017-06-30": 0, "2017-03-31": 0, "2016-12-31": "", "2016-09-30": 0, "2016-06-30": 0, "2016-03-31": 0, "2015-12-31": "", "2015-09-30": 0, "2015-06-30": 0, "2015-03-31": 0, "2014-12-31": "", "2014-09-30": 0, "2014-06-30": 0, "2014-03-31": 0, "2013-12-31": "", "2013-09-30": 0, "2013-06-30": 0, "2013-03-31": 0, "2012-12-31": "", "2012-09-30": 0, "2012-06-30": 0, "2012-03-31": 0, "2011-12-31": "", "2011-09-30": 0, "2011-06-30": 0, "2011-03-31": 0, "2010-12-31": "", "2010-09-30": 0, "2010-06-30": 0, "2010-03-31": 0, "2009-12-31": "", "2009-09-30": 0, "2009-06-30": 0, "2009-03-31": 0, "2008-12-31": "", "2008-09-30": 0, "2008-06-30": 0, "2008-03-31": 0, "2007-12-31": "", "2007-09-30": 0, "2007-06-30": 0, "2007-03-31": 0, "2006-12-31": "", "2006-09-30": 0, "2006-06-30": 0, "2006-03-31": 0, "2005-12-31": "", "2005-09-30": 0, "2005-06-30": 0, "2005-03-31": 0}, "Financial Activities - Other": {"2020-12-31": "", "2020-09-30": -4, "2020-06-30": -11.5, "2020-03-31": -7.9, "2019-12-31": "-4.50000", "2019-09-30": 0, "2019-06-30": -0.8, "2019-03-31": -5.5, "2018-12-31": "-4.40000", "2018-09-30": -0.7, "2018-06-30": -4, "2018-03-31": -10.8, "2017-12-31": "-0.30000", "2017-09-30": 8.3, "2017-06-30": 27.3, "2017-03-31": 110.1, "2016-12-31": "-1.20000", "2016-09-30": 1.6, "2016-06-30": -1, "2016-03-31": -6.9, "2015-12-31": "-5.90000", "2015-09-30": 2.938, "2015-06-30": -3.034, "2015-03-31": -0.121, "2014-12-31": "-4.08300", "2014-09-30": 0.73, "2014-06-30": 0.974, "2014-03-31": 4.225, "2013-12-31": "-4.62900", "2013-09-30": -2.112, "2013-06-30": -3.838, "2013-03-31": 2.437, "2012-12-31": "0.51000", "2012-09-30": -0.425, "2012-06-30": -2.588, "2012-03-31": 0.55, "2011-12-31": "1.17100", "2011-09-30": -37.349, "2011-06-30": -0.632, "2011-03-31": -69.06, "2010-12-31": "9.15700", "2010-09-30": -17.205, "2010-06-30": 3.428, "2010-03-31": -2.945, "2009-12-31": "1.02300", "2009-09-30": 1.779, "2009-06-30": 1.272, "2009-03-31": 0.497, "2008-12-31": "2.64700", "2008-09-30": 16.874, "2008-06-30": 8.127, "2008-03-31": 5.216, "2007-12-31": "10.49300", "2007-09-30": 3.193, "2007-06-30": 3.951, "2007-03-31": -6.9, "2006-12-31": "7.57900", "2006-09-30": 5.956, "2006-06-30": 2.535, "2006-03-31": 21.664, "2005-12-31": "13.71400", "2005-09-30": 0, "2005-06-30": 0, "2005-03-31": 0}, "Cash Flow From Financial Activities": {"2020-12-31": "", "2020-09-30": -204.4, "2020-06-30": 67.8, "2020-03-31": -59.9, "2019-12-31": "103.40000", "2019-09-30": -14.8, "2019-06-30": 350.9, "2019-03-31": -39.7, "2018-12-31": "-17.20000", "2018-09-30": -65.4, "2018-06-30": -267.4, "2018-03-31": -111.4, "2017-12-31": "-42.80000", "2017-09-30": -16.7, "2017-06-30": -170.7, "2017-03-31": -115.4, "2016-12-31": "-89.60000", "2016-09-30": -96.9, "2016-06-30": -206.1, "2016-03-31": 7.4, "2015-12-31": "49.80000", "2015-09-30": -123.299, "2015-06-30": -90.237, "2015-03-31": -55.841, "2014-12-31": "-7.32300", "2014-09-30": -236.235, "2014-06-30": -70.921, "2014-03-31": -133.768, "2013-12-31": "-154.57600", "2013-09-30": 222.237, "2013-06-30": -139.98, "2013-03-31": -31.499, "2012-12-31": "0.88800", "2012-09-30": -93.459, "2012-06-30": -74.936, "2012-03-31": -76.803, "2011-12-31": "10.52200", "2011-09-30": -119.865, "2011-06-30": -98.268, "2011-03-31": -159.098, "2010-12-31": "65.89600", "2010-09-30": -213.451, "2010-06-30": -101.41, "2010-03-31": -61.885, "2009-12-31": "-45.42900", "2009-09-30": -13.127, "2009-06-30": -5.703, "2009-03-31": -12.991, "2008-12-31": "-39.46000", "2008-09-30": -69.521, "2008-06-30": -56.217, "2008-03-31": 13.068, "2007-12-31": "-29.40600", "2007-09-30": -26.943, "2007-06-30": -84.835, "2007-03-31": -69.626, "2006-12-31": "-59.11600", "2006-09-30": -49.884, "2006-06-30": -69.946, "2006-03-31": -39.506, "2005-12-31": "3.58700", "2005-09-30": -34.516, "2005-06-30": -65.139, "2005-03-31": -94.681}, "Net Cash Flow": {"2020-12-31": "", "2020-09-30": -4.7, "2020-06-30": 101.5, "2020-03-31": -53.2, "2019-12-31": "198.10000", "2019-09-30": 1.2, "2019-06-30": -16, "2019-03-31": -69.8, "2018-12-31": "112.30000", "2018-09-30": -28.7, "2018-06-30": -197.2, "2018-03-31": -82.8, "2017-12-31": "106.60000", "2017-09-30": 55.9, "2017-06-30": -47, "2017-03-31": -107.7, "2016-12-31": "-28.80000", "2016-09-30": 7.6, "2016-06-30": -125.2, "2016-03-31": 7.7, "2015-12-31": "107.90000", "2015-09-30": -105.962, "2015-06-30": 89.214, "2015-03-31": -42.136, "2014-12-31": "55.08400", "2014-09-30": -76.726, "2014-06-30": -13.01, "2014-03-31": -32.196, "2013-12-31": "-146.66800", "2013-09-30": 352.294, "2013-06-30": 25.834, "2013-03-31": -15.756, "2012-12-31": "50.91900", "2012-09-30": 71.184, "2012-06-30": 16.659, "2012-03-31": 10.41, "2011-12-31": "41.86000", "2011-09-30": -3.465, "2011-06-30": -16.467, "2011-03-31": -119.13, "2010-12-31": "183.29800", "2010-09-30": -67.39, "2010-06-30": -67.116, "2010-03-31": 29.232, "2009-12-31": "71.96600", "2009-09-30": 81.808, "2009-06-30": 97.104, "2009-03-31": -48.254, "2008-12-31": "25.56500", "2008-09-30": -8.378, "2008-06-30": 45.628, "2008-03-31": 25.974, "2007-12-31": "70.83600", "2007-09-30": 70.456, "2007-06-30": -95.988, "2007-03-31": 24.512, "2006-12-31": "-8.24200", "2006-09-30": -52.203, "2006-06-30": 58.446, "2006-03-31": 6.655, "2005-12-31": "16.52400", "2005-09-30": 62.032, "2005-06-30": -46.588, "2005-03-31": 94.772}, "Stock-Based Compensation": {"2020-12-31": "", "2020-09-30": 13.3, "2020-06-30": 4.4, "2020-03-31": 11.3, "2019-12-31": "14.90000", "2019-09-30": 12.7, "2019-06-30": 12.2, "2019-03-31": 12.5, "2018-12-31": "10.50000", "2018-09-30": 11.9, "2018-06-30": 12.8, "2018-03-31": 10.5, "2017-12-31": "10.70000", "2017-09-30": 8.5, "2017-06-30": 9.1, "2017-03-31": 12.1, "2016-12-31": "11.50000", "2016-09-30": 12.3, "2016-06-30": 12.2, "2016-03-31": 12.5, "2015-12-31": "11.30000", "2015-09-30": 9.706, "2015-06-30": 11.356, "2015-03-31": 12.501, "2014-12-31": "12.73700", "2014-09-30": 9.546, "2014-06-30": 11.414, "2014-03-31": 9.596, "2013-12-31": "9.04400", "2013-09-30": 8.722, "2013-06-30": 10.524, "2013-03-31": 13.228, "2012-12-31": "10.16300", "2012-09-30": 11.221, "2012-06-30": 11.516, "2012-03-31": 14.638, "2011-12-31": "10.50100", "2011-09-30": 7.106, "2011-06-30": 8.808, "2011-03-31": 13.54, "2010-12-31": "12.56400", "2010-09-30": 12.872, "2010-06-30": 10.695, "2010-03-31": 7.402, "2009-12-31": "8.84500", "2009-09-30": 10.419, "2009-06-30": 10.839, "2009-03-31": 10.613, "2008-12-31": "10.70600", "2008-09-30": 10.84, "2008-06-30": 11.498, "2008-03-31": 9.246, "2007-12-31": "9.41000", "2007-09-30": 11.093, "2007-06-30": 10.776, "2007-03-31": 12.067, "2006-12-31": "10.94600", "2006-09-30": 10.534, "2006-06-30": 10.437, "2006-03-31": 11.72, "2005-12-31": "8.15600", "2005-09-30": 0.188, "2005-06-30": 0.294, "2005-03-31": 0.631}, "Common Stock Dividends Paid": {"2020-12-31": "", "2020-09-30": 0, "2020-06-30": 0, "2020-03-31": 0, "2019-12-31": "", "2019-09-30": 0, "2019-06-30": 0, "2019-03-31": 0, "2018-12-31": "", "2018-09-30": 0, "2018-06-30": 0, "2018-03-31": 0, "2017-12-31": "", "2017-09-30": 0, "2017-06-30": 0, "2017-03-31": 0, "2016-12-31": "", "2016-09-30": 0, "2016-06-30": 0, "2016-03-31": 0, "2015-12-31": "", "2015-09-30": 0, "2015-06-30": 0, "2015-03-31": 0, "2014-12-31": "", "2014-09-30": 0, "2014-06-30": 0, "2014-03-31": 0, "2013-12-31": "", "2013-09-30": 0, "2013-06-30": 0, "2013-03-31": 0, "2012-12-31": "", "2012-09-30": 0, "2012-06-30": 0, "2012-03-31": 0, "2011-12-31": "", "2011-09-30": 0, "2011-06-30": 0, "2011-03-31": 0, "2010-12-31": "", "2010-09-30": 0, "2010-06-30": 0, "2010-03-31": 0, "2009-12-31": "", "2009-09-30": 0, "2009-06-30": 0, "2009-03-31": 0, "2008-12-31": "", "2008-09-30": 0, "2008-06-30": 0, "2008-03-31": 0, "2007-12-31": "", "2007-09-30": 0, "2007-06-30": 0, "2007-03-31": 0, "2006-12-31": "", "2006-09-30": 0, "2006-06-30": 0, "2006-03-31": 0, "2005-12-31": "", "2005-09-30": 0, "2005-06-30": 0, "2005-03-31": 0}}, "financial ratios": {"Current Ratio": {"2020-09-30": "1.40380", "2019-09-30": "1.27140", "2018-09-30": "1.63350", "2017-09-30": "1.39610", "2016-09-30": "1.62100", "2015-09-30": "1.73820", "2014-09-30": "2.07560", "2013-09-30": "2.33050", "2012-09-30": "1.75530", "2011-09-30": "1.64720", "2010-09-30": "1.86080", "2009-09-30": "1.98550", "2008-09-30": "1.78390", "2007-09-30": "1.48430", "2006-09-30": "1.79520", "2005-09-30": "1.86950"}, "Long-term Debt / Capital": {"2020-09-30": "", "2019-09-30": "", "2018-09-30": "", "2017-09-30": "", "2016-09-30": "0.14130", "2015-09-30": "0.16350", "2014-09-30": "0.19340", "2013-09-30": "0.20800", "2012-09-30": "0.00410", "2011-09-30": "0.00500", "2010-09-30": "0.01380", "2009-09-30": "0.01750", "2008-09-30": "0.03060", "2007-09-30": "0.04690", "2006-09-30": "0.05830", "2005-09-30": "0.08000"}, "Debt/Equity Ratio": {"2020-09-30": "0.17030", "2019-09-30": "0.23060", "2018-09-30": "", "2017-09-30": "0.23000", "2016-09-30": "0.38180", "2015-09-30": "0.28730", "2014-09-30": "0.27070", "2013-09-30": "0.29540", "2012-09-30": "0.10680", "2011-09-30": "0.15880", "2010-09-30": "0.03400", "2009-09-30": "0.02810", "2008-09-30": "0.03930", "2007-09-30": "0.11000", "2006-09-30": "0.07190", "2005-09-30": "0.09110"}, "Gross Margin": {"2020-09-30": "43.46950", "2019-09-30": "42.48860", "2018-09-30": "43.62990", "2017-09-30": "42.52660", "2016-09-30": "42.59170", "2015-09-30": "41.43820", "2014-09-30": "42.68150", "2013-09-30": "42.46450", "2012-09-30": "42.61950", "2011-09-30": "43.74410", "2010-09-30": "43.52240", "2009-09-30": "43.38210", "2008-09-30": "42.39840", "2007-09-30": "41.75690", "2006-09-30": "41.51450", "2005-09-30": "42.89310"}, "Operating Margin": {"2020-09-30": "10.20140", "2019-09-30": "11.97480", "2018-09-30": "14.98410", "2017-09-30": "11.36950", "2016-09-30": "16.45530", "2015-09-30": "15.88710", "2014-09-30": "18.72910", "2013-09-30": "20.69020", "2012-09-30": "21.16390", "2011-09-30": "22.66180", "2010-09-30": "22.66850", "2009-09-30": "21.41520", "2008-09-30": "20.26370", "2007-09-30": "19.29410", "2006-09-30": "19.36110", "2005-09-30": "22.05880"}, "EBIT Margin": {"2020-09-30": "10.20140", "2019-09-30": "11.97480", "2018-09-30": "14.98410", "2017-09-30": "11.36950", "2016-09-30": "16.45530", "2015-09-30": "15.88710", "2014-09-30": "18.72910", "2013-09-30": "20.69020", "2012-09-30": "21.16390", "2011-09-30": "22.66180", "2010-09-30": "22.66850", "2009-09-30": "21.41520", "2008-09-30": "20.26370", "2007-09-30": "19.29410", "2006-09-30": "19.36110", "2005-09-30": "22.05880"}, "EBITDA Margin": {"2020-09-30": "13.32300", "2019-09-30": "14.85850", "2018-09-30": "17.47460", "2017-09-30": "14.30540", "2016-09-30": "19.53190", "2015-09-30": "18.63730", "2014-09-30": "20.77840", "2013-09-30": "22.82610", "2012-09-30": "23.33640", "2011-09-30": "24.68710", "2010-09-30": "24.71780", "2009-09-30": "23.43000", "2008-09-30": "22.03730", "2007-09-30": "21.12910", "2006-09-30": "21.21220", "2005-09-30": "24.02150"}, "Pre-Tax Profit Margin": {"2020-09-30": "11.30930", "2019-09-30": "13.04770", "2018-09-30": "15.48770", "2017-09-30": "11.57180", "2016-09-30": "16.67120", "2015-09-30": "16.11190", "2014-09-30": "18.83730", "2013-09-30": "20.79870", "2012-09-30": "21.22980", "2011-09-30": "22.67180", "2010-09-30": "22.61430", "2009-09-30": "21.43770", "2008-09-30": "20.58350", "2007-09-30": "19.71420", "2006-09-30": "19.94480", "2005-09-30": "22.30110"}, "Net Profit Margin": {"2020-09-30": "8.49690", "2019-09-30": "9.05090", "2018-09-30": "5.13510", "2017-09-30": "8.34190", "2016-09-30": "15.39500", "2015-09-30": "16.52150", "2014-09-30": "13.23690", "2013-09-30": "14.89170", "2012-09-30": "15.21360", "2011-09-30": "15.36330", "2010-09-30": "15.29430", "2009-09-30": "14.40890", "2008-09-30": "13.50340", "2007-09-30": "13.64370", "2006-09-30": "15.33910", "2005-09-30": "14.94160"}, "Asset Turnover": {"2020-09-30": "0.71000", "2019-09-30": "0.78630", "2018-09-30": "0.89740", "2017-09-30": "0.79510", "2016-09-30": "0.67990", "2015-09-30": "0.69600", "2014-09-30": "0.90840", "2013-09-30": "0.84850", "2012-09-30": "0.97510", "2011-09-30": "1.03920", "2010-09-30": "1.01400", "2009-09-30": "0.95920", "2008-09-30": "1.04770", "2007-09-30": "1.04200", "2006-09-30": "1.05690", "2005-09-30": "1.04950"}, "Inventory Turnover Ratio": {"2020-09-30": "3.46890", "2019-09-30": "3.36320", "2018-09-30": "3.75600", "2017-09-30": "3.60400", "2016-09-30": "3.36570", "2015-09-30": "2.38100", "2014-09-30": "3.05470", "2013-09-30": "3.16360", "2012-09-30": "3.51780", "2011-09-30": "3.56320", "2010-09-30": "3.65710", "2009-09-30": "3.89470", "2008-09-30": "4.21300", "2007-09-30": "4.79700", "2006-09-30": "4.92740", "2005-09-30": "4.78880"}, "Receiveable Turnover": {"2020-09-30": "2.97180", "2019-09-30": "2.91520", "2018-09-30": "2.89050", "2017-09-30": "2.72420", "2016-09-30": "3.37020", "2015-09-30": "3.23090", "2014-09-30": "4.16680", "2013-09-30": "4.21470", "2012-09-30": "4.05750", "2011-09-30": "4.08830", "2010-09-30": "3.98290", "2009-09-30": "3.81130", "2008-09-30": "4.25600", "2007-09-30": "3.51490", "2006-09-30": "3.38650", "2005-09-30": "3.92880"}, "Days Sales In Receivables": {"2020-09-30": "122.82260", "2019-09-30": "125.20530", "2018-09-30": "126.27640", "2017-09-30": "133.98520", "2016-09-30": "108.30240", "2015-09-30": "112.97170", "2014-09-30": "87.59720", "2013-09-30": "86.60270", "2012-09-30": "89.95650", "2011-09-30": "89.28020", "2010-09-30": "91.64200", "2009-09-30": "95.76750", "2008-09-30": "85.76150", "2007-09-30": "103.84500", "2006-09-30": "107.78080", "2005-09-30": "92.90260"}, "ROE - Return On Equity": {"2020-09-30": "12.92210", "2019-09-30": "16.43790", "2018-09-30": "9.46060", "2017-09-30": "14.84990", "2016-09-30": "18.47840", "2015-09-30": "18.03860", "2014-09-30": "24.97500", "2013-09-30": "25.57100", "2012-09-30": "28.28560", "2011-09-30": "32.85060", "2010-09-30": "28.81380", "2009-09-30": "25.26910", "2008-09-30": "28.74420", "2007-09-30": "29.57140", "2006-09-30": "30.55020", "2005-09-30": "31.34560"}, "Return On Tangible Equity": {"2020-09-30": "22.64630", "2019-09-30": "33.79210", "2018-09-30": "12.58790", "2017-09-30": "18.40840", "2016-09-30": "22.38040", "2015-09-30": "22.72660", "2014-09-30": "29.34310", "2013-09-30": "29.44200", "2012-09-30": "33.16800", "2011-09-30": "39.61710", "2010-09-30": "34.44330", "2009-09-30": "30.09490", "2008-09-30": "36.09320", "2007-09-30": "39.44070", "2006-09-30": "36.03710", "2005-09-30": "38.42290"}, "ROA - Return On Assets": {"2020-09-30": "6.03740", "2019-09-30": "7.12390", "2018-09-30": "4.62080", "2017-09-30": "6.86010", "2016-09-30": "8.44870", "2015-09-30": "8.70150", "2014-09-30": "12.02460", "2013-09-30": "12.63520", "2012-09-30": "14.83470", "2011-09-30": "16.35320", "2010-09-30": "15.81280", "2009-09-30": "14.36050", "2008-09-30": "14.94580", "2007-09-30": "14.42170", "2006-09-30": "16.11130", "2005-09-30": "15.68060"}, "ROI - Return On Investment": {"2020-09-30": "12.92210", "2019-09-30": "16.43790", "2018-09-30": "9.46060", "2017-09-30": "14.84990", "2016-09-30": "15.86830", "2015-09-30": "15.08870", "2014-09-30": "20.14550", "2013-09-30": "20.25320", "2012-09-30": "28.16900", "2011-09-30": "32.68640", "2010-09-30": "28.41560", "2009-09-30": "24.82640", "2008-09-30": "27.86530", "2007-09-30": "28.18570", "2006-09-30": "28.76910", "2005-09-30": "28.83750"}, "Book Value Per Share": {"2020-09-30": "22.85970", "2019-09-30": "19.57710", "2018-09-30": "17.42000", "2017-09-30": "16.59650", "2016-09-30": "18.61470", "2015-09-30": "17.59740", "2014-09-30": "16.01340", "2013-09-30": "16.09380", "2012-09-30": "13.79960", "2011-09-30": "11.07220", "2010-09-30": "10.80760", "2009-09-30": "10.47070", "2008-09-30": "8.17890", "2007-09-30": "6.56040", "2006-09-30": "6.14590", "2005-09-30": "5.04170"}, "Operating Cash Flow Per Share": {"2020-09-30": 1.245, "2019-09-30": -0.8721, "2018-09-30": 0.6356, "2017-09-30": 0.5707, "2016-09-30": -0.9565, "2015-09-30": 0.404, "2014-09-30": 0.1279, "2013-09-30": -0.2066, "2012-09-30": 0.3609, "2011-09-30": 0.2665, "2010-09-30": 1.2797, "2009-09-30": -0.4814, "2008-09-30": 0.6188, "2007-09-30": 0.8085, "2006-09-30": -0.3371, "2005-09-30": 1.8268}, "Free Cash Flow Per Share": {"2020-09-30": 0.9548, "2019-09-30": -0.9876, "2018-09-30": 0.7541, "2017-09-30": 0.7741, "2016-09-30": -0.8854, "2015-09-30": 0.3463, "2014-09-30": -0.0299, "2013-09-30": -0.3612, "2012-09-30": 0.4198, "2011-09-30": 0.2137, "2010-09-30": 1.2357, "2009-09-30": -0.3439, "2008-09-30": 0.4717, "2007-09-30": 0.6143, "2006-09-30": -0.316, "2005-09-30": 1.5089}}, "financial ratios, quarterly": {"Current Ratio": {"2020-09-30": "1.40380", "2020-06-30": "1.32150", "2020-03-31": "1.28270", "2019-12-31": "1.29350", "2019-09-30": "1.27140", "2019-06-30": "1.29360", "2019-03-31": "1.71460", "2018-12-31": "1.72610", "2018-09-30": "1.63350", "2018-06-30": "1.59020", "2018-03-31": "1.53270", "2017-12-31": "1.45480", "2017-09-30": "1.39610", "2017-06-30": "1.61690", "2017-03-31": "1.52380", "2016-12-31": "1.58870", "2016-09-30": "1.62100", "2016-06-30": "1.57420", "2016-03-31": "1.63690", "2015-12-31": "1.66150", "2015-09-30": "1.73820", "2015-06-30": "2.05560", "2015-03-31": "2.03840", "2014-12-31": "2.03060", "2014-09-30": "2.07560", "2014-06-30": "2.16930", "2014-03-31": "2.16910", "2013-12-31": "2.30010", "2013-09-30": "2.33050", "2013-06-30": "1.88130", "2013-03-31": "1.80480", "2012-12-31": "1.80900", "2012-09-30": "1.75530", "2012-06-30": "1.78490", "2012-03-31": "1.79730", "2011-12-31": "1.74640", "2011-09-30": "1.64720", "2011-06-30": "1.97180", "2011-03-31": "1.77280", "2010-12-31": "2.11680", "2010-09-30": "1.86080", "2010-06-30": "2.13520", "2010-03-31": "2.11440", "2009-12-31": "2.02370", "2009-09-30": "1.98550", "2009-06-30": "1.97170", "2009-03-31": "1.92070", "2008-12-31": "1.75550", "2008-09-30": "1.78390", "2008-06-30": "1.63430", "2008-03-31": "1.62180", "2007-12-31": "1.67420", "2007-09-30": "1.48430", "2007-06-30": "1.61580", "2007-03-31": "1.72790", "2006-12-31": "1.79450", "2006-09-30": "1.79520", "2006-06-30": "1.96390", "2006-03-31": "2.04450", "2005-12-31": "2.01770", "2005-09-30": "1.86950", "2005-06-30": "1.79060", "2005-03-31": "1.82940"}, "Long-term Debt / Capital": {"2020-09-30": "", "2020-06-30": "", "2020-03-31": "", "2019-12-31": "", "2019-09-30": "", "2019-06-30": "", "2019-03-31": "", "2018-12-31": "", "2018-09-30": "", "2018-06-30": "", "2018-03-31": "", "2017-12-31": "", "2017-09-30": "", "2017-06-30": "0.15200", "2017-03-31": "0.17660", "2016-12-31": "0.13710", "2016-09-30": "0.14130", "2016-06-30": "0.15060", "2016-03-31": "0.15580", "2015-12-31": "0.17450", "2015-09-30": "0.16350", "2015-06-30": "0.16720", "2015-03-31": "0.17760", "2014-12-31": "0.18820", "2014-09-30": "0.19340", "2014-06-30": "0.18910", "2014-03-31": "0.19720", "2013-12-31": "0.20000", "2013-09-30": "0.20800", "2013-06-30": "", "2013-03-31": "0.00380", "2012-12-31": "0.00390", "2012-09-30": "0.00410", "2012-06-30": "0.00430", "2012-03-31": "0.00430", "2011-12-31": "0.00460", "2011-09-30": "0.00500", "2011-06-30": "0.00430", "2011-03-31": "0.00940", "2010-12-31": "0.01080", "2010-09-30": "0.01380", "2010-06-30": "0.01280", "2010-03-31": "0.01640", "2009-12-31": "0.01690", "2009-09-30": "0.01750", "2009-06-30": "0.01870", "2009-03-31": "0.02570", "2008-12-31": "0.03010", "2008-09-30": "0.03060", "2008-06-30": "0.03300", "2008-03-31": "0.04250", "2007-12-31": "0.04470", "2007-09-30": "0.04690", "2007-06-30": "0.04780", "2007-03-31": "0.06420", "2006-12-31": "0.05810", "2006-09-30": "0.05830", "2006-06-30": "0.06160", "2006-03-31": "0.07150", "2005-12-31": "0.07410", "2005-09-30": "0.08000", "2005-06-30": "0.07770", "2005-03-31": "0.08030"}, "Debt/Equity Ratio": {"2020-09-30": "0.17030", "2020-06-30": "0.29850", "2020-03-31": "0.27800", "2019-12-31": "0.29180", "2019-09-30": "0.23060", "2019-06-30": "0.22820", "2019-03-31": "", "2018-12-31": "", "2018-09-30": "", "2018-06-30": "0.01210", "2018-03-31": "0.15790", "2017-12-31": "0.24440", "2017-09-30": "0.23000", "2017-06-30": "0.26110", "2017-03-31": "0.42280", "2016-12-31": "0.35120", "2016-09-30": "0.38180", "2016-06-30": "0.41460", "2016-03-31": "0.46890", "2015-12-31": "0.44630", "2015-09-30": "0.28730", "2015-06-30": "0.28370", "2015-03-31": "0.30540", "2014-12-31": "0.32450", "2014-09-30": "0.27070", "2014-06-30": "0.27970", "2014-03-31": "0.27920", "2013-12-31": "0.28320", "2013-09-30": "0.29540", "2013-06-30": "0.10360", "2013-03-31": "0.14630", "2012-12-31": "0.13080", "2012-09-30": "0.10680", "2012-06-30": "0.11960", "2012-03-31": "0.11270", "2011-12-31": "0.13790", "2011-09-30": "0.15880", "2011-06-30": "0.01230", "2011-03-31": "0.10840", "2010-12-31": "0.01590", "2010-09-30": "0.03400", "2010-06-30": "0.01690", "2010-03-31": "0.02140", "2009-12-31": "0.02710", "2009-09-30": "0.02810", "2009-06-30": "0.02640", "2009-03-31": "0.03770", "2008-12-31": "0.06270", "2008-09-30": "0.03930", "2008-06-30": "0.11270", "2008-03-31": "0.13470", "2007-12-31": "0.07800", "2007-09-30": "0.11000", "2007-06-30": "0.06130", "2007-03-31": "0.07840", "2006-12-31": "0.07170", "2006-09-30": "0.07190", "2006-06-30": "0.07630", "2006-03-31": "0.08060", "2005-12-31": "0.08380", "2005-09-30": "0.09110", "2005-06-30": "0.08830", "2005-03-31": "0.09570"}, "Gross Margin": {"2020-09-30": "44.05640", "2020-06-30": "42.99290", "2020-03-31": "42.44180", "2019-12-31": "44.25140", "2019-09-30": "43.75920", "2019-06-30": "42.55270", "2019-03-31": "40.82630", "2018-12-31": "42.65860", "2018-09-30": "42.25300", "2018-06-30": "44.22510", "2018-03-31": "43.63610", "2017-12-31": "44.62790", "2017-09-30": "42.36630", "2017-06-30": "41.95640", "2017-03-31": "41.55610", "2016-12-31": "44.38900", "2016-09-30": "43.80290", "2016-06-30": "44.09710", "2016-03-31": "41.95380", "2015-12-31": "40.90610", "2015-09-30": "32.26770", "2015-06-30": "40.17500", "2015-03-31": "42.47240", "2014-12-31": "44.31880", "2014-09-30": "41.87670", "2014-06-30": "43.29720", "2014-03-31": "42.17180", "2013-12-31": "43.51060", "2013-09-30": "42.66570", "2013-06-30": "42.75140", "2013-03-31": "41.60010", "2012-12-31": "42.90820", "2012-09-30": "42.75170", "2012-06-30": "43.61760", "2012-03-31": "41.19210", "2011-12-31": "42.97820", "2011-09-30": "41.77110", "2011-06-30": "43.07650", "2011-03-31": "44.56650", "2010-12-31": "46.01850", "2010-09-30": "42.36840", "2010-06-30": "44.00670", "2010-03-31": "43.37270", "2009-12-31": "44.55800", "2009-09-30": "44.38450", "2009-06-30": "42.41070", "2009-03-31": "43.42390", "2008-12-31": "43.04510", "2008-09-30": "44.29420", "2008-06-30": "41.84610", "2008-03-31": "40.81040", "2007-12-31": "42.35360", "2007-09-30": "43.33430", "2007-06-30": "40.24330", "2007-03-31": "41.82890", "2006-12-31": "41.29090", "2006-09-30": "42.02490", "2006-06-30": "41.10990", "2006-03-31": "41.33910", "2005-12-31": "41.51740", "2005-09-30": "42.93580", "2005-06-30": "43.82510", "2005-03-31": "42.79400"}, "Operating Margin": {"2020-09-30": "11.56960", "2020-06-30": "8.62740", "2020-03-31": "6.91000", "2019-12-31": "13.27060", "2019-09-30": "12.60670", "2019-06-30": "6.52700", "2019-03-31": "14.08780", "2018-12-31": "15.07420", "2018-09-30": "14.55840", "2018-06-30": "12.69210", "2018-03-31": "14.94730", "2017-12-31": "17.92190", "2017-09-30": "14.10360", "2017-06-30": "13.98550", "2017-03-31": "13.58570", "2016-12-31": "2.89280", "2016-09-30": "18.15040", "2016-06-30": "15.88120", "2016-03-31": "16.74250", "2015-12-31": "15.41410", "2015-09-30": "-11.47410", "2015-06-30": "18.39820", "2015-03-31": "19.23030", "2014-12-31": "17.54410", "2014-09-30": "19.59820", "2014-06-30": "19.05940", "2014-03-31": "16.38320", "2013-12-31": "19.95690", "2013-09-30": "20.90640", "2013-06-30": "21.30680", "2013-03-31": "20.26450", "2012-12-31": "20.26690", "2012-09-30": "22.18710", "2012-06-30": "21.77780", "2012-03-31": "19.96450", "2011-12-31": "20.61590", "2011-09-30": "22.21890", "2011-06-30": "21.63270", "2011-03-31": "23.31650", "2010-12-31": "23.63140", "2010-09-30": "22.81920", "2010-06-30": "22.62170", "2010-03-31": "23.14940", "2009-12-31": "22.01620", "2009-09-30": "23.47350", "2009-06-30": "20.10080", "2009-03-31": "22.07930", "2008-12-31": "19.41260", "2008-09-30": "22.87520", "2008-06-30": "18.15820", "2008-03-31": "20.17680", "2007-12-31": "19.30090", "2007-09-30": "23.16300", "2007-06-30": "15.60630", "2007-03-31": "19.52820", "2006-12-31": "18.05870", "2006-09-30": "21.44300", "2006-06-30": "18.37490", "2006-03-31": "19.21530", "2005-12-31": "17.88110", "2005-09-30": "23.24970", "2005-06-30": "21.73020", "2005-03-31": "22.58900"}, "EBIT Margin": {"2020-09-30": "11.56960", "2020-06-30": "8.62740", "2020-03-31": "6.91000", "2019-12-31": "13.27060", "2019-09-30": "12.60670", "2019-06-30": "6.52700", "2019-03-31": "14.08780", "2018-12-31": "15.07420", "2018-09-30": "14.55840", "2018-06-30": "12.69210", "2018-03-31": "14.94730", "2017-12-31": "17.92190", "2017-09-30": "14.10360", "2017-06-30": "13.98550", "2017-03-31": "13.58570", "2016-12-31": "2.89280", "2016-09-30": "18.15040", "2016-06-30": "15.88120", "2016-03-31": "16.74250", "2015-12-31": "15.41410", "2015-09-30": "-11.47410", "2015-06-30": "18.39820", "2015-03-31": "19.23030", "2014-12-31": "17.54410", "2014-09-30": "19.59820", "2014-06-30": "19.05940", "2014-03-31": "16.38320", "2013-12-31": "19.95690", "2013-09-30": "20.90630", "2013-06-30": "21.30680", "2013-03-31": "20.26450", "2012-12-31": "20.26690", "2012-09-30": "22.18710", "2012-06-30": "21.77780", "2012-03-31": "19.96450", "2011-12-31": "20.61590", "2011-09-30": "22.21890", "2011-06-30": "21.63270", "2011-03-31": "23.31650", "2010-12-31": "23.63140", "2010-09-30": "22.81920", "2010-06-30": "22.62170", "2010-03-31": "23.14940", "2009-12-31": "22.01620", "2009-09-30": "23.47350", "2009-06-30": "20.10080", "2009-03-31": "22.07930", "2008-12-31": "19.41260", "2008-09-30": "22.87520", "2008-06-30": "18.15820", "2008-03-31": "20.17680", "2007-12-31": "19.30090", "2007-09-30": "23.16300", "2007-06-30": "15.60630", "2007-03-31": "19.52820", "2006-12-31": "18.05870", "2006-09-30": "21.44300", "2006-06-30": "18.37490", "2006-03-31": "19.21530", "2005-12-31": "17.88110", "2005-09-30": "23.24970", "2005-06-30": "21.73020", "2005-03-31": "22.58900"}, "EBITDA Margin": {"2020-09-30": "", "2020-06-30": "", "2020-03-31": "", "2019-12-31": "", "2019-09-30": "", "2019-06-30": "", "2019-03-31": "", "2018-12-31": "", "2018-09-30": "", "2018-06-30": "", "2018-03-31": "", "2017-12-31": "", "2017-09-30": "", "2017-06-30": "", "2017-03-31": "", "2016-12-31": "", "2016-09-30": "", "2016-06-30": "", "2016-03-31": "", "2015-12-31": "", "2015-09-30": "", "2015-06-30": "", "2015-03-31": "", "2014-12-31": "", "2014-09-30": "", "2014-06-30": "", "2014-03-31": "", "2013-12-31": "", "2013-09-30": "", "2013-06-30": "", "2013-03-31": "", "2012-12-31": "", "2012-09-30": "", "2012-06-30": "", "2012-03-31": "", "2011-12-31": "", "2011-09-30": "", "2011-06-30": "", "2011-03-31": "", "2010-12-31": "", "2010-09-30": "", "2010-06-30": "", "2010-03-31": "", "2009-12-31": "", "2009-09-30": "", "2009-06-30": "", "2009-03-31": "", "2008-12-31": "", "2008-09-30": "", "2008-06-30": "", "2008-03-31": "", "2007-12-31": "", "2007-09-30": "", "2007-06-30": "", "2007-03-31": "", "2006-12-31": "", "2006-09-30": "", "2006-06-30": "", "2006-03-31": "", "2005-12-31": "", "2005-09-30": "", "2005-06-30": "", "2005-03-31": ""}, "Pre-Tax Profit Margin": {"2020-09-30": "12.69840", "2020-06-30": "12.21370", "2020-03-31": "6.64570", "2019-12-31": "13.59630", "2019-09-30": "12.56120", "2019-06-30": "7.26570", "2019-03-31": "14.49830", "2018-12-31": "18.54250", "2018-09-30": "17.71460", "2018-06-30": "12.97420", "2018-03-31": "13.09770", "2017-12-31": "18.05450", "2017-09-30": "14.50540", "2017-06-30": "14.01710", "2017-03-31": "13.63090", "2016-12-31": "3.20860", "2016-09-30": "18.37510", "2016-06-30": "16.13000", "2016-03-31": "16.90510", "2015-12-31": "15.63860", "2015-09-30": "-10.54110", "2015-06-30": "18.60330", "2015-03-31": "19.36760", "2014-12-31": "17.67900", "2014-09-30": "19.72950", "2014-06-30": "19.22760", "2014-03-31": "16.46060", "2013-12-31": "20.00920", "2013-09-30": "21.01020", "2013-06-30": "21.45010", "2013-03-31": "20.35290", "2012-12-31": "20.36610", "2012-09-30": "22.28600", "2012-06-30": "21.83150", "2012-03-31": "20.02030", "2011-12-31": "20.66720", "2011-09-30": "22.23350", "2011-06-30": "21.64500", "2011-03-31": "23.31650", "2010-12-31": "23.64410", "2010-09-30": "22.85230", "2010-06-30": "22.48020", "2010-03-31": "23.08470", "2009-12-31": "21.96150", "2009-09-30": "23.43270", "2009-06-30": "20.05510", "2009-03-31": "22.02200", "2008-12-31": "19.67000", "2008-09-30": "23.25370", "2008-06-30": "18.41410", "2008-03-31": "20.47850", "2007-12-31": "19.63640", "2007-09-30": "23.41200", "2007-06-30": "15.99790", "2007-03-31": "19.98500", "2006-12-31": "18.68930", "2006-09-30": "22.00500", "2006-06-30": "19.02540", "2006-03-31": "19.82760", "2005-12-31": "18.37950", "2005-09-30": "23.55270", "2005-06-30": "22.04040", "2005-03-31": "22.77480"}, "Net Profit Margin": {"2020-09-30": "9.00650", "2020-06-30": "8.81460", "2020-03-31": "5.43740", "2019-12-31": "10.64060", "2019-09-30": "8.04410", "2019-06-30": "3.56020", "2019-03-31": "11.36770", "2018-12-31": "13.92710", "2018-09-30": "14.52100", "2018-06-30": "10.23830", "2018-03-31": "10.02880", "2017-12-31": "-16.55120", "2017-09-30": "10.88940", "2017-06-30": "11.01450", "2017-03-31": "8.48910", "2016-12-31": "2.31090", "2016-09-30": "19.79260", "2016-06-30": "15.36790", "2016-03-31": "15.76720", "2015-12-31": "11.75540", "2015-09-30": "47.13340", "2015-06-30": "14.47760", "2015-03-31": "13.95420", "2014-12-31": "12.64670", "2014-09-30": "13.03550", "2014-06-30": "14.32290", "2014-03-31": "11.91870", "2013-12-31": "13.76810", "2013-09-30": "15.24110", "2013-06-30": "15.53690", "2013-03-31": "14.67910", "2012-12-31": "14.04530", "2012-09-30": "15.89620", "2012-06-30": "15.43330", "2012-03-31": "14.96260", "2011-12-31": "14.42960", "2011-09-30": "14.01550", "2011-06-30": "15.18310", "2011-03-31": "15.89610", "2010-12-31": "16.64030", "2010-09-30": "16.10890", "2010-06-30": "14.79000", "2010-03-31": "15.55990", "2009-12-31": "14.56350", "2009-09-30": "15.12020", "2009-06-30": "16.73970", "2009-03-31": "12.24970", "2008-12-31": "13.52490", "2008-09-30": "13.23810", "2008-06-30": "14.61910", "2008-03-31": "13.76600", "2007-12-31": "12.29550", "2007-09-30": "15.69930", "2007-06-30": "11.88940", "2007-03-31": "13.76860", "2006-12-31": "12.76270", "2006-09-30": "18.14850", "2006-06-30": "16.61180", "2006-03-31": "13.48240", "2005-12-31": "12.31480", "2005-09-30": "15.77910", "2005-06-30": "14.76850", "2005-03-31": "15.43320"}, "Asset Turnover": {"2020-09-30": "0.19060", "2020-06-30": "0.15590", "2020-03-31": "0.18290", "2019-12-31": "0.18620", "2019-09-30": "0.21430", "2019-06-30": "0.20820", "2019-03-31": "0.22990", "2018-12-31": "0.21980", "2018-09-30": "0.24640", "2018-06-30": "0.22360", "2018-03-31": "0.22070", "2017-12-31": "0.20560", "2017-09-30": "0.21910", "2017-06-30": "0.20690", "2017-03-31": "0.21260", "2016-12-31": "0.16320", "2016-09-30": "0.15160", "2016-06-30": "0.17100", "2016-03-31": "0.15910", "2015-12-31": "0.20320", "2015-09-30": "0.05850", "2015-06-30": "0.22200", "2015-03-31": "0.21950", "2014-12-31": "0.21730", "2014-09-30": "0.24190", "2014-06-30": "0.21520", "2014-03-31": "0.22400", "2013-12-31": "0.20980", "2013-09-30": "0.22200", "2013-06-30": "0.23740", "2013-03-31": "0.25090", "2012-12-31": "0.23090", "2012-09-30": "0.26270", "2012-06-30": "0.25950", "2012-03-31": "0.27050", "2011-12-31": "0.24230", "2011-09-30": "0.28770", "2011-06-30": "0.25840", "2011-03-31": "0.26260", "2010-12-31": "0.23470", "2010-09-30": "0.28060", "2010-06-30": "0.24930", "2010-03-31": "0.24920", "2009-12-31": "0.22940", "2009-09-30": "0.27810", "2009-06-30": "0.23960", "2009-03-31": "0.26820", "2008-12-31": "0.24960", "2008-09-30": "0.30000", "2008-06-30": "0.26140", "2008-03-31": "0.27040", "2007-12-31": "0.25580", "2007-09-30": "0.29740", "2007-06-30": "0.27700", "2007-03-31": "0.28720", "2006-12-31": "0.25980", "2006-09-30": "0.30040", "2006-06-30": "0.27930", "2006-03-31": "0.29990", "2005-12-31": "0.24980", "2005-09-30": "0.29310", "2005-06-30": "0.27800", "2005-03-31": "0.28040"}, "Inventory Turnover Ratio": {"2020-09-30": "0.92160", "2020-06-30": "0.65920", "2020-03-31": "0.75710", "2019-12-31": "0.77350", "2019-09-30": "0.89630", "2019-06-30": "0.89630", "2019-03-31": "0.96490", "2018-12-31": "0.90480", "2018-09-30": "1.05660", "2018-06-30": "0.84290", "2018-03-31": "0.94840", "2017-12-31": "0.87090", "2017-09-30": "0.99590", "2017-06-30": "0.79810", "2017-03-31": "0.85430", "2016-12-31": "0.50560", "2016-09-30": "0.73490", "2016-06-30": "0.52660", "2016-03-31": "0.54660", "2015-12-31": "0.72980", "2015-09-30": "0.23160", "2015-06-30": "0.73280", "2015-03-31": "0.67030", "2014-12-31": "0.65120", "2014-09-30": "0.82480", "2014-06-30": "0.72340", "2014-03-31": "0.80220", "2013-12-31": "0.71540", "2013-09-30": "0.82480", "2013-06-30": "0.77460", "2013-03-31": "0.89280", "2012-12-31": "0.77520", "2012-09-30": "0.94540", "2012-06-30": "0.85620", "2012-03-31": "0.95230", "2011-12-31": "0.80190", "2011-09-30": "1.02110", "2011-06-30": "0.84310", "2011-03-31": "0.85090", "2010-12-31": "0.77720", "2010-09-30": "1.03260", "2010-06-30": "0.82950", "2010-03-31": "0.89260", "2009-12-31": "0.85480", "2009-09-30": "1.10920", "2009-06-30": "0.81990", "2009-03-31": "0.92050", "2008-12-31": "0.88530", "2008-09-30": "1.16680", "2008-06-30": "0.96970", "2008-03-31": "1.14270", "2007-12-31": "1.00210", "2007-09-30": "1.33190", "2007-06-30": "0.91710", "2007-03-31": "0.96200", "2006-12-31": "1.01790", "2006-09-30": "1.38800", "2006-06-30": "1.18530", "2006-03-31": "1.36880", "2005-12-31": "1.08680", "2005-09-30": "1.33660", "2005-06-30": "1.04510", "2005-03-31": "1.12310"}, "Receiveable Turnover": {"2020-09-30": "0.79780", "2020-06-30": "0.70320", "2020-03-31": "0.79070", "2019-12-31": "0.76810", "2019-09-30": "0.79450", "2019-06-30": "0.78330", "2019-03-31": "0.75730", "2018-12-31": "0.74890", "2018-09-30": "0.79370", "2018-06-30": "0.75950", "2018-03-31": "0.77920", "2017-12-31": "0.77090", "2017-09-30": "0.75070", "2017-06-30": "0.84660", "2017-03-31": "0.87090", "2016-12-31": "0.75030", "2016-09-30": "0.75170", "2016-06-30": "0.76500", "2016-03-31": "0.72150", "2015-12-31": "0.98510", "2015-09-30": "0.27170", "2015-06-30": "1.16370", "2015-03-31": "1.07270", "2014-12-31": "1.11280", "2014-09-30": "1.10950", "2014-06-30": "1.00050", "2014-03-31": "0.99040", "2013-12-31": "1.00460", "2013-09-30": "1.10270", "2013-06-30": "1.10850", "2013-03-31": "1.06280", "2012-12-31": "1.06420", "2012-09-30": "1.09300", "2012-06-30": "1.15840", "2012-03-31": "1.13000", "2011-12-31": "1.08330", "2011-09-30": "1.13190", "2011-06-30": "1.11610", "2011-03-31": "1.14940", "2010-12-31": "1.16840", "2010-09-30": "1.10200", "2010-06-30": "1.12260", "2010-03-31": "1.17750", "2009-12-31": "1.06600", "2009-09-30": "1.10500", "2009-06-30": "1.08590", "2009-03-31": "1.03520", "2008-12-31": "1.08830", "2008-09-30": "1.21880", "2008-06-30": "1.14630", "2008-03-31": "0.99330", "2007-12-31": "1.02990", "2007-09-30": "1.00310", "2007-06-30": "0.98190", "2007-03-31": "1.05050", "2006-12-31": "0.97980", "2006-09-30": "0.96240", "2006-06-30": "0.99900", "2006-03-31": "1.11460", "2005-12-31": "0.97930", "2005-09-30": "1.09740", "2005-06-30": "1.08900", "2005-03-31": "1.11610"}, "Days Sales In Receivables": {"2020-09-30": "112.81480", "2020-06-30": "127.99370", "2020-03-31": "113.82250", "2019-12-31": "117.17700", "2019-09-30": "113.28590", "2019-06-30": "114.89220", "2019-03-31": "118.84530", "2018-12-31": "120.18220", "2018-09-30": "113.38700", "2018-06-30": "118.49390", "2018-03-31": "115.49940", "2017-12-31": "116.74130", "2017-09-30": "119.88780", "2017-06-30": "106.31320", "2017-03-31": "103.33990", "2016-12-31": "119.95510", "2016-09-30": "119.73040", "2016-06-30": "117.65330", "2016-03-31": "124.73510", "2015-12-31": "91.36090", "2015-09-30": "331.28660", "2015-06-30": "77.33760", "2015-03-31": "83.89900", "2014-12-31": "80.87470", "2014-09-30": "81.11450", "2014-06-30": "89.95920", "2014-03-31": "90.86970", "2013-12-31": "89.58560", "2013-09-30": "81.62150", "2013-06-30": "81.19090", "2013-03-31": "84.68460", "2012-12-31": "84.57070", "2012-09-30": "82.34070", "2012-06-30": "77.69640", "2012-03-31": "79.64490", "2011-12-31": "83.07950", "2011-09-30": "79.51330", "2011-06-30": "80.63520", "2011-03-31": "78.29880", "2010-12-31": "77.02720", "2010-09-30": "81.66610", "2010-06-30": "80.17370", "2010-03-31": "76.43620", "2009-12-31": "84.42690", "2009-09-30": "81.44610", "2009-06-30": "82.87800", "2009-03-31": "86.94330", "2008-12-31": "82.70080", "2008-09-30": "73.84520", "2008-06-30": "78.51230", "2008-03-31": "90.61150", "2007-12-31": "87.39080", "2007-09-30": "89.72220", "2007-06-30": "91.66190", "2007-03-31": "85.67140", "2006-12-31": "91.85100", "2006-09-30": "93.52030", "2006-06-30": "90.08600", "2006-03-31": "80.74530", "2005-12-31": "91.89950", "2005-09-30": "82.01050", "2005-06-30": "82.64660", "2005-03-31": "80.63860"}, "ROE - Return On Equity": {"2020-09-30": "3.66940", "2020-06-30": "3.13420", "2020-03-31": "2.30400", "2019-12-31": "4.78650", "2019-09-30": "3.96040", "2019-06-30": "1.67870", "2019-03-31": "5.08020", "2018-12-31": "6.17720", "2018-09-30": "7.35190", "2018-06-30": "4.82850", "2018-03-31": "5.02540", "2017-12-31": "-8.06610", "2017-09-30": "5.16460", "2017-06-30": "5.01330", "2017-03-31": "5.37680", "2016-12-31": "0.46270", "2016-09-30": "4.25410", "2016-06-30": "4.84080", "2016-03-31": "4.55850", "2015-12-31": "5.45450", "2015-09-30": "-0.08830", "2015-06-30": "6.52020", "2015-03-31": "6.31400", "2014-12-31": "5.76760", "2014-09-30": "6.54920", "2014-06-30": "6.24460", "2014-03-31": "5.52630", "2013-12-31": "5.76370", "2013-09-30": "6.84690", "2013-06-30": "6.70200", "2013-03-31": "6.92860", "2012-12-31": "6.04250", "2012-09-30": "7.96140", "2012-06-30": "7.43810", "2012-03-31": "7.50510", "2011-12-31": "6.63800", "2011-09-30": "8.87960", "2011-06-30": "6.78140", "2011-03-31": "7.83440", "2010-12-31": "6.57140", "2010-09-30": "8.28370", "2010-06-30": "6.62730", "2010-03-31": "6.53840", "2009-12-31": "5.81700", "2009-09-30": "7.40880", "2009-06-30": "6.94440", "2009-03-31": "7.04120", "2008-12-31": "6.67570", "2008-09-30": "8.47690", "2008-06-30": "8.09140", "2008-03-31": "8.03060", "2007-12-31": "6.74840", "2007-09-30": "9.99370", "2007-06-30": "6.25180", "2007-03-31": "7.48060", "2006-12-31": "6.19410", "2006-09-30": "10.14430", "2006-06-30": "8.73880", "2006-03-31": "7.50920", "2005-12-31": "5.75380", "2005-09-30": "9.24640", "2005-06-30": "8.10220", "2005-03-31": "8.49190"}, "Return On Tangible Equity": {"2020-09-30": "6.43070", "2020-06-30": "5.69160", "2020-03-31": "4.42320", "2019-12-31": "9.31870", "2019-09-30": "8.14160", "2019-06-30": "3.21600", "2019-03-31": "6.59700", "2018-12-31": "8.15540", "2018-09-30": "9.78220", "2018-06-30": "6.13260", "2018-03-31": "6.43010", "2017-12-31": "-10.18150", "2017-09-30": "6.40220", "2017-06-30": "6.35860", "2017-03-31": "6.96110", "2016-12-31": "0.59800", "2016-09-30": "5.15240", "2016-06-30": "5.81280", "2016-03-31": "5.47680", "2015-12-31": "6.59300", "2015-09-30": "-0.11130", "2015-06-30": "7.57010", "2015-03-31": "7.33000", "2014-12-31": "6.76090", "2014-09-30": "7.69460", "2014-06-30": "7.24180", "2014-03-31": "6.38950", "2013-12-31": "6.65200", "2013-09-30": "7.88340", "2013-06-30": "7.72500", "2013-03-31": "8.02380", "2012-12-31": "7.04250", "2012-09-30": "9.33570", "2012-06-30": "8.78290", "2012-03-31": "8.82340", "2011-12-31": "7.87150", "2011-09-30": "10.70860", "2011-06-30": "7.96500", "2011-03-31": "9.36240", "2010-12-31": "7.64950", "2010-09-30": "9.90220", "2010-06-30": "7.76520", "2010-03-31": "7.68000", "2009-12-31": "6.88800", "2009-09-30": "8.82370", "2009-06-30": "8.35640", "2009-03-31": "8.59610", "2008-12-31": "8.32280", "2008-09-30": "10.64410", "2008-06-30": "10.44980", "2008-03-31": "10.53330", "2007-12-31": "8.90330", "2007-09-30": "13.32910", "2007-06-30": "7.92590", "2007-03-31": "9.22330", "2006-12-31": "7.30340", "2006-09-30": "11.96630", "2006-06-30": "10.42070", "2006-03-31": "8.97540", "2005-12-31": "6.92970", "2005-09-30": "11.33400", "2005-06-30": "10.04640", "2005-03-31": "10.50110"}, "ROA - Return On Assets": {"2020-09-30": "1.71440", "2020-06-30": "1.36720", "2020-03-31": "0.99220", "2019-12-31": "1.99740", "2019-09-30": "1.71640", "2019-06-30": "0.74360", "2019-03-31": "2.60750", "2018-12-31": "3.08240", "2018-09-30": "3.59090", "2018-06-30": "2.28580", "2018-03-31": "2.21320", "2017-12-31": "-3.40020", "2017-09-30": "2.38590", "2017-06-30": "2.28510", "2017-03-31": "2.22840", "2016-12-31": "0.21710", "2016-09-30": "1.94510", "2016-06-30": "2.17850", "2016-03-31": "1.99680", "2015-12-31": "2.38820", "2015-09-30": "-0.04260", "2015-06-30": "3.21790", "2015-03-31": "3.06310", "2014-12-31": "2.74750", "2014-09-30": "3.15320", "2014-06-30": "3.08180", "2014-03-31": "2.66950", "2013-12-31": "2.88860", "2013-09-30": "3.38320", "2013-06-30": "3.68840", "2013-03-31": "3.68340", "2012-12-31": "3.24250", "2012-09-30": "4.17550", "2012-06-30": "4.00460", "2012-03-31": "4.04680", "2011-12-31": "3.49560", "2011-09-30": "4.42030", "2011-06-30": "3.92340", "2011-03-31": "4.17400", "2010-12-31": "3.90490", "2010-09-30": "4.54600", "2010-06-30": "3.96500", "2010-03-31": "3.87740", "2009-12-31": "3.34080", "2009-09-30": "4.21050", "2009-06-30": "4.01170", "2009-03-31": "3.84490", "2008-12-31": "3.41410", "2008-09-30": "4.40760", "2008-06-30": "3.96990", "2008-03-31": "3.80270", "2007-12-31": "3.30070", "2007-09-30": "4.87390", "2007-06-30": "3.29310", "2007-03-31": "3.95450", "2006-12-31": "3.31630", "2006-09-30": "5.34980", "2006-06-30": "4.63900", "2006-03-31": "4.04340", "2005-12-31": "3.07640", "2005-09-30": "4.62550", "2005-06-30": "4.10560", "2005-03-31": "4.32780"}, "ROI - Return On Investment": {"2020-09-30": "3.66940", "2020-06-30": "3.13420", "2020-03-31": "2.30400", "2019-12-31": "4.78650", "2019-09-30": "3.96040", "2019-06-30": "1.67870", "2019-03-31": "5.08020", "2018-12-31": "6.17720", "2018-09-30": "7.35190", "2018-06-30": "4.82850", "2018-03-31": "5.02540", "2017-12-31": "-8.06610", "2017-09-30": "5.16460", "2017-06-30": "4.25130", "2017-03-31": "4.42730", "2016-12-31": "0.39930", "2016-09-30": "3.65320", "2016-06-30": "4.11170", "2016-03-31": "3.84840", "2015-12-31": "4.50250", "2015-09-30": "-0.07390", "2015-06-30": "5.42980", "2015-03-31": "5.19250", "2014-12-31": "4.68230", "2014-09-30": "5.28270", "2014-06-30": "5.06360", "2014-03-31": "4.43640", "2013-12-31": "4.61080", "2013-09-30": "5.42300", "2013-06-30": "6.70200", "2013-03-31": "6.90210", "2012-12-31": "6.01860", "2012-09-30": "7.92860", "2012-06-30": "7.40640", "2012-03-31": "7.47260", "2011-12-31": "6.60760", "2011-09-30": "8.83520", "2011-06-30": "6.75240", "2011-03-31": "7.76070", "2010-12-31": "6.50010", "2010-09-30": "8.16930", "2010-06-30": "6.54270", "2010-03-31": "6.43100", "2009-12-31": "5.71850", "2009-09-30": "7.27900", "2009-06-30": "6.81430", "2009-03-31": "6.86000", "2008-12-31": "6.47490", "2008-09-30": "8.21770", "2008-06-30": "7.82470", "2008-03-31": "7.68940", "2007-12-31": "6.44710", "2007-09-30": "9.52540", "2007-06-30": "5.95300", "2007-03-31": "7.00020", "2006-12-31": "5.83420", "2006-09-30": "9.55290", "2006-06-30": "8.20020", "2006-03-31": "6.97240", "2005-12-31": "5.32740", "2005-09-30": "8.50650", "2005-06-30": "7.47310", "2005-03-31": "7.80960"}, "Book Value Per Share": {"2020-09-30": "22.85970", "2020-06-30": "21.37620", "2020-03-31": "20.62510", "2019-12-31": "20.47740", "2019-09-30": "19.57710", "2019-06-30": "19.31100", "2019-03-31": "19.08000", "2018-12-31": "18.44300", "2018-09-30": "17.42000", "2018-06-30": "16.40980", "2018-03-31": "15.88440", "2017-12-31": "15.18560", "2017-09-30": "16.59650", "2017-06-30": "15.20500", "2017-03-31": "14.08060", "2016-12-31": "18.49200", "2016-09-30": "18.61470", "2016-06-30": "17.94010", "2016-03-31": "17.72410", "2015-12-31": "16.99690", "2015-09-30": "17.59740", "2015-06-30": "17.51500", "2015-03-31": "16.74960", "2014-12-31": "16.12630", "2014-09-30": "16.01340", "2014-06-30": "16.62700", "2014-03-31": "16.14140", "2013-12-31": "16.13800", "2013-09-30": "16.09380", "2013-06-30": "15.62110", "2013-03-31": "15.00030", "2012-12-31": "14.42430", "2012-09-30": "13.79960", "2012-06-30": "13.21750", "2012-03-31": "12.84360", "2011-12-31": "12.05270", "2011-09-30": "11.07220", "2011-06-30": "12.41980", "2011-03-31": "11.25000", "2010-12-31": "12.24680", "2010-09-30": "10.80760", "2010-06-30": "11.39320", "2010-03-31": "11.28730", "2009-12-31": "10.88980", "2009-09-30": "10.47070", "2009-06-30": "9.79100", "2009-03-31": "8.99050", "2008-12-31": "8.38420", "2008-09-30": "8.17890", "2008-06-30": "7.62610", "2008-03-31": "7.23250", "2007-12-31": "6.87630", "2007-09-30": "6.56040", "2007-06-30": "6.37330", "2007-03-31": "6.37120", "2006-12-31": "6.20030", "2006-09-30": "6.14590", "2006-06-30": "5.76140", "2006-03-31": "5.63760", "2005-12-31": "5.42510", "2005-09-30": "5.04170", "2005-06-30": "4.81300", "2005-03-31": "4.80480"}, "Operating Cash Flow Per Share": {"2020-09-30": 2.9058, "2020-06-30": 0.9133, "2020-03-31": 0.2437, "2019-12-31": "1.22790", "2019-09-30": 1.2788, "2019-06-30": 1.3795, "2019-03-31": -0.1441, "2018-12-31": "1.53150", "2018-09-30": 1.1697, "2018-06-30": 1.1077, "2018-03-31": 0.6863, "2017-12-31": "1.95410", "2017-09-30": 1.3666, "2017-06-30": 1.6947, "2017-03-31": 0.3483, "2016-12-31": "0.87260", "2016-09-30": 1.57, "2016-06-30": 1.0074, "2016-03-31": 0.3437, "2015-12-31": "0.79040", "2015-09-30": 1.5206, "2015-06-30": 1.8382, "2015-03-31": 0.5324, "2014-12-31": "0.77680", "2014-09-30": 1.8268, "2014-06-30": 0.8334, "2014-03-31": 1.2012, "2013-12-31": "0.40260", "2013-09-30": 1.4005, "2013-06-30": 1.8091, "2013-03-31": 0.2798, "2012-12-31": "0.64670", "2012-09-30": 1.6716, "2012-06-30": 1.2859, "2012-03-31": 0.9189, "2011-12-31": "0.46630", "2011-09-30": 1.236, "2011-06-30": 1.0344, "2011-03-31": 0.5716, "2010-12-31": "1.13980", "2010-09-30": 1.3667, "2010-06-30": 0.5423, "2010-03-31": 0.7615, "2009-12-31": "1.04480", "2009-09-30": 0.9272, "2009-06-30": 1.0295, "2009-03-31": -0.1967, "2008-12-31": "0.67560", "2008-09-30": 0.6332, "2008-06-30": 0.9106, "2008-03-31": 0.4287, "2007-12-31": "0.94450", "2007-09-30": 1.0383, "2007-06-30": 0.3162, "2007-03-31": 0.3211, "2006-12-31": "0.62260", "2006-09-30": 0.4489, "2006-06-30": 0.5252, "2006-03-31": 0.4135, "2005-12-31": "0.10210", "2005-09-30": 0.6656, "2005-06-30": 0.3656, "2005-03-31": 0.7956}, "Free Cash Flow Per Share": {"2020-09-30": 2.5876, "2020-06-30": 0.7151, "2020-03-31": 0.0852, "2019-12-31": "0.98150", "2019-09-30": 1.1237, "2019-06-30": 1.1777, "2019-03-31": -0.2661, "2018-12-31": "1.37930", "2018-09-30": 0.9871, "2018-06-30": 0.9669, "2018-03-31": 0.5956, "2017-12-31": "1.85260", "2017-09-30": 1.1697, "2017-06-30": 1.6001, "2017-03-31": 0.1883, "2016-12-31": "0.69000", "2016-09-30": 1.3719, "2016-06-30": 0.8451, "2016-03-31": 0.1458, "2015-12-31": "0.51120", "2015-09-30": 1.1803, "2015-06-30": 1.6334, "2015-03-31": 0.3827, "2014-12-31": "0.56300", "2014-09-30": 1.5788, "2014-06-30": 0.6459, "2014-03-31": 1.0136, "2013-12-31": "0.17480", "2013-09-30": 1.2239, "2013-06-30": 1.6437, "2013-03-31": 0.1086, "2012-12-31": "0.46680", "2012-09-30": 1.4893, "2012-06-30": 1.1238, "2012-03-31": 0.7926, "2011-12-31": "0.39850", "2011-09-30": 1.0778, "2011-06-30": 0.9162, "2011-03-31": 0.4371, "2010-12-31": "0.95330", "2010-09-30": 1.2205, "2010-06-30": 0.2969, "2010-03-31": 0.6689, "2009-12-31": "0.98440", "2009-09-30": 0.8101, "2009-06-30": 0.8816, "2009-03-31": -0.2848, "2008-12-31": "0.52810", "2008-09-30": 0.4621, "2008-06-30": 0.7448, "2008-03-31": 0.257, "2007-12-31": "0.81500", "2007-09-30": 0.8585, "2007-06-30": 0.1926, "2007-03-31": 0.2203, "2006-12-31": "0.53580", "2006-09-30": 0.3538, "2006-06-30": 0.448, "2006-03-31": 0.3502, "2005-12-31": "0.04090", "2005-09-30": 0.5406, "2005-06-30": 0.2757, "2005-03-31": 0.6926}}, "revenue": {"Varian Medical Systems Annual Revenue (Millions of US $)": {"2020": "$3,168", "2019": "$3,225", "2018": "$2,919", "2017": "$2,619", "2016": "$2,594", "2015": "$2,491", "2014": "$3,050", "2013": "$2,943", "2012": "$2,807", "2011": "$2,597", "2010": "$2,357", "2009": "$2,214", "2008": "$2,070", "2007": "$1,755", "2006": "$1,598", "2005": "$1,383"}, "Varian Medical Systems Quarterly Revenue (Millions of US $)": {"2020-12-31": "$779", "2020-09-30": "$851", "2020-06-30": "$694", "2020-03-31": "$795", "2019-12-31": "$829", "2019-09-30": "$879", "2019-06-30": "$826", "2019-03-31": "$779", "2018-12-31": "$741", "2018-09-30": "$802", "2018-06-30": "$709", "2018-03-31": "$730", "2017-12-31": "$679", "2017-09-30": "$722", "2017-06-30": "$633", "2017-03-31": "$663", "2016-12-31": "$602", "2016-09-30": "$579", "2016-06-30": "$643", "2016-03-31": "$615", "2015-12-31": "$757", "2015-09-30": "$209", "2015-06-30": "$784", "2015-03-31": "$759", "2014-12-31": "$738", "2014-09-30": "$812", "2014-06-30": "$748", "2014-03-31": "$779", "2013-12-31": "$712", "2013-09-30": "$770", "2013-06-30": "$726", "2013-03-31": "$768", "2012-12-31": "$678", "2012-09-30": "$756", "2012-06-30": "$705", "2012-03-31": "$720", "2011-12-31": "$625", "2011-09-30": "$719", "2011-06-30": "$649", "2011-03-31": "$648", "2010-12-31": "$580", "2010-09-30": "$652", "2010-06-30": "$578", "2010-03-31": "$586", "2009-12-31": "$541", "2009-09-30": "$642", "2009-06-30": "$510", "2009-03-31": "$554", "2008-12-31": "$509", "2008-09-30": "$593", "2008-06-30": "$507", "2008-03-31": "$518", "2007-12-31": "$451", "2007-09-30": "$501", "2007-06-30": "$424", "2007-03-31": "$443", "2006-12-31": "$388", "2006-09-30": "$454", "2006-06-30": "$396", "2006-03-31": "$414", "2005-12-31": "$334", "2005-09-30": "$386", "2005-06-30": "$347", "2005-03-31": "$351"}}, "gross-profit": {"Varian Medical Systems Annual Gross Profit (Millions of US $)": {"2020": "$1,377", "2019": "$1,370", "2018": "$1,274", "2017": "$1,114", "2016": "$1,105", "2015": "$1,032", "2014": "$1,302", "2013": "$1,250", "2012": "$1,196", "2011": "$1,136", "2010": "$1,026", "2009": "$961", "2008": "$878", "2007": "$733", "2006": "$663", "2005": "$593"}, "Varian Medical Systems Quarterly Gross Profit (Millions of US $)": {"2020-12-31": "$359", "2020-09-30": "$375", "2020-06-30": "$299", "2020-03-31": "$337", "2019-12-31": "$367", "2019-09-30": "$385", "2019-06-30": "$351", "2019-03-31": "$318", "2018-12-31": "$316", "2018-09-30": "$339", "2018-06-30": "$314", "2018-03-31": "$319", "2017-12-31": "$303", "2017-09-30": "$306", "2017-06-30": "$266", "2017-03-31": "$276", "2016-12-31": "$267", "2016-09-30": "$253", "2016-06-30": "$284", "2016-03-31": "$258", "2015-12-31": "$310", "2015-09-30": "$68", "2015-06-30": "$315", "2015-03-31": "$323", "2014-12-31": "$327", "2014-09-30": "$340", "2014-06-30": "$324", "2014-03-31": "$328", "2013-12-31": "$310", "2013-09-30": "$328", "2013-06-30": "$310", "2013-03-31": "$320", "2012-12-31": "$291", "2012-09-30": "$323", "2012-06-30": "$308", "2012-03-31": "$297", "2011-12-31": "$269", "2011-09-30": "$300", "2011-06-30": "$280", "2011-03-31": "$289", "2010-12-31": "$267", "2010-09-30": "$276", "2010-06-30": "$254", "2010-03-31": "$254", "2009-12-31": "$241", "2009-09-30": "$285", "2009-06-30": "$216", "2009-03-31": "$240", "2008-12-31": "$219", "2008-09-30": "$263", "2008-06-30": "$212", "2008-03-31": "$212", "2007-12-31": "$191", "2007-09-30": "$217", "2007-06-30": "$170", "2007-03-31": "$185", "2006-12-31": "$160", "2006-09-30": "$191", "2006-06-30": "$163", "2006-03-31": "$171", "2005-12-31": "$139", "2005-09-30": "$166", "2005-06-30": "$152", "2005-03-31": "$150"}}, "operating-income": {"Varian Medical Systems Annual Operating Income (Millions of US $)": {"2020": "$323", "2019": "$386", "2018": "$437", "2017": "$298", "2016": "$427", "2015": "$396", "2014": "$571", "2013": "$609", "2012": "$594", "2011": "$588", "2010": "$534", "2009": "$474", "2008": "$419", "2007": "$339", "2006": "$309", "2005": "$305"}, "Varian Medical Systems Quarterly Operating Income (Millions of US $)": {"2020-12-31": "$117", "2020-09-30": "$98", "2020-06-30": "$60", "2020-03-31": "$55", "2019-12-31": "$110", "2019-09-30": "$111", "2019-06-30": "$54", "2019-03-31": "$110", "2018-12-31": "$112", "2018-09-30": "$117", "2018-06-30": "$90", "2018-03-31": "$109", "2017-12-31": "$122", "2017-09-30": "$102", "2017-06-30": "$89", "2017-03-31": "$90", "2016-12-31": "$17", "2016-09-30": "$105", "2016-06-30": "$102", "2016-03-31": "$103", "2015-12-31": "$117", "2015-09-30": "$-24", "2015-06-30": "$144", "2015-03-31": "$146", "2014-12-31": "$129", "2014-09-30": "$159", "2014-06-30": "$143", "2014-03-31": "$128", "2013-12-31": "$142", "2013-09-30": "$161", "2013-06-30": "$155", "2013-03-31": "$156", "2012-12-31": "$137", "2012-09-30": "$168", "2012-06-30": "$154", "2012-03-31": "$144", "2011-12-31": "$129", "2011-09-30": "$160", "2011-06-30": "$140", "2011-03-31": "$151", "2010-12-31": "$137", "2010-09-30": "$149", "2010-06-30": "$131", "2010-03-31": "$136", "2009-12-31": "$119", "2009-09-30": "$151", "2009-06-30": "$102", "2009-03-31": "$122", "2008-12-31": "$99", "2008-09-30": "$136", "2008-06-30": "$92", "2008-03-31": "$105", "2007-12-31": "$87", "2007-09-30": "$116", "2007-06-30": "$66", "2007-03-31": "$86", "2006-12-31": "$70", "2006-09-30": "$97", "2006-06-30": "$73", "2006-03-31": "$80", "2005-12-31": "$60", "2005-09-30": "$90", "2005-06-30": "$75", "2005-03-31": "$79"}}, "ebitda": {"Varian Medical Systems Annual EBITDA (Millions of US $)": {"2020": "$422", "2019": "$479", "2018": "$510", "2017": "$375", "2016": "$507", "2015": "$464", "2014": "$634", "2013": "$672", "2012": "$655", "2011": "$641", "2010": "$582", "2009": "$519", "2008": "$456", "2007": "$371", "2006": "$339", "2005": "$332"}, "Varian Medical Systems Quarterly EBITDA (Millions of US $)": {"2020-09-30": "$124", "2020-06-30": "$84", "2020-03-31": "$79", "2019-12-31": "$135", "2019-09-30": "$146", "2019-06-30": "$74", "2019-03-31": "$130", "2018-12-31": "$129", "2018-09-30": "$136", "2018-06-30": "$108", "2018-03-31": "$126", "2017-12-31": "$141", "2017-09-30": "$120", "2017-06-30": "$106", "2017-03-31": "$109", "2016-12-31": "$40", "2016-09-30": "$128", "2016-06-30": "$121", "2016-03-31": "$122", "2015-12-31": "$135", "2015-09-30": "$-6", "2015-06-30": "$161", "2015-03-31": "$162", "2014-12-31": "$147", "2014-09-30": "$176", "2014-06-30": "$158", "2014-03-31": "$142", "2013-12-31": "$158", "2013-09-30": "$176", "2013-06-30": "$170", "2013-03-31": "$171", "2012-12-31": "$154", "2012-09-30": "$186", "2012-06-30": "$168", "2012-03-31": "$158", "2011-12-31": "$143", "2011-09-30": "$173", "2011-06-30": "$154", "2011-03-31": "$164", "2010-12-31": "$149", "2010-09-30": "$161", "2010-06-30": "$143", "2010-03-31": "$147", "2009-12-31": "$131", "2009-09-30": "$163", "2009-06-30": "$114", "2009-03-31": "$134", "2008-12-31": "$108", "2008-09-30": "$145", "2008-06-30": "$101", "2008-03-31": "$114", "2007-12-31": "$96", "2007-09-30": "$125", "2007-06-30": "$74", "2007-03-31": "$94", "2006-12-31": "$77", "2006-09-30": "$105", "2006-06-30": "$80", "2006-03-31": "$87", "2005-12-31": "$67", "2005-09-30": "$97", "2005-06-30": "$82", "2005-03-31": "$86"}}, "net-income": {"Varian Medical Systems Annual Net Income (Millions of US $)": {"2020": "$269", "2019": "$292", "2018": "$150", "2017": "$219", "2016": "$399", "2015": "$412", "2014": "$404", "2013": "$438", "2012": "$427", "2011": "$399", "2010": "$360", "2009": "$319", "2008": "$279", "2007": "$239", "2006": "$245", "2005": "$207"}, "Varian Medical Systems Quarterly Net Income (Millions of US $)": {"2020-12-31": "$97", "2020-09-30": "$77", "2020-06-30": "$61", "2020-03-31": "$43", "2019-12-31": "$88", "2019-09-30": "$71", "2019-06-30": "$29", "2019-03-31": "$89", "2018-12-31": "$103", "2018-09-30": "$116", "2018-06-30": "$73", "2018-03-31": "$73", "2017-12-31": "$-112", "2017-09-30": "$79", "2017-06-30": "$70", "2017-03-31": "$56", "2016-12-31": "$14", "2016-09-30": "$115", "2016-06-30": "$99", "2016-03-31": "$97", "2015-12-31": "$89", "2015-09-30": "$99", "2015-06-30": "$114", "2015-03-31": "$106", "2014-12-31": "$93", "2014-09-30": "$106", "2014-06-30": "$107", "2014-03-31": "$93", "2013-12-31": "$98", "2013-09-30": "$117", "2013-06-30": "$113", "2013-03-31": "$113", "2012-12-31": "$95", "2012-09-30": "$120", "2012-06-30": "$109", "2012-03-31": "$108", "2011-12-31": "$90", "2011-09-30": "$101", "2011-06-30": "$99", "2011-03-31": "$103", "2010-12-31": "$96", "2010-09-30": "$105", "2010-06-30": "$85", "2010-03-31": "$91", "2009-12-31": "$79", "2009-09-30": "$97", "2009-06-30": "$85", "2009-03-31": "$68", "2008-12-31": "$69", "2008-09-30": "$78", "2008-06-30": "$74", "2008-03-31": "$71", "2007-12-31": "$55", "2007-09-30": "$79", "2007-06-30": "$50", "2007-03-31": "$61", "2006-12-31": "$50", "2006-09-30": "$82", "2006-06-30": "$66", "2006-03-31": "$56", "2005-12-31": "$41", "2005-09-30": "$61", "2005-06-30": "$51", "2005-03-31": "$54"}}, "eps-earnings-per-share-diluted": {"Varian Medical Systems Annual EPS": {"2020": "$2.94", "2019": "$3.18", "2018": "$1.62", "2017": "$2.35", "2016": "$4.16", "2015": "$4.09", "2014": "$3.83", "2013": "$3.98", "2012": "$3.76", "2011": "$3.36", "2010": "$2.91", "2009": "$2.55", "2008": "$2.19", "2007": "$1.83", "2006": "$1.81", "2005": "$1.50"}, "Varian Medical Systems Quarterly EPS": {"2020-12-31": "$1.05", "2020-09-30": "$0.84", "2020-06-30": "$0.67", "2020-03-31": "$0.47", "2019-12-31": "$0.96", "2019-09-30": "$0.78", "2019-06-30": "$0.32", "2019-03-31": "$0.96", "2018-12-31": "$1.12", "2018-09-30": "$1.26", "2018-06-30": "$0.79", "2018-03-31": "$0.79", "2017-12-31": "$-1.22", "2017-09-30": "$0.85", "2017-06-30": "$0.75", "2017-03-31": "$0.60", "2016-12-31": "$0.15", "2016-09-30": "$1.20", "2016-06-30": "$1.04", "2016-03-31": "$1.01", "2015-12-31": "$0.91", "2015-09-30": "$0.99", "2015-06-30": "$1.13", "2015-03-31": "$1.05", "2014-12-31": "$0.92", "2014-09-30": "$1.02", "2014-06-30": "$1.02", "2014-03-31": "$0.88", "2013-12-31": "$0.91", "2013-09-30": "$1.07", "2013-06-30": "$1.03", "2013-03-31": "$1.02", "2012-12-31": "$0.86", "2012-09-30": "$1.07", "2012-06-30": "$0.96", "2012-03-31": "$0.94", "2011-12-31": "$0.79", "2011-09-30": "$0.87", "2011-06-30": "$0.83", "2011-03-31": "$0.86", "2010-12-31": "$0.80", "2010-09-30": "$0.86", "2010-06-30": "$0.69", "2010-03-31": "$0.73", "2009-12-31": "$0.63", "2009-09-30": "$0.78", "2009-06-30": "$0.68", "2009-03-31": "$0.54", "2008-12-31": "$0.55", "2008-09-30": "$0.62", "2008-06-30": "$0.58", "2008-03-31": "$0.56", "2007-12-31": "$0.43", "2007-09-30": "$0.61", "2007-06-30": "$0.39", "2007-03-31": "$0.46", "2006-12-31": "$0.37", "2006-09-30": "$0.61", "2006-06-30": "$0.49", "2006-03-31": "$0.41", "2005-12-31": "$0.30", "2005-09-30": "$0.45", "2005-06-30": "$0.37", "2005-03-31": "$0.39"}}, "shares-outstanding": {"Varian Medical Systems Annual Shares Outstanding (Millions of Shares)": {"2020": "92", "2019": "92", "2018": "93", "2017": "93", "2016": "96", "2015": "101", "2014": "105", "2013": "110", "2012": "113", "2011": "119", "2010": "124", "2009": "125", "2008": "128", "2007": "131", "2006": "135", "2005": "138"}, "Varian Medical Systems Quarterly Shares Outstanding (Millions of Shares)": {"2020-12-31": "92", "2020-09-30": "92", "2020-06-30": "91", "2020-03-31": "91", "2019-12-31": "92", "2019-09-30": "92", "2019-06-30": "92", "2019-03-31": "92", "2018-12-31": "92", "2018-09-30": "93", "2018-06-30": "93", "2018-03-31": "93", "2017-12-31": "92", "2017-09-30": "93", "2017-06-30": "92", "2017-03-31": "94", "2016-12-31": "94", "2016-09-30": "96", "2016-06-30": "95", "2016-03-31": "96", "2015-12-31": "98", "2015-09-30": "101", "2015-06-30": "100", "2015-03-31": "101", "2014-12-31": "102", "2014-09-30": "105", "2014-06-30": "105", "2014-03-31": "105", "2013-12-31": "107", "2013-09-30": "110", "2013-06-30": "110", "2013-03-31": "111", "2012-12-31": "111", "2012-09-30": "113", "2012-06-30": "113", "2012-03-31": "115", "2011-12-31": "114", "2011-09-30": "119", "2011-06-30": "119", "2011-03-31": "120", "2010-12-31": "121", "2010-09-30": "124", "2010-06-30": "125", "2010-03-31": "124", "2009-12-31": "125", "2009-09-30": "125", "2009-06-30": "125", "2009-03-31": "124", "2008-12-31": "125", "2008-09-30": "128", "2008-06-30": "127", "2008-03-31": "128", "2007-12-31": "128", "2007-09-30": "131", "2007-06-30": "130", "2007-03-31": "132", "2006-12-31": "133", "2006-09-30": "135", "2006-06-30": "135", "2006-03-31": "137", "2005-12-31": "136", "2005-09-30": "138", "2005-06-30": "137", "2005-03-31": "138"}}, "total-assets": {"Varian Medical Systems Annual Total Assets (Millions of US $)": {"2020": "$4,462", "2019": "$4,102", "2018": "$3,253", "2017": "$3,294", "2016": "$3,815", "2015": "$3,579", "2014": "$3,357", "2013": "$3,468", "2012": "$2,879", "2011": "$2,499", "2010": "$2,324", "2009": "$2,308", "2008": "$1,976", "2007": "$1,684", "2006": "$1,512", "2005": "$1,317"}, "Varian Medical Systems Quarterly Total Assets (Millions of US $)": {"2020-09-30": "$4,462", "2020-06-30": "$4,454", "2020-03-31": "$4,344", "2019-12-31": "$4,451", "2019-09-30": "$4,102", "2019-06-30": "$3,967", "2019-03-31": "$3,390", "2018-12-31": "$3,371", "2018-09-30": "$3,253", "2018-06-30": "$3,172", "2018-03-31": "$3,308", "2017-12-31": "$3,300", "2017-09-30": "$3,294", "2017-06-30": "$3,059", "2017-03-31": "$3,119", "2016-12-31": "$3,685", "2016-09-30": "$3,815", "2016-06-30": "$3,759", "2016-03-31": "$3,866", "2015-12-31": "$3,727", "2015-09-30": "$3,579", "2015-06-30": "$3,532", "2015-03-31": "$3,460", "2014-12-31": "$3,396", "2014-09-30": "$3,357", "2014-06-30": "$3,475", "2014-03-31": "$3,476", "2013-12-31": "$3,391", "2013-09-30": "$3,468", "2013-06-30": "$3,059", "2013-03-31": "$3,062", "2012-12-31": "$2,939", "2012-09-30": "$2,879", "2012-06-30": "$2,718", "2012-03-31": "$2,663", "2011-12-31": "$2,581", "2011-09-30": "$2,499", "2011-06-30": "$2,513", "2011-03-31": "$2,470", "2010-12-31": "$2,471", "2010-09-30": "$2,324", "2010-06-30": "$2,319", "2010-03-31": "$2,350", "2009-12-31": "$2,358", "2009-09-30": "$2,308", "2009-06-30": "$2,128", "2009-03-31": "$2,064", "2008-12-31": "$2,038", "2008-09-30": "$1,976", "2008-06-30": "$1,941", "2008-03-31": "$1,917", "2007-12-31": "$1,764", "2007-09-30": "$1,684", "2007-06-30": "$1,530", "2007-03-31": "$1,541", "2006-12-31": "$1,493", "2006-09-30": "$1,512", "2006-06-30": "$1,417", "2006-03-31": "$1,380", "2005-12-31": "$1,338", "2005-09-30": "$1,317", "2005-06-30": "$1,247", "2005-03-31": "$1,251"}}, "cash-on-hand": {"Varian Medical Systems Annual Cash on Hand (Millions of US $)": {"2020": "$766", "2019": "$531", "2018": "$505", "2017": "$716", "2016": "$907", "2015": "$846", "2014": "$915", "2013": "$1,181", "2012": "$754", "2011": "$584", "2010": "$520", "2009": "$554", "2008": "$397", "2007": "$263", "2006": "$366", "2005": "$378"}, "Varian Medical Systems Quarterly Cash on Hand (Millions of US $)": {"2020-09-30": "$766", "2020-06-30": "$769", "2020-03-31": "$668", "2019-12-31": "$722", "2019-09-30": "$531", "2019-06-30": "$521", "2019-03-31": "$546", "2018-12-31": "$616", "2018-09-30": "$505", "2018-06-30": "$536", "2018-03-31": "$740", "2017-12-31": "$823", "2017-09-30": "$716", "2017-06-30": "$658", "2017-03-31": "$706", "2016-12-31": "$815", "2016-09-30": "$907", "2016-06-30": "$836", "2016-03-31": "$961", "2015-12-31": "$953", "2015-09-30": "$846", "2015-06-30": "$1,023", "2015-03-31": "$932", "2014-12-31": "$973", "2014-09-30": "$915", "2014-06-30": "$987", "2014-03-31": "$1,018", "2013-12-31": "$1,045", "2013-09-30": "$1,181", "2013-06-30": "$825", "2013-03-31": "$796", "2012-12-31": "$807", "2012-09-30": "$754", "2012-06-30": "$681", "2012-03-31": "$648", "2011-12-31": "$632", "2011-09-30": "$584", "2011-06-30": "$568", "2011-03-31": "$584", "2010-12-31": "$704", "2010-09-30": "$520", "2010-06-30": "$588", "2010-03-31": "$655", "2009-12-31": "$625", "2009-09-30": "$554", "2009-06-30": "$474", "2009-03-31": "$377", "2008-12-31": "$423", "2008-09-30": "$397", "2008-06-30": "$406", "2008-03-31": "$360", "2007-12-31": "$334", "2007-09-30": "$263", "2007-06-30": "$193", "2007-03-31": "$289", "2006-12-31": "$363", "2006-09-30": "$366", "2006-06-30": "$371", "2006-03-31": "$394", "2005-12-31": "$385", "2005-09-30": "$378", "2005-06-30": "$306", "2005-03-31": "$335"}}, "long-term-debt": {"Varian Medical Systems Annual Long Term Debt (Millions of US $)": {"2020": "$", "2019": "$", "2018": "$", "2017": "$", "2016": "$287", "2015": "$338", "2014": "$388", "2013": "$450", "2012": "$6", "2011": "$6", "2010": "$18", "2009": "$23", "2008": "$32", "2007": "$40", "2006": "$49", "2005": "$57"}, "Varian Medical Systems Quarterly Long Term Debt (Millions of US $)": {"2020-09-30": "", "2020-06-30": "", "2020-03-31": "", "2019-12-31": "", "2019-09-30": "", "2019-06-30": "", "2019-03-31": "", "2018-12-31": "", "2018-09-30": "", "2018-06-30": "", "2018-03-31": "", "2017-12-31": "", "2017-09-30": "", "2017-06-30": "$250", "2017-03-31": "$277", "2016-12-31": "$275", "2016-09-30": "$287", "2016-06-30": "$300", "2016-03-31": "$313", "2015-12-31": "$345", "2015-09-30": "$338", "2015-06-30": "$350", "2015-03-31": "$363", "2014-12-31": "$375", "2014-09-30": "$388", "2014-06-30": "$400", "2014-03-31": "$413", "2013-12-31": "$425", "2013-09-30": "$450", "2013-06-30": "", "2013-03-31": "$6", "2012-12-31": "$6", "2012-09-30": "$6", "2012-06-30": "$6", "2012-03-31": "$6", "2011-12-31": "$6", "2011-09-30": "$6", "2011-06-30": "$6", "2011-03-31": "$13", "2010-12-31": "$16", "2010-09-30": "$18", "2010-06-30": "$18", "2010-03-31": "$23", "2009-12-31": "$23", "2009-09-30": "$23", "2009-06-30": "$23", "2009-03-31": "$30", "2008-12-31": "$32", "2008-09-30": "$32", "2008-06-30": "$32", "2008-03-31": "$40", "2007-12-31": "$40", "2007-09-30": "$40", "2007-06-30": "$40", "2007-03-31": "$56", "2006-12-31": "$49", "2006-09-30": "$49", "2006-06-30": "$49", "2006-03-31": "$57", "2005-12-31": "$57", "2005-09-30": "$57", "2005-06-30": "$53", "2005-03-31": "$56"}}, "total-liabilities": {"Varian Medical Systems Annual Total Liabilities (Millions of US $)": {"2020": "$2,377", "2019": "$2,324", "2018": "$1,664", "2017": "$1,773", "2016": "$2,071", "2015": "$1,852", "2014": "$1,741", "2013": "$1,755", "2012": "$1,369", "2011": "$1,255", "2010": "$1,049", "2009": "$996", "2008": "$948", "2007": "$863", "2006": "$714", "2005": "$658"}, "Varian Medical Systems Quarterly Total Liabilities (Millions of US $)": {"2020-09-30": "$2,377", "2020-06-30": "$2,511", "2020-03-31": "$2,473", "2019-12-31": "$2,593", "2019-09-30": "$2,324", "2019-06-30": "$2,210", "2019-03-31": "$1,650", "2018-12-31": "$1,689", "2018-09-30": "$1,664", "2018-06-30": "$1,670", "2018-03-31": "$1,851", "2017-12-31": "$1,909", "2017-09-30": "$1,773", "2017-06-30": "$1,665", "2017-03-31": "$1,826", "2016-12-31": "$1,956", "2016-09-30": "$2,071", "2016-06-30": "$2,068", "2016-03-31": "$2,173", "2015-12-31": "$2,095", "2015-09-30": "$1,852", "2015-06-30": "$1,789", "2015-03-31": "$1,781", "2014-12-31": "$1,778", "2014-09-30": "$1,741", "2014-06-30": "$1,760", "2014-03-31": "$1,797", "2013-12-31": "$1,692", "2013-09-30": "$1,755", "2013-06-30": "$1,376", "2013-03-31": "$1,434", "2012-12-31": "$1,362", "2012-09-30": "$1,369", "2012-06-30": "$1,255", "2012-03-31": "$1,227", "2011-12-31": "$1,222", "2011-09-30": "$1,255", "2011-06-30": "$1,059", "2011-03-31": "$1,154", "2010-12-31": "$1,003", "2010-09-30": "$1,049", "2010-06-30": "$932", "2010-03-31": "$956", "2009-12-31": "$1,004", "2009-09-30": "$996", "2009-06-30": "$899", "2009-03-31": "$937", "2008-12-31": "$996", "2008-09-30": "$948", "2008-06-30": "$989", "2008-03-31": "$1,009", "2007-12-31": "$901", "2007-09-30": "$863", "2007-06-30": "$724", "2007-03-31": "$727", "2006-12-31": "$693", "2006-09-30": "$714", "2006-06-30": "$665", "2006-03-31": "$637", "2005-12-31": "$623", "2005-09-30": "$658", "2005-06-30": "$615", "2005-03-31": "$614"}}, "total-share-holder-equity": {"Varian Medical Systems Annual Share Holder Equity (Millions of US $)": {"2020": "$2,085", "2019": "$1,778", "2018": "$1,589", "2017": "$1,522", "2016": "$1,744", "2015": "$1,726", "2014": "$1,616", "2013": "$1,714", "2012": "$1,510", "2011": "$1,244", "2010": "$1,275", "2009": "$1,312", "2008": "$1,027", "2007": "$821", "2006": "$797", "2005": "$659"}, "Varian Medical Systems Quarterly Share Holder Equity (Millions of US $)": {"2020-09-30": "$2,085", "2020-06-30": "$1,943", "2020-03-31": "$1,871", "2019-12-31": "$1,857", "2019-09-30": "$1,778", "2019-06-30": "$1,757", "2019-03-31": "$1,740", "2018-12-31": "$1,682", "2018-09-30": "$1,589", "2018-06-30": "$1,502", "2018-03-31": "$1,457", "2017-12-31": "$1,391", "2017-09-30": "$1,522", "2017-06-30": "$1,394", "2017-03-31": "$1,293", "2016-12-31": "$1,729", "2016-09-30": "$1,744", "2016-06-30": "$1,692", "2016-03-31": "$1,694", "2015-12-31": "$1,632", "2015-09-30": "$1,726", "2015-06-30": "$1,743", "2015-03-31": "$1,678", "2014-12-31": "$1,618", "2014-09-30": "$1,616", "2014-06-30": "$1,715", "2014-03-31": "$1,679", "2013-12-31": "$1,700", "2013-09-30": "$1,714", "2013-06-30": "$1,684", "2013-03-31": "$1,628", "2012-12-31": "$1,577", "2012-09-30": "$1,510", "2012-06-30": "$1,463", "2012-03-31": "$1,436", "2011-12-31": "$1,359", "2011-09-30": "$1,244", "2011-06-30": "$1,454", "2011-03-31": "$1,316", "2010-12-31": "$1,468", "2010-09-30": "$1,275", "2010-06-30": "$1,387", "2010-03-31": "$1,394", "2009-12-31": "$1,354", "2009-09-30": "$1,312", "2009-06-30": "$1,229", "2009-03-31": "$1,127", "2008-12-31": "$1,042", "2008-09-30": "$1,027", "2008-06-30": "$952", "2008-03-31": "$908", "2007-12-31": "$863", "2007-09-30": "$821", "2007-06-30": "$806", "2007-03-31": "$815", "2006-12-31": "$799", "2006-09-30": "$797", "2006-06-30": "$752", "2006-03-31": "$743", "2005-12-31": "$715", "2005-09-30": "$659", "2005-06-30": "$632", "2005-03-31": "$638"}}, "profit-margins": {"current": "8.91%"}, "gross margin": {"2020-12-31": "43.94%", "2020-09-30": "43.50%", "2020-06-30": "43.42%", "2020-03-31": "43.26%", "2019-12-31": "42.89%", "2019-09-30": "42.48%", "2019-06-30": "42.06%", "2019-03-31": "42.46%", "2018-12-31": "43.19%", "2018-09-30": "43.66%", "2018-06-30": "43.73%", "2018-03-31": "43.20%", "2017-12-31": "42.68%", "2017-09-30": "42.56%", "2017-06-30": "42.89%", "2017-03-31": "43.44%", "2016-12-31": "43.56%", "2016-09-30": "42.61%", "2016-06-30": "41.37%", "2016-03-31": "40.21%", "2015-12-31": "40.49%", "2015-09-30": "41.49%", "2015-06-30": "42.19%", "2015-03-31": "42.98%", "2014-12-31": "42.87%", "2014-09-30": "42.67%", "2014-06-30": "42.87%", "2014-03-31": "42.72%", "2013-12-31": "42.61%", "2013-09-30": "42.45%", "2013-06-30": "42.49%", "2013-03-31": "42.72%", "2012-12-31": "42.64%", "2012-09-30": "42.66%", "2012-06-30": "42.40%", "2012-03-31": "42.24%", "2011-12-31": "43.09%", "2011-09-30": "43.76%", "2011-06-30": "43.97%", "2011-03-31": "44.18%", "2010-12-31": "43.86%", "2010-09-30": "43.49%", "2010-06-30": "44.06%", "2010-03-31": "43.70%", "2009-12-31": "43.70%", "2009-09-30": "43.34%", "2009-06-30": "43.31%", "2009-03-31": "43.18%", "2008-12-31": "42.60%", "2008-09-30": "42.44%", "2008-06-30": "42.08%", "2008-03-31": "41.71%", "2007-12-31": "41.95%", "2007-09-30": "41.69%", "2007-06-30": "41.31%", "2007-03-31": "41.58%", "2006-12-31": "41.46%", "2006-09-30": "41.55%", "2006-06-30": "41.76%", "2006-03-31": "42.40%", "2005-12-31": "42.81%"}, "operating margin": {"2020-12-31": "10.58%", "2020-09-30": "10.20%", "2020-06-30": "10.51%", "2020-03-31": "9.91%", "2019-12-31": "11.62%", "2019-09-30": "12.00%", "2019-06-30": "12.48%", "2019-03-31": "14.15%", "2018-12-31": "14.35%", "2018-09-30": "15.00%", "2018-06-30": "14.89%", "2018-03-31": "15.23%", "2017-12-31": "14.91%", "2017-09-30": "11.34%", "2017-06-30": "12.12%", "2017-03-31": "12.63%", "2016-12-31": "13.41%", "2016-09-30": "16.47%", "2016-06-30": "13.40%", "2016-03-31": "14.38%", "2015-12-31": "15.27%", "2015-09-30": "15.86%", "2015-06-30": "18.69%", "2015-03-31": "18.87%", "2014-12-31": "18.17%", "2014-09-30": "18.75%", "2014-06-30": "19.08%", "2014-03-31": "19.62%", "2013-12-31": "20.63%", "2013-09-30": "20.70%", "2013-06-30": "21.04%", "2013-03-31": "21.16%", "2012-12-31": "21.09%", "2012-09-30": "21.20%", "2012-06-30": "21.20%", "2012-03-31": "21.12%", "2011-12-31": "21.96%", "2011-09-30": "22.65%", "2011-06-30": "22.82%", "2011-03-31": "23.11%", "2010-12-31": "23.08%", "2010-09-30": "22.70%", "2010-06-30": "22.88%", "2010-03-31": "22.29%", "2009-12-31": "21.98%", "2009-09-30": "21.40%", "2009-06-30": "21.19%", "2009-03-31": "20.76%", "2008-12-31": "20.31%", "2008-09-30": "20.30%", "2008-06-30": "20.23%", "2008-03-31": "19.75%", "2007-12-31": "19.52%", "2007-09-30": "19.25%", "2007-06-30": "18.67%", "2007-03-31": "19.39%", "2006-12-31": "19.37%", "2006-09-30": "19.40%", "2006-06-30": "19.80%", "2006-03-31": "20.59%", "2005-12-31": "21.44%"}, "ebitda margin": {"2020-09-30": "13.32%", "2020-06-30": "13.89%", "2020-03-31": "13.04%", "2019-12-31": "14.64%", "2019-09-30": "14.85%", "2019-06-30": "14.90%", "2019-03-31": "16.60%", "2018-12-31": "16.73%", "2018-09-30": "17.50%", "2018-06-30": "17.43%", "2018-03-31": "17.84%", "2017-12-31": "17.65%", "2017-09-30": "14.31%", "2017-06-30": "15.47%", "2017-03-31": "16.01%", "2016-12-31": "16.86%", "2016-09-30": "19.51%", "2016-06-30": "16.73%", "2016-03-31": "17.42%", "2015-12-31": "18.02%", "2015-09-30": "18.63%", "2015-06-30": "20.89%", "2015-03-31": "21.03%", "2014-12-31": "20.25%", "2014-09-30": "20.78%", "2014-06-30": "21.07%", "2014-03-31": "21.63%", "2013-12-31": "22.68%", "2013-09-30": "22.81%", "2013-06-30": "23.26%", "2013-03-31": "23.36%", "2012-12-31": "23.29%", "2012-09-30": "23.34%", "2012-06-30": "23.19%", "2012-03-31": "23.15%", "2011-12-31": "24.01%", "2011-09-30": "24.65%", "2011-06-30": "24.83%", "2011-03-31": "25.10%", "2010-12-31": "25.04%", "2010-09-30": "24.69%", "2010-06-30": "24.88%", "2010-03-31": "24.35%", "2009-12-31": "24.12%", "2009-09-30": "23.43%", "2009-06-30": "23.13%", "2009-03-31": "22.56%", "2008-12-31": "22.00%", "2008-09-30": "22.04%", "2008-06-30": "22.05%", "2008-03-31": "21.59%", "2007-12-31": "21.39%", "2007-09-30": "21.07%", "2007-06-30": "20.48%", "2007-03-31": "21.18%", "2006-12-31": "21.13%", "2006-09-30": "21.21%", "2006-06-30": "21.63%", "2006-03-31": "22.48%", "2005-12-31": "23.41%"}, "pre tax profit margin": {"2020-12-31": "11.87%", "2020-09-30": "11.33%", "2020-06-30": "11.29%", "2020-03-31": "10.09%", "2019-12-31": "11.95%", "2019-09-30": "13.02%", "2019-06-30": "14.36%", "2019-03-31": "15.97%", "2018-12-31": "15.66%", "2018-09-30": "15.51%", "2018-06-30": "14.65%", "2018-03-31": "14.94%", "2017-12-31": "15.09%", "2017-09-30": "11.56%", "2017-06-30": "12.28%", "2017-03-31": "12.83%", "2016-12-31": "13.66%", "2016-09-30": "16.66%", "2016-06-30": "13.67%", "2016-03-31": "14.63%", "2015-12-31": "15.50%", "2015-09-30": "16.10%", "2015-06-30": "18.85%", "2015-03-31": "19.01%", "2014-12-31": "18.26%", "2014-09-30": "18.81%", "2014-06-30": "19.14%", "2014-03-31": "19.69%", "2013-12-31": "20.70%", "2013-09-30": "20.80%", "2013-06-30": "21.14%", "2013-03-31": "21.22%", "2012-12-31": "21.16%", "2012-09-30": "21.24%", "2012-06-30": "21.20%", "2012-03-31": "21.16%", "2011-12-31": "22.00%", "2011-09-30": "22.69%", "2011-06-30": "22.85%", "2011-03-31": "23.07%", "2010-12-31": "23.00%", "2010-09-30": "22.61%", "2010-06-30": "22.75%", "2010-03-31": "22.20%", "2009-12-31": "21.94%", "2009-09-30": "21.40%", "2009-06-30": "21.33%", "2009-03-31": "20.94%", "2008-12-31": "20.55%", "2008-09-30": "20.59%", "2008-06-30": "20.49%", "2008-03-31": "20.06%", "2007-12-31": "19.90%", "2007-09-30": "19.65%", "2007-06-30": "19.19%", "2007-03-31": "19.93%", "2006-12-31": "19.92%", "2006-09-30": "19.90%", "2006-06-30": "20.20%", "2006-03-31": "20.93%", "2005-12-31": "21.72%"}, "net profit margin": {"2020-12-31": "8.92%", "2020-09-30": "8.49%", "2020-06-30": "8.23%", "2020-03-31": "6.94%", "2019-12-31": "8.36%", "2019-09-30": "9.05%", "2019-06-30": "10.71%", "2019-03-31": "12.57%", "2018-12-31": "12.24%", "2018-09-30": "5.14%", "2018-06-30": "3.98%", "2018-03-31": "3.98%", "2017-12-31": "3.45%", "2017-09-30": "8.36%", "2017-06-30": "10.30%", "2017-03-31": "11.42%", "2016-12-31": "13.33%", "2016-09-30": "15.43%", "2016-06-30": "17.27%", "2016-03-31": "16.87%", "2015-12-31": "16.26%", "2015-09-30": "16.55%", "2015-06-30": "13.55%", "2015-03-31": "13.48%", "2014-12-31": "12.97%", "2014-09-30": "13.24%", "2014-06-30": "13.79%", "2014-03-31": "14.09%", "2013-12-31": "14.82%", "2013-09-30": "14.89%", "2013-06-30": "15.06%", "2013-03-31": "15.03%", "2012-12-31": "15.11%", "2012-09-30": "15.22%", "2012-06-30": "14.73%", "2012-03-31": "14.67%", "2011-12-31": "14.88%", "2011-09-30": "15.37%", "2011-06-30": "15.94%", "2011-03-31": "15.83%", "2010-12-31": "15.73%", "2010-09-30": "15.27%", "2010-06-30": "15.00%", "2010-03-31": "15.45%", "2009-12-31": "14.64%", "2009-09-30": "14.40%", "2009-06-30": "13.85%", "2009-03-31": "13.36%", "2008-12-31": "13.73%", "2008-09-30": "13.44%", "2008-06-30": "14.11%", "2008-03-31": "13.46%", "2007-12-31": "13.47%", "2007-09-30": "13.67%", "2007-06-30": "14.22%", "2007-03-31": "15.41%", "2006-12-31": "15.38%", "2006-09-30": "15.33%", "2006-06-30": "14.64%", "2006-03-31": "14.11%", "2005-12-31": "14.60%"}, "pe ratio": {"current": "45.30", "2021-02-11": "89.39", "2020-12-31": "88.84", "2020-09-30": "58.70", "2020-06-30": "39.91", "2020-03-31": "37.74", "2019-12-31": "44.24", "2019-09-30": "35.34", "2019-06-30": "37.19", "2019-03-31": "34.31", "2018-12-31": "28.61", "2018-09-30": "69.09", "2018-06-30": "90.98", "2018-03-31": "85.17", "2017-12-31": "88.92", "2017-09-30": "37.20", "2017-06-30": "33.94", "2017-03-31": "29.40", "2016-12-31": "22.67", "2016-09-30": "21.01", "2016-06-30": "18.45", "2016-03-31": "17.56", "2015-12-31": "17.55", "2015-09-30": "15.99", "2015-06-30": "18.14", "2015-03-31": "20.80", "2014-12-31": "19.97", "2014-09-30": "18.54", "2014-06-30": "18.95", "2014-03-31": "19.09", "2013-12-31": "17.05", "2013-09-30": "16.60", "2013-06-30": "14.98", "2013-03-31": "16.28", "2012-12-31": "16.21", "2012-09-30": "14.18", "2012-06-30": "15.13", "2012-03-31": "17.82", "2011-12-31": "17.76", "2011-09-30": "13.76", "2011-06-30": "18.47", "2011-03-31": "18.62", "2010-12-31": "19.87", "2010-09-30": "18.37", "2010-06-30": "16.43", "2010-03-31": "17.45", "2009-12-31": "15.85", "2009-09-30": "14.70", "2009-06-30": "13.03", "2009-03-31": "11.78", "2008-12-31": "13.45", "2008-09-30": "23.12", "2008-06-30": "21.08", "2008-03-31": "20.86", "2007-12-31": "24.46", "2007-09-30": "20.29", "2007-06-30": "20.48", "2007-03-31": "21.79", "2006-12-31": "22.31"}, "price sales": {"2021-02-11": "5.17", "2020-12-31": "5.14", "2020-09-30": "4.97", "2020-06-30": "3.51", "2020-03-31": "2.83", "2019-12-31": "3.94", "2019-09-30": "3.39", "2019-06-30": "3.98", "2019-03-31": "4.31", "2018-12-31": "3.51", "2018-09-30": "3.54", "2018-06-30": "3.70", "2018-03-31": "4.10", "2017-12-31": "3.82", "2017-09-30": "3.57", "2017-06-30": "3.92", "2017-03-31": "3.47", "2016-12-31": "3.12", "2016-09-30": "3.28", "2016-06-30": "3.18", "2016-03-31": "2.95", "2015-12-31": "2.85", "2015-09-30": "2.65", "2015-06-30": "2.47", "2015-03-31": "2.82", "2014-12-31": "2.60", "2014-09-30": "2.46", "2014-06-30": "2.62", "2014-03-31": "2.70", "2013-12-31": "2.53", "2013-09-30": "2.48", "2013-06-30": "2.27", "2013-03-31": "2.46", "2012-12-31": "2.46", "2012-09-30": "2.17", "2012-06-30": "2.24", "2012-03-31": "2.63", "2011-12-31": "2.66", "2011-09-30": "2.13", "2011-06-30": "2.97", "2011-03-31": "2.99", "2010-12-31": "3.17", "2010-09-30": "2.83", "2010-06-30": "2.46", "2010-03-31": "2.69", "2009-12-31": "2.31", "2009-09-30": "2.11", "2009-06-30": "1.81", "2009-03-31": "1.57", "2008-12-31": "1.85", "2008-09-30": "3.12", "2008-06-30": "2.98", "2008-03-31": "2.83", "2007-12-31": "3.31", "2007-09-30": "2.78", "2007-06-30": "2.92", "2007-03-31": "3.37", "2006-12-31": "3.45"}, "price book": {"current": "7.16", "2021-02-11": "7.70", "2020-09-30": "7.52", "2020-06-30": "5.73", "2020-03-31": "4.98", "2019-12-31": "6.93", "2019-09-30": "6.08", "2019-06-30": "7.05", "2019-03-31": "7.43", "2018-12-31": "6.14", "2018-09-30": "6.43", "2018-06-30": "6.93", "2018-03-31": "7.72", "2017-12-31": "7.32", "2017-09-30": "6.03", "2017-06-30": "6.79", "2017-03-31": "6.47", "2016-12-31": "4.30", "2016-09-30": "4.74", "2016-06-30": "4.06", "2016-03-31": "4.00", "2015-12-31": "4.21", "2015-09-30": "3.72", "2015-06-30": "4.27", "2015-03-31": "4.98", "2014-12-31": "4.76", "2014-09-30": "4.44", "2014-06-30": "4.43", "2014-03-31": "4.61", "2013-12-31": "4.27", "2013-09-30": "4.12", "2013-06-30": "3.83", "2013-03-31": "4.25", "2012-12-31": "4.32", "2012-09-30": "3.87", "2012-06-30": "4.08", "2012-03-31": "4.76", "2011-12-31": "4.94", "2011-09-30": "4.18", "2011-06-30": "5.00", "2011-03-31": "5.33", "2010-12-31": "5.01", "2010-09-30": "4.96", "2010-06-30": "4.07", "2010-03-31": "4.35", "2009-12-31": "3.81", "2009-09-30": "3.57", "2009-06-30": "3.18", "2009-03-31": "3.00", "2008-12-31": "3.70", "2008-09-30": "6.19", "2008-06-30": "6.03", "2008-03-31": "5.74", "2007-12-31": "6.72", "2007-09-30": "5.66", "2007-06-30": "5.91", "2007-03-31": "6.64", "2006-12-31": "6.80", "2006-09-30": "7.70", "2006-06-30": "7.29", "2006-03-31": "8.83"}, "price fcf": {"2021-02-11": "", "2020-09-30": "$4.37", "2020-06-30": "$2.91", "2020-03-31": "$3.37", "2019-12-31": "$3.02", "2019-09-30": "$3.41", "2019-06-30": "$3.28", "2019-03-31": "$3.07", "2018-12-31": "$3.93", "2018-09-30": "$4.40", "2018-06-30": "$4.58", "2018-03-31": "$5.22", "2017-12-31": "$4.81", "2017-09-30": "$3.65", "2017-06-30": "$3.85", "2017-03-31": "$3.10", "2016-12-31": "$3.05", "2016-09-30": "$2.87", "2016-06-30": "$2.68", "2016-03-31": "$3.47", "2015-12-31": "$3.71", "2015-09-30": "$3.76", "2015-06-30": "$4.16", "2015-03-31": "$3.17", "2014-12-31": "$3.80", "2014-09-30": "$3.41", "2014-06-30": "$3.06", "2014-03-31": "$4.06", "2013-12-31": "$3.15", "2013-09-30": "$3.44", "2013-06-30": "$3.71", "2013-03-31": "$3.19", "2012-12-31": "$3.87", "2012-09-30": "$3.80", "2012-06-30": "$3.39", "2012-03-31": "$3.19", "2011-12-31": "$2.83", "2011-09-30": "$3.38", "2011-06-30": "$3.53", "2011-03-31": "$2.91", "2010-12-31": "$3.14", "2010-09-30": "$3.17", "2010-06-30": "$2.76", "2010-03-31": "$3.35", "2009-12-31": "$2.39", "2009-09-30": "$1.94", "2009-06-30": "$1.59", "2009-03-31": "$1.45", "2008-12-31": "$1.99", "2008-09-30": "$2.28", "2008-06-30": "$2.68", "2008-03-31": "$2.12", "2007-12-31": "$2.09", "2007-09-30": "$1.81", "2007-06-30": "$1.30", "2007-03-31": "$1.56", "2006-12-31": "$1.73"}, "net worth": {"value": "$16.1B"}, "current ratio": {"2020-12-31": "1.51", "2020-09-30": "1.40", "2020-06-30": "1.32", "2020-03-31": "1.28", "2019-12-31": "1.29", "2019-09-30": "1.27", "2019-06-30": "1.29", "2019-03-31": "1.72", "2018-12-31": "1.73", "2018-09-30": "1.63", "2018-06-30": "1.59", "2018-03-31": "1.53", "2017-12-31": "1.46", "2017-09-30": "1.40", "2017-06-30": "1.62", "2017-03-31": "1.52", "2016-12-31": "1.59", "2016-09-30": "1.62", "2016-06-30": "1.57", "2016-03-31": "1.64", "2015-12-31": "1.66", "2015-09-30": "1.74", "2015-06-30": "2.06", "2015-03-31": "2.04", "2014-12-31": "2.03", "2014-09-30": "2.08", "2014-06-30": "2.17", "2014-03-31": "2.17", "2013-12-31": "2.30", "2013-09-30": "2.33", "2013-06-30": "1.88", "2013-03-31": "1.81", "2012-12-31": "1.81", "2012-09-30": "1.76", "2012-06-30": "1.79", "2012-03-31": "1.80", "2011-12-31": "1.75", "2011-09-30": "1.65", "2011-06-30": "1.97", "2011-03-31": "1.77", "2010-12-31": "2.12", "2010-09-30": "1.86", "2010-06-30": "2.14", "2010-03-31": "2.11", "2009-12-31": "2.02", "2009-09-30": "1.99", "2009-06-30": "1.97", "2009-03-31": "1.92", "2008-12-31": "1.76", "2008-09-30": "1.78", "2008-06-30": "1.63", "2008-03-31": "1.62", "2007-12-31": "1.67", "2007-09-30": "1.48", "2007-06-30": "1.62", "2007-03-31": "1.73", "2006-12-31": "1.80", "2006-09-30": "1.80", "2006-06-30": "1.96", "2006-03-31": "2.04", "2005-12-31": "2.02", "2005-09-30": "1.87", "2005-06-30": "1.79", "2005-03-31": "1.83"}, "quick ratio": {"2020-12-31": "1.19", "2020-09-30": "1.13", "2020-06-30": "1.02", "2020-03-31": "0.97", "2019-12-31": "1.00", "2019-09-30": "0.98", "2019-06-30": "1.00", "2019-03-31": "1.35", "2018-12-31": "1.37", "2018-09-30": "1.31", "2018-06-30": "1.25", "2018-03-31": "1.25", "2017-12-31": "1.19", "2017-09-30": "1.14", "2017-06-30": "1.26", "2017-03-31": "1.20", "2016-12-31": "1.16", "2016-09-30": "1.35", "2016-06-30": "1.15", "2016-03-31": "1.25", "2015-12-31": "1.28", "2015-09-30": "1.29", "2015-06-30": "1.56", "2015-03-31": "1.53", "2014-12-31": "1.53", "2014-09-30": "1.60", "2014-06-30": "1.69", "2014-03-31": "1.72", "2013-12-31": "1.80", "2013-09-30": "1.87", "2013-06-30": "1.45", "2013-03-31": "1.42", "2012-12-31": "1.40", "2012-09-30": "1.39", "2012-06-30": "1.37", "2012-03-31": "1.39", "2011-12-31": "1.34", "2011-09-30": "1.28", "2011-06-30": "1.50", "2011-03-31": "1.36", "2010-12-31": "1.65", "2010-09-30": "1.46", "2010-06-30": "1.65", "2010-03-31": "1.66", "2009-12-31": "1.61", "2009-09-30": "1.60", "2009-06-30": "1.50", "2009-03-31": "1.47", "2008-12-31": "1.35", "2008-09-30": "1.42", "2008-06-30": "1.27", "2008-03-31": "1.30", "2007-12-31": "1.32", "2007-09-30": "1.21", "2007-06-30": "1.20", "2007-03-31": "1.31", "2006-12-31": "1.44", "2006-09-30": "1.50", "2006-06-30": "1.61", "2006-03-31": "1.71", "2005-12-31": "1.67", "2005-09-30": "1.57", "2005-06-30": "1.43", "2005-03-31": "1.48"}, "debt equity ratio": {"current": "0.00", "2020-12-31": "1.01", "2020-09-30": "1.14", "2020-06-30": "1.29", "2020-03-31": "1.32", "2019-12-31": "1.40", "2019-09-30": "1.31", "2019-06-30": "1.26", "2019-03-31": "0.95", "2018-12-31": "1.00", "2018-09-30": "1.05", "2018-06-30": "1.11", "2018-03-31": "1.27", "2017-12-31": "1.37", "2017-09-30": "1.17", "2017-06-30": "1.19", "2017-03-31": "1.41", "2016-12-31": "1.13", "2016-09-30": "1.19", "2016-06-30": "1.22", "2016-03-31": "1.28", "2015-12-31": "1.28", "2015-09-30": "1.07", "2015-06-30": "1.03", "2015-03-31": "1.06", "2014-12-31": "1.10", "2014-09-30": "1.08", "2014-06-30": "1.03", "2014-03-31": "1.07", "2013-12-31": "1.00", "2013-09-30": "1.02", "2013-06-30": "0.82", "2013-03-31": "0.88", "2012-12-31": "0.86", "2012-09-30": "0.91", "2012-06-30": "0.86", "2012-03-31": "0.86", "2011-12-31": "0.90", "2011-09-30": "1.01", "2011-06-30": "0.73", "2011-03-31": "0.88", "2010-12-31": "0.68", "2010-09-30": "0.82", "2010-06-30": "0.67", "2010-03-31": "0.69", "2009-12-31": "0.74", "2009-09-30": "0.76", "2009-06-30": "0.73", "2009-03-31": "0.83", "2008-12-31": "0.96", "2008-09-30": "0.92", "2008-06-30": "1.04", "2008-03-31": "1.11", "2007-12-31": "1.05", "2007-09-30": "1.05", "2007-06-30": "0.90", "2007-03-31": "0.89", "2006-12-31": "0.87", "2006-09-30": "0.90", "2006-06-30": "0.88", "2006-03-31": "0.86", "2005-12-31": "0.87", "2005-09-30": "1.00", "2005-06-30": "0.97", "2005-03-31": "0.96"}, "return on equity": {"2020-12-31": "13.65%", "2020-09-30": "13.87%", "2020-06-30": "14.12%", "2020-03-31": "12.72%", "2019-12-31": "15.54%", "2019-09-30": "16.79%", "2019-06-30": "19.92%", "2019-03-31": "23.40%", "2018-12-31": "23.43%", "2018-09-30": "10.10%", "2018-06-30": "7.70%", "2018-03-31": "7.63%", "2017-12-31": "6.64%", "2017-09-30": "14.75%", "2017-06-30": "16.56%", "2017-03-31": "17.59%", "2016-12-31": "18.95%", "2016-09-30": "23.66%", "2016-06-30": "22.78%", "2016-03-31": "23.49%", "2015-12-31": "24.07%", "2015-09-30": "24.36%", "2015-06-30": "25.18%", "2015-03-31": "24.87%", "2014-12-31": "24.08%", "2014-09-30": "24.08%", "2014-06-30": "24.38%", "2014-03-31": "24.85%", "2013-12-31": "26.23%", "2013-09-30": "26.53%", "2013-06-30": "27.57%", "2013-03-31": "28.29%", "2012-12-31": "28.87%", "2012-09-30": "29.61%", "2012-06-30": "29.66%", "2012-03-31": "28.98%", "2011-12-31": "29.26%", "2011-09-30": "29.11%", "2011-06-30": "29.24%", "2011-03-31": "28.57%", "2010-12-31": "27.30%", "2010-09-30": "26.62%", "2010-06-30": "25.85%", "2010-03-31": "26.62%", "2009-12-31": "26.20%", "2009-09-30": "27.09%", "2009-06-30": "27.12%", "2009-03-31": "27.87%", "2008-12-31": "29.73%", "2008-09-30": "29.65%", "2008-06-30": "31.49%", "2008-03-31": "30.02%", "2007-12-31": "29.65%", "2007-09-30": "29.62%", "2007-06-30": "30.21%", "2007-03-31": "32.75%", "2006-12-31": "32.87%", "2006-09-30": "32.59%", "2006-06-30": "31.23%", "2006-03-31": "30.41%", "2005-12-31": "31.32%"}, "return on assets": {"2020-12-31": "6.25%", "2020-09-30": "6.08%", "2020-06-30": "6.06%", "2020-03-31": "5.48%", "2019-12-31": "6.96%", "2019-09-30": "7.88%", "2019-06-30": "9.64%", "2019-03-31": "11.56%", "2018-12-31": "11.14%", "2018-09-30": "4.60%", "2018-06-30": "3.46%", "2018-03-31": "3.39%", "2017-12-31": "2.91%", "2017-09-30": "6.66%", "2017-06-30": "7.46%", "2017-03-31": "7.90%", "2016-12-31": "8.60%", "2016-09-30": "10.55%", "2016-06-30": "10.29%", "2016-03-31": "10.85%", "2015-12-31": "11.41%", "2015-09-30": "11.80%", "2015-06-30": "12.19%", "2015-03-31": "12.04%", "2014-12-31": "11.65%", "2014-09-30": "11.80%", "2014-06-30": "12.02%", "2014-03-31": "12.57%", "2013-12-31": "13.59%", "2013-09-30": "13.98%", "2013-06-30": "14.78%", "2013-03-31": "15.07%", "2012-12-31": "15.43%", "2012-09-30": "15.76%", "2012-06-30": "15.60%", "2012-03-31": "15.52%", "2011-12-31": "15.62%", "2011-09-30": "16.04%", "2011-06-30": "16.49%", "2011-03-31": "16.24%", "2010-12-31": "15.93%", "2010-09-30": "15.40%", "2010-06-30": "15.08%", "2010-03-31": "15.40%", "2009-12-31": "14.86%", "2009-09-30": "14.94%", "2009-06-30": "14.62%", "2009-03-31": "14.42%", "2008-12-31": "14.84%", "2008-09-30": "14.64%", "2008-06-30": "15.28%", "2008-03-31": "14.79%", "2007-12-31": "15.03%", "2007-09-30": "15.36%", "2007-06-30": "16.00%", "2007-03-31": "17.37%", "2006-12-31": "17.51%", "2006-09-30": "17.35%", "2006-06-30": "16.43%", "2006-03-31": "15.83%", "2005-12-31": "16.07%"}, "return on investments": {"2020-12-31": "inf%", "2020-09-30": "inf%", "2020-06-30": "inf%", "2020-03-31": "inf%", "2019-12-31": "inf%", "2019-09-30": "inf%", "2019-06-30": "inf%", "2019-03-31": "inf%", "2018-12-31": "inf%", "2018-09-30": "inf%", "2018-06-30": "inf%", "2018-03-31": "102.43%", "2017-12-31": "50.03%", "2017-09-30": "22.77%", "2017-06-30": "16.55%", "2017-03-31": "16.53%", "2016-12-31": "16.28%", "2016-09-30": "21.33%", "2016-06-30": "14.83%", "2016-03-31": "16.71%", "2015-12-31": "18.74%", "2015-09-30": "19.29%", "2015-06-30": "28.43%", "2015-03-31": "28.31%", "2014-12-31": "27.25%", "2014-09-30": "27.45%", "2014-06-30": "27.02%", "2014-03-31": "36.73%", "2013-12-31": "41.47%", "2013-09-30": "45.27%", "2013-06-30": "52.06%", "2013-03-31": "39.66%", "2012-12-31": "40.13%", "2012-09-30": "41.08%", "2012-06-30": "42.47%", "2012-03-31": "41.54%", "2011-12-31": "42.93%", "2011-09-30": "42.59%", "2011-06-30": "41.47%", "2011-03-31": "41.23%", "2010-12-31": "39.51%", "2010-09-30": "38.96%", "2010-06-30": "38.81%", "2010-03-31": "37.75%", "2009-12-31": "38.57%", "2009-09-30": "39.34%", "2009-06-30": "40.40%", "2009-03-31": "41.99%", "2008-12-31": "42.48%", "2008-09-30": "43.12%", "2008-06-30": "43.27%", "2008-03-31": "42.03%", "2007-12-31": "40.78%", "2007-09-30": "39.45%", "2007-06-30": "37.40%", "2007-03-31": "38.72%", "2006-12-31": "38.82%", "2006-09-30": "38.49%", "2006-06-30": "39.21%", "2006-03-31": "41.02%", "2005-12-31": "42.41%"}, "return on tangible equity": {"2020-09-30": "25.69%", "2020-06-30": "27.23%", "2020-03-31": "24.91%", "2019-12-31": "27.18%", "2019-09-30": "26.57%", "2019-06-30": "28.53%", "2019-03-31": "30.54%", "2018-12-31": "30.49%", "2018-09-30": "13.00%", "2018-06-30": "9.72%", "2018-03-31": "9.63%", "2017-12-31": "8.40%", "2017-09-30": "18.79%", "2017-06-30": "20.92%", "2017-03-31": "21.91%", "2016-12-31": "23.23%", "2016-09-30": "28.53%", "2016-06-30": "27.73%", "2016-03-31": "28.34%", "2015-12-31": "28.80%", "2015-09-30": "28.93%", "2015-06-30": "29.39%", "2015-03-31": "29.01%", "2014-12-31": "28.06%", "2014-09-30": "27.96%", "2014-06-30": "28.17%", "2014-03-31": "28.66%", "2013-12-31": "30.26%", "2013-09-30": "30.69%", "2013-06-30": "32.03%", "2013-03-31": "33.07%", "2012-12-31": "33.88%", "2012-09-30": "34.90%", "2012-06-30": "35.20%", "2012-03-31": "34.34%", "2011-12-31": "34.81%", "2011-09-30": "34.46%", "2011-06-30": "34.54%", "2011-03-31": "33.73%", "2010-12-31": "32.10%", "2010-09-30": "31.43%", "2010-06-30": "30.51%", "2010-03-31": "31.63%", "2009-12-31": "31.42%", "2009-09-30": "32.88%", "2009-06-30": "33.35%", "2009-03-31": "34.88%", "2008-12-31": "37.89%", "2008-09-30": "38.33%", "2008-06-30": "41.35%", "2008-03-31": "39.26%", "2007-12-31": "38.18%", "2007-09-30": "37.05%", "2007-06-30": "36.67%", "2007-03-31": "39.15%", "2006-12-31": "38.97%", "2006-09-30": "38.84%", "2006-06-30": "37.57%", "2006-03-31": "36.94%", "2005-12-31": "38.39%"}, "dividend yield history": {"last payout": "$0.00", "last yield": "0.00%"}}