{"ticker": "VER", "price": {"title": "VEREIT Historical Annual Stock Price Data", "value": 37.28, "historical": {"2020": {"Average Stock Price": "34.5996", "Year Open": "45.1000", "Year High": "50.6000", "Year Low": "19.9000", "Year Close": "37.7900", "Annual % Change": "-18.20%"}, "2019": {"Average Stock Price": "44.6304", "Year Open": "35.2000", "Year High": "50.2500", "Year Low": "35.2000", "Year Close": "46.2000", "Annual % Change": "29.23%"}, "2018": {"Average Stock Price": "36.4582", "Year Open": "38.6500", "Year High": "39.8000", "Year Low": "32.9500", "Year Close": "35.7500", "Annual % Change": "-8.22%"}, "2017": {"Average Stock Price": "41.6737", "Year Open": "42.6500", "Year High": "45.6000", "Year Low": "37.4500", "Year Close": "38.9500", "Annual % Change": "-7.92%"}, "2016": {"Average Stock Price": "45.8518", "Year Open": "39.2000", "Year High": "55.3000", "Year Low": "35.3500", "Year Close": "42.3000", "Annual % Change": "6.82%"}, "2015": {"Average Stock Price": "41.1467", "Year Open": "43.8000", "Year High": "44.1500", "Year Low": "38.3500", "Year Close": "39.6000", "Annual % Change": "0.00%"}}}, "market cap": {"value": "$8.14B"}, "income statement": {"Revenue": {"2019-12-31": "1237.23400", "2018-12-31": "1257.86700", "2017-12-31": "1252.28500", "2016-12-31": "1335.44700", "2015-12-31": "1441.13500", "2014-12-31": "1579.25700", "2013-12-31": "329.32300", "2012-12-31": "67.20700", "2011-12-31": "3.97000", "2010-12-31": ""}, "Cost Of Goods Sold": {"2019-12-31": "129.76900", "2018-12-31": "126.46100", "2017-12-31": "128.71700", "2016-12-31": "144.42800", "2015-12-31": "130.85500", "2014-12-31": "203.96900", "2013-12-31": "23.62900", "2012-12-31": "3.52200", "2011-12-31": "0.22000", "2010-12-31": ""}, "Gross Profit": {"2019-12-31": "1107.46500", "2018-12-31": "1131.40600", "2017-12-31": "1123.56800", "2016-12-31": "1191.01900", "2015-12-31": "1310.28000", "2014-12-31": "1375.28800", "2013-12-31": "305.69400", "2012-12-31": "63.68500", "2011-12-31": "3.75000", "2010-12-31": ""}, "Research And Development Expenses": {"2019-12-31": "", "2018-12-31": "", "2017-12-31": "", "2016-12-31": "", "2015-12-31": "", "2014-12-31": "", "2013-12-31": "", "2012-12-31": "", "2011-12-31": "", "2010-12-31": ""}, "SG&A Expenses": {"2019-12-31": "62.71100", "2018-12-31": "63.93300", "2017-12-31": "58.60300", "2016-12-31": "51.92700", "2015-12-31": "67.13700", "2014-12-31": "167.42800", "2013-12-31": "120.99800", "2012-12-31": "5.45800", "2011-12-31": "0.73500", "2010-12-31": ""}, "Other Operating Income Or Expenses": {"2019-12-31": "-862.51300", "2018-12-31": "-345.61000", "2017-12-31": "-98.50800", "2016-12-31": "-182.82000", "2015-12-31": "-91.75500", "2014-12-31": "-423.87900", "2013-12-31": "-20.80800", "2012-12-31": "-0.21200", "2011-12-31": "", "2010-12-31": "0.00000"}, "Operating Expenses": {"2019-12-31": "1551.83000", "2018-12-31": "1180.25400", "2017-12-31": "996.03200", "2016-12-31": "1146.41800", "2015-12-31": "1151.34500", "2014-12-31": "1949.83500", "2013-12-31": "663.06700", "2012-12-31": "97.82200", "2011-12-31": "6.96400", "2010-12-31": ""}, "Operating Income": {"2019-12-31": "-314.59590", "2018-12-31": "77.61300", "2017-12-31": "256.25310", "2016-12-31": "189.02910", "2015-12-31": "289.79000", "2014-12-31": "-370.57800", "2013-12-31": "-333.74400", "2012-12-31": "-30.61500", "2011-12-31": "-2.99400", "2010-12-31": ""}, "Total Non-Operating Income/Expense": {"2019-12-31": "11.75200", "2018-12-31": "-164.23700", "2017-12-31": "-197.87600", "2016-12-31": "-258.78000", "2015-12-31": "-424.19300", "2014-12-31": "-673.59800", "2013-12-31": "-171.87600", "2012-12-31": "-10.87700", "2011-12-31": "-0.95800", "2010-12-31": ""}, "Pre-Tax Income": {"2019-12-31": "-302.84400", "2018-12-31": "-86.62400", "2017-12-31": "58.37700", "2016-12-31": "-69.75100", "2015-12-31": "-134.40300", "2014-12-31": "-1044.17600", "2013-12-31": "-505.62000", "2012-12-31": "-41.49200", "2011-12-31": "-3.95200", "2010-12-31": "0.00000"}, "Income Taxes": {"2019-12-31": "4.26200", "2018-12-31": "5.10100", "2017-12-31": "6.88200", "2016-12-31": "7.13600", "2015-12-31": "4.58900", "2014-12-31": "-33.26400", "2013-12-31": "2.19500", "2012-12-31": "", "2011-12-31": "", "2010-12-31": "0.00000"}, "Income After Taxes": {"2019-12-31": "-307.10600", "2018-12-31": "-91.72500", "2017-12-31": "51.49500", "2016-12-31": "-76.88700", "2015-12-31": "-138.99200", "2014-12-31": "-1010.91200", "2013-12-31": "-507.81500", "2012-12-31": "-41.49200", "2011-12-31": "-3.95200", "2010-12-31": ""}, "Other Income": {"2019-12-31": "", "2018-12-31": "", "2017-12-31": "", "2016-12-31": "", "2015-12-31": "", "2014-12-31": "", "2013-12-31": "", "2012-12-31": "", "2011-12-31": "", "2010-12-31": "0.00000"}, "Income From Continuous Operations": {"2019-12-31": "-307.10600", "2018-12-31": "-91.72500", "2017-12-31": "51.49500", "2016-12-31": "-76.88700", "2015-12-31": "-138.99200", "2014-12-31": "-1010.91200", "2013-12-31": "-507.81500", "2012-12-31": "-41.49200", "2011-12-31": "-3.95200", "2010-12-31": ""}, "Income From Discontinued Operations": {"2019-12-31": "", "2018-12-31": "3.69500", "2017-12-31": "-19.11700", "2016-12-31": "-123.93700", "2015-12-31": "-184.50000", "2014-12-31": "", "2013-12-31": "", "2012-12-31": "-0.74500", "2011-12-31": "-0.85200", "2010-12-31": "0.00000"}, "Net Income": {"2019-12-31": "-368.84100", "2018-12-31": "-157.70800", "2017-12-31": "-40.56500", "2016-12-31": "-268.24700", "2015-12-31": "-388.65500", "2014-12-31": "-1081.24200", "2013-12-31": "-495.13000", "2012-12-31": "-41.65200", "2011-12-31": "-4.69900", "2010-12-31": ""}, "EBITDA": {"2019-12-31": "180.63600", "2018-12-31": "737.56100", "2017-12-31": "1001.75200", "2016-12-31": "995.57700", "2015-12-31": "1156.33900", "2014-12-31": "636.58600", "2013-12-31": "-95.43700", "2012-12-31": "12.53700", "2011-12-31": "-0.67100", "2010-12-31": ""}, "EBIT": {"2019-12-31": "-314.59590", "2018-12-31": "77.61300", "2017-12-31": "256.25310", "2016-12-31": "189.02910", "2015-12-31": "289.79000", "2014-12-31": "-370.57800", "2013-12-31": "-333.74400", "2012-12-31": "-30.61500", "2011-12-31": "-2.99400", "2010-12-31": ""}, "Basic Shares Outstanding": {"2019-12-31": "199.62800", "2018-12-31": "193.81840", "2017-12-31": "194.81980", "2016-12-31": "186.28460", "2015-12-31": "180.67220", "2014-12-31": "158.63000", "2013-12-31": "41.06820", "2012-12-31": "20.81660", "2011-12-31": "0.74400", "2010-12-31": ""}, "Shares Outstanding": {"2019-12-31": "199.62800", "2018-12-31": "193.81840", "2017-12-31": "194.81980", "2016-12-31": "186.28460", "2015-12-31": "180.67220", "2014-12-31": "158.63000", "2013-12-31": "41.06820", "2012-12-31": "20.81660", "2011-12-31": "0.74400", "2010-12-31": ""}, "Basic EPS": {"2019-12-31": "-1.85000", "2018-12-31": "-0.80000", "2017-12-31": "-0.20000", "2016-12-31": "-1.45000", "2015-12-31": "-2.15000", "2014-12-31": "-6.80000", "2013-12-31": "-12.05000", "2012-12-31": "-2.05000", "2011-12-31": "-6.30000", "2010-12-31": ""}, "EPS - Earnings Per Share": {"2019-12-31": "-1.85000", "2018-12-31": "-0.80000", "2017-12-31": "-0.20000", "2016-12-31": "-1.45000", "2015-12-31": "-2.15000", "2014-12-31": "-6.80000", "2013-12-31": "-12.05000", "2012-12-31": "-2.05000", "2011-12-31": "-6.30000", "2010-12-31": "0.00000"}}, "income statement, quarterly": {"Revenue": {"2020-09-30": "295.27800", "2020-06-30": "278.99700", "2020-03-31": "299.18200", "2019-12-31": "304.86500", "2019-09-30": "303.30100", "2019-06-30": "312.18800", "2019-03-31": "316.88000", "2018-12-31": "313.26300", "2018-09-30": "313.86600", "2018-06-30": "315.66400", "2018-03-31": "315.07400", "2017-12-31": "316.59910", "2017-09-30": "306.54300", "2017-06-30": "308.24500", "2017-03-31": "320.89800", "2016-12-31": "232.49300", "2016-09-30": "362.91500", "2016-06-30": "371.01900", "2016-03-31": "369.02000", "2015-12-31": "268.49200", "2015-09-30": "384.95400", "2015-06-30": "393.72100", "2015-03-31": "393.96800", "2014-12-31": "418.80690", "2014-09-30": "457.11800", "2014-06-30": "382.17800", "2014-03-31": "321.15400", "2013-12-31": "136.22600", "2013-09-30": "95.25500", "2013-06-30": "54.94500", "2013-03-31": "42.89700", "2012-12-31": "30.72100", "2012-09-30": "18.81600", "2012-06-30": "11.43000", "2012-03-31": "6.24000", "2011-12-31": "2.59900", "2011-09-30": "0.57600", "2011-06-30": "", "2011-03-31": "", "2010-12-31": ""}, "Cost Of Goods Sold": {"2020-09-30": "31.40000", "2020-06-30": "29.09800", "2020-03-31": "30.49000", "2019-12-31": "34.06600", "2019-09-30": "30.82200", "2019-06-30": "32.50300", "2019-03-31": "32.37800", "2018-12-31": "32.56700", "2018-09-30": "31.89300", "2018-06-30": "31.43600", "2018-03-31": "30.56500", "2017-12-31": "32.42900", "2017-09-30": "30.64500", "2017-06-30": "31.62700", "2017-03-31": "34.01600", "2016-12-31": "36.59600", "2016-09-30": "40.71700", "2016-06-30": "45.17400", "2016-03-31": "42.88100", "2015-12-31": "35.30800", "2015-09-30": "35.84600", "2015-06-30": "36.30800", "2015-03-31": "33.03000", "2014-12-31": "37.04900", "2014-09-30": "56.37500", "2014-06-30": "46.35400", "2014-03-31": "64.19100", "2013-12-31": "12.56400", "2013-09-30": "5.43000", "2013-06-30": "3.08600", "2013-03-31": "2.54900", "2012-12-31": "1.86600", "2012-09-30": "1.07600", "2012-06-30": "0.28800", "2012-03-31": "0.29200", "2011-12-31": "0.22000", "2011-09-30": "", "2011-06-30": "", "2011-03-31": "", "2010-12-31": ""}, "Gross Profit": {"2020-09-30": "263.87800", "2020-06-30": "249.89900", "2020-03-31": "268.69200", "2019-12-31": "270.79900", "2019-09-30": "272.47900", "2019-06-30": "279.68500", "2019-03-31": "284.50200", "2018-12-31": "280.69600", "2018-09-30": "281.97300", "2018-06-30": "284.22800", "2018-03-31": "284.50900", "2017-12-31": "284.17010", "2017-09-30": "275.89800", "2017-06-30": "276.61800", "2017-03-31": "286.88200", "2016-12-31": "195.89700", "2016-09-30": "322.19800", "2016-06-30": "325.84500", "2016-03-31": "326.13900", "2015-12-31": "233.18400", "2015-09-30": "349.10800", "2015-06-30": "357.41300", "2015-03-31": "360.93800", "2014-12-31": "381.75800", "2014-09-30": "400.74300", "2014-06-30": "335.82400", "2014-03-31": "256.96300", "2013-12-31": "123.66200", "2013-09-30": "89.82500", "2013-06-30": "51.85900", "2013-03-31": "40.34800", "2012-12-31": "28.85500", "2012-09-30": "17.74000", "2012-06-30": "11.14200", "2012-03-31": "5.94800", "2011-12-31": "2.37900", "2011-09-30": "0.57600", "2011-06-30": "", "2011-03-31": "", "2010-12-31": ""}, "Research And Development Expenses": {"2020-09-30": "", "2020-06-30": "", "2020-03-31": "", "2019-12-31": "", "2019-09-30": "", "2019-06-30": "", "2019-03-31": "", "2018-12-31": "", "2018-09-30": "", "2018-06-30": "", "2018-03-31": "", "2017-12-31": "", "2017-09-30": "", "2017-06-30": "", "2017-03-31": "", "2016-12-31": "", "2016-09-30": "", "2016-06-30": "", "2016-03-31": "", "2015-12-31": "", "2015-09-30": "", "2015-06-30": "", "2015-03-31": "", "2014-12-31": "", "2014-09-30": "", "2014-06-30": "", "2014-03-31": "", "2013-12-31": "", "2013-09-30": "", "2013-06-30": "", "2013-03-31": "", "2012-12-31": "", "2012-09-30": "", "2012-06-30": "", "2012-03-31": "", "2011-12-31": "", "2011-09-30": "", "2011-06-30": "", "2011-03-31": "", "2010-12-31": ""}, "SG&A Expenses": {"2020-09-30": "14.77400", "2020-06-30": "16.12000", "2020-03-31": "15.05600", "2019-12-31": "16.96600", "2019-09-30": "14.48300", "2019-06-30": "16.41600", "2019-03-31": "14.84600", "2018-12-31": "17.22000", "2018-09-30": "15.18600", "2018-06-30": "16.28700", "2018-03-31": "15.24000", "2017-12-31": "18.27400", "2017-09-30": "13.22100", "2017-06-30": "14.42900", "2017-03-31": "12.67900", "2016-12-31": "-40.32800", "2016-09-30": "29.76100", "2016-06-30": "33.09400", "2016-03-31": "29.40000", "2015-12-31": "-32.76900", "2015-09-30": "32.84200", "2015-06-30": "33.95800", "2015-03-31": "33.10600", "2014-12-31": "44.62200", "2014-09-30": "30.21300", "2014-06-30": "37.22400", "2014-03-31": "55.36900", "2013-12-31": "102.97800", "2013-09-30": "9.86600", "2013-06-30": "5.81900", "2013-03-31": "2.33500", "2012-12-31": "3.13100", "2012-09-30": "0.97600", "2012-06-30": "0.68000", "2012-03-31": "0.67100", "2011-12-31": "3.94000", "2011-09-30": "0.08400", "2011-06-30": "", "2011-03-31": "0.01600", "2010-12-31": ""}, "Other Operating Income Or Expenses": {"2020-09-30": "-16.50200", "2020-06-30": "-11.97600", "2020-03-31": "0.18400", "2019-12-31": "-31.51000", "2019-09-30": "-835.96800", "2019-06-30": "-4.53900", "2019-03-31": "9.50400", "2018-12-31": "-42.10600", "2018-09-30": "-156.97700", "2018-06-30": "-118.75100", "2018-03-31": "-27.77600", "2017-12-31": "-30.85800", "2017-09-30": "-15.87000", "2017-06-30": "-32.18000", "2017-03-31": "-19.60000", "2016-12-31": "-4.23400", "2016-09-30": "-11.50200", "2016-06-30": "-11.74200", "2016-03-31": "-155.34200", "2015-12-31": "1.61800", "2015-09-30": "-8.03200", "2015-06-30": "-85.34100", "2015-03-31": "", "2014-12-31": "-406.13600", "2014-09-30": "-2.29900", "2014-06-30": "-1.55600", "2014-03-31": "-13.88800", "2013-12-31": "-18.73400", "2013-09-30": "-2.07400", "2013-06-30": "", "2013-03-31": "", "2012-12-31": "", "2012-09-30": "", "2012-06-30": "", "2012-03-31": "-0.21200", "2011-12-31": "0.00000", "2011-09-30": "", "2011-06-30": "0.00000", "2011-03-31": "", "2010-12-31": ""}, "Operating Expenses": {"2020-09-30": "172.91700", "2020-06-30": "168.96200", "2020-03-31": "170.96500", "2019-12-31": "196.37290", "2019-09-30": "998.36600", "2019-06-30": "172.75500", "2019-03-31": "184.33600", "2018-12-31": "246.07890", "2018-09-30": "362.04700", "2018-06-30": "331.61800", "2018-03-31": "240.51000", "2017-12-31": "257.94010", "2017-09-30": "233.02800", "2017-06-30": "259.14000", "2017-03-31": "245.92400", "2016-12-31": "149.60600", "2016-09-30": "277.24300", "2016-06-30": "287.39600", "2016-03-31": "432.17300", "2015-12-31": "168.89000", "2015-09-30": "287.02600", "2015-06-30": "391.54700", "2015-03-31": "303.88200", "2014-12-31": "742.66700", "2014-09-30": "375.66700", "2014-06-30": "350.49600", "2014-03-31": "481.00500", "2013-12-31": "286.24000", "2013-09-30": "110.75500", "2013-06-30": "86.33900", "2013-03-31": "179.73300", "2012-12-31": "44.21100", "2012-09-30": "28.32000", "2012-06-30": "15.79600", "2012-03-31": "9.49500", "2011-12-31": "5.91000", "2011-09-30": "1.05100", "2011-06-30": "", "2011-03-31": "0.01600", "2010-12-31": ""}, "Operating Income": {"2020-09-30": "122.36100", "2020-06-30": "110.03500", "2020-03-31": "128.21700", "2019-12-31": "108.49210", "2019-09-30": "-695.06510", "2019-06-30": "139.43300", "2019-03-31": "132.54400", "2018-12-31": "67.18410", "2018-09-30": "-48.18100", "2018-06-30": "-15.95400", "2018-03-31": "74.56400", "2017-12-31": "58.65900", "2017-09-30": "73.51500", "2017-06-30": "49.10500", "2017-03-31": "74.97400", "2016-12-31": "82.88700", "2016-09-30": "85.67200", "2016-06-30": "83.62300", "2016-03-31": "-63.15300", "2015-12-31": "99.60210", "2015-09-30": "97.92800", "2015-06-30": "2.17400", "2015-03-31": "90.08600", "2014-12-31": "-323.86000", "2014-09-30": "81.45100", "2014-06-30": "31.68200", "2014-03-31": "-159.85100", "2013-12-31": "-150.01400", "2013-09-30": "-15.50000", "2013-06-30": "-31.39400", "2013-03-31": "-136.83600", "2012-12-31": "-13.49000", "2012-09-30": "-9.50400", "2012-06-30": "-4.36600", "2012-03-31": "-3.25500", "2011-12-31": "-3.31100", "2011-09-30": "-0.47500", "2011-06-30": "", "2011-03-31": "-0.01600", "2010-12-31": ""}, "Total Non-Operating Income/Expense": {"2020-09-30": "-23.32400", "2020-06-30": "-54.74300", "2020-03-31": "-40.30600", "2019-12-31": "-36.60500", "2019-09-30": "-45.29600", "2019-06-30": "154.01500", "2019-03-31": "-60.36200", "2018-12-31": "-37.69800", "2018-09-30": "-24.62000", "2018-06-30": "-57.60300", "2018-03-31": "-44.31600", "2017-12-31": "-59.69500", "2017-09-30": "-59.84100", "2017-06-30": "-18.40900", "2017-03-31": "-59.93100", "2016-12-31": "-71.41100", "2016-09-30": "-53.82800", "2016-06-30": "-80.67000", "2016-03-31": "-52.87100", "2015-12-31": "-107.56800", "2015-09-30": "-88.28700", "2015-06-30": "-109.63300", "2015-03-31": "-118.70500", "2014-12-31": "-320.03200", "2014-09-30": "-109.47900", "2014-06-30": "-92.98600", "2014-03-31": "-151.10100", "2013-12-31": "-58.09400", "2013-09-30": "-67.95000", "2013-06-30": "-41.07500", "2013-03-31": "-4.75700", "2012-12-31": "-3.55400", "2012-09-30": "-3.24800", "2012-06-30": "-2.62400", "2012-03-31": "-1.45100", "2011-12-31": "-0.77800", "2011-09-30": "-0.18500", "2011-06-30": "", "2011-03-31": "", "2010-12-31": ""}, "Pre-Tax Income": {"2020-09-30": "99.03700", "2020-06-30": "55.29200", "2020-03-31": "87.91100", "2019-12-31": "71.88700", "2019-09-30": "-740.36100", "2019-06-30": "293.44800", "2019-03-31": "72.18200", "2018-12-31": "29.48600", "2018-09-30": "-72.80100", "2018-06-30": "-73.55700", "2018-03-31": "30.24800", "2017-12-31": "-1.03600", "2017-09-30": "13.67400", "2017-06-30": "30.69600", "2017-03-31": "15.04300", "2016-12-31": "11.47600", "2016-09-30": "31.84400", "2016-06-30": "2.95300", "2016-03-31": "-116.02400", "2015-12-31": "-7.96600", "2015-09-30": "9.64100", "2015-06-30": "-107.45900", "2015-03-31": "-28.61900", "2014-12-31": "-643.89200", "2014-09-30": "-28.02800", "2014-06-30": "-61.30400", "2014-03-31": "-310.95200", "2013-12-31": "-208.10800", "2013-09-30": "-83.45000", "2013-06-30": "-72.46900", "2013-03-31": "-141.59300", "2012-12-31": "-17.04400", "2012-09-30": "-12.75200", "2012-06-30": "-6.99000", "2012-03-31": "-4.70600", "2011-12-31": "-3.28000", "2011-09-30": "-0.66000", "2011-06-30": "0.00000", "2011-03-31": "-0.01600", "2010-12-31": ""}, "Income Taxes": {"2020-09-30": "1.05400", "2020-06-30": "1.05300", "2020-03-31": "1.04800", "2019-12-31": "0.71900", "2019-09-30": "1.16800", "2019-06-30": "1.16400", "2019-03-31": "1.21100", "2018-12-31": "1.61400", "2018-09-30": "1.14100", "2018-06-30": "1.13400", "2018-03-31": "1.21200", "2017-12-31": "1.44300", "2017-09-30": "1.18500", "2017-06-30": "1.14600", "2017-03-31": "3.10800", "2016-12-31": "5.76200", "2016-09-30": "1.59800", "2016-06-30": "-0.28000", "2016-03-31": "0.05600", "2015-12-31": "-0.23500", "2015-09-30": "1.50000", "2015-06-30": "1.25000", "2015-03-31": "2.07400", "2014-12-31": "-26.57100", "2014-09-30": "3.12500", "2014-06-30": "-4.70600", "2014-03-31": "-5.11200", "2013-12-31": "", "2013-09-30": "", "2013-06-30": "", "2013-03-31": "", "2012-12-31": "", "2012-09-30": "", "2012-06-30": "", "2012-03-31": "", "2011-12-31": "0.00000", "2011-09-30": "", "2011-06-30": "0.00000", "2011-03-31": "", "2010-12-31": ""}, "Income After Taxes": {"2020-09-30": "97.98300", "2020-06-30": "54.23900", "2020-03-31": "86.86300", "2019-12-31": "71.16810", "2019-09-30": "-741.52910", "2019-06-30": "292.28400", "2019-03-31": "70.97100", "2018-12-31": "27.87200", "2018-09-30": "-73.94200", "2018-06-30": "-74.69100", "2018-03-31": "29.03600", "2017-12-31": "-2.47900", "2017-09-30": "12.48900", "2017-06-30": "29.55000", "2017-03-31": "11.93500", "2016-12-31": "5.71400", "2016-09-30": "30.24600", "2016-06-30": "3.23300", "2016-03-31": "-116.08000", "2015-12-31": "-7.73100", "2015-09-30": "8.14100", "2015-06-30": "-108.70900", "2015-03-31": "-30.69300", "2014-12-31": "-617.32100", "2014-09-30": "-31.15300", "2014-06-30": "-56.59800", "2014-03-31": "-305.84000", "2013-12-31": "-210.30300", "2013-09-30": "-83.45000", "2013-06-30": "-72.46900", "2013-03-31": "-141.59300", "2012-12-31": "-17.04400", "2012-09-30": "-12.75200", "2012-06-30": "-6.99000", "2012-03-31": "-4.70600", "2011-12-31": "-3.28000", "2011-09-30": "-0.66000", "2011-06-30": "", "2011-03-31": "-0.01600", "2010-12-31": ""}, "Other Income": {"2020-09-30": "", "2020-06-30": "", "2020-03-31": "", "2019-12-31": "", "2019-09-30": "", "2019-06-30": "", "2019-03-31": "", "2018-12-31": "", "2018-09-30": "", "2018-06-30": "", "2018-03-31": "", "2017-12-31": "", "2017-09-30": "", "2017-06-30": "", "2017-03-31": "", "2016-12-31": "", "2016-09-30": "", "2016-06-30": "", "2016-03-31": "", "2015-12-31": "", "2015-09-30": "", "2015-06-30": "", "2015-03-31": "", "2014-12-31": "", "2014-09-30": "", "2014-06-30": "", "2014-03-31": "", "2013-12-31": "", "2013-09-30": "", "2013-06-30": "", "2013-03-31": "", "2012-12-31": "", "2012-09-30": "", "2012-06-30": "", "2012-03-31": "", "2011-12-31": "0.00000", "2011-09-30": "", "2011-06-30": "0.00000", "2011-03-31": "", "2010-12-31": ""}, "Income From Continuous Operations": {"2020-09-30": "97.98300", "2020-06-30": "54.23900", "2020-03-31": "86.86300", "2019-12-31": "71.16810", "2019-09-30": "-741.52910", "2019-06-30": "292.28400", "2019-03-31": "70.97100", "2018-12-31": "27.87200", "2018-09-30": "-73.94200", "2018-06-30": "-74.69100", "2018-03-31": "29.03600", "2017-12-31": "-2.47900", "2017-09-30": "12.48900", "2017-06-30": "29.55000", "2017-03-31": "11.93500", "2016-12-31": "5.71400", "2016-09-30": "30.24600", "2016-06-30": "3.23300", "2016-03-31": "-116.08000", "2015-12-31": "-7.73100", "2015-09-30": "8.14100", "2015-06-30": "-108.70900", "2015-03-31": "-30.69300", "2014-12-31": "-617.32100", "2014-09-30": "-31.15300", "2014-06-30": "-56.59800", "2014-03-31": "-305.84000", "2013-12-31": "-210.30300", "2013-09-30": "-83.45000", "2013-06-30": "-72.46900", "2013-03-31": "-141.59300", "2012-12-31": "-17.04400", "2012-09-30": "-12.75200", "2012-06-30": "-6.99000", "2012-03-31": "-4.70600", "2011-12-31": "-1.11700", "2011-09-30": "-0.66000", "2011-06-30": "0.00000", "2011-03-31": "-0.01600", "2010-12-31": ""}, "Income From Discontinued Operations": {"2020-09-30": "", "2020-06-30": "", "2020-03-31": "", "2019-12-31": "", "2019-09-30": "", "2019-06-30": "", "2019-03-31": "", "2018-12-31": "-0.03000", "2018-09-30": "", "2018-06-30": "0.22400", "2018-03-31": "3.50100", "2017-12-31": "-30.61300", "2017-09-30": "4.00500", "2017-06-30": "4.63600", "2017-03-31": "2.85500", "2016-12-31": "", "2016-09-30": "", "2016-06-30": "", "2016-03-31": "", "2015-12-31": "", "2015-09-30": "", "2015-06-30": "", "2015-03-31": "", "2014-12-31": "", "2014-09-30": "-256.89400", "2014-06-30": "", "2014-03-31": "", "2013-12-31": "", "2013-09-30": "0.09600", "2013-06-30": "0.03600", "2013-03-31": "-0.00200", "2012-12-31": "-0.24000", "2012-09-30": "-0.00300", "2012-06-30": "-0.16600", "2012-03-31": "-0.33600", "2011-12-31": "-0.80800", "2011-09-30": "-0.00900", "2011-06-30": "0.00000", "2011-03-31": "", "2010-12-31": ""}, "Net Income": {"2020-09-30": "97.93200", "2020-06-30": "54.20800", "2020-03-31": "73.92200", "2019-12-31": "18.91500", "2019-09-30": "-726.44000", "2019-06-30": "285.65800", "2019-03-31": "53.02600", "2018-12-31": "-44.71600", "2018-09-30": "-72.11700", "2018-06-30": "-72.67000", "2018-03-31": "31.79500", "2017-12-31": "-104.50500", "2017-09-30": "16.09400", "2017-06-30": "33.40800", "2017-03-31": "14.43800", "2016-12-31": "-187.80200", "2016-09-30": "29.49500", "2016-06-30": "3.14600", "2016-03-31": "-113.08600", "2015-12-31": "-205.55000", "2015-09-30": "-10.66200", "2015-06-30": "-124.49500", "2015-03-31": "-47.94800", "2014-12-31": "-370.31390", "2014-09-30": "-318.04100", "2014-06-30": "-78.01100", "2014-03-31": "-314.87600", "2013-12-31": "-201.37600", "2013-09-30": "-80.40000", "2013-06-30": "-72.19100", "2013-03-31": "-141.16300", "2012-12-31": "-16.86400", "2012-09-30": "-12.69000", "2012-06-30": "-7.07000", "2012-03-31": "-5.02800", "2011-12-31": "-1.92500", "2011-09-30": "-0.63400", "2011-06-30": "", "2011-03-31": "-0.01600", "2010-12-31": ""}, "EBITDA": {"2020-09-30": "234.85900", "2020-06-30": "223.95700", "2020-03-31": "255.19700", "2019-12-31": "224.59100", "2019-09-30": "-576.70310", "2019-06-30": "260.81000", "2019-03-31": "271.93800", "2018-12-31": "223.60310", "2018-09-30": "113.03200", "2018-06-30": "153.90400", "2018-03-31": "247.02200", "2017-12-31": "241.48500", "2017-09-30": "255.77200", "2017-06-30": "239.64100", "2017-03-31": "264.85400", "2016-12-31": "279.14400", "2016-09-30": "285.69500", "2016-06-30": "285.52900", "2016-03-31": "145.20900", "2015-12-31": "305.43610", "2015-09-30": "313.93000", "2015-06-30": "222.77600", "2015-03-31": "314.19700", "2014-12-31": "-61.24100", "2014-09-30": "352.81200", "2014-06-30": "290.82600", "2014-03-31": "54.18900", "2013-12-31": "-43.31200", "2013-09-30": "51.86200", "2013-06-30": "4.80600", "2013-03-31": "-108.79300", "2012-12-31": "6.07500", "2012-09-30": "2.87800", "2012-06-30": "3.08200", "2012-03-31": "0.50200", "2011-12-31": "-1.90300", "2011-09-30": "-0.47500", "2011-06-30": "", "2011-03-31": "-0.01600", "2010-12-31": ""}, "EBIT": {"2020-09-30": "122.36100", "2020-06-30": "110.03500", "2020-03-31": "128.21700", "2019-12-31": "108.49210", "2019-09-30": "-695.06510", "2019-06-30": "139.43300", "2019-03-31": "132.54400", "2018-12-31": "67.18400", "2018-09-30": "-48.18100", "2018-06-30": "-15.95400", "2018-03-31": "74.56400", "2017-12-31": "58.65900", "2017-09-30": "73.51500", "2017-06-30": "49.10500", "2017-03-31": "74.97400", "2016-12-31": "82.88700", "2016-09-30": "85.67200", "2016-06-30": "83.62300", "2016-03-31": "-63.15300", "2015-12-31": "99.60210", "2015-09-30": "97.92800", "2015-06-30": "2.17400", "2015-03-31": "90.08600", "2014-12-31": "-323.86000", "2014-09-30": "81.45100", "2014-06-30": "31.68200", "2014-03-31": "-159.85100", "2013-12-31": "-150.01400", "2013-09-30": "-15.50000", "2013-06-30": "-31.39400", "2013-03-31": "-136.83600", "2012-12-31": "-13.49000", "2012-09-30": "-9.50400", "2012-06-30": "-4.36600", "2012-03-31": "-3.25500", "2011-12-31": "-3.31100", "2011-09-30": "-0.47500", "2011-06-30": "", "2011-03-31": "-0.01600", "2010-12-31": ""}, "Basic Shares Outstanding": {"2020-09-30": "216.73760", "2020-06-30": "215.67340", "2020-03-31": "215.58760", "2019-12-31": "199.62800", "2019-09-30": "195.79660", "2019-06-30": "194.74460", "2019-03-31": "193.69210", "2018-12-31": "193.81840", "2018-09-30": "193.55960", "2018-06-30": "193.63840", "2018-03-31": "194.53260", "2017-12-31": "194.81980", "2017-09-30": "194.83340", "2017-06-30": "194.83200", "2017-03-31": "194.77000", "2016-12-31": "186.28460", "2016-09-30": "188.69600", "2016-06-30": "180.82140", "2016-03-31": "180.76520", "2015-12-31": "180.67220", "2015-09-30": "180.69220", "2015-06-30": "180.66780", "2015-03-31": "180.59920", "2014-12-31": "158.63000", "2014-09-30": "180.41920", "2014-06-30": "163.08120", "2014-03-31": "109.49400", "2013-12-31": "41.06820", "2013-09-30": "44.34160", "2013-06-30": "39.79120", "2013-03-31": "33.56960", "2012-12-31": "20.81660", "2012-09-30": "27.66480", "2012-06-30": "13.66260", "2012-03-31": "4.72200", "2011-12-31": "1.32760", "2011-09-30": "0.30300", "2011-06-30": "", "2011-03-31": "", "2010-12-31": ""}, "Shares Outstanding": {"2020-09-30": "217.02760", "2020-06-30": "215.91060", "2020-03-31": "215.95020", "2019-12-31": "199.62800", "2019-09-30": "195.79660", "2019-06-30": "199.95560", "2019-03-31": "198.65970", "2018-12-31": "193.81840", "2018-09-30": "193.55960", "2018-06-30": "193.63840", "2018-03-31": "199.34140", "2017-12-31": "194.81980", "2017-09-30": "194.83340", "2017-06-30": "199.61880", "2017-03-31": "194.77000", "2016-12-31": "186.28460", "2016-09-30": "193.73740", "2016-06-30": "180.82140", "2016-03-31": "180.76520", "2015-12-31": "180.67220", "2015-09-30": "180.69220", "2015-06-30": "180.66780", "2015-03-31": "180.59920", "2014-12-31": "158.63000", "2014-09-30": "180.41920", "2014-06-30": "163.08120", "2014-03-31": "119.72440", "2013-12-31": "41.06820", "2013-09-30": "44.34160", "2013-06-30": "39.79120", "2013-03-31": "33.56960", "2012-12-31": "20.81660", "2012-09-30": "27.66480", "2012-06-30": "13.66260", "2012-03-31": "4.72200", "2011-12-31": "1.32760", "2011-09-30": "0.30300", "2011-06-30": "", "2011-03-31": "", "2010-12-31": ""}, "Basic EPS": {"2020-09-30": "0.40000", "2020-06-30": "0.20000", "2020-03-31": "0.35000", "2019-12-31": "0.35000", "2019-09-30": "-3.80000", "2019-06-30": "1.35000", "2019-03-31": "0.25000", "2018-12-31": "0.05000", "2018-09-30": "-0.45000", "2018-06-30": "-0.45000", "2018-03-31": "0.05000", "2017-12-31": "-0.30000", "2017-09-30": "0.00000", "2017-06-30": "0.10000", "2017-03-31": "0.00000", "2016-12-31": "-0.65000", "2016-09-30": "0.05000", "2016-06-30": "-0.10000", "2016-03-31": "-0.75000", "2015-12-31": "-1.15000", "2015-09-30": "-0.05000", "2015-06-30": "-0.70000", "2015-03-31": "-0.25000", "2014-12-31": "-1.65000", "2014-09-30": "-1.75000", "2014-06-30": "-0.50000", "2014-03-31": "-2.90000", "2013-12-31": "-4.25000", "2013-09-30": "-1.80000", "2013-06-30": "-1.80000", "2013-03-31": "-4.20000", "2012-12-31": "-0.05000", "2012-09-30": "-0.45000", "2012-06-30": "-0.50000", "2012-03-31": "-1.05000", "2011-12-31": "-1.45000", "2011-09-30": "-2.10000", "2011-06-30": "", "2011-03-31": "0.00000", "2010-12-31": ""}, "EPS - Earnings Per Share": {"2020-09-30": "0.40000", "2020-06-30": "0.20000", "2020-03-31": "0.35000", "2019-12-31": "0.35000", "2019-09-30": "-3.80000", "2019-06-30": "1.35000", "2019-03-31": "0.25000", "2018-12-31": "0.05000", "2018-09-30": "-0.45000", "2018-06-30": "-0.45000", "2018-03-31": "0.05000", "2017-12-31": "-0.30000", "2017-09-30": "0.00000", "2017-06-30": "0.10000", "2017-03-31": "0.00000", "2016-12-31": "-0.65000", "2016-09-30": "0.05000", "2016-06-30": "-0.10000", "2016-03-31": "-0.75000", "2015-12-31": "-1.15000", "2015-09-30": "-0.05000", "2015-06-30": "-0.70000", "2015-03-31": "-0.25000", "2014-12-31": "-1.65000", "2014-09-30": "-1.75000", "2014-06-30": "-0.50000", "2014-03-31": "-2.90000", "2013-12-31": "-4.25000", "2013-09-30": "-1.80000", "2013-06-30": "-1.80000", "2013-03-31": "-4.20000", "2012-12-31": "-0.05000", "2012-09-30": "-0.45000", "2012-06-30": "-0.50000", "2012-03-31": "-1.05000", "2011-12-31": "-1.45000", "2011-09-30": "-2.10000", "2011-06-30": "0.00000", "2011-03-31": "0.00000", "2010-12-31": "0.00000"}}, "balance sheet": {"Cash On Hand": {"2019-12-31": "33.88000", "2018-12-31": "53.66300", "2017-12-31": "61.83800", "2016-12-31": "298.49700", "2015-12-31": "128.87000", "2014-12-31": "479.36200", "2013-12-31": "88.64600", "2012-12-31": "157.98100", "2011-12-31": "3.14800", "2010-12-31": ""}, "Receivables": {"2019-12-31": "348.39500", "2018-12-31": "366.09200", "2017-12-31": "389.06000", "2016-12-31": "314.30500", "2015-12-31": "303.63700", "2014-12-31": "301.91900", "2013-12-31": "", "2012-12-31": "", "2011-12-31": "", "2010-12-31": ""}, "Inventory": {"2019-12-31": "", "2018-12-31": "", "2017-12-31": "", "2016-12-31": "", "2015-12-31": "", "2014-12-31": "", "2013-12-31": "", "2012-12-31": "", "2011-12-31": "", "2010-12-31": ""}, "Pre-Paid Expenses": {"2019-12-31": "", "2018-12-31": "", "2017-12-31": "", "2016-12-31": "", "2015-12-31": "", "2014-12-31": "", "2013-12-31": "", "2012-12-31": "", "2011-12-31": "", "2010-12-31": ""}, "Other Current Assets": {"2019-12-31": "", "2018-12-31": "", "2017-12-31": "", "2016-12-31": "", "2015-12-31": "", "2014-12-31": "", "2013-12-31": "", "2012-12-31": "", "2011-12-31": "", "2010-12-31": ""}, "Total Current Assets": {"2019-12-31": "382.27500", "2018-12-31": "419.75500", "2017-12-31": "450.89800", "2016-12-31": "612.80200", "2015-12-31": "432.50700", "2014-12-31": "781.28100", "2013-12-31": "88.64600", "2012-12-31": "157.98100", "2011-12-31": "3.14800", "2010-12-31": ""}, "Property, Plant, And Equipment": {"2019-12-31": "11249.62000", "2018-12-31": "12168.07000", "2017-12-31": "12707.35000", "2016-12-31": "13252.80000", "2015-12-31": "15006.12000", "2014-12-31": "17258.44000", "2013-12-31": "7191.86400", "2012-12-31": "1742.38000", "2011-12-31": "122.03200", "2010-12-31": ""}, "Long-Term Investments": {"2019-12-31": "", "2018-12-31": "", "2017-12-31": "", "2016-12-31": "", "2015-12-31": "", "2014-12-31": "", "2013-12-31": "", "2012-12-31": "", "2011-12-31": "", "2010-12-31": ""}, "Goodwill And Intangible Assets": {"2019-12-31": "1337.77300", "2018-12-31": "1337.77300", "2017-12-31": "1337.77300", "2016-12-31": "1337.39100", "2015-12-31": "1707.15300", "2014-12-31": "2045.15300", "2013-12-31": "92.78900", "2012-12-31": "", "2011-12-31": "", "2010-12-31": ""}, "Other Long-Term Assets": {"2019-12-31": "68.82500", "2018-12-31": "35.28900", "2017-12-31": "45.56100", "2016-12-31": "171.41500", "2015-12-31": "260.08200", "2014-12-31": "342.26400", "2013-12-31": "155.12300", "2012-12-31": "49.73500", "2011-12-31": "3.61600", "2010-12-31": ""}, "Total Long-Term Assets": {"2019-12-31": "12683.18000", "2018-12-31": "13543.74000", "2017-12-31": "14254.68000", "2016-12-31": "14974.77000", "2015-12-31": "16973.36000", "2014-12-31": "19645.85000", "2013-12-31": "7720.43700", "2012-12-31": "1807.47100", "2011-12-31": "128.43300", "2010-12-31": "0.27900"}, "Total Assets": {"2019-12-31": "13280.68000", "2018-12-31": "13963.49000", "2017-12-31": "14705.58000", "2016-12-31": "15587.57000", "2015-12-31": "17405.87000", "2014-12-31": "20427.14000", "2013-12-31": "7809.08300", "2012-12-31": "1965.45200", "2011-12-31": "131.58100", "2010-12-31": "0.27900"}, "Total Current Liabilities": {"2019-12-31": "444.50300", "2018-12-31": "540.49400", "2017-12-31": "1120.73200", "2016-12-31": "1108.20100", "2015-12-31": "1114.77100", "2014-12-31": "1115.88100", "2013-12-31": "1703.06100", "2012-12-31": "9.45900", "2011-12-31": "0.85800", "2010-12-31": "0.27900"}, "Long Term Debt": {"2019-12-31": "5387.54200", "2018-12-31": "5693.03900", "2017-12-31": "5089.18600", "2016-12-31": "5393.90800", "2015-12-31": "7096.90800", "2014-12-31": "9472.92200", "2013-12-31": "3375.71800", "2012-12-31": "389.72200", "2011-12-31": "72.66700", "2010-12-31": ""}, "Other Non-Current Liabilities": {"2019-12-31": "384.29600", "2018-12-31": "429.81600", "2017-12-31": "436.90300", "2016-12-31": "454.58800", "2015-12-31": "480.22800", "2014-12-31": "456.00300", "2013-12-31": "231.77700", "2012-12-31": "18.11200", "2011-12-31": "0.72400", "2010-12-31": ""}, "Total Long Term Liabilities": {"2019-12-31": "5771.83800", "2018-12-31": "6122.85500", "2017-12-31": "5541.97000", "2016-12-31": "5859.84000", "2015-12-31": "7577.13600", "2014-12-31": "9928.92500", "2013-12-31": "3607.49500", "2012-12-31": "407.83400", "2011-12-31": "73.39100", "2010-12-31": ""}, "Total Liabilities": {"2019-12-31": "6437.40200", "2018-12-31": "6663.34900", "2017-12-31": "6662.70200", "2016-12-31": "6968.04100", "2015-12-31": "8691.90700", "2014-12-31": "11044.81000", "2013-12-31": "5310.55600", "2012-12-31": "417.29300", "2011-12-31": "74.24900", "2010-12-31": "0.27900"}, "Common Stock Net": {"2019-12-31": "10.76800", "2018-12-31": "9.67500", "2017-12-31": "9.74200", "2016-12-31": "9.74100", "2015-12-31": "9.04900", "2014-12-31": "9.05500", "2013-12-31": "2.39200", "2012-12-31": "1.79200", "2011-12-31": "0.07300", "2010-12-31": ""}, "Retained Earnings (Accumulated Deficit)": {"2019-12-31": "-6399.62600", "2018-12-31": "-5467.23600", "2017-12-31": "-4776.58100", "2016-12-31": "-4200.42300", "2015-12-31": "-3415.23300", "2014-12-31": "-2778.57600", "2013-12-31": "-877.95700", "2012-12-31": "-120.07200", "2011-12-31": "-4.02500", "2010-12-31": ""}, "Comprehensive Income": {"2019-12-31": "-27.67000", "2018-12-31": "-1.28000", "2017-12-31": "-3.56900", "2016-12-31": "-2.55600", "2015-12-31": "-2.02500", "2014-12-31": "2.72800", "2013-12-31": "7.66600", "2012-12-31": "-3.93400", "2011-12-31": "", "2010-12-31": ""}, "Other Share Holders Equity": {"2019-12-31": "", "2018-12-31": "", "2017-12-31": "", "2016-12-31": "", "2015-12-31": "", "2014-12-31": "", "2013-12-31": "", "2012-12-31": "", "2011-12-31": "", "2010-12-31": ""}, "Share Holder Equity": {"2019-12-31": "6843.27800", "2018-12-31": "7300.14400", "2017-12-31": "8042.87600", "2016-12-31": "8619.53300", "2015-12-31": "8713.95900", "2014-12-31": "9382.33000", "2013-12-31": "2498.52700", "2012-12-31": "1548.15900", "2011-12-31": "57.33200", "2010-12-31": ""}, "Total Liabilities And Share Holders Equity": {"2019-12-31": "13280.68000", "2018-12-31": "13963.49000", "2017-12-31": "14705.58000", "2016-12-31": "15587.57000", "2015-12-31": "17405.87000", "2014-12-31": "20427.14000", "2013-12-31": "7809.08300", "2012-12-31": "1965.45200", "2011-12-31": "131.58100", "2010-12-31": "0.27900"}}, "balance sheet, quarterly": {"Cash On Hand": {"2020-09-30": "222.27600", "2020-06-30": "300.08600", "2020-03-31": "619.66500", "2019-12-31": "33.88000", "2019-09-30": "1050.05700", "2019-06-30": "232.20200", "2019-03-31": "31.30500", "2018-12-31": "53.66300", "2018-09-30": "52.71300", "2018-06-30": "45.51200", "2018-03-31": "56.48400", "2017-12-31": "61.83800", "2017-09-30": "82.16000", "2017-06-30": "333.49300", "2017-03-31": "332.29800", "2016-12-31": "298.49700", "2016-09-30": "178.44600", "2016-06-30": "1090.45700", "2016-03-31": "164.58200", "2015-12-31": "128.87000", "2015-09-30": "219.43400", "2015-06-30": "174.98700", "2015-03-31": "853.31700", "2014-12-31": "479.36200", "2014-09-30": "218.06400", "2014-06-30": "263.23400", "2014-03-31": "138.62600", "2013-12-31": "88.64600", "2013-09-30": "152.16100", "2013-06-30": "12.53400", "2013-03-31": "53.69900", "2012-12-31": "157.98100", "2012-09-30": "3.77900", "2012-06-30": "2.10700", "2012-03-31": "0.76800", "2011-12-31": "3.14800", "2011-09-30": "0.83000", "2011-06-30": "", "2011-03-31": "", "2010-12-31": ""}, "Receivables": {"2020-09-30": "391.23900", "2020-06-30": "382.40900", "2020-03-31": "345.10300", "2019-12-31": "348.39500", "2019-09-30": "347.45500", "2019-06-30": "343.78800", "2019-03-31": "361.64100", "2018-12-31": "366.09200", "2018-09-30": "412.05300", "2018-06-30": "351.16300", "2018-03-31": "335.62200", "2017-12-31": "389.06000", "2017-09-30": "336.93800", "2017-06-30": "349.01300", "2017-03-31": "346.89800", "2016-12-31": "314.30500", "2016-09-30": "339.52900", "2016-06-30": "333.12400", "2016-03-31": "313.90300", "2015-12-31": "303.63700", "2015-09-30": "", "2015-06-30": "", "2015-03-31": "", "2014-12-31": "301.91900", "2014-09-30": "", "2014-06-30": "", "2014-03-31": "", "2013-12-31": "", "2013-09-30": "", "2013-06-30": "", "2013-03-31": "", "2012-12-31": "", "2012-09-30": "", "2012-06-30": "", "2012-03-31": "", "2011-12-31": "", "2011-09-30": "", "2011-06-30": "", "2011-03-31": "", "2010-12-31": ""}, "Inventory": {"2020-09-30": "", "2020-06-30": "", "2020-03-31": "", "2019-12-31": "", "2019-09-30": "", "2019-06-30": "", "2019-03-31": "", "2018-12-31": "", "2018-09-30": "", "2018-06-30": "", "2018-03-31": "", "2017-12-31": "", "2017-09-30": "", "2017-06-30": "", "2017-03-31": "", "2016-12-31": "", "2016-09-30": "", "2016-06-30": "", "2016-03-31": "", "2015-12-31": "", "2015-09-30": "", "2015-06-30": "", "2015-03-31": "", "2014-12-31": "", "2014-09-30": "", "2014-06-30": "", "2014-03-31": "", "2013-12-31": "", "2013-09-30": "", "2013-06-30": "", "2013-03-31": "", "2012-12-31": "", "2012-09-30": "", "2012-06-30": "", "2012-03-31": "", "2011-12-31": "", "2011-09-30": "", "2011-06-30": "", "2011-03-31": "", "2010-12-31": ""}, "Pre-Paid Expenses": {"2020-09-30": "", "2020-06-30": "", "2020-03-31": "", "2019-12-31": "", "2019-09-30": "", "2019-06-30": "", "2019-03-31": "", "2018-12-31": "", "2018-09-30": "", "2018-06-30": "", "2018-03-31": "", "2017-12-31": "", "2017-09-30": "", "2017-06-30": "", "2017-03-31": "", "2016-12-31": "", "2016-09-30": "", "2016-06-30": "", "2016-03-31": "", "2015-12-31": "", "2015-09-30": "", "2015-06-30": "", "2015-03-31": "", "2014-12-31": "", "2014-09-30": "", "2014-06-30": "", "2014-03-31": "", "2013-12-31": "", "2013-09-30": "", "2013-06-30": "", "2013-03-31": "", "2012-12-31": "", "2012-09-30": "", "2012-06-30": "", "2012-03-31": "", "2011-12-31": "", "2011-09-30": "", "2011-06-30": "", "2011-03-31": "", "2010-12-31": ""}, "Other Current Assets": {"2020-09-30": "", "2020-06-30": "", "2020-03-31": "", "2019-12-31": "", "2019-09-30": "", "2019-06-30": "", "2019-03-31": "", "2018-12-31": "", "2018-09-30": "", "2018-06-30": "", "2018-03-31": "", "2017-12-31": "", "2017-09-30": "", "2017-06-30": "", "2017-03-31": "", "2016-12-31": "", "2016-09-30": "", "2016-06-30": "", "2016-03-31": "", "2015-12-31": "", "2015-09-30": "", "2015-06-30": "", "2015-03-31": "", "2014-12-31": "", "2014-09-30": "", "2014-06-30": "", "2014-03-31": "", "2013-12-31": "", "2013-09-30": "", "2013-06-30": "", "2013-03-31": "", "2012-12-31": "", "2012-09-30": "", "2012-06-30": "", "2012-03-31": "", "2011-12-31": "", "2011-09-30": "", "2011-06-30": "", "2011-03-31": "", "2010-12-31": ""}, "Total Current Assets": {"2020-09-30": "613.51500", "2020-06-30": "682.49500", "2020-03-31": "964.76790", "2019-12-31": "382.27500", "2019-09-30": "1397.51200", "2019-06-30": "575.99000", "2019-03-31": "392.94600", "2018-12-31": "419.75500", "2018-09-30": "464.76600", "2018-06-30": "396.67500", "2018-03-31": "392.10600", "2017-12-31": "450.89800", "2017-09-30": "419.09800", "2017-06-30": "682.50600", "2017-03-31": "679.19600", "2016-12-31": "612.80200", "2016-09-30": "517.97500", "2016-06-30": "1423.58100", "2016-03-31": "478.48500", "2015-12-31": "432.50700", "2015-09-30": "219.43400", "2015-06-30": "174.98700", "2015-03-31": "853.31700", "2014-12-31": "781.28100", "2014-09-30": "218.06400", "2014-06-30": "263.23400", "2014-03-31": "138.62600", "2013-12-31": "88.64600", "2013-09-30": "152.16100", "2013-06-30": "12.53400", "2013-03-31": "53.69900", "2012-12-31": "157.98100", "2012-09-30": "3.77900", "2012-06-30": "2.10700", "2012-03-31": "0.76800", "2011-12-31": "3.14800", "2011-09-30": "0.83000", "2011-06-30": "", "2011-03-31": "", "2010-12-31": ""}, "Property, Plant, And Equipment": {"2020-09-30": "10780.73000", "2020-06-30": "10958.48000", "2020-03-31": "11091.48000", "2019-12-31": "11249.62000", "2019-09-30": "11366.14000", "2019-06-30": "11555.14000", "2019-03-31": "12026.23000", "2018-12-31": "12168.07000", "2018-09-30": "12195.70000", "2018-06-30": "12391.40000", "2018-03-31": "12599.77000", "2017-12-31": "12707.35000", "2017-09-30": "12694.92000", "2017-06-30": "12732.61000", "2017-03-31": "13021.97000", "2016-12-31": "13252.80000", "2016-09-30": "13630.50000", "2016-06-30": "14022.94000", "2016-03-31": "14500.27000", "2015-12-31": "15006.12000", "2015-09-30": "15627.93000", "2015-06-30": "16151.29000", "2015-03-31": "16747.34000", "2014-12-31": "17258.44000", "2014-09-30": "17525.28000", "2014-06-30": "17440.43000", "2014-03-31": "16896.19000", "2013-12-31": "7191.86400", "2013-09-30": "2822.88800", "2013-06-30": "2757.55500", "2013-03-31": "1980.07900", "2012-12-31": "1742.38000", "2012-09-30": "214.76900", "2012-06-30": "191.93100", "2012-03-31": "129.15300", "2011-12-31": "122.03200", "2011-09-30": "", "2011-06-30": "", "2011-03-31": "", "2010-12-31": ""}, "Long-Term Investments": {"2020-09-30": "", "2020-06-30": "", "2020-03-31": "", "2019-12-31": "", "2019-09-30": "", "2019-06-30": "", "2019-03-31": "", "2018-12-31": "", "2018-09-30": "", "2018-06-30": "", "2018-03-31": "", "2017-12-31": "", "2017-09-30": "", "2017-06-30": "", "2017-03-31": "", "2016-12-31": "", "2016-09-30": "", "2016-06-30": "", "2016-03-31": "", "2015-12-31": "", "2015-09-30": "", "2015-06-30": "", "2015-03-31": "", "2014-12-31": "", "2014-09-30": "", "2014-06-30": "", "2014-03-31": "", "2013-12-31": "", "2013-09-30": "", "2013-06-30": "", "2013-03-31": "", "2012-12-31": "", "2012-09-30": "", "2012-06-30": "", "2012-03-31": "", "2011-12-31": "", "2011-09-30": "", "2011-06-30": "", "2011-03-31": "", "2010-12-31": ""}, "Goodwill And Intangible Assets": {"2020-09-30": "1337.77300", "2020-06-30": "1337.77300", "2020-03-31": "1337.77300", "2019-12-31": "1337.77300", "2019-09-30": "1337.77300", "2019-06-30": "1337.77300", "2019-03-31": "1337.77300", "2018-12-31": "1337.77300", "2018-09-30": "1337.77300", "2018-06-30": "1337.77300", "2018-03-31": "1337.77300", "2017-12-31": "1337.77300", "2017-09-30": "1474.75800", "2017-06-30": "1478.90400", "2017-03-31": "1483.04900", "2016-12-31": "1337.39100", "2016-09-30": "1633.45900", "2016-06-30": "1657.32100", "2016-03-31": "1686.18500", "2015-12-31": "1707.15300", "2015-09-30": "1955.84000", "2015-06-30": "1982.63500", "2015-03-31": "2013.96500", "2014-12-31": "2045.15300", "2014-09-30": "2419.78200", "2014-06-30": "2652.49800", "2014-03-31": "2658.75600", "2013-12-31": "92.78900", "2013-09-30": "", "2013-06-30": "", "2013-03-31": "", "2012-12-31": "", "2012-09-30": "", "2012-06-30": "", "2012-03-31": "", "2011-12-31": "", "2011-09-30": "0.00000", "2011-06-30": "0.00000", "2011-03-31": "0.00000", "2010-12-31": "0.00000"}, "Other Long-Term Assets": {"2020-09-30": "102.23500", "2020-06-30": "134.39300", "2020-03-31": "167.23100", "2019-12-31": "95.78200", "2019-09-30": "69.02500", "2019-06-30": "91.18600", "2019-03-31": "71.81200", "2018-12-31": "35.28900", "2018-09-30": "58.64200", "2018-06-30": "105.87600", "2018-03-31": "122.13800", "2017-12-31": "45.56100", "2017-09-30": "147.95300", "2017-06-30": "154.01600", "2017-03-31": "172.31700", "2016-12-31": "171.41500", "2016-09-30": "275.88700", "2016-06-30": "304.67100", "2016-03-31": "178.67600", "2015-12-31": "260.08200", "2015-09-30": "515.88000", "2015-06-30": "536.86000", "2015-03-31": "306.51900", "2014-12-31": "342.26400", "2014-09-30": "2257.85300", "2014-06-30": "554.26800", "2014-03-31": "492.03600", "2013-12-31": "155.12300", "2013-09-30": "128.21000", "2013-06-30": "108.25300", "2013-03-31": "16.08000", "2012-12-31": "49.73500", "2012-09-30": "3.82700", "2012-06-30": "3.91300", "2012-03-31": "3.69100", "2011-12-31": "3.61600", "2011-09-30": "109.75000", "2011-06-30": "0.16000", "2011-03-31": "", "2010-12-31": ""}, "Total Long-Term Assets": {"2020-09-30": "12220.74000", "2020-06-30": "12430.65000", "2020-03-31": "12596.48000", "2019-12-31": "12683.18000", "2019-09-30": "12839.62000", "2019-06-30": "12984.10000", "2019-03-31": "13435.82000", "2018-12-31": "13543.74000", "2018-09-30": "13592.11000", "2018-06-30": "13864.93000", "2018-03-31": "14059.68000", "2017-12-31": "14254.68000", "2017-09-30": "14317.63000", "2017-06-30": "14365.53000", "2017-03-31": "14677.34000", "2016-12-31": "14974.77000", "2016-09-30": "15539.84000", "2016-06-30": "15984.93000", "2016-03-31": "16365.13000", "2015-12-31": "16973.36000", "2015-09-30": "18485.46000", "2015-06-30": "19074.39000", "2015-03-31": "19468.71000", "2014-12-31": "19645.85000", "2014-09-30": "22649.52000", "2014-06-30": "21052.25000", "2014-03-31": "20341.67000", "2013-12-31": "7720.43700", "2013-09-30": "2998.85200", "2013-06-30": "2904.25100", "2013-03-31": "2034.40300", "2012-12-31": "1807.47100", "2012-09-30": "222.80000", "2012-06-30": "199.05900", "2012-03-31": "135.62400", "2011-12-31": "128.43300", "2011-09-30": "111.81000", "2011-06-30": "1.94000", "2011-03-31": "", "2010-12-31": "0.27000"}, "Total Assets": {"2020-09-30": "13039.60000", "2020-06-30": "13321.18000", "2020-03-31": "13772.44000", "2019-12-31": "13280.68000", "2019-09-30": "14455.52000", "2019-06-30": "13781.88000", "2019-03-31": "14053.62000", "2018-12-31": "13963.49000", "2018-09-30": "14056.88000", "2018-06-30": "14261.61000", "2018-03-31": "14451.79000", "2017-12-31": "14705.58000", "2017-09-30": "14736.73000", "2017-06-30": "15048.04000", "2017-03-31": "15356.54000", "2016-12-31": "15587.57000", "2016-09-30": "16057.82000", "2016-06-30": "17408.51000", "2016-03-31": "16843.61000", "2015-12-31": "17405.87000", "2015-09-30": "18704.89000", "2015-06-30": "19249.38000", "2015-03-31": "20322.03000", "2014-12-31": "20427.14000", "2014-09-30": "22867.58000", "2014-06-30": "21315.49000", "2014-03-31": "20480.30000", "2013-12-31": "7809.08300", "2013-09-30": "3151.01300", "2013-06-30": "2916.78500", "2013-03-31": "2088.10200", "2012-12-31": "1965.45200", "2012-09-30": "226.57900", "2012-06-30": "201.16600", "2012-03-31": "136.39200", "2011-12-31": "131.58100", "2011-09-30": "112.64000", "2011-06-30": "1.95000", "2011-03-31": "0.00000", "2010-12-31": "0.27000"}, "Total Current Liabilities": {"2020-09-30": "364.17800", "2020-06-30": "382.70300", "2020-03-31": "444.47800", "2019-12-31": "444.50300", "2019-09-30": "1523.42900", "2019-06-30": "524.56500", "2019-03-31": "536.94900", "2018-12-31": "540.49400", "2018-09-30": "663.11100", "2018-06-30": "1131.64700", "2018-03-31": "1113.79500", "2017-12-31": "1120.73200", "2017-09-30": "1133.90300", "2017-06-30": "1128.04700", "2017-03-31": "1111.84800", "2016-12-31": "1108.20100", "2016-09-30": "1109.84100", "2016-06-30": "1131.18100", "2016-03-31": "1084.43900", "2015-12-31": "1114.77100", "2015-09-30": "1145.23500", "2015-06-30": "1148.72900", "2015-03-31": "1138.89800", "2014-12-31": "1115.88100", "2014-09-30": "1156.58900", "2014-06-30": "1129.74400", "2014-03-31": "1117.59700", "2013-12-31": "1703.06100", "2013-09-30": "765.54200", "2013-06-30": "457.06000", "2013-03-31": "6.58900", "2012-12-31": "9.45900", "2012-09-30": "1.27600", "2012-06-30": "1.65600", "2012-03-31": "0.74100", "2011-12-31": "0.85800", "2011-09-30": "0.92000", "2011-06-30": "1.96000", "2011-03-31": "", "2010-12-31": "0.27000"}, "Long Term Debt": {"2020-09-30": "5633.19300", "2020-06-30": "5694.90100", "2020-03-31": "5987.48100", "2019-12-31": "5387.54200", "2019-09-30": "5235.48800", "2019-06-30": "5261.49400", "2019-03-31": "5628.50700", "2018-12-31": "5693.03900", "2018-09-30": "5555.12700", "2018-06-30": "5050.34700", "2018-03-31": "5021.42300", "2017-12-31": "5089.18600", "2017-09-30": "4935.79700", "2017-06-30": "5107.17100", "2017-03-31": "5311.37200", "2016-12-31": "5393.90800", "2016-09-30": "5582.37500", "2016-06-30": "7506.24100", "2016-03-31": "6837.09600", "2015-12-31": "7096.90800", "2015-09-30": "7985.96500", "2015-06-30": "8465.50100", "2015-03-31": "9403.19700", "2014-12-31": "9472.92200", "2014-09-30": "10636.29000", "2014-06-30": "8815.74100", "2014-03-31": "9345.16100", "2013-12-31": "3375.71800", "2013-09-30": "869.89100", "2013-06-30": "869.91800", "2013-03-31": "905.11800", "2012-12-31": "389.72200", "2012-09-30": "126.85000", "2012-06-30": "105.15300", "2012-03-31": "79.85900", "2011-12-31": "72.66700", "2011-09-30": "51.50000", "2011-06-30": "", "2011-03-31": "", "2010-12-31": ""}, "Other Non-Current Liabilities": {"2020-09-30": "372.38100", "2020-06-30": "376.97700", "2020-03-31": "431.79600", "2019-12-31": "384.29600", "2019-09-30": "451.27600", "2019-06-30": "417.72600", "2019-03-31": "427.17400", "2018-12-31": "429.81600", "2018-09-30": "414.76800", "2018-06-30": "434.20900", "2018-03-31": "440.06600", "2017-12-31": "436.90300", "2017-09-30": "440.06400", "2017-06-30": "449.34300", "2017-03-31": "451.68900", "2016-12-31": "454.58800", "2016-09-30": "477.90900", "2016-06-30": "468.58400", "2016-03-31": "478.06300", "2015-12-31": "480.22800", "2015-09-30": "516.46300", "2015-06-30": "431.30700", "2015-03-31": "454.50100", "2014-12-31": "456.00300", "2014-09-30": "1071.81600", "2014-06-30": "506.21300", "2014-03-31": "487.65600", "2013-12-31": "231.77700", "2013-09-30": "62.77500", "2013-06-30": "37.59500", "2013-03-31": "10.37400", "2012-12-31": "18.11200", "2012-09-30": "0.80300", "2012-06-30": "0.69500", "2012-03-31": "0.60300", "2011-12-31": "0.72400", "2011-09-30": "0.95000", "2011-06-30": "", "2011-03-31": "", "2010-12-31": ""}, "Total Long Term Liabilities": {"2020-09-30": "6005.57400", "2020-06-30": "6071.87800", "2020-03-31": "6419.27700", "2019-12-31": "5771.83800", "2019-09-30": "5686.76400", "2019-06-30": "5679.22000", "2019-03-31": "6055.68100", "2018-12-31": "6122.85500", "2018-09-30": "5969.89500", "2018-06-30": "5484.55600", "2018-03-31": "5461.48900", "2017-12-31": "5541.97000", "2017-09-30": "5375.86100", "2017-06-30": "5556.51400", "2017-03-31": "5763.06100", "2016-12-31": "5859.84000", "2016-09-30": "6060.28400", "2016-06-30": "7974.82500", "2016-03-31": "7315.15900", "2015-12-31": "7577.13600", "2015-09-30": "8502.42900", "2015-06-30": "8896.80800", "2015-03-31": "9857.69800", "2014-12-31": "9928.92500", "2014-09-30": "11708.10000", "2014-06-30": "9321.95400", "2014-03-31": "9832.81700", "2013-12-31": "3607.49500", "2013-09-30": "932.66600", "2013-06-30": "907.51290", "2013-03-31": "915.49210", "2012-12-31": "407.83400", "2012-09-30": "127.65300", "2012-06-30": "105.84800", "2012-03-31": "80.46200", "2011-12-31": "73.39100", "2011-09-30": "52.45000", "2011-06-30": "", "2011-03-31": "", "2010-12-31": ""}, "Total Liabilities": {"2020-09-30": "6583.85400", "2020-06-30": "6669.90300", "2020-03-31": "7081.32200", "2019-12-31": "6437.40200", "2019-09-30": "7433.48100", "2019-06-30": "6429.75700", "2019-03-31": "6820.75000", "2018-12-31": "6663.34900", "2018-09-30": "6633.00600", "2018-06-30": "6616.20300", "2018-03-31": "6575.28400", "2017-12-31": "6662.70200", "2017-09-30": "6509.76400", "2017-06-30": "6684.56100", "2017-03-31": "6874.90900", "2016-12-31": "6968.04100", "2016-09-30": "7170.12500", "2016-06-30": "9106.00600", "2016-03-31": "8399.59800", "2015-12-31": "8691.90700", "2015-09-30": "9647.66300", "2015-06-30": "10045.54000", "2015-03-31": "10996.60000", "2014-12-31": "11044.81000", "2014-09-30": "12864.69000", "2014-06-30": "10451.70000", "2014-03-31": "10950.41000", "2013-12-31": "5310.55600", "2013-09-30": "1698.20800", "2013-06-30": "1364.57300", "2013-03-31": "922.08100", "2012-12-31": "417.29300", "2012-09-30": "128.92900", "2012-06-30": "107.50400", "2012-03-31": "81.20300", "2011-12-31": "74.24900", "2011-09-30": "67.24000", "2011-06-30": "1.96000", "2011-03-31": "0.00000", "2010-12-31": "0.27000"}, "Common Stock Net": {"2020-09-30": "10.91300", "2020-06-30": "10.77900", "2020-03-31": "10.77800", "2019-12-31": "10.76800", "2019-09-30": "10.67700", "2019-06-30": "9.73400", "2019-03-31": "9.71600", "2018-12-31": "9.67500", "2018-09-30": "9.67400", "2018-06-30": "9.67400", "2018-03-31": "9.68100", "2017-12-31": "9.74200", "2017-09-30": "9.74200", "2017-06-30": "9.74200", "2017-03-31": "9.74200", "2016-12-31": "9.74100", "2016-09-30": "9.74200", "2016-06-30": "9.04800", "2016-03-31": "9.04800", "2015-12-31": "9.04900", "2015-09-30": "9.05000", "2015-06-30": "9.05100", "2015-03-31": "9.05100", "2014-12-31": "9.05500", "2014-09-30": "9.08000", "2014-06-30": "9.07900", "2014-03-31": "7.69900", "2013-12-31": "2.39200", "2013-09-30": "1.84800", "2013-06-30": "1.84600", "2013-03-31": "1.54300", "2012-12-31": "1.79200", "2012-09-30": "0.11200", "2012-06-30": "0.10700", "2012-03-31": "0.07300", "2011-12-31": "0.07300", "2011-09-30": "0.05000", "2011-06-30": "0.00000", "2011-03-31": "0.00000", "2010-12-31": "0.00000"}, "Retained Earnings (Accumulated Deficit)": {"2020-09-30": "-6514.17100", "2020-06-30": "-6517.30300", "2020-03-31": "-6475.56800", "2019-12-31": "-6399.62600", "2019-09-30": "-6306.59000", "2019-06-30": "-5416.75900", "2019-03-31": "-5550.57400", "2018-12-31": "-5467.23600", "2018-09-30": "-5343.36800", "2018-06-30": "-5120.24000", "2018-03-31": "-4896.34900", "2017-12-31": "-4776.58100", "2017-09-30": "-4592.53300", "2017-06-30": "-4456.70800", "2017-03-31": "-4338.02900", "2016-12-31": "-4200.42300", "2016-09-30": "-3933.09200", "2016-06-30": "-3810.34100", "2016-03-31": "-3671.05000", "2015-12-31": "-3415.23300", "2015-09-30": "-3085.90600", "2015-06-30": "-2951.01900", "2015-03-31": "-2826.52400", "2014-12-31": "-2778.57600", "2014-09-30": "-2182.73100", "2014-06-30": "-1628.35400", "2014-03-31": "-1365.46700", "2013-12-31": "-877.95700", "2013-09-30": "-480.81700", "2013-06-30": "-379.50200", "2013-03-31": "-290.48400", "2012-12-31": "-120.07200", "2012-09-30": "-13.29500", "2012-06-30": "-9.91500", "2012-03-31": "-6.22300", "2011-12-31": "-4.02500", "2011-09-30": "-0.65000", "2011-06-30": "-0.01000", "2011-03-31": "", "2010-12-31": ""}, "Comprehensive Income": {"2020-09-30": "-97.00800", "2020-06-30": "-106.10900", "2020-03-31": "-104.21700", "2019-12-31": "-27.67000", "2019-09-30": "-47.88600", "2019-06-30": "-28.02600", "2019-03-31": "-12.20200", "2018-12-31": "-1.28000", "2018-09-30": "-1.03100", "2018-06-30": "-4.29000", "2018-03-31": "-4.28400", "2017-12-31": "-3.56900", "2017-09-30": "-3.33000", "2017-06-30": "-1.92800", "2017-03-31": "-1.79500", "2016-12-31": "-2.55600", "2016-09-30": "-4.68700", "2016-06-30": "-12.29700", "2016-03-31": "-11.34500", "2015-12-31": "-2.02500", "2015-09-30": "-9.80600", "2015-06-30": "-1.92800", "2015-03-31": "-4.13600", "2014-12-31": "2.72800", "2014-09-30": "8.60000", "2014-06-30": "12.39200", "2014-03-31": "13.39700", "2013-12-31": "7.66600", "2013-09-30": "4.85700", "2013-06-30": "8.91900", "2013-03-31": "-5.01800", "2012-12-31": "-3.93400", "2012-09-30": "-0.01300", "2012-06-30": "-0.01300", "2012-03-31": "", "2011-12-31": "", "2011-09-30": "", "2011-06-30": "", "2011-03-31": "", "2010-12-31": ""}, "Other Share Holders Equity": {"2020-09-30": "", "2020-06-30": "", "2020-03-31": "", "2019-12-31": "", "2019-09-30": "", "2019-06-30": "", "2019-03-31": "", "2018-12-31": "", "2018-09-30": "", "2018-06-30": "", "2018-03-31": "", "2017-12-31": "", "2017-09-30": "", "2017-06-30": "", "2017-03-31": "", "2016-12-31": "", "2016-09-30": "", "2016-06-30": "", "2016-03-31": "", "2015-12-31": "", "2015-09-30": "", "2015-06-30": "", "2015-03-31": "", "2014-12-31": "", "2014-09-30": "", "2014-06-30": "", "2014-03-31": "", "2013-12-31": "", "2013-09-30": "", "2013-06-30": "", "2013-03-31": "", "2012-12-31": "", "2012-09-30": "", "2012-06-30": "", "2012-03-31": "", "2011-12-31": "", "2011-09-30": "3.84000", "2011-06-30": "0.00000", "2011-03-31": "0.00000", "2010-12-31": "0.00000"}, "Share Holder Equity": {"2020-09-30": "6455.74400", "2020-06-30": "6651.27900", "2020-03-31": "6691.11500", "2019-12-31": "6843.27800", "2019-09-30": "7022.04200", "2019-06-30": "7352.12700", "2019-03-31": "7232.87400", "2018-12-31": "7300.14400", "2018-09-30": "7423.87400", "2018-06-30": "7645.40400", "2018-03-31": "7876.50500", "2017-12-31": "8042.87600", "2017-09-30": "8226.96900", "2017-06-30": "8363.47900", "2017-03-31": "8481.62600", "2016-12-31": "8619.53300", "2016-09-30": "8887.69500", "2016-06-30": "8302.50500", "2016-03-31": "8444.01400", "2015-12-31": "8713.95900", "2015-09-30": "9057.22500", "2015-06-30": "9203.83800", "2015-03-31": "9325.43200", "2014-12-31": "9382.33000", "2014-09-30": "10002.89000", "2014-06-30": "10863.79000", "2014-03-31": "9529.88600", "2013-12-31": "2498.52700", "2013-09-30": "1452.80500", "2013-06-30": "1552.21200", "2013-03-31": "1166.02100", "2012-12-31": "1548.15900", "2012-09-30": "97.65000", "2012-06-30": "93.66200", "2012-03-31": "55.18900", "2011-12-31": "57.33200", "2011-09-30": "45.40000", "2011-06-30": "-0.01000", "2011-03-31": "0.00000", "2010-12-31": "0.00000"}, "Total Liabilities And Share Holders Equity": {"2020-09-30": "13039.60000", "2020-06-30": "13321.18000", "2020-03-31": "13772.44000", "2019-12-31": "13280.68000", "2019-09-30": "14455.52000", "2019-06-30": "13781.88000", "2019-03-31": "14053.62000", "2018-12-31": "13963.49000", "2018-09-30": "14056.88000", "2018-06-30": "14261.61000", "2018-03-31": "14451.79000", "2017-12-31": "14705.58000", "2017-09-30": "14736.73000", "2017-06-30": "15048.04000", "2017-03-31": "15356.54000", "2016-12-31": "15587.57000", "2016-09-30": "16057.82000", "2016-06-30": "17408.51000", "2016-03-31": "16843.61000", "2015-12-31": "17405.87000", "2015-09-30": "18704.89000", "2015-06-30": "19249.38000", "2015-03-31": "20322.03000", "2014-12-31": "20427.14000", "2014-09-30": "22867.58000", "2014-06-30": "21315.49000", "2014-03-31": "20480.30000", "2013-12-31": "7809.08300", "2013-09-30": "3151.01300", "2013-06-30": "2916.78500", "2013-03-31": "2088.10200", "2012-12-31": "1965.45200", "2012-09-30": "226.57900", "2012-06-30": "201.16600", "2012-03-31": "136.39200", "2011-12-31": "131.58100", "2011-09-30": "112.64000", "2011-06-30": "1.95000", "2011-03-31": "0.00000", "2010-12-31": "0.27000"}}, "cash flow statement": {"Net Income/Loss": {"2019-12-31": "-307.10600", "2018-12-31": "-88.03000", "2017-12-31": "32.37800", "2016-12-31": "-200.82400", "2015-12-31": "-323.49200", "2014-12-31": "-1010.91200", "2013-12-31": "-507.81500", "2012-12-31": "-42.23700", "2011-12-31": "-4.80400", "2010-12-31": "0.00000"}, "Total Depreciation And Amortization - Cash Flow": {"2019-12-31": "495.23200", "2018-12-31": "659.94800", "2017-12-31": "745.49900", "2016-12-31": "806.54800", "2015-12-31": "866.54900", "2014-12-31": "1007.16400", "2013-12-31": "238.30700", "2012-12-31": "43.15200", "2011-12-31": "2.32300", "2010-12-31": "0.00000"}, "Other Non-Cash Items": {"2019-12-31": "-242.71400", "2018-12-31": "-38.41700", "2017-12-31": "5.29600", "2016-12-31": "262.56700", "2015-12-31": "399.57100", "2014-12-31": "795.08000", "2013-12-31": "225.59400", "2012-12-31": "1.83000", "2011-12-31": "1.04000", "2010-12-31": ""}, "Total Non-Cash Items": {"2019-12-31": "252.51800", "2018-12-31": "621.53090", "2017-12-31": "750.79490", "2016-12-31": "1069.11500", "2015-12-31": "1266.12000", "2014-12-31": "1802.24400", "2013-12-31": "463.90100", "2012-12-31": "44.98200", "2011-12-31": "3.36300", "2010-12-31": ""}, "Change In Accounts Receivable": {"2019-12-31": "", "2018-12-31": "", "2017-12-31": "", "2016-12-31": "", "2015-12-31": "", "2014-12-31": "", "2013-12-31": "", "2012-12-31": "", "2011-12-31": "", "2010-12-31": ""}, "Change In Inventories": {"2019-12-31": "", "2018-12-31": "", "2017-12-31": "", "2016-12-31": "", "2015-12-31": "", "2014-12-31": "", "2013-12-31": "", "2012-12-31": "", "2011-12-31": "", "2010-12-31": ""}, "Change In Accounts Payable": {"2019-12-31": "-16.71900", "2018-12-31": "1.68800", "2017-12-31": "10.74200", "2016-12-31": "-3.32300", "2015-12-31": "-0.99900", "2014-12-31": "-16.27900", "2013-12-31": "20.78900", "2012-12-31": "8.27700", "2011-12-31": "0.84300", "2010-12-31": ""}, "Change In Assets/Liabilities": {"2019-12-31": "-36.29600", "2018-12-31": "-41.27500", "2017-12-31": "-0.64800", "2016-12-31": "-67.02000", "2015-12-31": "-81.93400", "2014-12-31": "-272.16600", "2013-12-31": "35.04300", "2012-12-31": "-1.58200", "2011-12-31": "0.34100", "2010-12-31": ""}, "Total Change In Assets/Liabilities": {"2019-12-31": "-53.01500", "2018-12-31": "-39.58700", "2017-12-31": "10.09400", "2016-12-31": "-70.34300", "2015-12-31": "-82.93300", "2014-12-31": "-288.44500", "2013-12-31": "55.83200", "2012-12-31": "6.69500", "2011-12-31": "1.18400", "2010-12-31": "0.00000"}, "Cash Flow From Operating Activities": {"2019-12-31": "-107.60300", "2018-12-31": "493.91400", "2017-12-31": "793.26700", "2016-12-31": "797.94800", "2015-12-31": "859.69500", "2014-12-31": "502.88700", "2013-12-31": "11.91800", "2012-12-31": "9.44000", "2011-12-31": "-0.25700", "2010-12-31": "0.00000"}, "Net Change In Property, Plant, And Equipment": {"2019-12-31": "999.73400", "2018-12-31": "469.93600", "2017-12-31": "407.79000", "2016-12-31": "964.46200", "2015-12-31": "930.94500", "2014-12-31": "1479.67500", "2013-12-31": "-10.29800", "2012-12-31": "0.49900", "2011-12-31": "", "2010-12-31": "0.00000"}, "Net Change In Intangible Assets": {"2019-12-31": "", "2018-12-31": "", "2017-12-31": "", "2016-12-31": "", "2015-12-31": "", "2014-12-31": "", "2013-12-31": "", "2012-12-31": "", "2011-12-31": "", "2010-12-31": ""}, "Net Acquisitions/Divestitures": {"2019-12-31": "", "2018-12-31": "", "2017-12-31": "", "2016-12-31": "", "2015-12-31": "", "2014-12-31": "-756.23200", "2013-12-31": "-878.89800", "2012-12-31": "", "2011-12-31": "", "2010-12-31": "0.00000"}, "Net Change In Short-term Investments": {"2019-12-31": "", "2018-12-31": "", "2017-12-31": "", "2016-12-31": "", "2015-12-31": "", "2014-12-31": "", "2013-12-31": "", "2012-12-31": "", "2011-12-31": "", "2010-12-31": ""}, "Net Change In Long-Term Investments": {"2019-12-31": "-386.45400", "2018-12-31": "-454.38200", "2017-12-31": "-696.63200", "2016-12-31": "-123.39100", "2015-12-31": "-29.44800", "2014-12-31": "-3385.60600", "2013-12-31": "-3482.46000", "2012-12-31": "-1701.28300", "2011-12-31": "-89.98100", "2010-12-31": ""}, "Net Change In Investments - Total": {"2019-12-31": "-386.45400", "2018-12-31": "-454.38200", "2017-12-31": "-696.63200", "2016-12-31": "-123.39100", "2015-12-31": "-29.44800", "2014-12-31": "-3385.60600", "2013-12-31": "-3482.46000", "2012-12-31": "-1701.28300", "2011-12-31": "-89.98100", "2010-12-31": "0.00000"}, "Investing Activities - Other": {"2019-12-31": "-0.06200", "2018-12-31": "135.56500", "2017-12-31": "14.73600", "2016-12-31": "40.56600", "2015-12-31": "39.92000", "2014-12-31": "107.70700", "2013-12-31": "-170.06200", "2012-12-31": "-0.63800", "2011-12-31": "", "2010-12-31": ""}, "Cash Flow From Investing Activities": {"2019-12-31": "613.21800", "2018-12-31": "151.11900", "2017-12-31": "-274.10600", "2016-12-31": "881.63700", "2015-12-31": "941.41700", "2014-12-31": "-2554.45600", "2013-12-31": "-4541.71800", "2012-12-31": "-1701.42200", "2011-12-31": "-89.98100", "2010-12-31": "0.00000"}, "Net Long-Term Debt": {"2019-12-31": "784.44490", "2018-12-31": "29.10400", "2017-12-31": "-135.84010", "2016-12-31": "-1605.11300", "2015-12-31": "-1911.44700", "2014-12-31": "2205.67200", "2013-12-31": "2683.82700", "2012-12-31": "311.99500", "2011-12-31": "12.37700", "2010-12-31": ""}, "Net Current Debt": {"2019-12-31": "-1160.97700", "2018-12-31": "", "2017-12-31": "", "2016-12-31": "", "2015-12-31": "", "2014-12-31": "", "2013-12-31": "", "2012-12-31": "", "2011-12-31": "", "2010-12-31": "0.00000"}, "Debt Issuance/Retirement Net - Total": {"2019-12-31": "-376.53210", "2018-12-31": "29.10400", "2017-12-31": "-135.84010", "2016-12-31": "-1605.11300", "2015-12-31": "-1911.44700", "2014-12-31": "2205.67200", "2013-12-31": "2683.82700", "2012-12-31": "311.99500", "2011-12-31": "12.37700", "2010-12-31": "0.00000"}, "Net Common Equity Issued/Repurchased": {"2019-12-31": "1012.59700", "2018-12-31": "-52.48000", "2017-12-31": "-2.66600", "2016-12-31": "698.11300", "2015-12-31": "-2.22700", "2014-12-31": "1648.31000", "2013-12-31": "2078.96600", "2012-12-31": "1689.87800", "2011-12-31": "122.99300", "2010-12-31": ""}, "Net Total Equity Issued/Repurchased": {"2019-12-31": "712.47500", "2018-12-31": "-52.48000", "2017-12-31": "-2.66600", "2016-12-31": "698.11300", "2015-12-31": "-2.22700", "2014-12-31": "1332.18400", "2013-12-31": "2366.95700", "2012-12-31": "1698.87800", "2011-12-31": "122.99300", "2010-12-31": "0.00000"}, "Total Common And Preferred Stock Dividends Paid": {"2019-12-31": "-665.24100", "2018-12-31": "-606.67900", "2017-12-31": "-608.61500", "2016-12-31": "-580.50800", "2015-12-31": "-235.49400", "2014-12-31": "-950.41400", "2013-12-31": "-243.11600", "2012-12-31": "-38.33600", "2011-12-31": "-1.81100", "2010-12-31": "0.00000"}, "Financial Activities - Other": {"2019-12-31": "-196.10000", "2018-12-31": "-25.35100", "2017-12-31": "-9.47400", "2016-12-31": "-19.47700", "2015-12-31": "-2.43600", "2014-12-31": "-171.88800", "2013-12-31": "-517.71800", "2012-12-31": "-7.31100", "2011-12-31": "-23.99000", "2010-12-31": ""}, "Cash Flow From Financial Activities": {"2019-12-31": "-525.39800", "2018-12-31": "-655.40600", "2017-12-31": "-756.59500", "2016-12-31": "-1506.98500", "2015-12-31": "-2151.60400", "2014-12-31": "2415.55500", "2013-12-31": "4289.95000", "2012-12-31": "1965.22600", "2011-12-31": "109.56900", "2010-12-31": "0.00000"}, "Net Cash Flow": {"2019-12-31": "-19.78300", "2018-12-31": "-10.37300", "2017-12-31": "-237.43400", "2016-12-31": "189.34400", "2015-12-31": "-346.72600", "2014-12-31": "363.98600", "2013-12-31": "-239.85000", "2012-12-31": "273.24400", "2011-12-31": "19.33100", "2010-12-31": "0.00000"}, "Stock-Based Compensation": {"2019-12-31": "13.10100", "2018-12-31": "13.31400", "2017-12-31": "16.75100", "2016-12-31": "10.72800", "2015-12-31": "14.50000", "2014-12-31": "31.86100", "2013-12-31": "100.26100", "2012-12-31": "1.23000", "2011-12-31": "0.22500", "2010-12-31": ""}, "Common Stock Dividends Paid": {"2019-12-31": "-665.24100", "2018-12-31": "-606.67900", "2017-12-31": "-608.61500", "2016-12-31": "-580.50800", "2015-12-31": "-235.49400", "2014-12-31": "-950.41400", "2013-12-31": "-243.11600", "2012-12-31": "-38.33600", "2011-12-31": "-1.81100", "2010-12-31": ""}}, "cash flow statement, quarterly": {"Net Income/Loss": {"2020-09-30": 97.983, "2020-06-30": 54.239, "2020-03-31": "86.86300", "2019-12-31": 71.168, "2019-09-30": -741.529, "2019-06-30": 292.284, "2019-03-31": "70.97100", "2018-12-31": 27.842, "2018-09-30": -73.942, "2018-06-30": -74.467, "2018-03-31": "32.53700", "2017-12-31": -33.092, "2017-09-30": 16.494, "2017-06-30": 34.186, "2017-03-31": "14.79000", "2016-12-31": -118.223, "2016-09-30": 30.246, "2016-06-30": 3.233, "2016-03-31": "-116.08000", "2015-12-31": -192.231, "2015-09-30": 8.141, "2015-06-30": -108.709, "2015-03-31": "-30.69300", "2014-12-31": -360.427, "2014-09-30": -288.047, "2014-06-30": -56.598, "2014-03-31": "-305.84000", "2013-12-31": -206.249, "2013-09-30": -87.538, "2013-06-30": -72.433, "2013-03-31": "-141.59500", "2012-12-31": -17.284, "2012-09-30": -12.755, "2012-06-30": -7.156, "2012-03-31": "-5.04200", "2011-12-31": -1.995, "2011-09-30": -0.669, "2011-06-30": 0, "2011-03-31": "-0.01600", "2010-12-31": 0}, "Total Depreciation And Amortization - Cash Flow": {"2020-09-30": 112.498, "2020-06-30": 113.922, "2020-03-31": "126.98000", "2019-12-31": 116.099, "2019-09-30": 118.362, "2019-06-30": 121.377, "2019-03-31": "139.39400", "2018-12-31": 156.419, "2018-09-30": 161.213, "2018-06-30": 169.858, "2018-03-31": "172.45800", "2017-12-31": 182.826, "2017-09-30": 182.257, "2017-06-30": 190.536, "2017-03-31": "189.88000", "2016-12-31": 196.257, "2016-09-30": 200.023, "2016-06-30": 201.906, "2016-03-31": "208.36200", "2015-12-31": 205.834, "2015-09-30": 216.002, "2015-06-30": 220.602, "2015-03-31": "224.11100", "2014-12-31": 262.619, "2014-09-30": 271.361, "2014-06-30": 259.144, "2014-03-31": "214.04000", "2013-12-31": 106.702, "2013-09-30": 67.362, "2013-06-30": 36.2, "2013-03-31": "28.04300", "2012-12-31": 19.565, "2012-09-30": 12.382, "2012-06-30": 7.448, "2012-03-31": "3.75700", "2011-12-31": 1.408, "2011-09-30": 0.402, "2011-06-30": 0, "2011-03-31": "", "2010-12-31": 0}, "Other Non-Cash Items": {"2020-09-30": -23.114, "2020-06-30": 6.817, "2020-03-31": "-12.43900", "2019-12-31": -2.705, "2019-09-30": -12.964, "2019-06-30": -235.096, "2019-03-31": "8.05100", "2018-12-31": -6.147, "2018-09-30": -22.365, "2018-06-30": 4.507, "2018-03-31": "-14.41200", "2017-12-31": 38.277, "2017-09-30": -0.196, "2017-06-30": -29.911, "2017-03-31": "-2.87400", "2016-12-31": 127.621, "2016-09-30": -14.401, "2016-06-30": 12.102, "2016-03-31": "137.24500", "2015-12-31": 243.454, "2015-09-30": 9.486, "2015-06-30": 116.119, "2015-03-31": "30.51200", "2014-12-31": 394.462, "2014-09-30": 279.693, "2014-06-30": 0.679, "2014-03-31": "120.24600", "2013-12-31": 45.674, "2013-09-30": 34.242, "2013-06-30": 34.631, "2013-03-31": "111.04700", "2012-12-31": 0.541, "2012-09-30": 0.554, "2012-06-30": 0.266, "2012-03-31": "0.46900", "2011-12-31": 1.038, "2011-09-30": 0.002, "2011-06-30": 0, "2011-03-31": "", "2010-12-31": 0}, "Total Non-Cash Items": {"2020-09-30": 89.384, "2020-06-30": 120.739, "2020-03-31": "114.54100", "2019-12-31": 113.394, "2019-09-30": 105.398, "2019-06-30": -113.719, "2019-03-31": "147.44500", "2018-12-31": 150.2719, "2018-09-30": 138.848, "2018-06-30": 174.365, "2018-03-31": "158.04600", "2017-12-31": 221.1029, "2017-09-30": 182.061, "2017-06-30": 160.625, "2017-03-31": "187.00600", "2016-12-31": 323.878, "2016-09-30": 185.622, "2016-06-30": 214.008, "2016-03-31": "345.60700", "2015-12-31": 449.288, "2015-09-30": 225.488, "2015-06-30": 336.721, "2015-03-31": "254.62300", "2014-12-31": 657.081, "2014-09-30": 551.0539, "2014-06-30": 259.8231, "2014-03-31": "334.28600", "2013-12-31": 152.376, "2013-09-30": 101.604, "2013-06-30": 70.831, "2013-03-31": "139.09000", "2012-12-31": 20.106, "2012-09-30": 12.936, "2012-06-30": 7.714, "2012-03-31": "4.22600", "2011-12-31": 1.406, "2011-09-30": 0.404, "2011-06-30": 0, "2011-03-31": "", "2010-12-31": 0}, "Change In Accounts Receivable": {"2020-09-30": 0, "2020-06-30": 0, "2020-03-31": "", "2019-12-31": 0, "2019-09-30": 0, "2019-06-30": 0, "2019-03-31": "", "2018-12-31": 0, "2018-09-30": 0, "2018-06-30": 0, "2018-03-31": "", "2017-12-31": 0, "2017-09-30": 0, "2017-06-30": 0, "2017-03-31": "", "2016-12-31": 0, "2016-09-30": 0, "2016-06-30": 0, "2016-03-31": "", "2015-12-31": 0, "2015-09-30": 0, "2015-06-30": 0, "2015-03-31": "", "2014-12-31": 0, "2014-09-30": 0, "2014-06-30": 0, "2014-03-31": "", "2013-12-31": 0, "2013-09-30": 0, "2013-06-30": 0, "2013-03-31": "", "2012-12-31": 0, "2012-09-30": 0, "2012-06-30": 0, "2012-03-31": "", "2011-12-31": 0, "2011-09-30": 0, "2011-06-30": 0, "2011-03-31": "", "2010-12-31": 0}, "Change In Inventories": {"2020-09-30": 0, "2020-06-30": 0, "2020-03-31": "", "2019-12-31": 0, "2019-09-30": 0, "2019-06-30": 0, "2019-03-31": "", "2018-12-31": 0, "2018-09-30": 0, "2018-06-30": 0, "2018-03-31": "", "2017-12-31": 0, "2017-09-30": 0, "2017-06-30": 0, "2017-03-31": "", "2016-12-31": 0, "2016-09-30": 0, "2016-06-30": 0, "2016-03-31": "", "2015-12-31": 0, "2015-09-30": 0, "2015-06-30": 0, "2015-03-31": "", "2014-12-31": 0, "2014-09-30": 0, "2014-06-30": 0, "2014-03-31": "", "2013-12-31": 0, "2013-09-30": 0, "2013-06-30": 0, "2013-03-31": "", "2012-12-31": 0, "2012-09-30": 0, "2012-06-30": 0, "2012-03-31": "", "2011-12-31": 0, "2011-09-30": 0, "2011-06-30": 0, "2011-03-31": "", "2010-12-31": 0}, "Change In Accounts Payable": {"2020-09-30": 4.225, "2020-06-30": -11.121, "2020-03-31": "-2.74900", "2019-12-31": -803.558, "2019-09-30": 799.943, "2019-06-30": -10.689, "2019-03-31": "-2.41500", "2018-12-31": -130.998, "2018-09-30": 128.446, "2018-06-30": 11.893, "2018-03-31": "-7.65300", "2017-12-31": -3.017, "2017-09-30": 4.653, "2017-06-30": 12.375, "2017-03-31": "-3.26900", "2016-12-31": 3.403, "2016-09-30": -13.443, "2016-06-30": 39.273, "2016-03-31": "-32.55600", "2015-12-31": -7.678, "2015-09-30": -8.162, "2015-06-30": 12.828, "2015-03-31": "2.01300", "2014-12-31": 37.155, "2014-09-30": -1.663, "2014-06-30": 21.624, "2014-03-31": "-73.39500", "2013-12-31": 10.354, "2013-09-30": 5.881, "2013-06-30": 6.514, "2013-03-31": "-1.96000", "2012-12-31": 6.718, "2012-09-30": -0.162, "2012-06-30": 1.53, "2012-03-31": "0.19100", "2011-12-31": 0.958, "2011-09-30": -0.131, "2011-06-30": 0, "2011-03-31": "0.01600", "2010-12-31": 0}, "Change In Assets/Liabilities": {"2020-09-30": 1.464, "2020-06-30": -14.916, "2020-03-31": "-26.64400", "2019-12-31": 6.168, "2019-09-30": -6.605, "2019-06-30": -13.892, "2019-03-31": "-21.96700", "2018-12-31": 13.141, "2018-09-30": -19.258, "2018-06-30": -2.093, "2018-03-31": "-33.06500", "2017-12-31": 12.917, "2017-09-30": 6.383, "2017-06-30": -5.304, "2017-03-31": "-14.64400", "2016-12-31": -15.764, "2016-09-30": -7.967, "2016-06-30": -24.93, "2016-03-31": "-18.35900", "2015-12-31": -17.812, "2015-09-30": -48.114, "2015-06-30": -20.197, "2015-03-31": "4.18900", "2014-12-31": -96.066, "2014-09-30": -27.393, "2014-06-30": -70.828, "2014-03-31": "-77.87900", "2013-12-31": 47.495, "2013-09-30": -4.828, "2013-06-30": -3.938, "2013-03-31": "-3.68600", "2012-12-31": -0.212, "2012-09-30": -0.365, "2012-06-30": 0.979, "2012-03-31": "-1.98400", "2011-12-31": -0.298, "2011-09-30": 0.639, "2011-06-30": 0, "2011-03-31": "", "2010-12-31": 0}, "Total Change In Assets/Liabilities": {"2020-09-30": 5.689, "2020-06-30": -26.037, "2020-03-31": "-29.39300", "2019-12-31": -797.39, "2019-09-30": 793.338, "2019-06-30": -24.581, "2019-03-31": "-24.38200", "2018-12-31": -117.857, "2018-09-30": 109.188, "2018-06-30": 9.8, "2018-03-31": "-40.71800", "2017-12-31": 9.9, "2017-09-30": 11.036, "2017-06-30": 7.071, "2017-03-31": "-17.91300", "2016-12-31": -12.361, "2016-09-30": -21.41, "2016-06-30": 14.343, "2016-03-31": "-50.91500", "2015-12-31": -25.49, "2015-09-30": -56.276, "2015-06-30": -7.369, "2015-03-31": "6.20200", "2014-12-31": -58.911, "2014-09-30": -29.056, "2014-06-30": -49.204, "2014-03-31": "-151.27400", "2013-12-31": 57.849, "2013-09-30": 1.053, "2013-06-30": 2.576, "2013-03-31": "-5.64600", "2012-12-31": 6.506, "2012-09-30": -0.527, "2012-06-30": 2.509, "2012-03-31": "-1.79300", "2011-12-31": 0.256, "2011-09-30": 0.508, "2011-06-30": 0, "2011-03-31": "0.01600", "2010-12-31": 0}, "Cash Flow From Operating Activities": {"2020-09-30": 193.056, "2020-06-30": 148.941, "2020-03-31": "172.01100", "2019-12-31": -612.828, "2019-09-30": 157.207, "2019-06-30": 153.984, "2019-03-31": "194.03400", "2018-12-31": 60.257, "2018-09-30": 174.094, "2018-06-30": 109.698, "2018-03-31": "149.86500", "2017-12-31": 197.911, "2017-09-30": 209.591, "2017-06-30": 201.882, "2017-03-31": "183.88300", "2016-12-31": 193.294, "2016-09-30": 194.458, "2016-06-30": 231.584, "2016-03-31": "178.61200", "2015-12-31": 231.567, "2015-09-30": 177.353, "2015-06-30": 220.643, "2015-03-31": "230.13200", "2014-12-31": 237.743, "2014-09-30": 233.951, "2014-06-30": 154.021, "2014-03-31": "-122.82800", "2013-12-31": 3.976, "2013-09-30": 15.119, "2013-06-30": 0.974, "2013-03-31": "-8.15100", "2012-12-31": 9.328, "2012-09-30": -0.346, "2012-06-30": 3.067, "2012-03-31": "-2.60900", "2011-12-31": 0.677, "2011-09-30": 0.243, "2011-06-30": 0, "2011-03-31": "", "2010-12-31": 0}, "Net Change In Property, Plant, And Equipment": {"2020-09-30": 330.817, "2020-06-30": -9.628, "2020-03-31": "-12.82000", "2019-12-31": 199.711, "2019-09-30": 831.053, "2019-06-30": -20.123, "2019-03-31": "-10.90700", "2018-12-31": 491.145, "2018-09-30": -8.506, "2018-06-30": -128.252, "2018-03-31": "115.54900", "2017-12-31": 66.497, "2017-09-30": 56.893, "2017-06-30": 101.344, "2017-03-31": "183.05600", "2016-12-31": 372.122, "2016-09-30": 259.189, "2016-06-30": 163.53, "2016-03-31": "169.62100", "2015-12-31": 580.418, "2015-09-30": 67.739, "2015-06-30": 56.887, "2015-03-31": "225.90100", "2014-12-31": 1428.525, "2014-09-30": -11.951, "2014-06-30": 18.472, "2014-03-31": "44.62900", "2013-12-31": -10.185, "2013-09-30": -0.083, "2013-06-30": -0.03, "2013-03-31": "", "2012-12-31": -0.054, "2012-09-30": 0.553, "2012-06-30": 0, "2012-03-31": "", "2011-12-31": 0, "2011-09-30": 0, "2011-06-30": 0, "2011-03-31": "", "2010-12-31": 0}, "Net Change In Intangible Assets": {"2020-09-30": 0, "2020-06-30": 0, "2020-03-31": "", "2019-12-31": 0, "2019-09-30": 0, "2019-06-30": 0, "2019-03-31": "", "2018-12-31": 0, "2018-09-30": 0, "2018-06-30": 0, "2018-03-31": "", "2017-12-31": 0, "2017-09-30": 0, "2017-06-30": 0, "2017-03-31": "", "2016-12-31": 0, "2016-09-30": 0, "2016-06-30": 0, "2016-03-31": "", "2015-12-31": 0, "2015-09-30": 0, "2015-06-30": 0, "2015-03-31": "", "2014-12-31": 0, "2014-09-30": 0.266, "2014-06-30": -0.008, "2014-03-31": "-0.25800", "2013-12-31": 0, "2013-09-30": 0, "2013-06-30": 0, "2013-03-31": "", "2012-12-31": 0, "2012-09-30": 0, "2012-06-30": 0, "2012-03-31": "", "2011-12-31": 0, "2011-09-30": 0, "2011-06-30": 0, "2011-03-31": "", "2010-12-31": 0}, "Net Acquisitions/Divestitures": {"2020-09-30": 0, "2020-06-30": 0, "2020-03-31": "", "2019-12-31": 0, "2019-09-30": 0, "2019-06-30": 0, "2019-03-31": "", "2018-12-31": 0, "2018-09-30": 0, "2018-06-30": 0, "2018-03-31": "", "2017-12-31": 0, "2017-09-30": 0, "2017-06-30": 0, "2017-03-31": "", "2016-12-31": 0, "2016-09-30": 0, "2016-06-30": 0, "2016-03-31": "", "2015-12-31": 0, "2015-09-30": 0, "2015-06-30": 0, "2015-03-31": "", "2014-12-31": 0, "2014-09-30": 0, "2014-06-30": -72.992, "2014-03-31": "-683.24000", "2013-12-31": -878.898, "2013-09-30": 0, "2013-06-30": 0, "2013-03-31": "", "2012-12-31": 0, "2012-09-30": 0, "2012-06-30": 0, "2012-03-31": "", "2011-12-31": 0, "2011-09-30": 0, "2011-06-30": 0, "2011-03-31": "", "2010-12-31": 0}, "Net Change In Short-term Investments": {"2020-09-30": 0, "2020-06-30": 0, "2020-03-31": "", "2019-12-31": 0, "2019-09-30": 0, "2019-06-30": 0, "2019-03-31": "", "2018-12-31": 0, "2018-09-30": 0, "2018-06-30": 0, "2018-03-31": "", "2017-12-31": 0, "2017-09-30": 0, "2017-06-30": 0, "2017-03-31": "", "2016-12-31": 0, "2016-09-30": 0, "2016-06-30": 0, "2016-03-31": "", "2015-12-31": 0, "2015-09-30": 0, "2015-06-30": 0, "2015-03-31": "", "2014-12-31": 0, "2014-09-30": 0, "2014-06-30": 0, "2014-03-31": "", "2013-12-31": 0, "2013-09-30": 0, "2013-06-30": 0, "2013-03-31": "", "2012-12-31": 0, "2012-09-30": 0, "2012-06-30": 0, "2012-03-31": "", "2011-12-31": 0, "2011-09-30": 0, "2011-06-30": 0, "2011-03-31": "", "2010-12-31": 0}, "Net Change In Long-Term Investments": {"2020-09-30": -214.405, "2020-06-30": 197.43, "2020-03-31": "-149.53300", "2019-12-31": -141.874, "2019-09-30": -798.335, "2019-06-30": 626.621, "2019-03-31": "-72.86600", "2018-12-31": -545.368, "2018-09-30": 88.025, "2018-06-30": 141.106, "2018-03-31": "-138.14500", "2017-12-31": -293.441, "2017-09-30": -249.269, "2017-06-30": -52.416, "2017-03-31": "-101.50600", "2016-12-31": -100.939, "2016-09-30": -2.5, "2016-06-30": 0, "2016-03-31": "-19.95200", "2015-12-31": -19.47, "2015-09-30": 0, "2015-06-30": -2.351, "2015-03-31": "-7.62700", "2014-12-31": -24.666, "2014-09-30": -2111.852, "2014-06-30": -612.047, "2014-03-31": "-637.04100", "2013-12-31": -270.564, "2013-09-30": -1044.947, "2013-06-30": -1735.25, "2013-03-31": "-431.69900", "2012-12-31": -727.845, "2012-09-30": -461.414, "2012-06-30": -307.605, "2012-03-31": "-204.41900", "2011-12-31": -89.981, "2011-09-30": 0, "2011-06-30": 0, "2011-03-31": "", "2010-12-31": 0}, "Net Change In Investments - Total": {"2020-09-30": -214.405, "2020-06-30": 197.43, "2020-03-31": "-149.53300", "2019-12-31": -141.874, "2019-09-30": -798.335, "2019-06-30": 626.621, "2019-03-31": "-72.86600", "2018-12-31": -545.368, "2018-09-30": 88.025, "2018-06-30": 141.106, "2018-03-31": "-138.14500", "2017-12-31": -293.441, "2017-09-30": -249.269, "2017-06-30": -52.416, "2017-03-31": "-101.50600", "2016-12-31": -100.939, "2016-09-30": -2.5, "2016-06-30": 0, "2016-03-31": "-19.95200", "2015-12-31": -19.47, "2015-09-30": 0, "2015-06-30": -2.351, "2015-03-31": "-7.62700", "2014-12-31": -24.666, "2014-09-30": -2111.852, "2014-06-30": -612.047, "2014-03-31": "-637.04100", "2013-12-31": -270.564, "2013-09-30": -1044.947, "2013-06-30": -1735.25, "2013-03-31": "-431.69900", "2012-12-31": -727.845, "2012-09-30": -461.414, "2012-06-30": -307.605, "2012-03-31": "-204.41900", "2011-12-31": -17.52, "2011-09-30": 0, "2011-06-30": 0, "2011-03-31": "", "2010-12-31": 0}, "Investing Activities - Other": {"2020-09-30": 0.053, "2020-06-30": -149.996, "2020-03-31": "142.70100", "2019-12-31": 1.035, "2019-09-30": -1.393, "2019-06-30": -60.634, "2019-03-31": "60.93000", "2018-12-31": 7.546, "2018-09-30": -2.71, "2018-06-30": -0.8, "2018-03-31": "131.52900", "2017-12-31": 10.059, "2017-09-30": -1.772, "2017-06-30": 5.998, "2017-03-31": "0.45100", "2016-12-31": 3.567, "2016-09-30": -14.742, "2016-06-30": 0.042, "2016-03-31": "51.69900", "2015-12-31": -4.125, "2015-09-30": 29.767, "2015-06-30": 12.495, "2015-03-31": "1.78300", "2014-12-31": 98.859, "2014-09-30": 18.419, "2014-06-30": -111.074, "2014-03-31": "101.50300", "2013-12-31": -63.396, "2013-09-30": 17.871, "2013-06-30": -116.768, "2013-03-31": "-7.76900", "2012-12-31": 4.276, "2012-09-30": -4.314, "2012-06-30": -0.6, "2012-03-31": "", "2011-12-31": 0, "2011-09-30": 0, "2011-06-30": 0, "2011-03-31": "", "2010-12-31": 0}, "Cash Flow From Investing Activities": {"2020-09-30": 116.465, "2020-06-30": 37.806, "2020-03-31": "-19.65200", "2019-12-31": 58.872, "2019-09-30": 31.325, "2019-06-30": 545.864, "2019-03-31": "-22.84300", "2018-12-31": -46.677, "2018-09-30": 76.809, "2018-06-30": 12.054, "2018-03-31": "108.93300", "2017-12-31": -216.885, "2017-09-30": -194.148, "2017-06-30": 54.926, "2017-03-31": "82.00100", "2016-12-31": 274.75, "2016-09-30": 241.947, "2016-06-30": 163.572, "2016-03-31": "201.36800", "2015-12-31": 556.823, "2015-09-30": 97.506, "2015-06-30": 67.031, "2015-03-31": "220.05700", "2014-12-31": 1502.718, "2014-09-30": -2105.118, "2014-06-30": -777.649, "2014-03-31": "-1174.40700", "2013-12-31": -1223.043, "2013-09-30": -1027.159, "2013-06-30": -1852.048, "2013-03-31": "-439.46800", "2012-12-31": -723.623, "2012-09-30": -465.175, "2012-06-30": -308.205, "2012-03-31": "-204.41900", "2011-12-31": -17.52, "2011-09-30": 0, "2011-06-30": 0, "2011-03-31": "", "2010-12-31": 0}, "Net Long-Term Debt": {"2020-09-30": -81.3819, "2020-06-30": -338.0921, "2020-03-31": "598.62600", "2019-12-31": 470.0929, "2019-09-30": -6.686, "2019-06-30": 381.464, "2019-03-31": "-60.42600", "2018-12-31": 143.84, "2018-09-30": -92.491, "2018-06-30": 45.342, "2018-03-31": "-67.58700", "2017-12-31": 153.3739, "2017-09-30": -105.215, "2017-06-30": -102.141, "2017-03-31": "-81.85800", "2016-12-31": -189.553, "2016-09-30": -1904.364, "2016-06-30": 690.546, "2016-03-31": "-201.74200", "2015-12-31": -725.256, "2015-09-30": -196.706, "2015-06-30": -931.335, "2015-03-31": "-58.15000", "2014-12-31": -1190.746, "2014-09-30": 2399.5816, "2014-06-30": -610.6416, "2014-03-31": "1607.47800", "2013-12-31": 1234.931, "2013-09-30": 966.576, "2013-06-30": -33.076, "2013-03-31": "515.39600", "2012-12-31": 106.142, "2012-09-30": 33.967, "2012-06-30": 88.588, "2012-03-31": "83.29800", "2011-12-31": 12.377, "2011-09-30": 0, "2011-06-30": 0, "2011-03-31": "", "2010-12-31": 0}, "Net Current Debt": {"2020-09-30": 0, "2020-06-30": -0.013, "2020-03-31": "-0.01300", "2019-12-31": -410.977, "2019-09-30": 0, "2019-06-30": -750, "2019-03-31": "", "2018-12-31": 0, "2018-09-30": 0, "2018-06-30": 0, "2018-03-31": "", "2017-12-31": 0, "2017-09-30": 0, "2017-06-30": 0, "2017-03-31": "", "2016-12-31": 0, "2016-09-30": 0, "2016-06-30": 0, "2016-03-31": "", "2015-12-31": 0, "2015-09-30": 0, "2015-06-30": 0, "2015-03-31": "", "2014-12-31": 0, "2014-09-30": 0, "2014-06-30": 0, "2014-03-31": "", "2013-12-31": 0, "2013-09-30": 0, "2013-06-30": 0, "2013-03-31": "", "2012-12-31": 0, "2012-09-30": 0, "2012-06-30": 0, "2012-03-31": "", "2011-12-31": -0.278, "2011-09-30": 0.278, "2011-06-30": 0, "2011-03-31": "", "2010-12-31": 0}, "Debt Issuance/Retirement Net - Total": {"2020-09-30": -81.3819, "2020-06-30": -338.1051, "2020-03-31": "598.61300", "2019-12-31": 59.1159, "2019-09-30": -6.686, "2019-06-30": -368.536, "2019-03-31": "-60.42600", "2018-12-31": 143.84, "2018-09-30": -92.491, "2018-06-30": 45.342, "2018-03-31": "-67.58700", "2017-12-31": 153.3739, "2017-09-30": -105.215, "2017-06-30": -102.141, "2017-03-31": "-81.85800", "2016-12-31": -189.553, "2016-09-30": -1904.364, "2016-06-30": 690.546, "2016-03-31": "-201.74200", "2015-12-31": -725.256, "2015-09-30": -196.706, "2015-06-30": -931.335, "2015-03-31": "-58.15000", "2014-12-31": -1190.746, "2014-09-30": 2399.5816, "2014-06-30": -610.6416, "2014-03-31": "1607.47800", "2013-12-31": 1234.931, "2013-09-30": 966.576, "2013-06-30": -33.076, "2013-03-31": "515.39600", "2012-12-31": 106.142, "2012-09-30": 33.967, "2012-06-30": 88.588, "2012-03-31": "83.29800", "2011-12-31": 7.032, "2011-09-30": 0.278, "2011-06-30": 0, "2011-03-31": "", "2010-12-31": 0}, "Net Common Equity Issued/Repurchased": {"2020-09-30": 89.122, "2020-06-30": 0, "2020-03-31": "-2.37800", "2019-12-31": 85.211, "2019-09-30": 886.912, "2019-06-30": 21.175, "2019-03-31": "19.29900", "2018-12-31": -0.117, "2018-09-30": -0.061, "2018-06-30": -6.058, "2018-03-31": "-46.24400", "2017-12-31": -0.235, "2017-09-30": -0.215, "2017-06-30": -1.24, "2017-03-31": "-0.97600", "2016-12-31": -0.504, "2016-09-30": 700.415, "2016-06-30": -0.997, "2016-03-31": "-0.80100", "2015-12-31": -0.593, "2015-09-30": -0.295, "2015-06-30": -0.132, "2015-03-31": "-1.20700", "2014-12-31": 54.965, "2014-09-30": -0.117, "2014-06-30": 1593.462, "2014-03-31": "", "2013-12-31": 629.862, "2013-09-30": -10.616, "2013-06-30": 492.8529, "2013-03-31": "966.86710", "2012-12-31": 36.786, "2012-09-30": 827.9621, "2012-06-30": 640.3439, "2012-03-31": "184.78600", "2011-12-31": 117.756, "2011-09-30": 5.237, "2011-06-30": 0, "2011-03-31": "", "2010-12-31": 0}, "Net Total Equity Issued/Repurchased": {"2020-09-30": -210.93, "2020-06-30": -0.025, "2020-03-31": "-2.40500", "2019-12-31": -114.815, "2019-09-30": 786.816, "2019-06-30": 21.175, "2019-03-31": "19.29900", "2018-12-31": -0.117, "2018-09-30": -0.061, "2018-06-30": -6.058, "2018-03-31": "-46.24400", "2017-12-31": -0.235, "2017-09-30": -0.215, "2017-06-30": -1.24, "2017-03-31": "-0.97600", "2016-12-31": -0.504, "2016-09-30": 700.415, "2016-06-30": -0.997, "2016-03-31": "-0.80100", "2015-12-31": -0.593, "2015-09-30": -0.295, "2015-06-30": -0.132, "2015-03-31": "-1.20700", "2014-12-31": 54.965, "2014-09-30": -316.243, "2014-06-30": 1593.462, "2014-03-31": "", "2013-12-31": 472.853, "2013-09-30": -10.616, "2013-06-30": 937.8529, "2013-03-31": "966.86710", "2012-12-31": 36.786, "2012-09-30": 830.9621, "2012-06-30": 646.3439, "2012-03-31": "184.78600", "2011-12-31": 16.523, "2011-09-30": 5.237, "2011-06-30": 0, "2011-03-31": "", "2010-12-31": 0}, "Total Common And Preferred Stock Dividends Paid": {"2020-09-30": -94.69, "2020-06-30": -161.285, "2020-03-31": "-162.74700", "2019-12-31": -210.539, "2019-09-30": -150.808, "2019-06-30": -151.58, "2019-03-31": "-152.31400", "2018-12-31": -151.601, "2018-09-30": -151.129, "2018-06-30": -151.43, "2018-03-31": "-152.51900", "2017-12-31": -152.128, "2017-09-30": -152.049, "2017-06-30": -152.219, "2017-03-31": "-152.21900", "2016-12-31": -152.08, "2016-09-30": -142.855, "2016-06-30": -143.048, "2016-03-31": "-142.52500", "2015-12-31": -167.957, "2015-09-30": -25.772, "2015-06-30": -23.287, "2015-03-31": "-18.47800", "2014-12-31": -252.643, "2014-09-30": -254.322, "2014-06-30": -232.385, "2014-03-31": "-211.06400", "2013-12-31": -79.855, "2013-09-30": -69.41, "2013-06-30": -52.294, "2013-03-31": "-41.55700", "2012-12-31": -17.735, "2012-09-30": -12.079, "2012-06-30": -5.814, "2012-03-31": "-2.70800", "2011-12-31": -1.51, "2011-09-30": 0, "2011-06-30": 0, "2011-03-31": "", "2010-12-31": 0}, "Financial Activities - Other": {"2020-09-30": -0.329, "2020-06-30": -6.911, "2020-03-31": "-0.03500", "2019-12-31": -195.983, "2019-09-30": 0.001, "2019-06-30": -0.01, "2019-03-31": "-0.10800", "2018-12-31": -4.752, "2018-09-30": -0.021, "2018-06-30": -20.578, "2018-03-31": "", "2017-12-31": -0.161, "2017-09-30": -9.297, "2017-06-30": -0.013, "2017-03-31": "-0.00300", "2016-12-31": -0.822, "2016-09-30": -2.603, "2016-06-30": -16.487, "2016-03-31": "0.43500", "2015-12-31": -0.024, "2015-09-30": -2.078, "2015-06-30": -0.008, "2015-03-31": "-0.32600", "2014-12-31": -80.637, "2014-09-30": -8.068, "2014-06-30": -14.495, "2014-03-31": "-68.68800", "2013-12-31": -544.363, "2013-09-30": 41.254, "2013-06-30": 151.546, "2013-03-31": "-166.15500", "2012-12-31": 186.224, "2012-09-30": -85.724, "2012-06-30": -97.451, "2012-03-31": "-10.36000", "2011-12-31": -2.882, "2011-09-30": -4.928, "2011-06-30": 0, "2011-03-31": "", "2010-12-31": 0}, "Cash Flow From Financial Activities": {"2020-09-30": -387.331, "2020-06-30": -506.326, "2020-03-31": "433.42600", "2019-12-31": -462.221, "2019-09-30": 629.323, "2019-06-30": -498.951, "2019-03-31": "-193.54900", "2018-12-31": -12.63, "2018-09-30": -243.702, "2018-06-30": -132.724, "2018-03-31": "-266.35000", "2017-12-31": 0.85, "2017-09-30": -266.776, "2017-06-30": -255.613, "2017-03-31": "-235.05600", "2016-12-31": -342.959, "2016-09-30": -1349.407, "2016-06-30": 530.014, "2016-03-31": "-344.63300", "2015-12-31": -893.83, "2015-09-30": -224.851, "2015-06-30": -954.762, "2015-03-31": "-78.16100", "2014-12-31": -1469.06, "2014-09-30": 1820.948, "2014-06-30": 735.941, "2014-03-31": "1327.72600", "2013-12-31": 1083.566, "2013-09-30": 927.804, "2013-06-30": 1004.029, "2013-03-31": "1274.55100", "2012-12-31": 311.417, "2012-09-30": 767.126, "2012-06-30": 631.667, "2012-03-31": "255.01600", "2011-12-31": 19.163, "2011-09-30": 0.587, "2011-06-30": 0, "2011-03-31": "", "2010-12-31": 0}, "Net Cash Flow": {"2020-09-30": -77.81, "2020-06-30": -319.579, "2020-03-31": "585.78500", "2019-12-31": -1016.177, "2019-09-30": 817.855, "2019-06-30": 200.897, "2019-03-31": "-22.35800", "2018-12-31": 0.95, "2018-09-30": 7.201, "2018-06-30": -10.972, "2018-03-31": "-7.55200", "2017-12-31": -18.124, "2017-09-30": -251.333, "2017-06-30": 1.195, "2017-03-31": "30.82800", "2016-12-31": 141.829, "2016-09-30": -913.002, "2016-06-30": 925.17, "2016-03-31": "35.34700", "2015-12-31": -101.674, "2015-09-30": 50.008, "2015-06-30": -667.088, "2015-03-31": "372.02800", "2014-12-31": 271.401, "2014-09-30": -50.219, "2014-06-30": 112.313, "2014-03-31": "30.49100", "2013-12-31": -135.501, "2013-09-30": -84.236, "2013-06-30": -847.045, "2013-03-31": "826.93200", "2012-12-31": -402.878, "2012-09-30": 301.605, "2012-06-30": 326.529, "2012-03-31": "47.98800", "2011-12-31": 2.31, "2011-09-30": 0.83, "2011-06-30": 0, "2011-03-31": "", "2010-12-31": 0}, "Stock-Based Compensation": {"2020-09-30": 3.211, "2020-06-30": 4.071, "2020-03-31": "2.85500", "2019-12-31": 3.202, "2019-09-30": 3.144, "2019-06-30": 3.883, "2019-03-31": "2.87200", "2018-12-31": 3.111, "2018-09-30": 3.323, "2018-06-30": 3.953, "2018-03-31": "2.92700", "2017-12-31": 5.527, "2017-09-30": 3.665, "2017-06-30": 4.448, "2017-03-31": "3.11100", "2016-12-31": 3.631, "2016-09-30": 2.588, "2016-06-30": 2.779, "2016-03-31": "1.73000", "2015-12-31": 4.311, "2015-09-30": 4.016, "2015-06-30": 5.355, "2015-03-31": "0.81800", "2014-12-31": -0.944, "2014-09-30": 5.541, "2014-06-30": 5.69, "2014-03-31": "21.57400", "2013-12-31": 86.28, "2013-09-30": 7.264, "2013-06-30": 3.457, "2013-03-31": "3.26000", "2012-12-31": 0.393, "2012-09-30": 0.507, "2012-06-30": 0.184, "2012-03-31": "0.14600", "2011-12-31": 0.223, "2011-09-30": 0.002, "2011-06-30": 0, "2011-03-31": "", "2010-12-31": 0}, "Common Stock Dividends Paid": {"2020-09-30": -94.69, "2020-06-30": -161.285, "2020-03-31": "-162.74700", "2019-12-31": -210.539, "2019-09-30": -150.808, "2019-06-30": -151.58, "2019-03-31": "-152.31400", "2018-12-31": -151.601, "2018-09-30": -151.129, "2018-06-30": -151.43, "2018-03-31": "-152.51900", "2017-12-31": -152.128, "2017-09-30": -152.049, "2017-06-30": -152.219, "2017-03-31": "-152.21900", "2016-12-31": -152.08, "2016-09-30": -142.855, "2016-06-30": -143.048, "2016-03-31": "-142.52500", "2015-12-31": -167.957, "2015-09-30": -25.772, "2015-06-30": -23.287, "2015-03-31": "-18.47800", "2014-12-31": -252.643, "2014-09-30": -254.322, "2014-06-30": -232.385, "2014-03-31": "-211.06400", "2013-12-31": -79.855, "2013-09-30": -69.41, "2013-06-30": -52.294, "2013-03-31": "-41.55700", "2012-12-31": -17.735, "2012-09-30": -12.079, "2012-06-30": -5.814, "2012-03-31": "-2.70800", "2011-12-31": -1.811, "2011-09-30": 0, "2011-06-30": 0, "2011-03-31": "", "2010-12-31": 0}}, "financial ratios": {"Current Ratio": {"2019-12-31": "", "2018-12-31": "", "2017-12-31": "", "2016-12-31": "", "2015-12-31": "", "2014-12-31": "", "2013-12-31": "", "2012-12-31": "", "2011-12-31": "", "2010-12-31": ""}, "Long-term Debt / Capital": {"2019-12-31": "0.44050", "2018-12-31": "0.43820", "2017-12-31": "0.38750", "2016-12-31": "0.38490", "2015-12-31": "0.44890", "2014-12-31": "0.50240", "2013-12-31": "0.57470", "2012-12-31": "0.20110", "2011-12-31": "0.55900", "2010-12-31": ""}, "Debt/Equity Ratio": {"2019-12-31": "0.83380", "2018-12-31": "0.83390", "2017-12-31": "0.75510", "2016-12-31": "0.73870", "2015-12-31": "0.92490", "2014-12-31": "1.11120", "2013-12-31": "1.74030", "2012-12-31": "0.25170", "2011-12-31": "1.26750", "2010-12-31": ""}, "Gross Margin": {"2019-12-31": "", "2018-12-31": "", "2017-12-31": "", "2016-12-31": "", "2015-12-31": "", "2014-12-31": "", "2013-12-31": "", "2012-12-31": "", "2011-12-31": "", "2010-12-31": ""}, "Operating Margin": {"2019-12-31": "-25.42740", "2018-12-31": "6.17020", "2017-12-31": "20.46280", "2016-12-31": "14.15470", "2015-12-31": "20.10850", "2014-12-31": "-23.46530", "2013-12-31": "-101.34250", "2012-12-31": "-45.55330", "2011-12-31": "-75.41560", "2010-12-31": ""}, "EBIT Margin": {"2019-12-31": "-25.42740", "2018-12-31": "6.17020", "2017-12-31": "20.46280", "2016-12-31": "14.15470", "2015-12-31": "20.10850", "2014-12-31": "-23.46530", "2013-12-31": "-101.34250", "2012-12-31": "-45.55330", "2011-12-31": "-75.41560", "2010-12-31": ""}, "EBITDA Margin": {"2019-12-31": "14.60000", "2018-12-31": "58.63590", "2017-12-31": "79.99390", "2016-12-31": "74.55010", "2015-12-31": "80.23810", "2014-12-31": "40.30920", "2013-12-31": "-28.97980", "2012-12-31": "18.65430", "2011-12-31": "-16.90180", "2010-12-31": ""}, "Pre-Tax Profit Margin": {"2019-12-31": "-24.47750", "2018-12-31": "-6.88660", "2017-12-31": "4.66160", "2016-12-31": "-5.22300", "2015-12-31": "-9.32620", "2014-12-31": "-66.11820", "2013-12-31": "-153.53320", "2012-12-31": "-61.73760", "2011-12-31": "-99.54660", "2010-12-31": ""}, "Net Profit Margin": {"2019-12-31": "-29.81170", "2018-12-31": "-12.53770", "2017-12-31": "-3.23930", "2016-12-31": "-20.08670", "2015-12-31": "-26.96870", "2014-12-31": "-68.46520", "2013-12-31": "-150.34780", "2012-12-31": "-61.97570", "2011-12-31": "-118.36270", "2010-12-31": ""}, "Asset Turnover": {"2019-12-31": "0.09320", "2018-12-31": "0.09010", "2017-12-31": "0.08520", "2016-12-31": "0.08570", "2015-12-31": "0.08280", "2014-12-31": "0.07730", "2013-12-31": "0.04220", "2012-12-31": "0.03420", "2011-12-31": "0.03020", "2010-12-31": ""}, "Inventory Turnover Ratio": {"2019-12-31": "", "2018-12-31": "", "2017-12-31": "", "2016-12-31": "", "2015-12-31": "", "2014-12-31": "", "2013-12-31": "", "2012-12-31": "", "2011-12-31": "", "2010-12-31": ""}, "Receiveable Turnover": {"2019-12-31": "", "2018-12-31": "", "2017-12-31": "", "2016-12-31": "", "2015-12-31": "", "2014-12-31": "", "2013-12-31": "", "2012-12-31": "", "2011-12-31": "", "2010-12-31": ""}, "Days Sales In Receivables": {"2019-12-31": "", "2018-12-31": "", "2017-12-31": "", "2016-12-31": "", "2015-12-31": "", "2014-12-31": "", "2013-12-31": "", "2012-12-31": "", "2011-12-31": "", "2010-12-31": ""}, "ROE - Return On Equity": {"2019-12-31": "-4.48790", "2018-12-31": "-1.25660", "2017-12-31": "0.64030", "2016-12-31": "-0.89210", "2015-12-31": "-1.59510", "2014-12-31": "-10.77510", "2013-12-31": "-22.78420", "2012-12-31": "-2.68010", "2011-12-31": "-6.89320", "2010-12-31": ""}, "Return On Tangible Equity": {"2019-12-31": "-5.57820", "2018-12-31": "-1.53840", "2017-12-31": "0.76800", "2016-12-31": "-1.05580", "2015-12-31": "-1.98370", "2014-12-31": "-13.77790", "2013-12-31": "-21.10850", "2012-12-31": "-2.68010", "2011-12-31": "-6.89320", "2010-12-31": ""}, "ROA - Return On Assets": {"2019-12-31": "-2.31240", "2018-12-31": "-0.65690", "2017-12-31": "0.35020", "2016-12-31": "-0.49330", "2015-12-31": "-0.79850", "2014-12-31": "-4.94890", "2013-12-31": "-6.50290", "2012-12-31": "-2.11110", "2011-12-31": "-3.00350", "2010-12-31": ""}, "ROI - Return On Investment": {"2019-12-31": "-2.51090", "2018-12-31": "-0.70590", "2017-12-31": "0.39210", "2016-12-31": "-0.54870", "2015-12-31": "-0.87910", "2014-12-31": "-5.36140", "2013-12-31": "-8.64480", "2012-12-31": "-2.14110", "2011-12-31": "-3.04000", "2010-12-31": ""}, "Book Value Per Share": {"2019-12-31": "31.77460", "2018-12-31": "37.72630", "2017-12-31": "41.27900", "2016-12-31": "44.24140", "2015-12-31": "48.14960", "2014-12-31": "51.80570", "2013-12-31": "52.21910", "2012-12-31": "43.20440", "2011-12-31": "39.14520", "2010-12-31": ""}, "Operating Cash Flow Per Share": {"2019-12-31": -3.0873, "2018-12-31": -1.5235, "2017-12-31": -0.2117, "2016-12-31": -0.4748, "2015-12-31": 1.5881, "2014-12-31": 2.88, "2013-12-31": -0.1633, "2012-12-31": 0.7989, "2011-12-31": -0.3454, "2010-12-31": 0}, "Free Cash Flow Per Share": {"2019-12-31": -0.504, "2018-12-31": -1.192, "2017-12-31": -3.2958, "2016-12-31": -0.4502, "2015-12-31": -2.587, "2014-12-31": 12.4586, "2013-12-31": -0.4381, "2012-12-31": 0.8229, "2011-12-31": -0.3454, "2010-12-31": 0}}, "financial ratios, quarterly": {"Current Ratio": {"2020-09-30": "", "2020-06-30": "", "2020-03-31": "", "2019-12-31": "", "2019-09-30": "", "2019-06-30": "", "2019-03-31": "", "2018-12-31": "", "2018-09-30": "", "2018-06-30": "", "2018-03-31": "", "2017-12-31": "", "2017-09-30": "", "2017-06-30": "", "2017-03-31": "", "2016-12-31": "", "2016-09-30": "", "2016-06-30": "", "2016-03-31": "", "2015-12-31": "", "2015-09-30": "", "2015-06-30": "", "2015-03-31": "", "2014-12-31": "", "2014-09-30": "", "2014-06-30": "", "2014-03-31": "", "2013-12-31": "", "2013-09-30": "", "2013-06-30": "", "2013-03-31": "", "2012-12-31": "", "2012-09-30": "", "2012-06-30": "", "2012-03-31": "", "2011-12-31": "", "2011-09-30": "", "2011-06-30": "", "2011-03-31": "", "2010-12-31": ""}, "Long-term Debt / Capital": {"2020-09-30": "0.46600", "2020-06-30": "0.46130", "2020-03-31": "0.47230", "2019-12-31": "0.44050", "2019-09-30": "0.42710", "2019-06-30": "0.41710", "2019-03-31": "0.43760", "2018-12-31": "0.43820", "2018-09-30": "0.42800", "2018-06-30": "0.39780", "2018-03-31": "0.38930", "2017-12-31": "0.38750", "2017-09-30": "0.37500", "2017-06-30": "0.37910", "2017-03-31": "0.38510", "2016-12-31": "0.38490", "2016-09-30": "0.38580", "2016-06-30": "0.47480", "2016-03-31": "0.44740", "2015-12-31": "0.44890", "2015-09-30": "0.46860", "2015-06-30": "0.47910", "2015-03-31": "0.50210", "2014-12-31": "0.50240", "2014-09-30": "0.51530", "2014-06-30": "0.44800", "2014-03-31": "0.49510", "2013-12-31": "0.57470", "2013-09-30": "0.37450", "2013-06-30": "0.35920", "2013-03-31": "0.43700", "2012-12-31": "0.20110", "2012-09-30": "0.56500", "2012-06-30": "0.52890", "2012-03-31": "0.59130", "2011-12-31": "0.55900", "2011-09-30": "0.53150", "2011-06-30": "", "2011-03-31": "", "2010-12-31": ""}, "Debt/Equity Ratio": {"2020-09-30": "0.91160", "2020-06-30": "0.89680", "2020-03-31": "0.94250", "2019-12-31": "0.83380", "2019-09-30": "0.80220", "2019-06-30": "0.76960", "2019-03-31": "0.83290", "2018-12-31": "0.83390", "2018-09-30": "0.80130", "2018-06-30": "0.79000", "2018-03-31": "0.76280", "2017-12-31": "0.75510", "2017-09-30": "0.71930", "2017-06-30": "0.72770", "2017-03-31": "0.74130", "2016-12-31": "0.73870", "2016-09-30": "0.73730", "2016-06-30": "1.02070", "2016-03-31": "0.92400", "2015-12-31": "0.92490", "2015-09-30": "0.99000", "2015-06-30": "1.02620", "2015-03-31": "1.11330", "2014-12-31": "1.11120", "2014-09-30": "1.16090", "2014-06-30": "0.90120", "2014-03-31": "1.08280", "2013-12-31": "1.74030", "2013-09-30": "1.11560", "2013-06-30": "0.84710", "2013-03-31": "0.77620", "2012-12-31": "0.25170", "2012-09-30": "1.29900", "2012-06-30": "1.12270", "2012-03-31": "1.44700", "2011-12-31": "1.26750", "2011-09-30": "1.13440", "2011-06-30": "", "2011-03-31": "", "2010-12-31": ""}, "Gross Margin": {"2020-09-30": "", "2020-06-30": "", "2020-03-31": "", "2019-12-31": "", "2019-09-30": "", "2019-06-30": "", "2019-03-31": "", "2018-12-31": "", "2018-09-30": "", "2018-06-30": "", "2018-03-31": "", "2017-12-31": "", "2017-09-30": "", "2017-06-30": "", "2017-03-31": "", "2016-12-31": "", "2016-09-30": "", "2016-06-30": "", "2016-03-31": "", "2015-12-31": "", "2015-09-30": "", "2015-06-30": "", "2015-03-31": "", "2014-12-31": "", "2014-09-30": "", "2014-06-30": "", "2014-03-31": "", "2013-12-31": "", "2013-09-30": "", "2013-06-30": "", "2013-03-31": "", "2012-12-31": "", "2012-09-30": "", "2012-06-30": "", "2012-03-31": "", "2011-12-31": "", "2011-09-30": "", "2011-06-30": "", "2011-03-31": "", "2010-12-31": ""}, "Operating Margin": {"2020-09-30": "41.43930", "2020-06-30": "39.43950", "2020-03-31": "42.85590", "2019-12-31": "35.58690", "2019-09-30": "-229.16680", "2019-06-30": "44.66320", "2019-03-31": "41.82780", "2018-12-31": "21.44650", "2018-09-30": "-15.35080", "2018-06-30": "-5.05410", "2018-03-31": "23.66560", "2017-12-31": "18.52790", "2017-09-30": "23.98200", "2017-06-30": "15.93050", "2017-03-31": "23.36380", "2016-12-31": "35.65140", "2016-09-30": "23.60660", "2016-06-30": "22.53870", "2016-03-31": "-17.11370", "2015-12-31": "37.09690", "2015-09-30": "25.43890", "2015-06-30": "0.55220", "2015-03-31": "22.86630", "2014-12-31": "-77.32920", "2014-09-30": "17.81840", "2014-06-30": "8.28990", "2014-03-31": "-49.77390", "2013-12-31": "-110.12150", "2013-09-30": "-16.27210", "2013-06-30": "-57.13710", "2013-03-31": "-318.98730", "2012-12-31": "-43.91130", "2012-09-30": "-50.51020", "2012-06-30": "-38.19770", "2012-03-31": "-52.16350", "2011-12-31": "-127.39520", "2011-09-30": "-82.46530", "2011-06-30": "", "2011-03-31": "", "2010-12-31": ""}, "EBIT Margin": {"2020-09-30": "41.43930", "2020-06-30": "39.43950", "2020-03-31": "42.85590", "2019-12-31": "35.58690", "2019-09-30": "-229.16680", "2019-06-30": "44.66320", "2019-03-31": "41.82780", "2018-12-31": "21.44650", "2018-09-30": "-15.35080", "2018-06-30": "-5.05410", "2018-03-31": "23.66560", "2017-12-31": "18.52790", "2017-09-30": "23.98200", "2017-06-30": "15.93050", "2017-03-31": "23.36380", "2016-12-31": "35.65140", "2016-09-30": "23.60660", "2016-06-30": "22.53870", "2016-03-31": "-17.11370", "2015-12-31": "37.09690", "2015-09-30": "25.43890", "2015-06-30": "0.55220", "2015-03-31": "22.86630", "2014-12-31": "-77.32920", "2014-09-30": "17.81840", "2014-06-30": "8.28990", "2014-03-31": "-49.77390", "2013-12-31": "-110.12140", "2013-09-30": "-16.27210", "2013-06-30": "-57.13710", "2013-03-31": "-318.98730", "2012-12-31": "-43.91130", "2012-09-30": "-50.51020", "2012-06-30": "-38.19770", "2012-03-31": "-52.16350", "2011-12-31": "-127.39520", "2011-09-30": "-82.46530", "2011-06-30": "", "2011-03-31": "", "2010-12-31": ""}, "EBITDA Margin": {"2020-09-30": "", "2020-06-30": "", "2020-03-31": "", "2019-12-31": "", "2019-09-30": "", "2019-06-30": "", "2019-03-31": "", "2018-12-31": "", "2018-09-30": "", "2018-06-30": "", "2018-03-31": "", "2017-12-31": "", "2017-09-30": "", "2017-06-30": "", "2017-03-31": "", "2016-12-31": "", "2016-09-30": "", "2016-06-30": "", "2016-03-31": "", "2015-12-31": "", "2015-09-30": "", "2015-06-30": "", "2015-03-31": "", "2014-12-31": "", "2014-09-30": "", "2014-06-30": "", "2014-03-31": "", "2013-12-31": "", "2013-09-30": "", "2013-06-30": "", "2013-03-31": "", "2012-12-31": "", "2012-09-30": "", "2012-06-30": "", "2012-03-31": "", "2011-12-31": "", "2011-09-30": "", "2011-06-30": "", "2011-03-31": "", "2010-12-31": ""}, "Pre-Tax Profit Margin": {"2020-09-30": "33.54030", "2020-06-30": "19.81810", "2020-03-31": "29.38380", "2019-12-31": "23.58000", "2019-09-30": "-244.10110", "2019-06-30": "93.99720", "2019-03-31": "22.77900", "2018-12-31": "9.41250", "2018-09-30": "-23.19490", "2018-06-30": "-23.30230", "2018-03-31": "9.60030", "2017-12-31": "-0.32720", "2017-09-30": "4.46070", "2017-06-30": "9.95830", "2017-03-31": "4.68780", "2016-12-31": "4.93610", "2016-09-30": "8.77450", "2016-06-30": "0.79590", "2016-03-31": "-31.44110", "2015-12-31": "-2.96690", "2015-09-30": "2.50450", "2015-06-30": "-27.29320", "2015-03-31": "-7.26430", "2014-12-31": "-153.74430", "2014-09-30": "-6.13150", "2014-06-30": "-16.04070", "2014-03-31": "-96.82330", "2013-12-31": "-152.76670", "2013-09-30": "-87.60700", "2013-06-30": "-131.89370", "2013-03-31": "-330.07670", "2012-12-31": "-55.48000", "2012-09-30": "-67.77210", "2012-06-30": "-61.15490", "2012-03-31": "-75.41670", "2011-12-31": "-126.20240", "2011-09-30": "-114.58330", "2011-06-30": "", "2011-03-31": "", "2010-12-31": ""}, "Net Profit Margin": {"2020-09-30": "33.16600", "2020-06-30": "19.42960", "2020-03-31": "24.70800", "2019-12-31": "6.20440", "2019-09-30": "-239.51120", "2019-06-30": "91.50190", "2019-03-31": "16.73380", "2018-12-31": "-14.27430", "2018-09-30": "-22.97700", "2018-06-30": "-23.02130", "2018-03-31": "10.09130", "2017-12-31": "-33.00860", "2017-09-30": "5.25020", "2017-06-30": "10.83810", "2017-03-31": "4.49920", "2016-12-31": "-80.77750", "2016-09-30": "8.12720", "2016-06-30": "0.84790", "2016-03-31": "-30.64500", "2015-12-31": "-76.55720", "2015-09-30": "-2.76970", "2015-06-30": "-31.62010", "2015-03-31": "-12.17050", "2014-12-31": "-88.42120", "2014-09-30": "-69.57520", "2014-06-30": "-20.41220", "2014-03-31": "-98.04520", "2013-12-31": "-147.82500", "2013-09-30": "-84.40500", "2013-06-30": "-131.38780", "2013-03-31": "-329.07430", "2012-12-31": "-54.89410", "2012-09-30": "-67.44260", "2012-06-30": "-61.85480", "2012-03-31": "-80.57690", "2011-12-31": "-74.06700", "2011-09-30": "-110.06950", "2011-06-30": "", "2011-03-31": "", "2010-12-31": ""}, "Asset Turnover": {"2020-09-30": "0.02260", "2020-06-30": "0.02090", "2020-03-31": "0.02170", "2019-12-31": "0.02300", "2019-09-30": "0.02100", "2019-06-30": "0.02270", "2019-03-31": "0.02250", "2018-12-31": "0.02240", "2018-09-30": "0.02230", "2018-06-30": "0.02210", "2018-03-31": "0.02180", "2017-12-31": "0.02150", "2017-09-30": "0.02080", "2017-06-30": "0.02050", "2017-03-31": "0.02090", "2016-12-31": "0.01490", "2016-09-30": "0.02260", "2016-06-30": "0.02130", "2016-03-31": "0.02190", "2015-12-31": "0.01540", "2015-09-30": "0.02060", "2015-06-30": "0.02050", "2015-03-31": "0.01940", "2014-12-31": "0.02050", "2014-09-30": "0.02000", "2014-06-30": "0.01790", "2014-03-31": "0.01570", "2013-12-31": "0.01740", "2013-09-30": "0.03020", "2013-06-30": "0.01880", "2013-03-31": "0.02050", "2012-12-31": "0.01560", "2012-09-30": "0.08300", "2012-06-30": "0.05680", "2012-03-31": "0.04580", "2011-12-31": "0.01980", "2011-09-30": "0.00510", "2011-06-30": "", "2011-03-31": "", "2010-12-31": ""}, "Inventory Turnover Ratio": {"2020-09-30": "", "2020-06-30": "", "2020-03-31": "", "2019-12-31": "", "2019-09-30": "", "2019-06-30": "", "2019-03-31": "", "2018-12-31": "", "2018-09-30": "", "2018-06-30": "", "2018-03-31": "", "2017-12-31": "", "2017-09-30": "", "2017-06-30": "", "2017-03-31": "", "2016-12-31": "", "2016-09-30": "", "2016-06-30": "", "2016-03-31": "", "2015-12-31": "", "2015-09-30": "", "2015-06-30": "", "2015-03-31": "", "2014-12-31": "", "2014-09-30": "", "2014-06-30": "", "2014-03-31": "", "2013-12-31": "", "2013-09-30": "", "2013-06-30": "", "2013-03-31": "", "2012-12-31": "", "2012-09-30": "", "2012-06-30": "", "2012-03-31": "", "2011-12-31": "", "2011-09-30": "", "2011-06-30": "", "2011-03-31": "", "2010-12-31": ""}, "Receiveable Turnover": {"2020-09-30": "", "2020-06-30": "", "2020-03-31": "", "2019-12-31": "", "2019-09-30": "", "2019-06-30": "", "2019-03-31": "", "2018-12-31": "", "2018-09-30": "", "2018-06-30": "", "2018-03-31": "", "2017-12-31": "", "2017-09-30": "", "2017-06-30": "", "2017-03-31": "", "2016-12-31": "", "2016-09-30": "", "2016-06-30": "", "2016-03-31": "", "2015-12-31": "", "2015-09-30": "", "2015-06-30": "", "2015-03-31": "", "2014-12-31": "", "2014-09-30": "", "2014-06-30": "", "2014-03-31": "", "2013-12-31": "", "2013-09-30": "", "2013-06-30": "", "2013-03-31": "", "2012-12-31": "", "2012-09-30": "", "2012-06-30": "", "2012-03-31": "", "2011-12-31": "", "2011-09-30": "", "2011-06-30": "", "2011-03-31": "", "2010-12-31": ""}, "Days Sales In Receivables": {"2020-09-30": "", "2020-06-30": "", "2020-03-31": "", "2019-12-31": "", "2019-09-30": "", "2019-06-30": "", "2019-03-31": "", "2018-12-31": "", "2018-09-30": "", "2018-06-30": "", "2018-03-31": "", "2017-12-31": "", "2017-09-30": "", "2017-06-30": "", "2017-03-31": "", "2016-12-31": "", "2016-09-30": "", "2016-06-30": "", "2016-03-31": "", "2015-12-31": "", "2015-09-30": "", "2015-06-30": "", "2015-03-31": "", "2014-12-31": "", "2014-09-30": "", "2014-06-30": "", "2014-03-31": "", "2013-12-31": "", "2013-09-30": "", "2013-06-30": "", "2013-03-31": "", "2012-12-31": "", "2012-09-30": "", "2012-06-30": "", "2012-03-31": "", "2011-12-31": "", "2011-09-30": "", "2011-06-30": "", "2011-03-31": "", "2010-12-31": ""}, "ROE - Return On Equity": {"2020-09-30": "1.51780", "2020-06-30": "0.81550", "2020-03-31": "1.29820", "2019-12-31": "1.04000", "2019-09-30": "-10.56060", "2019-06-30": "3.97570", "2019-03-31": "0.98130", "2018-12-31": "0.38180", "2018-09-30": "-0.99610", "2018-06-30": "-0.97700", "2018-03-31": "0.36870", "2017-12-31": "-0.03080", "2017-09-30": "0.15180", "2017-06-30": "0.35330", "2017-03-31": "0.14070", "2016-12-31": "0.06630", "2016-09-30": "0.34030", "2016-06-30": "0.03890", "2016-03-31": "-1.37480", "2015-12-31": "-0.08870", "2015-09-30": "0.08990", "2015-06-30": "-1.18120", "2015-03-31": "-0.32910", "2014-12-31": "-6.57990", "2014-09-30": "-0.31150", "2014-06-30": "-0.53420", "2014-03-31": "-3.30280", "2013-12-31": "-9.43570", "2013-09-30": "-5.74410", "2013-06-30": "-4.66880", "2013-03-31": "-12.14340", "2012-12-31": "-1.10090", "2012-09-30": "-13.06000", "2012-06-30": "-7.46340", "2012-03-31": "-8.52710", "2011-12-31": "-1.94830", "2011-09-30": "-1.45410", "2011-06-30": "", "2011-03-31": "", "2010-12-31": ""}, "Return On Tangible Equity": {"2020-09-30": "1.91450", "2020-06-30": "1.02080", "2020-03-31": "1.62260", "2019-12-31": "1.29270", "2019-09-30": "-13.04530", "2019-06-30": "4.85980", "2019-03-31": "1.20390", "2018-12-31": "0.46750", "2018-09-30": "-1.21490", "2018-06-30": "-1.18410", "2018-03-31": "0.44410", "2017-12-31": "-0.03700", "2017-09-30": "0.18500", "2017-06-30": "0.42920", "2017-03-31": "0.17050", "2016-12-31": "0.07850", "2016-09-30": "0.41690", "2016-06-30": "0.04870", "2016-03-31": "-1.71770", "2015-12-31": "-0.11030", "2015-09-30": "0.11460", "2015-06-30": "-1.50540", "2015-03-31": "-0.41980", "2014-12-31": "-8.41360", "2014-09-30": "-0.41080", "2014-06-30": "-0.68930", "2014-03-31": "-4.45110", "2013-12-31": "-8.74170", "2013-09-30": "-5.74410", "2013-06-30": "-4.66880", "2013-03-31": "-12.14330", "2012-12-31": "-1.10090", "2012-09-30": "-13.05890", "2012-06-30": "-7.46300", "2012-03-31": "-8.52710", "2011-12-31": "-1.94830", "2011-09-30": "-1.45370", "2011-06-30": "", "2011-03-31": "", "2010-12-31": ""}, "ROA - Return On Assets": {"2020-09-30": "0.75140", "2020-06-30": "0.40720", "2020-03-31": "0.63070", "2019-12-31": "0.53590", "2019-09-30": "-5.12970", "2019-06-30": "2.12080", "2019-03-31": "0.50500", "2018-12-31": "0.19960", "2018-09-30": "-0.52600", "2018-06-30": "-0.52370", "2018-03-31": "0.20090", "2017-12-31": "-0.01690", "2017-09-30": "0.08470", "2017-06-30": "0.19640", "2017-03-31": "0.07770", "2016-12-31": "0.03670", "2016-09-30": "0.18840", "2016-06-30": "0.01860", "2016-03-31": "-0.68920", "2015-12-31": "-0.04440", "2015-09-30": "0.04350", "2015-06-30": "-0.56470", "2015-03-31": "-0.15100", "2014-12-31": "-3.02210", "2014-09-30": "-0.13620", "2014-06-30": "-0.26550", "2014-03-31": "-1.49330", "2013-12-31": "-2.69310", "2013-09-30": "-2.64840", "2013-06-30": "-2.48460", "2013-03-31": "-6.78090", "2012-12-31": "-0.86720", "2012-09-30": "-5.62810", "2012-06-30": "-3.47470", "2012-03-31": "-3.45030", "2011-12-31": "-0.84890", "2011-09-30": "-0.58590", "2011-06-30": "", "2011-03-31": "", "2010-12-31": ""}, "ROI - Return On Investment": {"2020-09-30": "0.81050", "2020-06-30": "0.43930", "2020-03-31": "0.68510", "2019-12-31": "0.58190", "2019-09-30": "-6.04960", "2019-06-30": "2.31720", "2019-03-31": "0.55180", "2018-12-31": "0.21450", "2018-09-30": "-0.56970", "2018-06-30": "-0.58830", "2018-03-31": "0.22510", "2017-12-31": "-0.01890", "2017-09-30": "0.09490", "2017-06-30": "0.21940", "2017-03-31": "0.08650", "2016-12-31": "0.04080", "2016-09-30": "0.20900", "2016-06-30": "0.02050", "2016-03-31": "-0.75960", "2015-12-31": "-0.04890", "2015-09-30": "0.04780", "2015-06-30": "-0.61520", "2015-03-31": "-0.16390", "2014-12-31": "-3.27400", "2014-09-30": "-0.15090", "2014-06-30": "-0.28760", "2014-03-31": "-1.62030", "2013-12-31": "-3.58010", "2013-09-30": "-3.59280", "2013-06-30": "-2.99200", "2013-03-31": "-6.83650", "2012-12-31": "-0.87950", "2012-09-30": "-5.68020", "2012-06-30": "-3.51580", "2012-03-31": "-3.48470", "2011-12-31": "-0.85920", "2011-09-30": "-0.68110", "2011-06-30": "", "2011-03-31": "", "2010-12-31": ""}, "Book Value Per Share": {"2020-09-30": "29.57980", "2020-06-30": "30.85440", "2020-03-31": "31.04120", "2019-12-31": "31.77460", "2019-09-30": "32.88430", "2019-06-30": "37.76570", "2019-03-31": "37.22240", "2018-12-31": "37.72630", "2018-09-30": "38.36540", "2018-06-30": "39.51140", "2018-03-31": "40.67800", "2017-12-31": "41.27900", "2017-09-30": "42.22230", "2017-06-30": "42.92270", "2017-03-31": "43.52950", "2016-12-31": "44.24140", "2016-09-30": "45.61610", "2016-06-30": "45.88040", "2016-03-31": "46.66450", "2015-12-31": "48.14960", "2015-09-30": "50.04210", "2015-06-30": "50.84640", "2015-03-31": "51.51400", "2014-12-31": "51.80570", "2014-09-30": "55.08410", "2014-06-30": "59.82790", "2014-03-31": "61.88780", "2013-12-31": "52.21910", "2013-09-30": "39.17020", "2013-06-30": "41.97570", "2013-03-31": "37.77880", "2012-12-31": "43.20440", "2012-09-30": "43.73430", "2012-06-30": "43.86570", "2012-03-31": "37.68200", "2011-12-31": "39.14520", "2011-09-30": "", "2011-06-30": "", "2011-03-31": "", "2010-12-31": ""}, "Operating Cash Flow Per Share": {"2020-09-30": 0.8819, "2020-06-30": 0.69, "2020-03-31": "0.79650", "2019-12-31": -3.1194, "2019-09-30": 0.8399, "2019-06-30": 0.7638, "2019-03-31": "0.97670", "2018-12-31": 0.3079, "2018-09-30": 0.8999, "2018-06-30": 0.5887, "2018-03-31": "0.75180", "2017-12-31": 1.0161, "2017-09-30": 1.1232, "2017-06-30": 0.9884, "2017-03-31": "0.94410", "2016-12-31": 1.1625, "2016-09-30": 0.8525, "2016-06-30": 1.2804, "2016-03-31": "0.98810", "2015-12-31": 1.2821, "2015-09-30": 0.9812, "2015-06-30": 1.2207, "2015-03-31": "1.27430", "2014-12-31": 1.7006, "2014-09-30": 1.2783, "2014-06-30": 1.2172, "2014-03-31": "-1.02590", "2013-12-31": 0.1111, "2013-09-30": 0.3595, "2013-06-30": 0.0624, "2013-03-31": "-0.24280", "2012-12-31": 0.4495, "2012-09-30": -0.0295, "2012-06-30": 0.586, "2012-03-31": "-0.55250", "2011-12-31": -0.109, "2011-09-30": 0.802, "2011-06-30": 0, "2011-03-31": "", "2010-12-31": 0}, "Free Cash Flow Per Share": {"2020-09-30": 2.4068, "2020-06-30": 0.6453, "2020-03-31": "0.73720", "2019-12-31": -2.1973, "2019-09-30": 5.081, "2019-06-30": 0.6635, "2019-03-31": "0.92180", "2018-12-31": 2.8421, "2018-09-30": 0.856, "2018-06-30": -0.0566, "2018-03-31": "1.33150", "2017-12-31": 1.3576, "2017-09-30": 1.4502, "2017-06-30": 1.4732, "2017-03-31": "1.88400", "2016-12-31": 3.2824, "2016-09-30": 2.0675, "2016-06-30": 2.1845, "2016-03-31": "1.92640", "2015-12-31": 4.4949, "2015-09-30": 1.3558, "2015-06-30": 1.5352, "2015-03-31": "2.52510", "2014-12-31": 10.7449, "2014-09-30": 1.1749, "2014-06-30": 1.2314, "2014-03-31": "-0.65320", "2013-12-31": -0.1372, "2013-09-30": 0.3577, "2013-06-30": 0.0617, "2013-03-31": "-0.24280", "2012-12-31": 0.4535, "2012-09-30": -0.0095, "2012-06-30": 0.586, "2012-03-31": "-0.55250", "2011-12-31": -0.109, "2011-09-30": 0.802, "2011-06-30": 0, "2011-03-31": "", "2010-12-31": 0}}, "revenue": {"VEREIT Annual Revenue (Millions of US $)": {"2019": "$1,237", "2018": "$1,258", "2017": "$1,252", "2016": "$1,335", "2015": "$1,441", "2014": "$1,579", "2013": "$329", "2012": "$67", "2011": "$4", "2010": "$"}, "VEREIT Quarterly Revenue (Millions of US $)": {"2020-09-30": "$295", "2020-06-30": "$279", "2020-03-31": "$299", "2019-12-31": "$305", "2019-09-30": "$303", "2019-06-30": "$312", "2019-03-31": "$317", "2018-12-31": "$313", "2018-09-30": "$314", "2018-06-30": "$316", "2018-03-31": "$315", "2017-12-31": "$317", "2017-09-30": "$307", "2017-06-30": "$308", "2017-03-31": "$321", "2016-12-31": "$232", "2016-09-30": "$363", "2016-06-30": "$371", "2016-03-31": "$369", "2015-12-31": "$268", "2015-09-30": "$385", "2015-06-30": "$394", "2015-03-31": "$394", "2014-12-31": "$419", "2014-09-30": "$457", "2014-06-30": "$382", "2014-03-31": "$321", "2013-12-31": "$136", "2013-09-30": "$95", "2013-06-30": "$55", "2013-03-31": "$43", "2012-12-31": "$31", "2012-09-30": "$19", "2012-06-30": "$11", "2012-03-31": "$6", "2011-12-31": "$3", "2011-09-30": "$1", "2011-06-30": "", "2011-03-31": "", "2010-12-31": ""}}, "gross-profit": {"VEREIT Annual Gross Profit (Millions of US $)": {"2019": "$1,107", "2018": "$1,131", "2017": "$1,124", "2016": "$1,191", "2015": "$1,310", "2014": "$1,375", "2013": "$306", "2012": "$64", "2011": "$4", "2010": "$"}, "VEREIT Quarterly Gross Profit (Millions of US $)": {"2020-09-30": "$264", "2020-06-30": "$250", "2020-03-31": "$269", "2019-12-31": "$271", "2019-09-30": "$272", "2019-06-30": "$280", "2019-03-31": "$285", "2018-12-31": "$281", "2018-09-30": "$282", "2018-06-30": "$284", "2018-03-31": "$285", "2017-12-31": "$284", "2017-09-30": "$276", "2017-06-30": "$277", "2017-03-31": "$287", "2016-12-31": "$196", "2016-09-30": "$322", "2016-06-30": "$326", "2016-03-31": "$326", "2015-12-31": "$233", "2015-09-30": "$349", "2015-06-30": "$357", "2015-03-31": "$361", "2014-12-31": "$382", "2014-09-30": "$401", "2014-06-30": "$336", "2014-03-31": "$257", "2013-12-31": "$124", "2013-09-30": "$90", "2013-06-30": "$52", "2013-03-31": "$40", "2012-12-31": "$29", "2012-09-30": "$18", "2012-06-30": "$11", "2012-03-31": "$6", "2011-12-31": "$2", "2011-09-30": "$1", "2011-06-30": "", "2011-03-31": "", "2010-12-31": ""}}, "operating-income": {"VEREIT Annual Operating Income (Millions of US $)": {"2019": "$-315", "2018": "$78", "2017": "$256", "2016": "$189", "2015": "$290", "2014": "$-371", "2013": "$-334", "2012": "$-31", "2011": "$-3", "2010": "$"}, "VEREIT Quarterly Operating Income (Millions of US $)": {"2020-09-30": "$122", "2020-06-30": "$110", "2020-03-31": "$128", "2019-12-31": "$108", "2019-09-30": "$-695", "2019-06-30": "$139", "2019-03-31": "$133", "2018-12-31": "$67", "2018-09-30": "$-48", "2018-06-30": "$-16", "2018-03-31": "$75", "2017-12-31": "$59", "2017-09-30": "$74", "2017-06-30": "$49", "2017-03-31": "$75", "2016-12-31": "$83", "2016-09-30": "$86", "2016-06-30": "$84", "2016-03-31": "$-63", "2015-12-31": "$100", "2015-09-30": "$98", "2015-06-30": "$2", "2015-03-31": "$90", "2014-12-31": "$-324", "2014-09-30": "$81", "2014-06-30": "$32", "2014-03-31": "$-160", "2013-12-31": "$-150", "2013-09-30": "$-16", "2013-06-30": "$-31", "2013-03-31": "$-137", "2012-12-31": "$-13", "2012-09-30": "$-10", "2012-06-30": "$-4", "2012-03-31": "$-3", "2011-12-31": "$-3", "2011-09-30": "$-0", "2011-06-30": "", "2011-03-31": "$-0", "2010-12-31": ""}}, "ebitda": {"VEREIT Annual EBITDA (Millions of US $)": {"2019": "$181", "2018": "$738", "2017": "$1,002", "2016": "$996", "2015": "$1,156", "2014": "$637", "2013": "$-95", "2012": "$13", "2011": "$-1", "2010": "$"}, "VEREIT Quarterly EBITDA (Millions of US $)": {"2020-09-30": "$235", "2020-06-30": "$224", "2020-03-31": "$255", "2019-12-31": "$225", "2019-09-30": "$-577", "2019-06-30": "$261", "2019-03-31": "$272", "2018-12-31": "$224", "2018-09-30": "$113", "2018-06-30": "$154", "2018-03-31": "$247", "2017-12-31": "$241", "2017-09-30": "$256", "2017-06-30": "$240", "2017-03-31": "$265", "2016-12-31": "$279", "2016-09-30": "$286", "2016-06-30": "$286", "2016-03-31": "$145", "2015-12-31": "$305", "2015-09-30": "$314", "2015-06-30": "$223", "2015-03-31": "$314", "2014-12-31": "$-61", "2014-09-30": "$353", "2014-06-30": "$291", "2014-03-31": "$54", "2013-12-31": "$-43", "2013-09-30": "$52", "2013-06-30": "$5", "2013-03-31": "$-109", "2012-12-31": "$6", "2012-09-30": "$3", "2012-06-30": "$3", "2012-03-31": "$1", "2011-12-31": "$-2", "2011-09-30": "$-0", "2011-06-30": "", "2011-03-31": "$-0", "2010-12-31": ""}}, "net-income": {"VEREIT Annual Net Income (Millions of US $)": {"2019": "$-369", "2018": "$-158", "2017": "$-41", "2016": "$-268", "2015": "$-389", "2014": "$-1,081", "2013": "$-495", "2012": "$-42", "2011": "$-5", "2010": "$"}, "VEREIT Quarterly Net Income (Millions of US $)": {"2020-09-30": "$98", "2020-06-30": "$54", "2020-03-31": "$74", "2019-12-31": "$19", "2019-09-30": "$-726", "2019-06-30": "$286", "2019-03-31": "$53", "2018-12-31": "$-45", "2018-09-30": "$-72", "2018-06-30": "$-73", "2018-03-31": "$32", "2017-12-31": "$-105", "2017-09-30": "$16", "2017-06-30": "$33", "2017-03-31": "$14", "2016-12-31": "$-188", "2016-09-30": "$29", "2016-06-30": "$3", "2016-03-31": "$-113", "2015-12-31": "$-206", "2015-09-30": "$-11", "2015-06-30": "$-124", "2015-03-31": "$-48", "2014-12-31": "$-370", "2014-09-30": "$-318", "2014-06-30": "$-78", "2014-03-31": "$-315", "2013-12-31": "$-201", "2013-09-30": "$-80", "2013-06-30": "$-72", "2013-03-31": "$-141", "2012-12-31": "$-17", "2012-09-30": "$-13", "2012-06-30": "$-7", "2012-03-31": "$-5", "2011-12-31": "$-2", "2011-09-30": "$-1", "2011-06-30": "", "2011-03-31": "$-0", "2010-12-31": ""}}, "eps-earnings-per-share-diluted": {"VEREIT Annual EPS": {"2019": "$-1.85", "2018": "$-0.80", "2017": "$-0.20", "2016": "$-1.45", "2015": "$-2.15", "2014": "$-6.80", "2013": "$-12.05", "2012": "$-2.05", "2011": "$-6.30", "2010": "$0.00"}, "VEREIT Quarterly EPS": {"2020-09-30": "$0.40", "2020-06-30": "$0.20", "2020-03-31": "$0.35", "2019-12-31": "$0.35", "2019-09-30": "$-3.80", "2019-06-30": "$1.35", "2019-03-31": "$0.25", "2018-12-31": "$0.05", "2018-09-30": "$-0.45", "2018-06-30": "$-0.45", "2018-03-31": "$0.05", "2017-12-31": "$-0.30", "2017-09-30": "$0.00", "2017-06-30": "$0.10", "2017-03-31": "$0.00", "2016-12-31": "$-0.65", "2016-09-30": "$0.05", "2016-06-30": "$-0.10", "2016-03-31": "$-0.75", "2015-12-31": "$-1.15", "2015-09-30": "$-0.05", "2015-06-30": "$-0.70", "2015-03-31": "$-0.25", "2014-12-31": "$-1.65", "2014-09-30": "$-1.75", "2014-06-30": "$-0.50", "2014-03-31": "$-2.90", "2013-12-31": "$-4.25", "2013-09-30": "$-1.80", "2013-06-30": "$-1.80", "2013-03-31": "$-4.20", "2012-12-31": "$-0.05", "2012-09-30": "$-0.45", "2012-06-30": "$-0.50", "2012-03-31": "$-1.05", "2011-12-31": "$-1.45", "2011-09-30": "$-2.10", "2011-06-30": "$0.00", "2011-03-31": "$0.00", "2010-12-31": "$0.00"}}, "shares-outstanding": {"VEREIT Annual Shares Outstanding (Millions of Shares)": {"2019": "200", "2018": "194", "2017": "195", "2016": "186", "2015": "181", "2014": "159", "2013": "41", "2012": "21", "2011": "1", "2010": ""}, "VEREIT Quarterly Shares Outstanding (Millions of Shares)": {"2020-09-30": "217", "2020-06-30": "216", "2020-03-31": "216", "2019-12-31": "200", "2019-09-30": "196", "2019-06-30": "200", "2019-03-31": "199", "2018-12-31": "194", "2018-09-30": "194", "2018-06-30": "194", "2018-03-31": "199", "2017-12-31": "195", "2017-09-30": "195", "2017-06-30": "200", "2017-03-31": "195", "2016-12-31": "186", "2016-09-30": "194", "2016-06-30": "181", "2016-03-31": "181", "2015-12-31": "181", "2015-09-30": "181", "2015-06-30": "181", "2015-03-31": "181", "2014-12-31": "159", "2014-09-30": "180", "2014-06-30": "163", "2014-03-31": "120", "2013-12-31": "41", "2013-09-30": "44", "2013-06-30": "40", "2013-03-31": "34", "2012-12-31": "21", "2012-09-30": "28", "2012-06-30": "14", "2012-03-31": "5", "2011-12-31": "1", "2011-09-30": "0", "2011-06-30": "", "2011-03-31": "", "2010-12-31": ""}}, "total-assets": {"VEREIT Annual Total Assets (Millions of US $)": {"2019": "$13,281", "2018": "$13,963", "2017": "$14,706", "2016": "$15,588", "2015": "$17,406", "2014": "$20,427", "2013": "$7,809", "2012": "$1,965", "2011": "$132", "2010": "$0"}, "VEREIT Quarterly Total Assets (Millions of US $)": {"2020-09-30": "$13,040", "2020-06-30": "$13,321", "2020-03-31": "$13,772", "2019-12-31": "$13,281", "2019-09-30": "$14,456", "2019-06-30": "$13,782", "2019-03-31": "$14,054", "2018-12-31": "$13,963", "2018-09-30": "$14,057", "2018-06-30": "$14,262", "2018-03-31": "$14,452", "2017-12-31": "$14,706", "2017-09-30": "$14,737", "2017-06-30": "$15,048", "2017-03-31": "$15,357", "2016-12-31": "$15,588", "2016-09-30": "$16,058", "2016-06-30": "$17,409", "2016-03-31": "$16,844", "2015-12-31": "$17,406", "2015-09-30": "$18,705", "2015-06-30": "$19,249", "2015-03-31": "$20,322", "2014-12-31": "$20,427", "2014-09-30": "$22,868", "2014-06-30": "$21,315", "2014-03-31": "$20,480", "2013-12-31": "$7,809", "2013-09-30": "$3,151", "2013-06-30": "$2,917", "2013-03-31": "$2,088", "2012-12-31": "$1,965", "2012-09-30": "$227", "2012-06-30": "$201", "2012-03-31": "$136", "2011-12-31": "$132", "2011-09-30": "$113", "2011-06-30": "$2", "2011-03-31": "$0", "2010-12-31": "$0"}}, "cash-on-hand": {"VEREIT Annual Cash on Hand (Millions of US $)": {"2019": "$34", "2018": "$54", "2017": "$62", "2016": "$298", "2015": "$129", "2014": "$479", "2013": "$89", "2012": "$158", "2011": "$3", "2010": "$"}, "VEREIT Quarterly Cash on Hand (Millions of US $)": {"2020-09-30": "$222", "2020-06-30": "$300", "2020-03-31": "$620", "2019-12-31": "$34", "2019-09-30": "$1,050", "2019-06-30": "$232", "2019-03-31": "$31", "2018-12-31": "$54", "2018-09-30": "$53", "2018-06-30": "$46", "2018-03-31": "$56", "2017-12-31": "$62", "2017-09-30": "$82", "2017-06-30": "$333", "2017-03-31": "$332", "2016-12-31": "$298", "2016-09-30": "$178", "2016-06-30": "$1,090", "2016-03-31": "$165", "2015-12-31": "$129", "2015-09-30": "$219", "2015-06-30": "$175", "2015-03-31": "$853", "2014-12-31": "$479", "2014-09-30": "$218", "2014-06-30": "$263", "2014-03-31": "$139", "2013-12-31": "$89", "2013-09-30": "$152", "2013-06-30": "$13", "2013-03-31": "$54", "2012-12-31": "$158", "2012-09-30": "$4", "2012-06-30": "$2", "2012-03-31": "$1", "2011-12-31": "$3", "2011-09-30": "$1", "2011-06-30": "", "2011-03-31": "", "2010-12-31": ""}}, "long-term-debt": {"VEREIT Annual Long Term Debt (Millions of US $)": {"2019": "$5,388", "2018": "$5,693", "2017": "$5,089", "2016": "$5,394", "2015": "$7,097", "2014": "$9,473", "2013": "$3,376", "2012": "$390", "2011": "$73", "2010": "$"}, "VEREIT Quarterly Long Term Debt (Millions of US $)": {"2020-09-30": "$5,633", "2020-06-30": "$5,695", "2020-03-31": "$5,987", "2019-12-31": "$5,388", "2019-09-30": "$5,235", "2019-06-30": "$5,261", "2019-03-31": "$5,629", "2018-12-31": "$5,693", "2018-09-30": "$5,555", "2018-06-30": "$5,050", "2018-03-31": "$5,021", "2017-12-31": "$5,089", "2017-09-30": "$4,936", "2017-06-30": "$5,107", "2017-03-31": "$5,311", "2016-12-31": "$5,394", "2016-09-30": "$5,582", "2016-06-30": "$7,506", "2016-03-31": "$6,837", "2015-12-31": "$7,097", "2015-09-30": "$7,986", "2015-06-30": "$8,466", "2015-03-31": "$9,403", "2014-12-31": "$9,473", "2014-09-30": "$10,636", "2014-06-30": "$8,816", "2014-03-31": "$9,345", "2013-12-31": "$3,376", "2013-09-30": "$870", "2013-06-30": "$870", "2013-03-31": "$905", "2012-12-31": "$390", "2012-09-30": "$127", "2012-06-30": "$105", "2012-03-31": "$80", "2011-12-31": "$73", "2011-09-30": "$52", "2011-06-30": "", "2011-03-31": "", "2010-12-31": ""}}, "total-liabilities": {"VEREIT Annual Total Liabilities (Millions of US $)": {"2019": "$6,437", "2018": "$6,663", "2017": "$6,663", "2016": "$6,968", "2015": "$8,692", "2014": "$11,045", "2013": "$5,311", "2012": "$417", "2011": "$74", "2010": "$0"}, "VEREIT Quarterly Total Liabilities (Millions of US $)": {"2020-09-30": "$6,584", "2020-06-30": "$6,670", "2020-03-31": "$7,081", "2019-12-31": "$6,437", "2019-09-30": "$7,433", "2019-06-30": "$6,430", "2019-03-31": "$6,821", "2018-12-31": "$6,663", "2018-09-30": "$6,633", "2018-06-30": "$6,616", "2018-03-31": "$6,575", "2017-12-31": "$6,663", "2017-09-30": "$6,510", "2017-06-30": "$6,685", "2017-03-31": "$6,875", "2016-12-31": "$6,968", "2016-09-30": "$7,170", "2016-06-30": "$9,106", "2016-03-31": "$8,400", "2015-12-31": "$8,692", "2015-09-30": "$9,648", "2015-06-30": "$10,046", "2015-03-31": "$10,997", "2014-12-31": "$11,045", "2014-09-30": "$12,865", "2014-06-30": "$10,452", "2014-03-31": "$10,950", "2013-12-31": "$5,311", "2013-09-30": "$1,698", "2013-06-30": "$1,365", "2013-03-31": "$922", "2012-12-31": "$417", "2012-09-30": "$129", "2012-06-30": "$108", "2012-03-31": "$81", "2011-12-31": "$74", "2011-09-30": "$67", "2011-06-30": "$2", "2011-03-31": "$0", "2010-12-31": "$0"}}, "total-share-holder-equity": {"VEREIT Annual Share Holder Equity (Millions of US $)": {"2019": "$6,843", "2018": "$7,300", "2017": "$8,043", "2016": "$8,620", "2015": "$8,714", "2014": "$9,382", "2013": "$2,499", "2012": "$1,548", "2011": "$57", "2010": "$"}, "VEREIT Quarterly Share Holder Equity (Millions of US $)": {"2020-09-30": "$6,456", "2020-06-30": "$6,651", "2020-03-31": "$6,691", "2019-12-31": "$6,843", "2019-09-30": "$7,022", "2019-06-30": "$7,352", "2019-03-31": "$7,233", "2018-12-31": "$7,300", "2018-09-30": "$7,424", "2018-06-30": "$7,645", "2018-03-31": "$7,877", "2017-12-31": "$8,043", "2017-09-30": "$8,227", "2017-06-30": "$8,363", "2017-03-31": "$8,482", "2016-12-31": "$8,620", "2016-09-30": "$8,888", "2016-06-30": "$8,303", "2016-03-31": "$8,444", "2015-12-31": "$8,714", "2015-09-30": "$9,057", "2015-06-30": "$9,204", "2015-03-31": "$9,325", "2014-12-31": "$9,382", "2014-09-30": "$10,003", "2014-06-30": "$10,864", "2014-03-31": "$9,530", "2013-12-31": "$2,499", "2013-09-30": "$1,453", "2013-06-30": "$1,552", "2013-03-31": "$1,166", "2012-12-31": "$1,548", "2012-09-30": "$98", "2012-06-30": "$94", "2012-03-31": "$55", "2011-12-31": "$57", "2011-09-30": "$45", "2011-06-30": "$-0", "2011-03-31": "$0", "2010-12-31": "$0"}}, "profit-margins": {"current": "26.3%"}, "gross margin": {"2020-09-30": "89.47%", "2020-06-30": "89.54%", "2020-03-31": "89.58%", "2019-12-31": "89.57%", "2019-09-30": "89.80%", "2019-06-30": "89.81%", "2019-03-31": "89.84%", "2018-12-31": "89.98%", "2018-09-30": "89.94%", "2018-06-30": "89.96%", "2018-03-31": "89.98%", "2017-12-31": "89.70%", "2017-09-30": "88.70%", "2017-06-30": "88.40%", "2017-03-31": "87.88%", "2016-12-31": "87.64%", "2016-09-30": "88.04%", "2016-06-30": "88.59%", "2016-03-31": "89.34%", "2015-12-31": "90.22%", "2015-09-30": "91.02%", "2015-06-30": "90.20%", "2015-03-31": "89.59%", "2014-12-31": "87.14%", "2014-09-30": "86.27%", "2014-06-30": "86.40%", "2014-03-31": "86.16%", "2013-12-31": "93.01%", "2013-09-30": "94.20%", "2013-06-30": "93.92%", "2013-03-31": "94.23%", "2012-12-31": "95.52%", "2012-09-30": "94.87%", "2012-06-30": "95.24%"}, "operating margin": {"2020-09-30": "39.73%", "2020-06-30": "-29.43%", "2020-03-31": "-26.25%", "2019-12-31": "-25.46%", "2019-09-30": "-28.59%", "2019-06-30": "23.17%", "2019-03-31": "10.79%", "2018-12-31": "6.20%", "2018-09-30": "5.55%", "2018-06-30": "15.30%", "2018-03-31": "20.61%", "2017-12-31": "20.51%", "2017-09-30": "24.06%", "2017-06-30": "23.94%", "2017-03-31": "25.49%", "2016-12-31": "14.23%", "2016-09-30": "15.10%", "2016-06-30": "15.72%", "2016-03-31": "9.68%", "2015-12-31": "20.12%", "2015-09-30": "-8.42%", "2015-06-30": "-9.07%", "2015-03-31": "-7.32%", "2014-12-31": "-23.50%", "2014-09-30": "-15.20%", "2014-06-30": "-31.48%", "2014-03-31": "-58.81%", "2013-12-31": "-101.52%", "2013-09-30": "-87.95%", "2013-06-30": "-129.05%", "2013-03-31": "-157.69%", "2012-12-31": "-44.78%", "2012-09-30": "-51.28%", "2012-06-30": "-47.62%"}, "ebitda margin": {"2020-09-30": "79.71%", "2020-06-30": "10.71%", "2020-03-31": "13.45%", "2019-12-31": "14.63%", "2019-09-30": "14.46%", "2019-06-30": "69.27%", "2019-03-31": "60.56%", "2018-12-31": "58.66%", "2018-09-30": "59.83%", "2018-06-30": "71.55%", "2018-03-31": "78.91%", "2017-12-31": "79.97%", "2017-09-30": "89.04%", "2017-06-30": "87.42%", "2017-03-31": "86.71%", "2016-12-31": "74.61%", "2016-09-30": "74.54%", "2016-06-30": "75.38%", "2016-03-31": "69.70%", "2015-12-31": "80.22%", "2015-09-30": "49.62%", "2015-06-30": "49.82%", "2015-03-31": "54.30%", "2014-12-31": "40.34%", "2014-09-30": "50.54%", "2014-06-30": "37.90%", "2014-03-31": "11.20%", "2013-12-31": "-28.88%", "2013-09-30": "-20.54%", "2013-06-30": "-64.19%", "2013-03-31": "-93.27%", "2012-12-31": "19.40%", "2012-09-30": "12.82%", "2012-06-30": "9.52%"}, "pre tax profit margin": {"2020-09-30": "26.66%", "2020-06-30": "-44.27%", "2020-03-31": "-23.54%", "2019-12-31": "-24.49%", "2019-09-30": "-27.79%", "2019-06-30": "25.56%", "2019-03-31": "-3.65%", "2018-12-31": "-7.00%", "2018-09-30": "-9.35%", "2018-06-30": "-2.47%", "2018-03-31": "5.93%", "2017-12-31": "4.71%", "2017-09-30": "6.08%", "2017-06-30": "7.27%", "2017-03-31": "4.74%", "2016-12-31": "-5.24%", "2016-09-30": "-6.49%", "2016-06-30": "-7.97%", "2016-03-31": "-15.61%", "2015-12-31": "-9.30%", "2015-09-30": "-48.37%", "2015-06-30": "-48.56%", "2015-03-31": "-46.13%", "2014-12-31": "-66.12%", "2014-09-30": "-46.91%", "2014-06-30": "-70.99%", "2014-03-31": "-111.04%", "2013-12-31": "-153.50%", "2013-09-30": "-140.18%", "2013-06-30": "-164.86%", "2013-03-31": "-172.12%", "2012-12-31": "-62.69%", "2012-09-30": "-71.79%", "2012-06-30": "-76.19%"}, "net profit margin": {"2020-09-30": "20.80%", "2020-06-30": "-48.82%", "2020-03-31": "-28.47%", "2019-12-31": "-29.75%", "2019-09-30": "-34.70%", "2019-06-30": "17.68%", "2019-03-31": "-10.87%", "2018-12-31": "-12.56%", "2018-09-30": "-17.27%", "2018-06-30": "-10.36%", "2018-03-31": "-1.92%", "2017-12-31": "-3.35%", "2017-09-30": "-10.70%", "2017-06-30": "-9.15%", "2017-03-31": "-11.03%", "2016-12-31": "-20.15%", "2016-09-30": "-20.93%", "2016-06-30": "-23.47%", "2016-03-31": "-32.06%", "2015-12-31": "-27.00%", "2015-09-30": "-34.74%", "2015-06-30": "-51.68%", "2015-03-31": "-49.27%", "2014-12-31": "-68.46%", "2014-09-30": "-70.37%", "2014-06-30": "-72.16%", "2014-03-31": "-110.05%", "2013-12-31": "-150.15%", "2013-09-30": "-138.39%", "2013-06-30": "-164.19%", "2013-03-31": "-171.15%", "2012-12-31": "-62.69%", "2012-09-30": "-69.23%", "2012-06-30": "-71.43%"}, "pe ratio": {"current": "11.80", "2021-02-05": "31.07", "2020-09-30": "26.81", "2020-06-30": "0.00", "2020-03-31": "0.00", "2019-12-31": "0.00", "2019-09-30": "0.00", "2019-06-30": "34.30", "2019-03-31": "0.00", "2018-12-31": "0.00", "2018-09-30": "0.00", "2018-06-30": "0.00", "2018-03-31": "0.00", "2017-12-31": "0.00", "2017-09-30": "0.00", "2017-06-30": "0.00", "2017-03-31": "0.00", "2016-12-31": "0.00", "2016-09-30": "0.00", "2016-06-30": "0.00"}, "price sales": {"2021-02-05": "6.70", "2020-09-30": "5.78", "2020-06-30": "5.47", "2020-03-31": "3.92", "2019-12-31": "6.97", "2019-09-30": "7.17", "2019-06-30": "6.44", "2019-03-31": "5.83", "2018-12-31": "4.91", "2018-09-30": "4.88", "2018-06-30": "4.95", "2018-03-31": "4.61", "2017-12-31": "5.00", "2017-09-30": "5.56", "2017-06-30": "5.11", "2017-03-31": "4.86", "2016-12-31": "4.50", "2016-09-30": "5.25", "2016-06-30": "4.90"}, "price book": {"current": "1.26", "2021-02-05": "1.26", "2020-09-30": "1.09", "2020-06-30": "1.02", "2020-03-31": "0.76", "2019-12-31": "1.37", "2019-09-30": "1.38", "2019-06-30": "1.09", "2019-03-31": "1.01", "2018-12-31": "0.84", "2018-09-30": "0.82", "2018-06-30": "0.80", "2018-03-31": "0.72", "2017-12-31": "0.77", "2017-09-30": "0.79", "2017-06-30": "0.75", "2017-03-31": "0.76", "2016-12-31": "0.73", "2016-09-30": "0.86", "2016-06-30": "0.82", "2016-03-31": "0.70", "2015-12-31": "0.60", "2015-09-30": "0.55"}, "price fcf": {"2021-02-05": "", "2020-09-30": "$1.59", "2020-06-30": "$4.27", "2020-03-31": "$4.28", "2019-12-31": "$4.47", "2019-09-30": "$9.51", "2019-06-30": "$5.28", "2019-03-31": "$4.56", "2018-12-31": "$4.97", "2018-09-30": "$3.49", "2018-06-30": "$4.08", "2018-03-31": "$5.61", "2017-12-31": "$6.17", "2017-09-30": "$8.09", "2017-06-30": "$8.71", "2017-03-31": "$9.42", "2016-12-31": "$9.46", "2016-09-30": "$10.67", "2016-06-30": "$14.02"}, "net worth": {"value": "$8.14B"}, "current ratio": {"2020-09-30": "1.69", "2020-06-30": "1.78", "2020-03-31": "2.17", "2019-12-31": "0.86", "2019-09-30": "0.92", "2019-06-30": "1.10", "2019-03-31": "0.73", "2018-12-31": "0.78", "2018-09-30": "0.70", "2018-06-30": "0.35", "2018-03-31": "0.35", "2017-12-31": "0.40", "2017-09-30": "0.37", "2017-06-30": "0.61", "2017-03-31": "0.61", "2016-12-31": "0.55", "2016-09-30": "0.47", "2016-06-30": "1.26", "2016-03-31": "0.44", "2015-12-31": "0.39", "2015-09-30": "0.19", "2015-06-30": "0.15", "2015-03-31": "0.75", "2014-12-31": "0.70", "2014-09-30": "0.19", "2014-06-30": "0.23", "2014-03-31": "0.12", "2013-12-31": "0.05", "2013-09-30": "0.20", "2013-06-30": "0.03", "2013-03-31": "8.15", "2012-12-31": "16.70", "2012-09-30": "2.96", "2012-06-30": "1.27", "2012-03-31": "1.04", "2011-12-31": "3.67", "2011-09-30": "0.90", "2011-06-30": "0.00", "2011-03-31": "0.00", "2010-12-31": "0.00"}, "quick ratio": {"2020-09-30": "0.00", "2020-06-30": "0.00", "2020-03-31": "0.00", "2019-12-31": "0.00", "2019-09-30": "0.00", "2019-06-30": "0.00", "2019-03-31": "0.00", "2018-12-31": "0.00", "2018-09-30": "0.00", "2018-06-30": "0.00", "2018-03-31": "0.00", "2017-12-31": "0.00", "2017-09-30": "0.00", "2017-06-30": "0.00", "2017-03-31": "0.00", "2016-12-31": "0.00", "2016-09-30": "0.00", "2016-06-30": "0.00", "2016-03-31": "0.00", "2015-12-31": "0.00", "2015-09-30": "0.00", "2015-06-30": "0.00", "2015-03-31": "0.00", "2014-12-31": "0.00", "2014-09-30": "0.00", "2014-06-30": "0.00", "2014-03-31": "0.00", "2013-12-31": "0.00", "2013-09-30": "0.00", "2013-06-30": "0.00", "2013-03-31": "0.00", "2012-12-31": "0.00", "2012-09-30": "0.00", "2012-06-30": "0.00", "2012-03-31": "0.00", "2011-12-31": "0.00", "2011-09-30": "0.00", "2011-06-30": "0.00", "2011-03-31": "0.00", "2010-12-31": "0.00"}, "debt equity ratio": {"current": "0.87", "2020-09-30": "1.02", "2020-06-30": "1.00", "2020-03-31": "1.06", "2019-12-31": "0.94", "2019-09-30": "1.06", "2019-06-30": "0.88", "2019-03-31": "0.94", "2018-12-31": "0.91", "2018-09-30": "0.89", "2018-06-30": "0.87", "2018-03-31": "0.84", "2017-12-31": "0.83", "2017-09-30": "0.79", "2017-06-30": "0.80", "2017-03-31": "0.81", "2016-12-31": "0.81", "2016-09-30": "0.81", "2016-06-30": "1.10", "2016-03-31": "1.00", "2015-12-31": "1.00", "2015-09-30": "1.07", "2015-06-30": "1.09", "2015-03-31": "1.18", "2014-12-31": "1.18", "2014-09-30": "1.29", "2014-06-30": "0.96", "2014-03-31": "1.15", "2013-12-31": "2.13", "2013-09-30": "1.17", "2013-06-30": "0.88", "2013-03-31": "0.79", "2012-12-31": "0.27", "2012-09-30": "1.32", "2012-06-30": "1.15", "2012-03-31": "1.47", "2011-12-31": "1.30", "2011-09-30": "1.48", "2011-06-30": "-196.00", "2011-03-31": "0.00", "2010-12-31": "0.00"}, "return on equity": {"2020-09-30": "3.68%", "2020-06-30": "-8.51%", "2020-03-31": "-4.97%", "2019-12-31": "-5.17%", "2019-09-30": "-5.98%", "2019-06-30": "3.03%", "2019-03-31": "-1.85%", "2018-12-31": "-2.09%", "2018-09-30": "-2.81%", "2018-06-30": "-1.64%", "2018-03-31": "-0.30%", "2017-12-31": "-0.51%", "2017-09-30": "-1.48%", "2017-06-30": "-1.30%", "2017-03-31": "-1.66%", "2016-12-31": "-3.14%", "2016-09-30": "-3.34%", "2016-06-30": "-3.79%", "2016-03-31": "-5.13%", "2015-12-31": "-4.29%", "2015-09-30": "-5.98%", "2015-06-30": "-9.07%", "2015-03-31": "-8.23%", "2014-12-31": "-10.87%", "2014-09-30": "-11.09%", "2014-06-30": "-11.07%", "2014-03-31": "-17.77%", "2013-12-31": "-29.63%", "2013-09-30": "-21.68%", "2013-06-30": "-22.27%", "2013-03-31": "-24.50%", "2012-12-31": "-9.36%", "2012-09-30": "-35.53%", "2012-06-30": "-23.90%", "2011-12-31": "-11.76%"}, "return on assets": {"2020-09-30": "1.83%", "2020-06-30": "-4.22%", "2020-03-31": "-2.51%", "2019-12-31": "-2.65%", "2019-09-30": "-3.07%", "2019-06-30": "1.59%", "2019-03-31": "-0.97%", "2018-12-31": "-1.11%", "2018-09-30": "-1.52%", "2018-06-30": "-0.89%", "2018-03-31": "-0.16%", "2017-12-31": "-0.28%", "2017-09-30": "-0.82%", "2017-06-30": "-0.72%", "2017-03-31": "-0.88%", "2016-12-31": "-1.63%", "2016-09-30": "-1.70%", "2016-06-30": "-1.86%", "2016-03-31": "-2.52%", "2015-12-31": "-2.06%", "2015-09-30": "-2.81%", "2015-06-30": "-4.15%", "2015-03-31": "-3.83%", "2014-12-31": "-5.08%", "2014-09-30": "-5.03%", "2014-06-30": "-5.11%", "2014-03-31": "-7.78%", "2013-12-31": "-12.38%", "2013-09-30": "-12.25%", "2013-06-30": "-13.51%", "2013-03-31": "-15.89%", "2012-12-31": "-6.64%", "2012-09-30": "-15.52%", "2012-06-30": "-10.31%", "2011-12-31": "-4.86%"}, "return on investments": {"2020-09-30": "3.79%", "2020-06-30": "-2.82%", "2020-03-31": "-2.57%", "2019-12-31": "-2.52%", "2019-09-30": "-2.81%", "2019-06-30": "2.26%", "2019-03-31": "1.06%", "2018-12-31": "0.61%", "2018-09-30": "0.54%", "2018-06-30": "1.48%", "2018-03-31": "1.95%", "2017-12-31": "1.92%", "2017-09-30": "2.06%", "2017-06-30": "2.10%", "2017-03-31": "2.26%", "2016-12-31": "1.28%", "2016-09-30": "1.35%", "2016-06-30": "1.37%", "2016-03-31": "0.83%", "2015-12-31": "1.68%", "2015-09-30": "-0.74%", "2015-06-30": "-0.80%", "2015-03-31": "-0.62%", "2014-12-31": "-1.90%", "2014-09-30": "-1.21%", "2014-06-30": "-2.52%", "2014-03-31": "-4.84%", "2013-12-31": "-10.53%", "2013-09-30": "-9.00%", "2013-06-30": "-11.48%", "2013-03-31": "-14.80%", "2012-12-31": "-4.81%", "2012-09-30": "-11.61%", "2012-06-30": "-7.13%", "2011-12-31": "-5.29%"}, "return on tangible equity": {"2020-09-30": "4.60%", "2020-06-30": "-10.60%", "2020-03-31": "-6.15%", "2019-12-31": "-6.37%", "2019-09-30": "-7.34%", "2019-06-30": "3.71%", "2019-03-31": "-2.26%", "2018-12-31": "-2.54%", "2018-09-30": "-3.40%", "2018-06-30": "-1.98%", "2018-03-31": "-0.36%", "2017-12-31": "-0.61%", "2017-09-30": "-1.79%", "2017-06-30": "-1.58%", "2017-03-31": "-2.02%", "2016-12-31": "-3.85%", "2016-09-30": "-4.15%", "2016-06-30": "-4.75%", "2016-03-31": "-6.47%", "2015-12-31": "-5.43%", "2015-09-30": "-7.64%", "2015-06-30": "-11.68%", "2015-03-31": "-10.70%", "2014-12-31": "-14.41%", "2014-09-30": "-14.55%", "2014-06-30": "-14.23%", "2014-03-31": "-21.76%", "2013-12-31": "-30.04%", "2013-09-30": "-21.68%", "2013-06-30": "-22.27%", "2013-03-31": "-24.50%", "2012-12-31": "-9.36%", "2012-09-30": "-35.53%", "2012-06-30": "-23.90%", "2011-12-31": "-11.76%"}, "dividend yield history": {"last payout": "$1.54", "last yield": "4.13%"}}