{"ticker": "VFC", "price": {"title": "V.F Historical Annual Stock Price Data", "value": 80.49, "historical": {"2021": {"Average Stock Price": "83.0904", "Year Open": "85.1200", "Year High": "88.2800", "Year Low": "76.8700", "Year Close": "80.4900", "Annual % Change": "-5.76%"}, "2020": {"Average Stock Price": "70.1521", "Year Open": "100.2300", "Year High": "100.2300", "Year Low": "45.9900", "Year Close": "85.4100", "Annual % Change": "-14.30%"}, "2019": {"Average Stock Price": "86.8394", "Year Open": "71.3500", "Year High": "99.9600", "Year Low": "69.2500", "Year Close": "99.6600", "Annual % Change": "39.70%"}, "2018": {"Average Stock Price": "82.1947", "Year Open": "74.4200", "Year High": "96.2900", "Year Low": "67.3200", "Year Close": "71.3400", "Annual % Change": "-3.59%"}, "2017": {"Average Stock Price": "59.6872", "Year Open": "53.4000", "Year High": "74.6100", "Year Low": "48.3200", "Year Close": "74.0000", "Annual % Change": "38.71%"}, "2016": {"Average Stock Price": "60.2223", "Year Open": "60.8700", "Year High": "66.7500", "Year Low": "53.0700", "Year Close": "53.3500", "Annual % Change": "-14.30%"}, "2015": {"Average Stock Price": "71.0627", "Year Open": "73.7600", "Year High": "77.6100", "Year Low": "61.8100", "Year Close": "62.2500", "Annual % Change": "-16.89%"}, "2014": {"Average Stock Price": "63.8856", "Year Open": "62.3800", "Year High": "75.4600", "Year Low": "55.9900", "Year Close": "74.9000", "Annual % Change": "20.15%"}, "2013": {"Average Stock Price": "47.2598", "Year Open": "37.5900", "Year High": "62.3400", "Year Low": "36.4350", "Year Close": "62.3400", "Annual % Change": "65.17%"}, "2012": {"Average Stock Price": "36.9155", "Year Open": "32.4175", "Year High": "42.2150", "Year Low": "32.4175", "Year Close": "37.7425", "Annual % Change": "18.88%"}, "2011": {"Average Stock Price": "27.4176", "Year Open": "21.5900", "Year High": "35.2600", "Year Low": "20.3350", "Year Close": "31.7475", "Annual % Change": "47.35%"}, "2010": {"Average Stock Price": "19.8708", "Year Open": "18.3450", "Year High": "22.3300", "Year Low": "17.4775", "Year Close": "21.5450", "Annual % Change": "17.67%"}, "2009": {"Average Stock Price": "15.8658", "Year Open": "14.2175", "Year High": "19.6225", "Year Low": "11.9125", "Year Close": "18.3100", "Annual % Change": "33.72%"}, "2008": {"Average Stock Price": "17.5517", "Year Open": "16.9525", "Year High": "21.0850", "Year Low": "9.9700", "Year Close": "13.6925", "Annual % Change": "-20.23%"}, "2007": {"Average Stock Price": "20.8160", "Year Open": "20.4450", "Year High": "23.9125", "Year Low": "17.1650", "Year Close": "17.1650", "Annual % Change": "-16.35%"}, "2006": {"Average Stock Price": "16.5883", "Year Open": "13.7550", "Year High": "20.6500", "Year Low": "13.4150", "Year Close": "20.5200", "Annual % Change": "48.32%"}, "2005": {"Average Stock Price": "14.2816", "Year Open": "13.6125", "Year High": "15.3800", "Year Low": "12.7125", "Year Close": "13.8350", "Annual % Change": "-0.07%"}, "2004": {"Average Stock Price": "12.0672", "Year Open": "10.6450", "Year High": "13.8450", "Year Low": "10.5900", "Year Close": "13.8450", "Annual % Change": "28.08%"}, "2003": {"Average Stock Price": "9.5578", "Year Open": "9.3625", "Year High": "11.0125", "Year Low": "8.2125", "Year Close": "10.8100", "Annual % Change": "19.94%"}, "2002": {"Average Stock Price": "9.9854", "Year Open": "9.8375", "Year High": "11.3325", "Year Low": "8.0225", "Year Close": "9.0125", "Annual % Change": "-7.59%"}, "2001": {"Average Stock Price": "9.0862", "Year Open": "8.7775", "Year High": "10.4975", "Year Low": "7.1525", "Year Close": "9.7525", "Annual % Change": "7.64%"}, "2000": {"Average Stock Price": "6.5919", "Year Open": "7.4050", "Year High": "9.1400", "Year Low": "5.5000", "Year Close": "9.0600", "Annual % Change": "20.80%"}, "1999": {"Average Stock Price": "9.9810", "Year Open": "11.6250", "Year High": "13.5625", "Year Low": "7.0000", "Year Close": "7.5000", "Annual % Change": "-36.01%"}, "1998": {"Average Stock Price": "11.6895", "Year Open": "11.4525", "Year High": "13.4525", "Year Low": "8.5000", "Year Close": "11.7200", "Annual % Change": "0.82%"}, "1997": {"Average Stock Price": "10.1453", "Year Open": "8.2663", "Year High": "11.9688", "Year Low": "8.1563", "Year Close": "11.6250", "Annual % Change": "37.78%"}, "1996": {"Average Stock Price": "7.3479", "Year Open": "6.5938", "Year High": "8.7350", "Year Low": "6.0775", "Year Close": "8.4375", "Annual % Change": "27.96%"}, "1995": {"Average Stock Price": "6.4806", "Year Open": "6.1100", "Year High": "7.1250", "Year Low": "5.8750", "Year Close": "6.5938", "Annual % Change": "8.47%"}, "1994": {"Average Stock Price": "6.1498", "Year Open": "5.6875", "Year High": "6.6100", "Year Low": "5.5475", "Year Close": "6.0788", "Annual % Change": "5.42%"}, "1993": {"Average Stock Price": "5.8834", "Year Open": "6.5313", "Year High": "7.0313", "Year Low": "4.9538", "Year Close": "5.7663", "Annual % Change": "-13.37%"}, "1992": {"Average Stock Price": "5.8255", "Year Open": "4.8913", "Year High": "7.1563", "Year Low": "4.8913", "Year Close": "6.6563", "Annual % Change": "34.37%"}, "1991": {"Average Stock Price": "3.7433", "Year Open": "2.3125", "Year High": "5.0788", "Year Low": "2.2350", "Year Close": "4.9538", "Annual % Change": "115.62%"}, "1990": {"Average Stock Price": "3.0601", "Year Open": "4.2663", "Year High": "4.2663", "Year Low": "1.5000", "Year Close": "2.2975", "Annual % Change": "-42.35%"}, "1989": {"Average Stock Price": "4.1408", "Year Open": "3.5775", "Year High": "4.7975", "Year Low": "3.5150", "Year Close": "3.9850", "Annual % Change": "10.89%"}, "1988": {"Average Stock Price": "3.6907", "Year Open": "3.3125", "Year High": "4.1875", "Year Low": "3.1875", "Year Close": "3.5938", "Annual % Change": "17.35%"}, "1987": {"Average Stock Price": "4.5288", "Year Open": "3.9850", "Year High": "5.9850", "Year Low": "2.8600", "Year Close": "3.0625", "Annual % Change": "-20.66%"}, "1986": {"Average Stock Price": "3.8418", "Year Open": "3.2188", "Year High": "4.3900", "Year Low": "3.0000", "Year Close": "3.8600", "Annual % Change": "19.04%"}}}, "market cap": {"value": "$31.75B"}, "income statement": {"Revenue": {"2020-03-31": "10488.56000", "2019-03-31": "10266.89000", "2018-03-31": "", "2017-12-31": "8394.68400", "2016-12-31": "11026.15000", "2015-12-31": "10996.39000", "2014-12-31": "11881.73000", "2013-12-31": "11419.65000", "2012-12-31": "10879.86000", "2011-12-31": "9459.23200", "2010-12-31": "7702.58900", "2009-12-31": "7220.28600", "2008-12-31": "7642.60000", "2007-12-31": "7219.35900", "2006-12-31": "6215.79400", "2005-12-31": "5654.15500"}, "Cost Of Goods Sold": {"2020-03-31": "4690.52000", "2019-03-31": "4656.32600", "2018-03-31": "", "2017-12-31": "3849.24800", "2016-12-31": "5589.92300", "2015-12-31": "5603.76600", "2014-12-31": "6112.88000", "2013-12-31": "5931.46900", "2012-12-31": "5817.88000", "2011-12-31": "5128.60200", "2010-12-31": "4105.20100", "2009-12-31": "4025.12200", "2008-12-31": "4283.68000", "2007-12-31": "4080.02200", "2006-12-31": "3515.62400", "2005-12-31": "3209.31200"}, "Gross Profit": {"2020-03-31": "5798.03600", "2019-03-31": "5610.56100", "2018-03-31": "", "2017-12-31": "4545.43600", "2016-12-31": "5436.22500", "2015-12-31": "5392.62600", "2014-12-31": "5768.85100", "2013-12-31": "5488.17900", "2012-12-31": "5061.97600", "2011-12-31": "4330.63000", "2010-12-31": "3597.38800", "2009-12-31": "3195.16400", "2008-12-31": "3358.92000", "2007-12-31": "3139.33700", "2006-12-31": "2700.17000", "2005-12-31": "2444.84300"}, "Research And Development Expenses": {"2020-03-31": "", "2019-03-31": "", "2018-03-31": "", "2017-12-31": "", "2016-12-31": "", "2015-12-31": "", "2014-12-31": "", "2013-12-31": "", "2012-12-31": "", "2011-12-31": "", "2010-12-31": "", "2009-12-31": "", "2008-12-31": "", "2007-12-31": "", "2006-12-31": "", "2005-12-31": ""}, "SG&A Expenses": {"2020-03-31": "4547.00800", "2019-03-31": "4420.37900", "2018-03-31": "", "2017-12-31": "3662.06200", "2016-12-31": "3901.12200", "2015-12-31": "3747.79900", "2014-12-31": "3970.53600", "2013-12-31": "3841.03200", "2012-12-31": "3596.70800", "2011-12-31": "3085.83900", "2010-12-31": "2574.79000", "2009-12-31": "2336.39400", "2008-12-31": "2419.92500", "2007-12-31": "2173.89600", "2006-12-31": "1874.02600", "2005-12-31": "1676.89200"}, "Other Operating Income Or Expenses": {"2020-03-31": "", "2019-03-31": "", "2018-03-31": "", "2017-12-31": "", "2016-12-31": "", "2015-12-31": "", "2014-12-31": "", "2013-12-31": "", "2012-12-31": "", "2011-12-31": "", "2010-12-31": "", "2009-12-31": "", "2008-12-31": "", "2007-12-31": "", "2006-12-31": "", "2005-12-31": ""}, "Operating Expenses": {"2020-03-31": "9560.75100", "2019-03-31": "9076.70500", "2018-03-31": "", "2017-12-31": "7511.31000", "2016-12-31": "9570.68900", "2015-12-31": "9351.56500", "2014-12-31": "10083.42000", "2013-12-31": "9772.50100", "2012-12-31": "9414.58800", "2011-12-31": "8214.44100", "2010-12-31": "6881.72900", "2009-12-31": "6483.46900", "2008-12-31": "6703.60500", "2007-12-31": "6253.91800", "2006-12-31": "5389.65000", "2005-12-31": "4886.20400"}, "Operating Income": {"2020-03-31": "927.80470", "2019-03-31": "1190.18200", "2018-03-31": "", "2017-12-31": "883.37350", "2016-12-31": "1455.45800", "2015-12-31": "1644.82700", "2014-12-31": "1798.31400", "2013-12-31": "1647.14700", "2012-12-31": "1465.26800", "2011-12-31": "1244.79100", "2010-12-31": "820.85990", "2009-12-31": "736.81690", "2008-12-31": "938.99460", "2007-12-31": "965.44090", "2006-12-31": "826.14400", "2005-12-31": "767.95070"}, "Total Non-Operating Income/Expense": {"2020-03-31": "-200.59700", "2019-03-31": "-151.86900", "2018-03-31": "", "2017-12-31": "-95.49500", "2016-12-31": "-170.74200", "2015-12-31": "-80.57100", "2014-12-31": "-84.73800", "2013-12-31": "-84.65700", "2012-12-31": "-43.39200", "2011-12-31": "-80.04800", "2010-12-31": "-70.64800", "2009-12-31": "-82.14400", "2008-12-31": "-90.90400", "2007-12-31": "-58.73800", "2006-12-31": "-48.90600", "2005-12-31": "-56.25800"}, "Pre-Tax Income": {"2020-03-31": "727.20800", "2019-03-31": "1038.31300", "2018-03-31": "", "2017-12-31": "787.87900", "2016-12-31": "1284.71600", "2015-12-31": "1564.25700", "2014-12-31": "1713.57600", "2013-12-31": "1562.49000", "2012-12-31": "1421.87500", "2011-12-31": "1164.74300", "2010-12-31": "750.21200", "2009-12-31": "654.67300", "2008-12-31": "848.09100", "2007-12-31": "906.70300", "2006-12-31": "777.23800", "2005-12-31": "711.69300"}, "Income Taxes": {"2020-03-31": "98.06200", "2019-03-31": "167.88700", "2018-03-31": "", "2017-12-31": "519.80900", "2016-12-31": "205.86200", "2015-12-31": "347.20100", "2014-12-31": "385.82700", "2013-12-31": "352.37100", "2012-12-31": "335.73700", "2011-12-31": "274.35000", "2010-12-31": "176.70000", "2009-12-31": "196.21500", "2008-12-31": "245.24400", "2007-12-31": "292.83200", "2006-12-31": "242.18700", "2005-12-31": "229.06400"}, "Income After Taxes": {"2020-03-31": "629.14600", "2019-03-31": "870.42600", "2018-03-31": "", "2017-12-31": "268.07000", "2016-12-31": "1078.85400", "2015-12-31": "1217.05600", "2014-12-31": "1327.74900", "2013-12-31": "1210.11900", "2012-12-31": "1086.13800", "2011-12-31": "890.39310", "2010-12-31": "573.51200", "2009-12-31": "458.45800", "2008-12-31": "602.84700", "2007-12-31": "613.87100", "2006-12-31": "535.05100", "2005-12-31": "482.62900"}, "Other Income": {"2020-03-31": "", "2019-03-31": "", "2018-03-31": "", "2017-12-31": "", "2016-12-31": "", "2015-12-31": "", "2014-12-31": "", "2013-12-31": "", "2012-12-31": "", "2011-12-31": "", "2010-12-31": "", "2009-12-31": "", "2008-12-31": "", "2007-12-31": "", "2006-12-31": "", "2005-12-31": ""}, "Income From Continuous Operations": {"2020-03-31": "629.14600", "2019-03-31": "870.42600", "2018-03-31": "", "2017-12-31": "268.07000", "2016-12-31": "1078.85400", "2015-12-31": "1217.05600", "2014-12-31": "1327.74900", "2013-12-31": "1210.11900", "2012-12-31": "1086.13800", "2011-12-31": "890.39310", "2010-12-31": "573.51200", "2009-12-31": "458.45800", "2008-12-31": "602.84700", "2007-12-31": "613.87100", "2006-12-31": "535.05100", "2005-12-31": "482.62900"}, "Income From Discontinued Operations": {"2020-03-31": "50.30300", "2019-03-31": "389.36600", "2018-03-31": "", "2017-12-31": "346.85300", "2016-12-31": "-4.74800", "2015-12-31": "14.53700", "2014-12-31": "-280.24400", "2013-12-31": "", "2012-12-31": "", "2011-12-31": "", "2010-12-31": "", "2009-12-31": "", "2008-12-31": "", "2007-12-31": "-21.62500", "2006-12-31": "-1.53500", "2005-12-31": "35.90600"}, "Net Income": {"2020-03-31": "679.44900", "2019-03-31": "1259.79200", "2018-03-31": "", "2017-12-31": "614.92300", "2016-12-31": "1074.10600", "2015-12-31": "1231.59300", "2014-12-31": "1047.50500", "2013-12-31": "1210.11900", "2012-12-31": "1085.99900", "2011-12-31": "888.08900", "2010-12-31": "571.36200", "2009-12-31": "461.27100", "2008-12-31": "602.74800", "2007-12-31": "591.62100", "2006-12-31": "533.51600", "2005-12-31": "506.70200"}, "EBITDA": {"2020-03-31": "1588.13100", "2019-03-31": "1445.91100", "2018-03-31": "", "2017-12-31": "1121.69400", "2016-12-31": "1816.67900", "2015-12-31": "2060.46400", "2014-12-31": "2469.56000", "2013-12-31": "1900.42000", "2012-12-31": "1703.22400", "2011-12-31": "1443.52600", "2010-12-31": "1195.99400", "2009-12-31": "1029.22200", "2008-12-31": "1105.16600", "2007-12-31": "1106.66800", "2006-12-31": "954.99010", "2005-12-31": "889.38470"}, "EBIT": {"2020-03-31": "927.80470", "2019-03-31": "1190.18200", "2018-03-31": "", "2017-12-31": "883.37350", "2016-12-31": "1455.45800", "2015-12-31": "1644.82700", "2014-12-31": "1798.31400", "2013-12-31": "1647.14700", "2012-12-31": "1465.26800", "2011-12-31": "1244.79100", "2010-12-31": "820.85990", "2009-12-31": "736.81690", "2008-12-31": "938.99460", "2007-12-31": "965.44090", "2006-12-31": "826.14400", "2005-12-31": "767.95070"}, "Basic Shares Outstanding": {"2020-03-31": "395.41100", "2019-03-31": "395.18900", "2018-03-31": "", "2017-12-31": "399.22300", "2016-12-31": "416.10300", "2015-12-31": "425.40800", "2014-12-31": "432.61100", "2013-12-31": "438.65700", "2012-12-31": "439.29200", "2011-12-31": "437.14800", "2010-12-31": "435.05600", "2009-12-31": "441.55600", "2008-12-31": "436.93600", "2007-12-31": "441.77200", "2006-12-31": "442.24000", "2005-12-31": "444.76800"}, "Shares Outstanding": {"2020-03-31": "399.93600", "2019-03-31": "400.49600", "2018-03-31": "", "2017-12-31": "403.55900", "2016-12-31": "422.08100", "2015-12-31": "432.07900", "2014-12-31": "440.15300", "2013-12-31": "446.80900", "2012-12-31": "447.61600", "2011-12-31": "445.15200", "2010-12-31": "441.31200", "2009-12-31": "446.42000", "2008-12-31": "445.02000", "2007-12-31": "453.39200", "2006-12-31": "452.16000", "2005-12-31": "456.76800"}, "Basic EPS": {"2020-03-31": "1.72000", "2019-03-31": "3.19000", "2018-03-31": "", "2017-12-31": "1.54000", "2016-12-31": "2.58000", "2015-12-31": "2.90000", "2014-12-31": "2.42000", "2013-12-31": "2.76000", "2012-12-31": "2.47000", "2011-12-31": "2.03000", "2010-12-31": "1.31250", "2009-12-31": "1.04500", "2008-12-31": "1.38000", "2007-12-31": "1.34000", "2006-12-31": "1.20500", "2005-12-31": "1.13500"}, "EPS - Earnings Per Share": {"2020-03-31": "1.70000", "2019-03-31": "3.15000", "2018-03-31": "0.00000", "2017-12-31": "1.52000", "2016-12-31": "2.54000", "2015-12-31": "2.85000", "2014-12-31": "2.38000", "2013-12-31": "2.71000", "2012-12-31": "2.43000", "2011-12-31": "2.00000", "2010-12-31": "1.29500", "2009-12-31": "1.03250", "2008-12-31": "1.35500", "2007-12-31": "1.30500", "2006-12-31": "1.18000", "2005-12-31": "1.11000"}}, "income statement, quarterly": {"Revenue": {"2020-12-31": "2971.54100", "2020-09-30": "2608.32400", "2020-06-30": "1076.29300", "2020-03-31": "2102.42100", "2019-12-31": "3155.72300", "2019-09-30": "3179.75800", "2019-06-30": "2050.65400", "2019-03-31": "1682.65000", "2018-12-31": "3227.71200", "2018-09-30": "3219.39000", "2018-06-30": "2137.13500", "2018-03-31": "", "2017-12-31": "", "2017-09-30": "3392.93400", "2017-06-30": "2268.62000", "2017-03-31": "2581.67700", "2016-12-31": "", "2016-09-30": "3327.71600", "2016-06-30": "2320.46600", "2016-03-31": "2634.41700", "2015-12-31": "", "2015-09-30": "3529.62600", "2015-06-30": "2426.98600", "2015-03-31": "2837.30100", "2014-12-31": "", "2014-09-30": "3520.44700", "2014-06-30": "2402.07600", "2014-03-31": "2780.77800", "2013-12-31": "", "2013-09-30": "3297.26900", "2013-06-30": "2220.41100", "2013-03-31": "2611.86900", "2012-12-31": "", "2012-09-30": "3148.35400", "2012-06-30": "2141.78600", "2012-03-31": "2556.45500", "2011-12-31": "", "2011-09-30": "2750.07100", "2011-06-30": "1840.12300", "2011-03-31": "1958.79900", "2010-12-31": "", "2010-09-30": "2232.36700", "2010-06-30": "1594.10400", "2010-03-31": "1749.87900", "2009-12-31": "", "2009-09-30": "2093.80600", "2009-06-30": "1485.63700", "2009-03-31": "1725.47400", "2008-12-31": "", "2008-09-30": "2206.62700", "2008-06-30": "1677.48200", "2008-03-31": "1846.34100", "2007-12-31": "", "2007-09-30": "2073.15900", "2007-06-30": "1517.39300", "2007-03-31": "1673.61900", "2006-12-31": "", "2006-09-30": "1810.09800", "2006-06-30": "1351.31300", "2006-03-31": "1455.62200", "2005-12-31": "", "2005-09-30": "1822.08600", "2005-06-30": "1452.10700", "2005-03-31": "1582.18500"}, "Cost Of Goods Sold": {"2020-12-31": "1345.02400", "2020-09-30": "1282.40600", "2020-06-30": "506.95100", "2020-03-31": "986.26620", "2019-12-31": "1351.65300", "2019-09-30": "1456.31700", "2019-06-30": "896.28400", "2019-03-31": "640.88520", "2018-12-31": "1464.76100", "2018-09-30": "1545.39100", "2018-06-30": "1005.28900", "2018-03-31": "", "2017-12-31": "", "2017-09-30": "1689.04100", "2017-06-30": "1142.47600", "2017-03-31": "1286.68500", "2016-12-31": "", "2016-09-30": "1693.07100", "2016-06-30": "1185.24700", "2016-03-31": "1350.70000", "2015-12-31": "", "2015-09-30": "1844.44100", "2015-06-30": "1260.93800", "2015-03-31": "1446.54700", "2014-12-31": "", "2014-09-30": "1818.65500", "2014-06-30": "1239.34400", "2014-03-31": "1406.56600", "2013-12-31": "", "2013-09-30": "1728.14400", "2013-06-30": "1143.35800", "2013-03-31": "1355.27700", "2012-12-31": "", "2012-09-30": "1678.09000", "2012-06-30": "1155.41200", "2012-03-31": "1388.86600", "2011-12-31": "", "2011-09-30": "1504.98200", "2011-06-30": "994.59100", "2011-03-31": "1033.85600", "2010-12-31": "", "2010-09-30": "1195.37900", "2010-06-30": "842.50200", "2010-03-31": "932.20300", "2009-12-31": "", "2009-09-30": "1165.84300", "2009-06-30": "833.69300", "2009-03-31": "996.64000", "2008-12-31": "", "2008-09-30": "1227.57700", "2008-06-30": "942.76300", "2008-03-31": "1014.13000", "2007-12-31": "", "2007-09-30": "1163.39900", "2007-06-30": "865.72700", "2007-03-31": "945.88300", "2006-12-31": "", "2006-09-30": "1018.02100", "2006-06-30": "765.55400", "2006-03-31": "824.60000", "2005-12-31": "", "2005-09-30": "1055.61300", "2005-06-30": "841.81200", "2005-03-31": "915.56400"}, "Gross Profit": {"2020-12-31": "1626.51700", "2020-09-30": "1325.91800", "2020-06-30": "569.34200", "2020-03-31": "1116.15500", "2019-12-31": "1804.07000", "2019-09-30": "1723.44100", "2019-06-30": "1154.37000", "2019-03-31": "1041.76500", "2018-12-31": "1762.95100", "2018-09-30": "1673.99900", "2018-06-30": "1131.84600", "2018-03-31": "", "2017-12-31": "", "2017-09-30": "1703.89300", "2017-06-30": "1126.14400", "2017-03-31": "1294.99200", "2016-12-31": "", "2016-09-30": "1634.64500", "2016-06-30": "1135.21900", "2016-03-31": "1283.71700", "2015-12-31": "", "2015-09-30": "1685.18500", "2015-06-30": "1166.04800", "2015-03-31": "1390.75400", "2014-12-31": "", "2014-09-30": "1701.79200", "2014-06-30": "1162.73200", "2014-03-31": "1374.21200", "2013-12-31": "", "2013-09-30": "1569.12500", "2013-06-30": "1077.05300", "2013-03-31": "1256.59200", "2012-12-31": "", "2012-09-30": "1470.26400", "2012-06-30": "986.37390", "2012-03-31": "1167.58900", "2011-12-31": "", "2011-09-30": "1245.08900", "2011-06-30": "845.53200", "2011-03-31": "924.94300", "2010-12-31": "", "2010-09-30": "1036.98800", "2010-06-30": "751.60200", "2010-03-31": "817.67600", "2009-12-31": "", "2009-09-30": "927.96290", "2009-06-30": "651.94400", "2009-03-31": "728.83400", "2008-12-31": "", "2008-09-30": "979.04990", "2008-06-30": "734.71910", "2008-03-31": "832.21090", "2007-12-31": "", "2007-09-30": "909.75990", "2007-06-30": "651.66600", "2007-03-31": "727.73600", "2006-12-31": "", "2006-09-30": "792.07700", "2006-06-30": "585.75900", "2006-03-31": "631.02200", "2005-12-31": "", "2005-09-30": "766.47300", "2005-06-30": "610.29500", "2005-03-31": "666.62100"}, "Research And Development Expenses": {"2020-12-31": "", "2020-09-30": "", "2020-06-30": "", "2020-03-31": "", "2019-12-31": "", "2019-09-30": "", "2019-06-30": "", "2019-03-31": "", "2018-12-31": "", "2018-09-30": "", "2018-06-30": "", "2018-03-31": "", "2017-12-31": "", "2017-09-30": "", "2017-06-30": "", "2017-03-31": "", "2016-12-31": "", "2016-09-30": "", "2016-06-30": "", "2016-03-31": "", "2015-12-31": "", "2015-09-30": "", "2015-06-30": "", "2015-03-31": "", "2014-12-31": "", "2014-09-30": "", "2014-06-30": "", "2014-03-31": "", "2013-12-31": "", "2013-09-30": "", "2013-06-30": "", "2013-03-31": "", "2012-12-31": "", "2012-09-30": "", "2012-06-30": "", "2012-03-31": "", "2011-12-31": "", "2011-09-30": "", "2011-06-30": "", "2011-03-31": "", "2010-12-31": "", "2010-09-30": "", "2010-06-30": "", "2010-03-31": "", "2009-12-31": "", "2009-09-30": "", "2009-06-30": "", "2009-03-31": "", "2008-12-31": "", "2008-09-30": "", "2008-06-30": "", "2008-03-31": "", "2007-12-31": "", "2007-09-30": "", "2007-06-30": "", "2007-03-31": "", "2006-12-31": "", "2006-09-30": "", "2006-06-30": "", "2006-03-31": "", "2005-12-31": "", "2005-09-30": "", "2005-06-30": "", "2005-03-31": ""}, "SG&A Expenses": {"2020-12-31": "1214.51800", "2020-09-30": "1005.97000", "2020-06-30": "816.15100", "2020-03-31": "1049.69300", "2019-12-31": "1264.03100", "2019-09-30": "1174.87900", "2019-06-30": "1058.40500", "2019-03-31": "1030.48800", "2018-12-31": "1242.13100", "2018-09-30": "1129.01300", "2018-06-30": "1018.74700", "2018-03-31": "", "2017-12-31": "", "2017-09-30": "1128.36600", "2017-06-30": "966.46800", "2017-03-31": "", "2016-12-31": "", "2016-09-30": "1026.39800", "2016-06-30": "940.79700", "2016-03-31": "", "2015-12-31": "", "2015-09-30": "1045.62200", "2015-06-30": "947.06800", "2015-03-31": "", "2014-12-31": "", "2014-09-30": "1068.71000", "2014-06-30": "942.92400", "2014-03-31": "", "2013-12-31": "", "2013-09-30": "989.42200", "2013-06-30": "875.71900", "2013-03-31": "", "2012-12-31": "", "2012-09-30": "933.37200", "2012-06-30": "822.38900", "2012-03-31": "", "2011-12-31": "", "2011-09-30": "814.97100", "2011-06-30": "656.86100", "2011-03-31": "", "2010-12-31": "", "2010-09-30": "682.44300", "2010-06-30": "582.07800", "2010-03-31": "", "2009-12-31": "", "2009-09-30": "610.07200", "2009-06-30": "532.20600", "2009-03-31": "", "2008-12-31": "", "2008-09-30": "627.83900", "2008-06-30": "570.86300", "2008-03-31": "", "2007-12-31": "", "2007-09-30": "578.72100", "2007-06-30": "483.20400", "2007-03-31": "512.41100", "2006-12-31": "", "2006-09-30": "504.25300", "2006-06-30": "439.97000", "2006-03-31": "443.70900", "2005-12-31": "", "2005-09-30": "478.47100", "2005-06-30": "456.51100", "2005-03-31": ""}, "Other Operating Income Or Expenses": {"2020-12-31": "", "2020-09-30": "", "2020-06-30": "", "2020-03-31": "", "2019-12-31": "", "2019-09-30": "", "2019-06-30": "", "2019-03-31": "", "2018-12-31": "", "2018-09-30": "", "2018-06-30": "", "2018-03-31": "", "2017-12-31": "", "2017-09-30": "", "2017-06-30": "", "2017-03-31": "", "2016-12-31": "", "2016-09-30": "", "2016-06-30": "", "2016-03-31": "", "2015-12-31": "", "2015-09-30": "", "2015-06-30": "", "2015-03-31": "", "2014-12-31": "", "2014-09-30": "", "2014-06-30": "", "2014-03-31": "", "2013-12-31": "", "2013-09-30": "", "2013-06-30": "", "2013-03-31": "", "2012-12-31": "", "2012-09-30": "", "2012-06-30": "", "2012-03-31": "", "2011-12-31": "", "2011-09-30": "", "2011-06-30": "", "2011-03-31": "", "2010-12-31": "", "2010-09-30": "", "2010-06-30": "", "2010-03-31": "", "2009-12-31": "", "2009-09-30": "", "2009-06-30": "", "2009-03-31": "", "2008-12-31": "", "2008-09-30": "", "2008-06-30": "", "2008-03-31": "", "2007-12-31": "", "2007-09-30": "", "2007-06-30": "", "2007-03-31": "", "2006-12-31": "", "2006-09-30": "", "2006-06-30": "", "2006-03-31": "", "2005-12-31": "", "2005-09-30": "", "2005-06-30": "", "2005-03-31": ""}, "Operating Expenses": {"2020-12-31": "2559.54200", "2020-09-30": "2288.37600", "2020-06-30": "1323.10200", "2020-03-31": "2359.18200", "2019-12-31": "2615.68400", "2019-09-30": "2631.19600", "2019-06-30": "1954.68900", "2019-03-31": "1671.37300", "2018-12-31": "2706.89200", "2018-09-30": "2674.40400", "2018-06-30": "2024.03600", "2018-03-31": "", "2017-12-31": "", "2017-09-30": "2817.40700", "2017-06-30": "2108.94400", "2017-03-31": "", "2016-12-31": "", "2016-09-30": "2719.46900", "2016-06-30": "2126.04400", "2016-03-31": "", "2015-12-31": "", "2015-09-30": "2890.06300", "2015-06-30": "2208.00600", "2015-03-31": "", "2014-12-31": "", "2014-09-30": "2887.36500", "2014-06-30": "2182.26800", "2014-03-31": "", "2013-12-31": "", "2013-09-30": "2717.56600", "2013-06-30": "2019.07700", "2013-03-31": "", "2012-12-31": "", "2012-09-30": "2611.46200", "2012-06-30": "1977.80100", "2012-03-31": "", "2011-12-31": "", "2011-09-30": "2319.95300", "2011-06-30": "1651.45200", "2011-03-31": "", "2010-12-31": "", "2010-09-30": "1877.82200", "2010-06-30": "1424.58000", "2010-03-31": "", "2009-12-31": "", "2009-09-30": "1775.91500", "2009-06-30": "1365.89900", "2009-03-31": "", "2008-12-31": "", "2008-09-30": "1855.41600", "2008-06-30": "1513.62600", "2008-03-31": "", "2007-12-31": "", "2007-09-30": "1742.12000", "2007-06-30": "1348.93100", "2007-03-31": "1458.29400", "2006-12-31": "", "2006-09-30": "1522.27400", "2006-06-30": "1205.52400", "2006-03-31": "1268.30900", "2005-12-31": "", "2005-09-30": "1534.08400", "2005-06-30": "1298.32300", "2005-03-31": ""}, "Operating Income": {"2020-12-31": "411.99900", "2020-09-30": "319.94800", "2020-06-30": "-246.80910", "2020-03-31": "-256.76100", "2019-12-31": "540.03880", "2019-09-30": "548.56200", "2019-06-30": "95.96510", "2019-03-31": "11.27670", "2018-12-31": "520.81980", "2018-09-30": "544.98610", "2018-06-30": "113.09900", "2018-03-31": "", "2017-12-31": "", "2017-09-30": "575.52710", "2017-06-30": "159.67630", "2017-03-31": "2581.67700", "2016-12-31": "", "2016-09-30": "608.24710", "2016-06-30": "194.42210", "2016-03-31": "2634.41700", "2015-12-31": "", "2015-09-30": "639.56300", "2015-06-30": "218.98020", "2015-03-31": "2837.30100", "2014-12-31": "", "2014-09-30": "633.08200", "2014-06-30": "219.80790", "2014-03-31": "2780.77800", "2013-12-31": "", "2013-09-30": "579.70310", "2013-06-30": "201.33390", "2013-03-31": "2611.86900", "2012-12-31": "", "2012-09-30": "536.89210", "2012-06-30": "163.98490", "2012-03-31": "2556.45500", "2011-12-31": "", "2011-09-30": "430.11790", "2011-06-30": "188.67100", "2011-03-31": "1958.79900", "2010-12-31": "", "2010-09-30": "354.54490", "2010-06-30": "169.52390", "2010-03-31": "1749.87900", "2009-12-31": "", "2009-09-30": "317.89090", "2009-06-30": "119.73800", "2009-03-31": "1725.47400", "2008-12-31": "", "2008-09-30": "351.21090", "2008-06-30": "163.85610", "2008-03-31": "1846.34100", "2007-12-31": "", "2007-09-30": "331.03880", "2007-06-30": "168.46190", "2007-03-31": "215.32510", "2006-12-31": "", "2006-09-30": "287.82410", "2006-06-30": "145.78890", "2006-03-31": "187.31300", "2005-12-31": "", "2005-09-30": "288.00210", "2005-06-30": "153.78410", "2005-03-31": "1582.18500"}, "Total Non-Operating Income/Expense": {"2020-12-31": "-25.29200", "2020-09-30": "-26.28700", "2020-06-30": "-66.13600", "2020-03-31": "-132.93000", "2019-12-31": "-39.48100", "2019-09-30": "-18.15700", "2019-06-30": "-10.02900", "2019-03-31": "-22.55300", "2018-12-31": "-26.24700", "2018-09-30": "-58.79100", "2018-06-30": "-44.27800", "2018-03-31": "", "2017-12-31": "", "2017-09-30": "-24.45000", "2017-06-30": "-23.82400", "2017-03-31": "", "2016-12-31": "", "2016-09-30": "-23.66500", "2016-06-30": "-19.89300", "2016-03-31": "", "2015-12-31": "", "2015-09-30": "-21.93500", "2015-06-30": "-20.29300", "2015-03-31": "", "2014-12-31": "", "2014-09-30": "-22.31200", "2014-06-30": "-20.32700", "2014-03-31": "", "2013-12-31": "", "2013-09-30": "-21.23700", "2013-06-30": "-22.23100", "2013-03-31": "", "2012-12-31": "", "2012-09-30": "-21.64000", "2012-06-30": "19.15200", "2012-03-31": "", "2011-12-31": "", "2011-09-30": "-25.77300", "2011-06-30": "-17.18700", "2011-03-31": "", "2010-12-31": "", "2010-09-30": "-19.34800", "2010-06-30": "-18.07500", "2010-03-31": "", "2009-12-31": "", "2009-09-30": "-20.40000", "2009-06-30": "-19.86000", "2009-03-31": "", "2008-12-31": "", "2008-09-30": "-24.55200", "2008-06-30": "-18.32900", "2008-03-31": "", "2007-12-31": "", "2007-09-30": "-15.31300", "2007-06-30": "-8.77000", "2007-03-31": "-11.21300", "2006-12-31": "", "2006-09-30": "-12.52700", "2006-06-30": "-12.02200", "2006-03-31": "-10.43200", "2005-12-31": "", "2005-09-30": "-17.13600", "2005-06-30": "-16.58600", "2005-03-31": ""}, "Pre-Tax Income": {"2020-12-31": "386.70700", "2020-09-30": "293.66100", "2020-06-30": "-312.94500", "2020-03-31": "-389.69100", "2019-12-31": "500.55800", "2019-09-30": "530.40500", "2019-06-30": "85.93600", "2019-03-31": "-11.27600", "2018-12-31": "494.57300", "2018-09-30": "486.19500", "2018-06-30": "68.82100", "2018-03-31": "", "2017-12-31": "", "2017-09-30": "551.07700", "2017-06-30": "135.85200", "2017-03-31": "271.21900", "2016-12-31": "", "2016-09-30": "584.58200", "2016-06-30": "174.52900", "2016-03-31": "293.06900", "2015-12-31": "", "2015-09-30": "617.62800", "2015-06-30": "198.68700", "2015-03-31": "378.91200", "2014-12-31": "", "2014-09-30": "610.77000", "2014-06-30": "199.48100", "2014-03-31": "381.79200", "2013-12-31": "", "2013-09-30": "558.46600", "2013-06-30": "179.10300", "2013-03-31": "338.24900", "2012-12-31": "", "2012-09-30": "515.25200", "2012-06-30": "183.13700", "2012-03-31": "293.54100", "2011-12-31": "", "2011-09-30": "404.34500", "2011-06-30": "171.48400", "2011-03-31": "257.73800", "2010-12-31": "", "2010-09-30": "335.19700", "2010-06-30": "151.44900", "2010-03-31": "209.67800", "2009-12-31": "", "2009-09-30": "297.49100", "2009-06-30": "99.87800", "2009-03-31": "141.44700", "2008-12-31": "", "2008-09-30": "326.65900", "2008-06-30": "145.52700", "2008-03-31": "223.32400", "2007-12-31": "", "2007-09-30": "315.72600", "2007-06-30": "159.69200", "2007-03-31": "204.11200", "2006-12-31": "", "2006-09-30": "275.29700", "2006-06-30": "133.76700", "2006-03-31": "176.88100", "2005-12-31": "", "2005-09-30": "270.86600", "2005-06-30": "137.19800", "2005-03-31": "170.96700"}, "Income Taxes": {"2020-12-31": "59.04800", "2020-09-30": "50.41500", "2020-06-30": "-35.20300", "2020-03-31": "93.39500", "2019-12-31": "78.97600", "2019-09-30": "-94.97200", "2019-06-30": "20.66300", "2019-03-31": "4.90600", "2018-12-31": "85.45300", "2018-09-30": "70.07100", "2018-06-30": "7.45700", "2018-03-31": "", "2017-12-31": "", "2017-09-30": "77.25700", "2017-06-30": "28.76000", "2017-03-31": "56.54000", "2016-12-31": "", "2016-09-30": "99.35800", "2016-06-30": "38.03600", "2016-03-31": "51.13400", "2015-12-31": "", "2015-09-30": "159.99300", "2015-06-30": "30.84500", "2015-03-31": "90.20300", "2014-12-31": "", "2014-09-30": "140.24100", "2014-06-30": "41.79900", "2014-03-31": "84.59900", "2013-12-31": "", "2013-09-30": "124.70500", "2013-06-30": "40.82900", "2013-03-31": "67.83200", "2012-12-31": "", "2012-09-30": "133.93400", "2012-06-30": "27.71200", "2012-03-31": "78.31400", "2011-12-31": "", "2011-09-30": "102.93300", "2011-06-30": "41.91700", "2011-03-31": "56.31800", "2010-12-31": "", "2010-09-30": "91.94300", "2010-06-30": "39.95900", "2010-03-31": "46.21900", "2009-12-31": "", "2009-09-30": "79.43000", "2009-06-30": "24.90000", "2009-03-31": "41.01300", "2008-12-31": "", "2008-09-30": "92.60800", "2008-06-30": "41.50900", "2008-03-31": "74.37800", "2007-12-31": "", "2007-09-30": "106.40900", "2007-06-30": "53.88700", "2007-03-31": "70.03400", "2006-12-31": "", "2006-09-30": "89.34000", "2006-06-30": "44.20800", "2006-03-31": "58.73900", "2005-12-31": "", "2005-09-30": "91.23600", "2005-06-30": "40.44900", "2005-03-31": "56.28100"}, "Income After Taxes": {"2020-12-31": "327.65900", "2020-09-30": "243.24600", "2020-06-30": "-277.74200", "2020-03-31": "-483.08610", "2019-12-31": "421.58200", "2019-09-30": "625.37700", "2019-06-30": "65.27300", "2019-03-31": "-16.18200", "2018-12-31": "409.12000", "2018-09-30": "416.12400", "2018-06-30": "61.36400", "2018-03-31": "", "2017-12-31": "", "2017-09-30": "473.82000", "2017-06-30": "107.09200", "2017-03-31": "", "2016-12-31": "", "2016-09-30": "485.22400", "2016-06-30": "136.49300", "2016-03-31": "", "2015-12-31": "", "2015-09-30": "457.63500", "2015-06-30": "167.84200", "2015-03-31": "", "2014-12-31": "", "2014-09-30": "470.52900", "2014-06-30": "157.68200", "2014-03-31": "", "2013-12-31": "", "2013-09-30": "433.76100", "2013-06-30": "138.27400", "2013-03-31": "", "2012-12-31": "", "2012-09-30": "381.31800", "2012-06-30": "155.42500", "2012-03-31": "", "2011-12-31": "", "2011-09-30": "301.41200", "2011-06-30": "129.56700", "2011-03-31": "", "2010-12-31": "", "2010-09-30": "243.25400", "2010-06-30": "111.49000", "2010-03-31": "", "2009-12-31": "", "2009-09-30": "218.06100", "2009-06-30": "74.97800", "2009-03-31": "", "2008-12-31": "", "2008-09-30": "234.05100", "2008-06-30": "104.01800", "2008-03-31": "", "2007-12-31": "", "2007-09-30": "209.31700", "2007-06-30": "105.80500", "2007-03-31": "134.07800", "2006-12-31": "", "2006-09-30": "185.95700", "2006-06-30": "89.55900", "2006-03-31": "118.14200", "2005-12-31": "", "2005-09-30": "179.63000", "2005-06-30": "96.74900", "2005-03-31": ""}, "Other Income": {"2020-12-31": "", "2020-09-30": "", "2020-06-30": "", "2020-03-31": "", "2019-12-31": "", "2019-09-30": "", "2019-06-30": "", "2019-03-31": "", "2018-12-31": "", "2018-09-30": "", "2018-06-30": "", "2018-03-31": "", "2017-12-31": "", "2017-09-30": "", "2017-06-30": "", "2017-03-31": "", "2016-12-31": "", "2016-09-30": "", "2016-06-30": "", "2016-03-31": "", "2015-12-31": "", "2015-09-30": "", "2015-06-30": "", "2015-03-31": "", "2014-12-31": "", "2014-09-30": "", "2014-06-30": "", "2014-03-31": "", "2013-12-31": "", "2013-09-30": "", "2013-06-30": "", "2013-03-31": "", "2012-12-31": "", "2012-09-30": "", "2012-06-30": "", "2012-03-31": "", "2011-12-31": "", "2011-09-30": "", "2011-06-30": "", "2011-03-31": "", "2010-12-31": "", "2010-09-30": "", "2010-06-30": "", "2010-03-31": "", "2009-12-31": "", "2009-09-30": "", "2009-06-30": "", "2009-03-31": "", "2008-12-31": "", "2008-09-30": "", "2008-06-30": "", "2008-03-31": "", "2007-12-31": "", "2007-09-30": "", "2007-06-30": "", "2007-03-31": "", "2006-12-31": "", "2006-09-30": "", "2006-06-30": "", "2006-03-31": "", "2005-12-31": "", "2005-09-30": "", "2005-06-30": "", "2005-03-31": ""}, "Income From Continuous Operations": {"2020-12-31": "327.65900", "2020-09-30": "243.24600", "2020-06-30": "-277.74200", "2020-03-31": "-483.08600", "2019-12-31": "421.58200", "2019-09-30": "625.37700", "2019-06-30": "65.27300", "2019-03-31": "-16.18200", "2018-12-31": "409.12000", "2018-09-30": "416.12400", "2018-06-30": "61.36400", "2018-03-31": "", "2017-12-31": "", "2017-09-30": "473.82000", "2017-06-30": "107.09200", "2017-03-31": "214.67900", "2016-12-31": "", "2016-09-30": "485.22400", "2016-06-30": "136.49300", "2016-03-31": "241.93500", "2015-12-31": "", "2015-09-30": "457.63500", "2015-06-30": "167.84200", "2015-03-31": "", "2014-12-31": "", "2014-09-30": "470.52900", "2014-06-30": "157.68200", "2014-03-31": "", "2013-12-31": "", "2013-09-30": "433.76100", "2013-06-30": "138.27400", "2013-03-31": "", "2012-12-31": "", "2012-09-30": "381.31800", "2012-06-30": "155.42500", "2012-03-31": "", "2011-12-31": "", "2011-09-30": "301.41200", "2011-06-30": "129.56700", "2011-03-31": "", "2010-12-31": "", "2010-09-30": "243.25400", "2010-06-30": "111.49000", "2010-03-31": "", "2009-12-31": "", "2009-09-30": "218.06100", "2009-06-30": "74.97800", "2009-03-31": "", "2008-12-31": "", "2008-09-30": "234.05100", "2008-06-30": "104.01800", "2008-03-31": "", "2007-12-31": "", "2007-09-30": "209.31700", "2007-06-30": "105.80500", "2007-03-31": "134.07800", "2006-12-31": "", "2006-09-30": "185.95700", "2006-06-30": "89.55900", "2006-03-31": "118.14200", "2005-12-31": "", "2005-09-30": "179.63000", "2005-06-30": "96.74900", "2005-03-31": ""}, "Income From Discontinued Operations": {"2020-12-31": "19.58100", "2020-09-30": "13.47600", "2020-06-30": "-7.87100", "2020-03-31": "-0.69000", "2019-12-31": "43.42100", "2019-09-30": "23.62400", "2019-06-30": "-16.05200", "2019-03-31": "144.98600", "2018-12-31": "54.38900", "2018-09-30": "90.99700", "2018-06-30": "98.99400", "2018-03-31": "", "2017-12-31": "", "2017-09-30": "-87.68000", "2017-06-30": "2.79700", "2017-03-31": "-5.51600", "2016-12-31": "", "2016-09-30": "13.26500", "2016-06-30": "-85.47800", "2016-03-31": "18.33400", "2015-12-31": "", "2015-09-30": "2.22900", "2015-06-30": "2.96900", "2015-03-31": "", "2014-12-31": "", "2014-09-30": "", "2014-06-30": "", "2014-03-31": "", "2013-12-31": "", "2013-09-30": "", "2013-06-30": "", "2013-03-31": "", "2012-12-31": "", "2012-09-30": "", "2012-06-30": "", "2012-03-31": "", "2011-12-31": "", "2011-09-30": "", "2011-06-30": "", "2011-03-31": "", "2010-12-31": "", "2010-09-30": "", "2010-06-30": "", "2010-03-31": "", "2009-12-31": "", "2009-09-30": "", "2009-06-30": "", "2009-03-31": "", "2008-12-31": "", "2008-09-30": "", "2008-06-30": "", "2008-03-31": "", "2007-12-31": "", "2007-09-30": "-2.11000", "2007-06-30": "-24.14300", "2007-03-31": "4.26600", "2006-12-31": "", "2006-09-30": "11.75000", "2006-06-30": "9.47300", "2006-03-31": "10.04300", "2005-12-31": "", "2005-09-30": "", "2005-06-30": "", "2005-03-31": ""}, "Net Income": {"2020-12-31": "347.24000", "2020-09-30": "256.72200", "2020-06-30": "-285.61300", "2020-03-31": "-483.77600", "2019-12-31": "465.00300", "2019-09-30": "649.00100", "2019-06-30": "49.22100", "2019-03-31": "128.80400", "2018-12-31": "463.50900", "2018-09-30": "507.12100", "2018-06-30": "160.35800", "2018-03-31": "", "2017-12-31": "", "2017-09-30": "386.14000", "2017-06-30": "109.88900", "2017-03-31": "209.16300", "2016-12-31": "", "2016-09-30": "498.48900", "2016-06-30": "51.01500", "2016-03-31": "260.26900", "2015-12-31": "", "2015-09-30": "459.86400", "2015-06-30": "170.81100", "2015-03-31": "288.70900", "2014-12-31": "", "2014-09-30": "470.52900", "2014-06-30": "157.68200", "2014-03-31": "297.19300", "2013-12-31": "", "2013-09-30": "433.76100", "2013-06-30": "138.27400", "2013-03-31": "270.41700", "2012-12-31": "", "2012-09-30": "381.31800", "2012-06-30": "155.29700", "2012-03-31": "215.21600", "2011-12-31": "", "2011-09-30": "300.70000", "2011-06-30": "129.36800", "2011-03-31": "200.70300", "2010-12-31": "", "2010-09-30": "242.78700", "2010-06-30": "110.83500", "2010-03-31": "163.51600", "2009-12-31": "", "2009-09-30": "217.92000", "2009-06-30": "75.52700", "2009-03-31": "100.93900", "2008-12-31": "", "2008-09-30": "233.87500", "2008-06-30": "103.97800", "2008-03-31": "149.03200", "2007-12-31": "", "2007-09-30": "207.20700", "2007-06-30": "81.66200", "2007-03-31": "138.34400", "2006-12-31": "", "2006-09-30": "197.70700", "2006-06-30": "99.03200", "2006-03-31": "128.18500", "2005-12-31": "", "2005-09-30": "179.63000", "2005-06-30": "96.74900", "2005-03-31": "102.85300"}, "EBITDA": {"2020-12-31": "581.67000", "2020-09-30": "499.63800", "2020-06-30": "-82.01110", "2020-03-31": "-73.61300", "2019-12-31": "705.73080", "2019-09-30": "705.68700", "2019-06-30": "250.32610", "2019-03-31": "74.95670", "2018-12-31": "583.60980", "2018-09-30": "621.34910", "2018-06-30": "165.99500", "2018-03-31": "", "2017-12-31": "", "2017-09-30": "755.86010", "2017-06-30": "225.14630", "2017-03-31": "2581.67700", "2016-12-31": "", "2016-09-30": "676.26610", "2016-06-30": "331.89410", "2016-03-31": "2634.41700", "2015-12-31": "", "2015-09-30": "708.60200", "2015-06-30": "348.24520", "2015-03-31": "2837.30100", "2014-12-31": "", "2014-09-30": "702.40000", "2014-06-30": "351.00890", "2014-03-31": "2780.77800", "2013-12-31": "", "2013-09-30": "644.09720", "2013-06-30": "318.04890", "2013-03-31": "2611.86900", "2012-12-31": "", "2012-09-30": "592.90410", "2012-06-30": "274.75590", "2012-03-31": "2556.45500", "2011-12-31": "", "2011-09-30": "474.40690", "2011-06-30": "276.42600", "2011-03-31": "1958.79900", "2010-12-31": "", "2010-09-30": "397.99290", "2010-06-30": "249.45590", "2010-03-31": "1749.87900", "2009-12-31": "", "2009-09-30": "359.92290", "2009-06-30": "198.62100", "2009-03-31": "1725.47400", "2008-12-31": "", "2008-09-30": "390.43390", "2008-06-30": "241.75810", "2008-03-31": "1846.34100", "2007-12-31": "", "2007-09-30": "364.60580", "2007-06-30": "232.98290", "2007-03-31": "215.32510", "2006-12-31": "205.21800", "2006-09-30": "319.34210", "2006-06-30": "208.55090", "2006-03-31": "187.31300", "2005-12-31": "", "2005-09-30": "320.69910", "2005-06-30": "217.38410", "2005-03-31": "1582.18500"}, "EBIT": {"2020-12-31": "411.99900", "2020-09-30": "319.94800", "2020-06-30": "-246.80910", "2020-03-31": "-256.76120", "2019-12-31": "540.03880", "2019-09-30": "548.56200", "2019-06-30": "95.96510", "2019-03-31": "11.27670", "2018-12-31": "520.81980", "2018-09-30": "544.98610", "2018-06-30": "113.09900", "2018-03-31": "", "2017-12-31": "", "2017-09-30": "575.52710", "2017-06-30": "159.67630", "2017-03-31": "", "2016-12-31": "", "2016-09-30": "608.24710", "2016-06-30": "194.42210", "2016-03-31": "", "2015-12-31": "", "2015-09-30": "639.56300", "2015-06-30": "218.98020", "2015-03-31": "", "2014-12-31": "", "2014-09-30": "633.08200", "2014-06-30": "219.80790", "2014-03-31": "", "2013-12-31": "", "2013-09-30": "579.70310", "2013-06-30": "201.33390", "2013-03-31": "", "2012-12-31": "", "2012-09-30": "536.89210", "2012-06-30": "163.98490", "2012-03-31": "", "2011-12-31": "", "2011-09-30": "430.11790", "2011-06-30": "188.67100", "2011-03-31": "", "2010-12-31": "", "2010-09-30": "354.54490", "2010-06-30": "169.52390", "2010-03-31": "", "2009-12-31": "", "2009-09-30": "317.89090", "2009-06-30": "119.73800", "2009-03-31": "", "2008-12-31": "", "2008-09-30": "351.21090", "2008-06-30": "163.85610", "2008-03-31": "", "2007-12-31": "", "2007-09-30": "331.03880", "2007-06-30": "168.46190", "2007-03-31": "215.32510", "2006-12-31": "", "2006-09-30": "287.82410", "2006-06-30": "145.78890", "2006-03-31": "187.31300", "2005-12-31": "", "2005-09-30": "288.00210", "2005-06-30": "153.78410", "2005-03-31": ""}, "Basic Shares Outstanding": {"2020-12-31": "389.87200", "2020-09-30": "389.21900", "2020-06-30": "388.69500", "2020-03-31": "395.41100", "2019-12-31": "395.94000", "2019-09-30": "397.75100", "2019-06-30": "396.72700", "2019-03-31": "395.18900", "2018-12-31": "395.29400", "2018-09-30": "395.89200", "2018-06-30": "394.16500", "2018-03-31": "", "2017-12-31": "", "2017-09-30": "393.25800", "2017-06-30": "397.06500", "2017-03-31": "411.99000", "2016-12-31": "", "2016-09-30": "413.46100", "2016-06-30": "415.99100", "2016-03-31": "421.74800", "2015-12-31": "", "2015-09-30": "425.20800", "2015-06-30": "424.34900", "2015-03-31": "426.25500", "2014-12-31": "", "2014-09-30": "430.63800", "2014-06-30": "429.94000", "2014-03-31": "438.29000", "2013-12-31": "", "2013-09-30": "438.18000", "2013-06-30": "437.09600", "2013-03-31": "440.27200", "2012-12-31": "", "2012-09-30": "438.22800", "2012-06-30": "436.86400", "2012-03-31": "442.10800", "2011-12-31": "", "2011-09-30": "438.57200", "2011-06-30": "436.31600", "2011-03-31": "432.88800", "2010-12-31": "", "2010-09-30": "431.52400", "2010-06-30": "435.82800", "2010-03-31": "441.03600", "2009-12-31": "", "2009-09-30": "443.52400", "2009-06-30": "440.97200", "2009-03-31": "439.96800", "2008-12-31": "", "2008-09-30": "436.42400", "2008-06-30": "434.84400", "2008-03-31": "437.44400", "2007-12-31": "", "2007-09-30": "438.68400", "2007-06-30": "442.01600", "2007-03-31": "447.57200", "2006-12-31": "", "2006-09-30": "443.20800", "2006-06-30": "439.51600", "2006-03-31": "439.41600", "2005-12-31": "", "2005-09-30": "444.45600", "2005-06-30": "441.01600", "2005-03-31": "447.04400"}, "Shares Outstanding": {"2020-12-31": "392.85100", "2020-09-30": "391.18000", "2020-06-30": "390.79100", "2020-03-31": "399.93600", "2019-12-31": "400.32200", "2019-09-30": "402.26100", "2019-06-30": "401.91400", "2019-03-31": "400.49600", "2018-12-31": "399.76700", "2018-09-30": "401.93900", "2018-06-30": "399.54800", "2018-03-31": "", "2017-12-31": "", "2017-09-30": "397.38400", "2017-06-30": "400.51200", "2017-03-31": "415.96000", "2016-12-31": "", "2016-09-30": "419.24000", "2016-06-30": "422.05900", "2016-03-31": "429.13300", "2015-12-31": "", "2015-09-30": "431.46000", "2015-06-30": "430.70300", "2015-03-31": "434.10300", "2014-12-31": "", "2014-09-30": "437.58700", "2014-06-30": "437.13100", "2014-03-31": "446.26600", "2013-12-31": "", "2013-09-30": "445.62000", "2013-06-30": "445.91600", "2013-03-31": "447.89600", "2012-12-31": "", "2012-09-30": "445.95200", "2012-06-30": "444.91200", "2012-03-31": "451.00000", "2011-12-31": "", "2011-09-30": "446.32800", "2011-06-30": "443.56000", "2011-03-31": "440.16000", "2010-12-31": "", "2010-09-30": "436.76000", "2010-06-30": "441.91600", "2010-03-31": "446.51600", "2009-12-31": "", "2009-09-30": "448.58000", "2009-06-30": "444.96400", "2009-03-31": "444.11200", "2008-12-31": "", "2008-09-30": "445.03200", "2008-06-30": "443.94000", "2008-03-31": "447.50800", "2007-12-31": "", "2007-09-30": "449.69600", "2007-06-30": "453.89200", "2007-03-31": "459.28000", "2006-12-31": "", "2006-09-30": "452.24800", "2006-06-30": "450.15600", "2006-03-31": "449.35600", "2005-12-31": "", "2005-09-30": "456.58400", "2005-06-30": "453.13200", "2005-03-31": "459.97200"}, "Basic EPS": {"2020-12-31": "0.89000", "2020-09-30": "0.66000", "2020-06-30": "-0.73000", "2020-03-31": "-1.20000", "2019-12-31": "1.17000", "2019-09-30": "1.63000", "2019-06-30": "0.12000", "2019-03-31": "0.33000", "2018-12-31": "1.17000", "2018-09-30": "1.28000", "2018-06-30": "0.41000", "2018-03-31": "", "2017-12-31": "", "2017-09-30": "0.98000", "2017-06-30": "0.28000", "2017-03-31": "0.51000", "2016-12-31": "", "2016-09-30": "1.21000", "2016-06-30": "0.12000", "2016-03-31": "0.62000", "2015-12-31": "", "2015-09-30": "1.08000", "2015-06-30": "0.40000", "2015-03-31": "0.68000", "2014-12-31": "", "2014-09-30": "1.09000", "2014-06-30": "0.37000", "2014-03-31": "0.68000", "2013-12-31": "", "2013-09-30": "0.99000", "2013-06-30": "0.32000", "2013-03-31": "0.61000", "2012-12-31": "", "2012-09-30": "0.87000", "2012-06-30": "0.35500", "2012-03-31": "0.48750", "2011-12-31": "", "2011-09-30": "0.68500", "2011-06-30": "0.29750", "2011-03-31": "0.46250", "2010-12-31": "", "2010-09-30": "0.56250", "2010-06-30": "0.25500", "2010-03-31": "0.37000", "2009-12-31": "", "2009-09-30": "0.49250", "2009-06-30": "0.17250", "2009-03-31": "0.23000", "2008-12-31": "", "2008-09-30": "0.53500", "2008-06-30": "0.24000", "2008-03-31": "0.34000", "2007-12-31": "", "2007-09-30": "0.47250", "2007-06-30": "0.18500", "2007-03-31": "0.31000", "2006-12-31": "", "2006-09-30": "0.44500", "2006-06-30": "0.22500", "2006-03-31": "0.29000", "2005-12-31": "", "2005-09-30": "0.40250", "2005-06-30": "0.21750", "2005-03-31": "0.23000"}, "EPS - Earnings Per Share": {"2020-12-31": "0.88000", "2020-09-30": "0.66000", "2020-06-30": "-0.73000", "2020-03-31": "-1.19000", "2019-12-31": "1.16000", "2019-09-30": "1.61000", "2019-06-30": "0.12000", "2019-03-31": "0.33000", "2018-12-31": "1.16000", "2018-09-30": "1.26000", "2018-06-30": "0.40000", "2018-03-31": "0.00000", "2017-12-31": "0.00000", "2017-09-30": "0.97000", "2017-06-30": "0.27000", "2017-03-31": "0.50000", "2016-12-31": "0.00000", "2016-09-30": "1.19000", "2016-06-30": "0.12000", "2016-03-31": "0.61000", "2015-12-31": "0.00000", "2015-09-30": "1.07000", "2015-06-30": "0.40000", "2015-03-31": "0.67000", "2014-12-31": "0.00000", "2014-09-30": "1.08000", "2014-06-30": "0.36000", "2014-03-31": "0.67000", "2013-12-31": "0.00000", "2013-09-30": "0.97000", "2013-06-30": "0.31000", "2013-03-31": "0.60000", "2012-12-31": "0.00000", "2012-09-30": "0.85500", "2012-06-30": "0.35000", "2012-03-31": "0.47750", "2011-12-31": "0.00000", "2011-09-30": "0.67250", "2011-06-30": "0.29250", "2011-03-31": "0.45500", "2010-12-31": "0.00000", "2010-09-30": "0.55500", "2010-06-30": "0.25000", "2010-03-31": "0.36500", "2009-12-31": "0.00000", "2009-09-30": "0.48500", "2009-06-30": "0.17000", "2009-03-31": "0.22750", "2008-12-31": "0.00000", "2008-09-30": "0.52500", "2008-06-30": "0.23500", "2008-03-31": "0.33250", "2007-12-31": "0.00000", "2007-09-30": "0.46000", "2007-06-30": "0.18000", "2007-03-31": "0.30000", "2006-12-31": "0.00000", "2006-09-30": "0.43750", "2006-06-30": "0.22000", "2006-03-31": "0.28500", "2005-12-31": "0.00000", "2005-09-30": "0.39250", "2005-06-30": "0.21250", "2005-03-31": "0.22250"}}, "balance sheet": {"Cash On Hand": {"2020-03-31": "1369.02800", "2019-03-31": "402.22600", "2018-03-31": "680.76200", "2017-12-31": "566.07500", "2016-12-31": "1227.86200", "2015-12-31": "944.42300", "2014-12-31": "971.89500", "2013-12-31": "776.40300", "2012-12-31": "597.46100", "2011-12-31": "341.22800", "2010-12-31": "792.23900", "2009-12-31": "731.54900", "2008-12-31": "381.84400", "2007-12-31": "321.86300", "2006-12-31": "343.22400", "2005-12-31": "296.55700"}, "Receivables": {"2020-03-31": "1308.05100", "2019-03-31": "1372.62500", "2018-03-31": "1408.58700", "2017-12-31": "1422.10100", "2016-12-31": "1148.79700", "2015-12-31": "1289.96200", "2014-12-31": "1276.22400", "2013-12-31": "1360.44300", "2012-12-31": "1222.34500", "2011-12-31": "1120.24600", "2010-12-31": "773.08300", "2009-12-31": "776.14000", "2008-12-31": "851.28200", "2007-12-31": "970.95100", "2006-12-31": "809.59400", "2005-12-31": "676.26500"}, "Inventory": {"2020-03-31": "1293.91200", "2019-03-31": "1173.10200", "2018-03-31": "1861.44100", "2017-12-31": "1705.17100", "2016-12-31": "1424.57100", "2015-12-31": "1555.36000", "2014-12-31": "1482.80400", "2013-12-31": "1399.06200", "2012-12-31": "1354.15800", "2011-12-31": "1453.64500", "2010-12-31": "1070.69400", "2009-12-31": "958.63900", "2008-12-31": "1151.89500", "2007-12-31": "1138.75200", "2006-12-31": "958.26200", "2005-12-31": "900.45200"}, "Pre-Paid Expenses": {"2020-03-31": "", "2019-03-31": "", "2018-03-31": "", "2017-12-31": "", "2016-12-31": "", "2015-12-31": "", "2014-12-31": "", "2013-12-31": "", "2012-12-31": "", "2011-12-31": "", "2010-12-31": "", "2009-12-31": "", "2008-12-31": "", "2007-12-31": "", "2006-12-31": "", "2005-12-31": ""}, "Other Current Assets": {"2020-03-31": "444.88600", "2019-03-31": "425.61200", "2018-03-31": "358.95300", "2017-12-31": "296.71200", "2016-12-31": "293.88800", "2015-12-31": "284.21500", "2014-12-31": "300.64600", "2013-12-31": "177.75300", "2012-12-31": "135.10400", "2011-12-31": "166.10800", "2010-12-31": "121.82400", "2009-12-31": "101.27500", "2008-12-31": "171.65000", "2007-12-31": "109.07400", "2006-12-31": "120.48500", "2005-12-31": "112.91200"}, "Total Current Assets": {"2020-03-31": "5027.01600", "2019-03-31": "4673.45700", "2018-03-31": "4683.32300", "2017-12-31": "4392.12400", "2016-12-31": "4293.09800", "2015-12-31": "4163.13600", "2014-12-31": "4031.56900", "2013-12-31": "3882.98200", "2012-12-31": "3449.58300", "2011-12-31": "3187.94400", "2010-12-31": "2826.06000", "2009-12-31": "2632.56200", "2008-12-31": "2653.01000", "2007-12-31": "2645.12900", "2006-12-31": "2578.01000", "2005-12-31": "2365.37600"}, "Property, Plant, And Equipment": {"2020-03-31": "954.40600", "2019-03-31": "876.09300", "2018-03-31": "1011.61700", "2017-12-31": "1002.70000", "2016-12-31": "895.96000", "2015-12-31": "945.49100", "2014-12-31": "942.18100", "2013-12-31": "932.79200", "2012-12-31": "828.21800", "2011-12-31": "737.45100", "2010-12-31": "602.90800", "2009-12-31": "614.17800", "2008-12-31": "642.72700", "2007-12-31": "651.85800", "2006-12-31": "593.05800", "2005-12-31": "510.67800"}, "Long-Term Investments": {"2020-03-31": "", "2019-03-31": "", "2018-03-31": "", "2017-12-31": "", "2016-12-31": "", "2015-12-31": "", "2014-12-31": "", "2013-12-31": "", "2012-12-31": "", "2011-12-31": "", "2010-12-31": "", "2009-12-31": "", "2008-12-31": "", "2007-12-31": "", "2006-12-31": "", "2005-12-31": ""}, "Goodwill And Intangible Assets": {"2020-03-31": "3010.56400", "2019-03-31": "3399.14100", "2018-03-31": "3813.32900", "2017-12-31": "3782.42500", "2016-12-31": "3088.59500", "2015-12-31": "3737.01800", "2014-12-31": "4258.50800", "2013-12-31": "4981.95100", "2012-12-31": "4926.81500", "2011-12-31": "4981.92300", "2010-12-31": "2657.56300", "2009-12-31": "2902.80100", "2008-12-31": "2680.02000", "2007-12-31": "2713.43200", "2006-12-31": "1786.61800", "2005-12-31": "1723.82400"}, "Other Long-Term Assets": {"2020-03-31": "867.75090", "2019-03-31": "768.48200", "2018-03-31": "803.04100", "2017-12-31": "781.25300", "2016-12-31": "922.31200", "2015-12-31": "583.86600", "2014-12-31": "613.04200", "2013-12-31": "517.71800", "2012-12-31": "428.40500", "2011-12-31": "405.80800", "2010-12-31": "371.02500", "2009-12-31": "324.32200", "2008-12-31": "458.11100", "2007-12-31": "436.26600", "2006-12-31": "348.86200", "2005-12-31": "368.76000"}, "Total Long-Term Assets": {"2020-03-31": "6106.23500", "2019-03-31": "5683.32800", "2018-03-31": "5627.98700", "2017-12-31": "5566.37800", "2016-12-31": "5446.18900", "2015-12-31": "5476.40600", "2014-12-31": "5813.73100", "2013-12-31": "6432.46100", "2012-12-31": "6183.43800", "2011-12-31": "6125.18200", "2010-12-31": "3631.49600", "2009-12-31": "3841.30100", "2008-12-31": "3780.85800", "2007-12-31": "3801.55600", "2006-12-31": "2887.68300", "2005-12-31": "2805.69500"}, "Total Assets": {"2020-03-31": "11133.25000", "2019-03-31": "10356.79000", "2018-03-31": "10311.31000", "2017-12-31": "9958.50200", "2016-12-31": "9739.28700", "2015-12-31": "9639.54200", "2014-12-31": "9845.30000", "2013-12-31": "10315.44000", "2012-12-31": "9633.02100", "2011-12-31": "9313.12600", "2010-12-31": "6457.55600", "2009-12-31": "6473.86300", "2008-12-31": "6433.86800", "2007-12-31": "6446.68500", "2006-12-31": "5465.69300", "2005-12-31": "5171.07100"}, "Total Current Liabilities": {"2020-03-31": "3023.88400", "2019-03-31": "2661.60400", "2018-03-31": "3138.82900", "2017-12-31": "2745.20000", "2016-12-31": "1785.40000", "2015-12-31": "1941.71300", "2014-12-31": "1614.06500", "2013-12-31": "1568.00100", "2012-12-31": "1732.21200", "2011-12-31": "1666.03200", "2010-12-31": "1109.47500", "2009-12-31": "1095.78900", "2008-12-31": "1012.18200", "2007-12-31": "1134.38700", "2006-12-31": "1014.84800", "2005-12-31": "1152.14300"}, "Long Term Debt": {"2020-03-31": "2608.26900", "2019-03-31": "2115.88400", "2018-03-31": "2212.55500", "2017-12-31": "2187.78900", "2016-12-31": "2039.18000", "2015-12-31": "1401.82000", "2014-12-31": "1413.84700", "2013-12-31": "1426.82900", "2012-12-31": "1429.16600", "2011-12-31": "1831.78100", "2010-12-31": "935.88200", "2009-12-31": "938.49400", "2008-12-31": "1141.54600", "2007-12-31": "1144.81000", "2006-12-31": "635.35900", "2005-12-31": "647.72800"}, "Other Non-Current Liabilities": {"2020-03-31": "1123.11300", "2019-03-31": "1234.88100", "2018-03-31": "1271.83000", "2017-12-31": "1305.61300", "2016-12-31": "885.82500", "2015-12-31": "900.25600", "2014-12-31": "1186.50600", "2013-12-31": "1243.57500", "2012-12-31": "1346.01800", "2011-12-31": "1290.13800", "2010-12-31": "550.88000", "2009-12-31": "626.29500", "2008-12-31": "722.89500", "2007-12-31": "590.65900", "2006-12-31": "536.72800", "2005-12-31": "528.13800"}, "Total Long Term Liabilities": {"2020-03-31": "4752.03300", "2019-03-31": "3396.66500", "2018-03-31": "3484.38500", "2017-12-31": "3493.40200", "2016-12-31": "3012.96600", "2015-12-31": "2312.99100", "2014-12-31": "2600.35300", "2013-12-31": "2670.40400", "2012-12-31": "2775.18400", "2011-12-31": "3121.91900", "2010-12-31": "1486.76200", "2009-12-31": "1564.78900", "2008-12-31": "1864.44100", "2007-12-31": "1735.46900", "2006-12-31": "1185.67300", "2005-12-31": "1210.71500"}, "Total Liabilities": {"2020-03-31": "7775.91700", "2019-03-31": "6058.26900", "2018-03-31": "6623.21400", "2017-12-31": "6238.60200", "2016-12-31": "4798.36600", "2015-12-31": "4254.70400", "2014-12-31": "4214.41800", "2013-12-31": "4238.40500", "2012-12-31": "4507.39600", "2011-12-31": "4787.95100", "2010-12-31": "2596.23700", "2009-12-31": "2660.57800", "2008-12-31": "2876.62300", "2007-12-31": "2869.85600", "2006-12-31": "2200.52100", "2005-12-31": "2362.85800"}, "Common Stock Net": {"2020-03-31": "97.20300", "2019-03-31": "99.20600", "2018-03-31": "98.57800", "2017-12-31": "98.95500", "2016-12-31": "103.50300", "2015-12-31": "106.65400", "2014-12-31": "108.21500", "2013-12-31": "110.07800", "2012-12-31": "110.20500", "2011-12-31": "110.55700", "2010-12-31": "107.93800", "2009-12-31": "110.28500", "2008-12-31": "109.84800", "2007-12-31": "109.79800", "2006-12-31": "112.18500", "2005-12-31": "110.10800"}, "Retained Earnings (Accumulated Deficit)": {"2020-03-31": "7.30900", "2019-03-31": "1179.60100", "2018-03-31": "846.12400", "2017-12-31": "1023.74500", "2016-12-31": "2545.45800", "2015-12-31": "3128.73100", "2014-12-31": "3231.75300", "2013-12-31": "3432.09000", "2012-12-31": "2941.44700", "2011-12-31": "2520.80400", "2010-12-31": "1940.50800", "2009-12-31": "2050.10900", "2008-12-31": "1972.87400", "2007-12-31": "1786.21600", "2006-12-31": "1806.87500", "2005-12-31": "1585.42100"}, "Comprehensive Income": {"2020-03-31": "-930.95800", "2019-03-31": "-902.07500", "2018-03-31": "-864.03000", "2017-12-31": "-926.14000", "2016-12-31": "-1041.46300", "2015-12-31": "-1043.22200", "2014-12-31": "-702.27200", "2013-12-31": "-211.72000", "2012-12-31": "-453.89500", "2011-12-31": "-421.47700", "2010-12-31": "-268.59400", "2009-12-31": "-209.74200", "2008-12-31": "-276.29400", "2007-12-31": "61.49500", "2006-12-31": "-123.65200", "2005-12-31": "-164.80200"}, "Other Share Holders Equity": {"2020-03-31": "", "2019-03-31": "", "2018-03-31": "", "2017-12-31": "", "2016-12-31": "", "2015-12-31": "", "2014-12-31": "", "2013-12-31": "", "2012-12-31": "", "2011-12-31": "", "2010-12-31": "", "2009-12-31": "", "2008-12-31": "", "2007-12-31": "", "2006-12-31": "", "2005-12-31": ""}, "Share Holder Equity": {"2020-03-31": "3357.33400", "2019-03-31": "4298.51600", "2018-03-31": "3688.09600", "2017-12-31": "3719.90000", "2016-12-31": "4940.92100", "2015-12-31": "5384.83800", "2014-12-31": "5630.88200", "2013-12-31": "6077.03800", "2012-12-31": "5125.62500", "2011-12-31": "4525.17500", "2010-12-31": "3861.31900", "2009-12-31": "3813.28500", "2008-12-31": "3557.24500", "2007-12-31": "3576.82900", "2006-12-31": "3265.17200", "2005-12-31": "2808.21300"}, "Total Liabilities And Share Holders Equity": {"2020-03-31": "11133.25000", "2019-03-31": "10356.79000", "2018-03-31": "10311.31000", "2017-12-31": "9958.50200", "2016-12-31": "9739.28700", "2015-12-31": "9639.54200", "2014-12-31": "9845.30000", "2013-12-31": "10315.44000", "2012-12-31": "9633.02100", "2011-12-31": "9313.12600", "2010-12-31": "6457.55600", "2009-12-31": "6473.86300", "2008-12-31": "6433.86800", "2007-12-31": "6446.68500", "2006-12-31": "5465.69300", "2005-12-31": "5171.07100"}}, "balance sheet, quarterly": {"Cash On Hand": {"2020-12-31": "3853.63900", "2020-09-30": "2677.39800", "2020-06-30": "2845.11100", "2020-03-31": "1369.02800", "2019-12-31": "540.02900", "2019-09-30": "469.91200", "2019-06-30": "560.88200", "2019-03-31": "402.22600", "2018-12-31": "451.97800", "2018-09-30": "266.78800", "2018-06-30": "392.17500", "2018-03-31": "680.76200", "2017-12-31": "", "2017-09-30": "1545.53500", "2017-06-30": "672.04500", "2017-03-31": "604.44400", "2016-12-31": "", "2016-09-30": "737.82500", "2016-06-30": "676.26200", "2016-03-31": "585.36500", "2015-12-31": "", "2015-09-30": "567.63700", "2015-06-30": "658.48500", "2015-03-31": "655.48300", "2014-12-31": "", "2014-09-30": "496.50000", "2014-06-30": "475.89100", "2014-03-31": "321.67200", "2013-12-31": "", "2013-09-30": "315.66100", "2013-06-30": "320.11200", "2013-03-31": "300.43700", "2012-12-31": "", "2012-09-30": "304.60300", "2012-06-30": "330.51200", "2012-03-31": "325.64900", "2011-12-31": "", "2011-09-30": "337.39100", "2011-06-30": "611.47800", "2011-03-31": "672.96300", "2010-12-31": "", "2010-09-30": "402.86300", "2010-06-30": "540.19100", "2010-03-31": "718.63400", "2009-12-31": "", "2009-09-30": "379.14800", "2009-06-30": "385.20200", "2009-03-31": "276.42800", "2008-12-31": "", "2008-09-30": "225.95700", "2008-06-30": "276.00900", "2008-03-31": "259.85500", "2007-12-31": "", "2007-09-30": "193.85500", "2007-06-30": "177.84900", "2007-03-31": "174.15500", "2006-12-31": "", "2006-09-30": "154.19600", "2006-06-30": "161.67200", "2006-03-31": "154.01400", "2005-12-31": "", "2005-09-30": "215.54900", "2005-06-30": "249.51700", "2005-03-31": "365.86400"}, "Receivables": {"2020-12-31": "1411.56500", "2020-09-30": "1606.47900", "2020-06-30": "934.98400", "2020-03-31": "1308.05100", "2019-12-31": "1539.92300", "2019-09-30": "1881.37400", "2019-06-30": "1211.34700", "2019-03-31": "1372.62500", "2018-12-31": "1566.20200", "2018-09-30": "1961.27400", "2018-06-30": "1222.93800", "2018-03-31": "1408.58700", "2017-12-31": "", "2017-09-30": "1815.19800", "2017-06-30": "1143.57300", "2017-03-31": "1253.42300", "2016-12-31": "", "2016-09-30": "1736.52100", "2016-06-30": "1121.05300", "2016-03-31": "1222.16200", "2015-12-31": "", "2015-09-30": "1840.67300", "2015-06-30": "1170.15000", "2015-03-31": "1283.21600", "2014-12-31": "", "2014-09-30": "1764.63600", "2014-06-30": "1178.87400", "2014-03-31": "1310.46800", "2013-12-31": "", "2013-09-30": "1663.11800", "2013-06-30": "1060.77800", "2013-03-31": "1208.68200", "2012-12-31": "", "2012-09-30": "1612.57900", "2012-06-30": "1033.83500", "2012-03-31": "1206.17900", "2011-12-31": "", "2011-09-30": "1547.74100", "2011-06-30": "889.20100", "2011-03-31": "892.29400", "2010-12-31": "", "2010-09-30": "1098.85800", "2010-06-30": "735.02200", "2010-03-31": "787.68200", "2009-12-31": "", "2009-09-30": "1102.87800", "2009-06-30": "881.01400", "2009-03-31": "996.50700", "2008-12-31": "", "2008-09-30": "1313.91900", "2008-06-30": "994.15700", "2008-03-31": "1123.14100", "2007-12-31": "", "2007-09-30": "1266.49000", "2007-06-30": "924.45500", "2007-03-31": "1002.56300", "2006-12-31": "", "2006-09-30": "1078.17200", "2006-06-30": "769.08600", "2006-03-31": "821.02000", "2005-12-31": "", "2005-09-30": "950.64900", "2005-06-30": "792.74700", "2005-03-31": "844.00900"}, "Inventory": {"2020-12-31": "1075.98300", "2020-09-30": "1434.84300", "2020-06-30": "1402.85800", "2020-03-31": "1293.91200", "2019-12-31": "1254.46000", "2019-09-30": "1590.02700", "2019-06-30": "1381.51300", "2019-03-31": "1173.10200", "2018-12-31": "1401.62100", "2018-09-30": "1723.05700", "2018-06-30": "1521.65900", "2018-03-31": "1861.44100", "2017-12-31": "", "2017-09-30": "1843.45100", "2017-06-30": "1663.05200", "2017-03-31": "1645.48400", "2016-12-31": "", "2016-09-30": "1897.54600", "2016-06-30": "1667.89500", "2016-03-31": "1613.75600", "2015-12-31": "", "2015-09-30": "1971.79000", "2015-06-30": "1678.80000", "2015-03-31": "1624.23400", "2014-12-31": "", "2014-09-30": "1822.16200", "2014-06-30": "1615.24500", "2014-03-31": "1512.45900", "2013-12-31": "", "2013-09-30": "1752.28400", "2013-06-30": "1522.80900", "2013-03-31": "1409.44300", "2012-12-31": "", "2012-09-30": "1758.68600", "2012-06-30": "1570.29800", "2012-03-31": "1516.44600", "2011-12-31": "", "2011-09-30": "1777.90200", "2011-06-30": "1285.95000", "2011-03-31": "1183.31400", "2010-12-31": "", "2010-09-30": "1211.30700", "2010-06-30": "1102.18000", "2010-03-31": "952.18200", "2009-12-31": "", "2009-09-30": "1171.15100", "2009-06-30": "1221.16700", "2009-03-31": "1118.07300", "2008-12-31": "", "2008-09-30": "1341.84200", "2008-06-30": "1343.85600", "2008-03-31": "1170.59400", "2007-12-31": "", "2007-09-30": "1295.99400", "2007-06-30": "1217.72100", "2007-03-31": "1027.07300", "2006-12-31": "", "2006-09-30": "1040.02400", "2006-06-30": "1044.13100", "2006-03-31": "873.55000", "2005-12-31": "", "2005-09-30": "1170.09800", "2005-06-30": "1177.32400", "2005-03-31": "987.73700"}, "Pre-Paid Expenses": {"2020-12-31": "", "2020-09-30": "", "2020-06-30": "", "2020-03-31": "", "2019-12-31": "", "2019-09-30": "", "2019-06-30": "", "2019-03-31": "", "2018-12-31": "", "2018-09-30": "", "2018-06-30": "", "2018-03-31": "", "2017-12-31": "", "2017-09-30": "", "2017-06-30": "", "2017-03-31": "", "2016-12-31": "", "2016-09-30": "", "2016-06-30": "", "2016-03-31": "", "2015-12-31": "", "2015-09-30": "", "2015-06-30": "", "2015-03-31": "", "2014-12-31": "", "2014-09-30": "", "2014-06-30": "", "2014-03-31": "", "2013-12-31": "", "2013-09-30": "", "2013-06-30": "", "2013-03-31": "", "2012-12-31": "", "2012-09-30": "", "2012-06-30": "", "2012-03-31": "", "2011-12-31": "", "2011-09-30": "", "2011-06-30": "", "2011-03-31": "", "2010-12-31": "", "2010-09-30": "", "2010-06-30": "", "2010-03-31": "", "2009-12-31": "", "2009-09-30": "", "2009-06-30": "", "2009-03-31": "", "2008-12-31": "", "2008-09-30": "", "2008-06-30": "", "2008-03-31": "", "2007-12-31": "", "2007-09-30": "", "2007-06-30": "", "2007-03-31": "", "2006-12-31": "", "2006-09-30": "", "2006-06-30": "", "2006-03-31": "", "2005-12-31": "", "2005-09-30": "", "2005-06-30": "", "2005-03-31": ""}, "Other Current Assets": {"2020-12-31": "383.38400", "2020-09-30": "408.80900", "2020-06-30": "513.04900", "2020-03-31": "444.88600", "2019-12-31": "356.88200", "2019-09-30": "391.67800", "2019-06-30": "405.20500", "2019-03-31": "425.61200", "2018-12-31": "391.80000", "2018-09-30": "582.13900", "2018-06-30": "401.51500", "2018-03-31": "358.95300", "2017-12-31": "", "2017-09-30": "318.95700", "2017-06-30": "355.28300", "2017-03-31": "353.73300", "2016-12-31": "", "2016-09-30": "293.90400", "2016-06-30": "304.61200", "2016-03-31": "323.81700", "2015-12-31": "", "2015-09-30": "291.41900", "2015-06-30": "443.45300", "2015-03-31": "365.16900", "2014-12-31": "", "2014-09-30": "440.91500", "2014-06-30": "509.90200", "2014-03-31": "389.92200", "2013-12-31": "", "2013-09-30": "362.84100", "2013-06-30": "394.00800", "2013-03-31": "341.06500", "2012-12-31": "", "2012-09-30": "322.93200", "2012-06-30": "405.16400", "2012-03-31": "315.05900", "2011-12-31": "", "2011-09-30": "279.35800", "2011-06-30": "259.27900", "2011-03-31": "201.45700", "2010-12-31": "", "2010-09-30": "171.66600", "2010-06-30": "213.16100", "2010-03-31": "192.27500", "2009-12-31": "", "2009-09-30": "275.55600", "2009-06-30": "247.49400", "2009-03-31": "230.25100", "2008-12-31": "", "2008-09-30": "222.66900", "2008-06-30": "225.04400", "2008-03-31": "224.89300", "2007-12-31": "", "2007-09-30": "209.42200", "2007-06-30": "198.85100", "2007-03-31": "209.10200", "2006-12-31": "", "2006-09-30": "211.86100", "2006-06-30": "244.78900", "2006-03-31": "200.91900", "2005-12-31": "", "2005-09-30": "199.46400", "2005-06-30": "199.36300", "2005-03-31": "156.34700"}, "Total Current Assets": {"2020-12-31": "7285.21900", "2020-09-30": "6680.20600", "2020-06-30": "6261.13700", "2020-03-31": "5027.01600", "2019-12-31": "4155.69800", "2019-09-30": "4775.20700", "2019-06-30": "3990.85500", "2019-03-31": "4673.45700", "2018-12-31": "4612.09100", "2018-09-30": "5417.95400", "2018-06-30": "4330.14700", "2018-03-31": "4683.32300", "2017-12-31": "", "2017-09-30": "5627.42700", "2017-06-30": "3897.65000", "2017-03-31": "4092.15000", "2016-12-31": "", "2016-09-30": "4819.02300", "2016-06-30": "4068.01600", "2016-03-31": "3972.87400", "2015-12-31": "", "2015-09-30": "4771.88200", "2015-06-30": "4053.70300", "2015-03-31": "3928.10200", "2014-12-31": "", "2014-09-30": "4524.21300", "2014-06-30": "3779.91200", "2014-03-31": "3534.52100", "2013-12-31": "", "2013-09-30": "4093.90400", "2013-06-30": "3297.70700", "2013-03-31": "3259.62700", "2012-12-31": "", "2012-09-30": "3998.80000", "2012-06-30": "3339.80900", "2012-03-31": "3363.33300", "2011-12-31": "", "2011-09-30": "3942.39200", "2011-06-30": "3045.90800", "2011-03-31": "2950.02800", "2010-12-31": "", "2010-09-30": "2884.69400", "2010-06-30": "2590.55400", "2010-03-31": "2650.77300", "2009-12-31": "", "2009-09-30": "2928.73300", "2009-06-30": "2734.87700", "2009-03-31": "2621.25900", "2008-12-31": "", "2008-09-30": "3104.38700", "2008-06-30": "2839.06600", "2008-03-31": "2778.48300", "2007-12-31": "", "2007-09-30": "2980.62200", "2007-06-30": "2537.14700", "2007-03-31": "2689.09500", "2006-12-31": "", "2006-09-30": "2765.46700", "2006-06-30": "2534.11400", "2006-03-31": "2352.40300", "2005-12-31": "", "2005-09-30": "2535.76000", "2005-06-30": "2418.95100", "2005-03-31": "2353.95700"}, "Property, Plant, And Equipment": {"2020-12-31": "955.84500", "2020-09-30": "933.99000", "2020-06-30": "957.30900", "2020-03-31": "954.40600", "2019-12-31": "867.20500", "2019-09-30": "832.23700", "2019-06-30": "826.57000", "2019-03-31": "876.09300", "2018-12-31": "902.66500", "2018-09-30": "893.81100", "2018-06-30": "875.33800", "2018-03-31": "1011.61700", "2017-12-31": "", "2017-09-30": "905.67100", "2017-06-30": "903.02400", "2017-03-31": "914.24400", "2016-12-31": "", "2016-09-30": "935.01500", "2016-06-30": "927.05800", "2016-03-31": "930.14500", "2015-12-31": "", "2015-09-30": "935.06800", "2015-06-30": "915.84100", "2015-03-31": "911.47800", "2014-12-31": "", "2014-09-30": "940.19300", "2014-06-30": "921.97000", "2014-03-31": "921.97000", "2013-12-31": "", "2013-09-30": "904.80900", "2013-06-30": "883.19700", "2013-03-31": "866.25100", "2012-12-31": "", "2012-09-30": "775.47600", "2012-06-30": "735.82700", "2012-03-31": "729.07900", "2011-12-31": "", "2011-09-30": "704.93500", "2011-06-30": "626.27100", "2011-03-31": "615.37200", "2010-12-31": "", "2010-09-30": "598.17400", "2010-06-30": "593.46500", "2010-03-31": "601.85900", "2009-12-31": "", "2009-09-30": "630.08000", "2009-06-30": "630.36900", "2009-03-31": "632.41300", "2008-12-31": "", "2008-09-30": "661.57700", "2008-06-30": "667.22000", "2008-03-31": "658.31500", "2007-12-31": "", "2007-09-30": "640.72600", "2007-06-30": "594.88600", "2007-03-31": "591.94000", "2006-12-31": "", "2006-09-30": "560.04300", "2006-06-30": "559.07700", "2006-03-31": "563.33900", "2005-12-31": "", "2005-09-30": "557.16800", "2005-06-30": "559.58700", "2005-03-31": "572.40400"}, "Long-Term Investments": {"2020-12-31": "", "2020-09-30": "", "2020-06-30": "", "2020-03-31": "", "2019-12-31": "", "2019-09-30": "", "2019-06-30": "", "2019-03-31": "", "2018-12-31": "", "2018-09-30": "", "2018-06-30": "", "2018-03-31": "", "2017-12-31": "", "2017-09-30": "", "2017-06-30": "", "2017-03-31": "", "2016-12-31": "", "2016-09-30": "", "2016-06-30": "", "2016-03-31": "", "2015-12-31": "", "2015-09-30": "", "2015-06-30": "", "2015-03-31": "", "2014-12-31": "", "2014-09-30": "", "2014-06-30": "", "2014-03-31": "", "2013-12-31": "", "2013-09-30": "", "2013-06-30": "", "2013-03-31": "", "2012-12-31": "", "2012-09-30": "", "2012-06-30": "", "2012-03-31": "", "2011-12-31": "", "2011-09-30": "", "2011-06-30": "", "2011-03-31": "", "2010-12-31": "", "2010-09-30": "", "2010-06-30": "", "2010-03-31": "", "2009-12-31": "", "2009-09-30": "", "2009-06-30": "", "2009-03-31": "", "2008-12-31": "", "2008-09-30": "", "2008-06-30": "", "2008-03-31": "", "2007-12-31": "", "2007-09-30": "", "2007-06-30": "", "2007-03-31": "", "2006-12-31": "", "2006-09-30": "", "2006-06-30": "", "2006-03-31": "", "2005-12-31": "", "2005-09-30": "", "2005-06-30": "", "2005-03-31": ""}, "Goodwill And Intangible Assets": {"2020-12-31": "3056.25400", "2020-09-30": "3024.60700", "2020-06-30": "3018.37000", "2020-03-31": "3010.56400", "2019-12-31": "3377.73800", "2019-09-30": "3337.62300", "2019-06-30": "3412.01900", "2019-03-31": "3399.14100", "2018-12-31": "3539.45000", "2018-09-30": "3573.04400", "2018-06-30": "3723.99900", "2018-03-31": "3813.32900", "2017-12-31": "", "2017-09-30": "3267.04100", "2017-06-30": "3213.69000", "2017-03-31": "3529.21900", "2016-12-31": "", "2016-09-30": "3695.79300", "2016-06-30": "3688.67600", "2016-03-31": "3733.42300", "2015-12-31": "", "2015-09-30": "3801.01800", "2015-06-30": "3784.13600", "2015-03-31": "4086.86400", "2014-12-31": "", "2014-09-30": "4775.52200", "2014-06-30": "4940.33200", "2014-03-31": "4969.04500", "2013-12-31": "", "2013-09-30": "4954.08800", "2013-06-30": "4890.48100", "2013-03-31": "4898.40400", "2012-12-31": "", "2012-09-30": "4926.08800", "2012-06-30": "4924.66600", "2012-03-31": "4975.15100", "2011-12-31": "", "2011-09-30": "5055.93900", "2011-06-30": "2749.85900", "2011-03-31": "2743.89800", "2010-12-31": "", "2010-09-30": "2885.52300", "2010-06-30": "2832.20800", "2010-03-31": "2892.59700", "2009-12-31": "", "2009-09-30": "3038.79000", "2009-06-30": "3020.54900", "2009-03-31": "3000.95000", "2008-12-31": "", "2008-09-30": "2714.21000", "2008-06-30": "2742.38400", "2008-03-31": "2746.97200", "2007-12-31": "", "2007-09-30": "2700.78200", "2007-06-30": "1902.72900", "2007-03-31": "1879.89100", "2006-12-31": "", "2006-09-30": "1778.15900", "2006-06-30": "1738.79700", "2006-03-31": "1721.20300", "2005-12-31": "", "2005-09-30": "1845.14300", "2005-06-30": "1849.27900", "2005-03-31": "1681.80900"}, "Other Long-Term Assets": {"2020-12-31": "970.52000", "2020-09-30": "917.34200", "2020-06-30": "887.92100", "2020-03-31": "867.75100", "2019-12-31": "958.25300", "2019-09-30": "905.99300", "2019-06-30": "735.27500", "2019-03-31": "768.48200", "2018-12-31": "756.06500", "2018-09-30": "763.76200", "2018-06-30": "774.61300", "2018-03-31": "803.04100", "2017-12-31": "", "2017-09-30": "743.89800", "2017-06-30": "722.57800", "2017-03-31": "710.66500", "2016-12-31": "", "2016-09-30": "904.74200", "2016-06-30": "899.77200", "2016-03-31": "894.01900", "2015-12-31": "", "2015-09-30": "646.89200", "2015-06-30": "662.56800", "2015-03-31": "672.26100", "2014-12-31": "", "2014-09-30": "575.94800", "2014-06-30": "573.11300", "2014-03-31": "559.61600", "2013-12-31": "", "2013-09-30": "499.26000", "2013-06-30": "478.18200", "2013-03-31": "466.99200", "2012-12-31": "", "2012-09-30": "431.36800", "2012-06-30": "425.76700", "2012-03-31": "435.75400", "2011-12-31": "", "2011-09-30": "415.78200", "2011-06-30": "378.40800", "2011-03-31": "383.84000", "2010-12-31": "", "2010-09-30": "322.72500", "2010-06-30": "308.32900", "2010-03-31": "326.97900", "2009-12-31": "", "2009-09-30": "308.56300", "2009-06-30": "333.45200", "2009-03-31": "297.94200", "2008-12-31": "", "2008-09-30": "504.09100", "2008-06-30": "531.77100", "2008-03-31": "458.37300", "2007-12-31": "", "2007-09-30": "373.85400", "2007-06-30": "378.66000", "2007-03-31": "353.89700", "2006-12-31": "", "2006-09-30": "382.73500", "2006-06-30": "387.74600", "2006-03-31": "384.81400", "2005-12-31": "", "2005-09-30": "418.52000", "2005-06-30": "412.20100", "2005-03-31": "411.49900"}, "Total Long-Term Assets": {"2020-12-31": "6459.12200", "2020-09-30": "6261.06000", "2020-06-30": "6217.90800", "2020-03-31": "6106.23500", "2019-12-31": "6658.56400", "2019-09-30": "6495.14800", "2019-06-30": "6411.10800", "2019-03-31": "5683.32800", "2018-12-31": "5672.21900", "2018-09-30": "5712.47100", "2018-06-30": "5861.60700", "2018-03-31": "5627.98700", "2017-12-31": "", "2017-09-30": "5247.49400", "2017-06-30": "5276.07800", "2017-03-31": "5154.12800", "2016-12-31": "", "2016-09-30": "5624.08600", "2016-06-30": "5606.09200", "2016-03-31": "5859.38900", "2015-12-31": "", "2015-09-30": "5741.23000", "2015-06-30": "5723.21200", "2015-03-31": "5670.60300", "2014-12-31": "", "2014-09-30": "6291.66300", "2014-06-30": "6435.41500", "2014-03-31": "6450.63100", "2013-12-31": "", "2013-09-30": "6358.15700", "2013-06-30": "6251.86000", "2013-03-31": "6231.64700", "2012-12-31": "", "2012-09-30": "6132.93200", "2012-06-30": "6086.26000", "2012-03-31": "6139.98400", "2011-12-31": "", "2011-09-30": "6176.65600", "2011-06-30": "3754.53800", "2011-03-31": "3743.11000", "2010-12-31": "", "2010-09-30": "3806.42200", "2010-06-30": "3734.00200", "2010-03-31": "3821.43500", "2009-12-31": "", "2009-09-30": "3977.43300", "2009-06-30": "3984.37000", "2009-03-31": "3931.30500", "2008-12-31": "", "2008-09-30": "3879.87800", "2008-06-30": "3941.37500", "2008-03-31": "3863.66000", "2007-12-31": "", "2007-09-30": "3715.36200", "2007-06-30": "2876.27500", "2007-03-31": "2981.69300", "2006-12-31": "", "2006-09-30": "2910.99000", "2006-06-30": "2872.45500", "2006-03-31": "2866.69400", "2005-12-31": "", "2005-09-30": "2820.83100", "2005-06-30": "2821.06700", "2005-03-31": "2665.71200"}, "Total Assets": {"2020-12-31": "13744.34000", "2020-09-30": "12941.27000", "2020-06-30": "12479.04000", "2020-03-31": "11133.25000", "2019-12-31": "10814.26000", "2019-09-30": "11270.36000", "2019-06-30": "10401.96000", "2019-03-31": "10356.79000", "2018-12-31": "10284.31000", "2018-09-30": "11130.42000", "2018-06-30": "10191.75000", "2018-03-31": "10311.31000", "2017-12-31": "0.00000", "2017-09-30": "10874.92000", "2017-06-30": "9173.72800", "2017-03-31": "9246.27800", "2016-12-31": "0.00000", "2016-09-30": "10443.11000", "2016-06-30": "9674.10800", "2016-03-31": "9832.26300", "2015-12-31": "0.00000", "2015-09-30": "10513.11000", "2015-06-30": "9776.91500", "2015-03-31": "9598.70500", "2014-12-31": "0.00000", "2014-09-30": "10815.88000", "2014-06-30": "10215.33000", "2014-03-31": "9985.15200", "2013-12-31": "0.00000", "2013-09-30": "10452.06000", "2013-06-30": "9549.56700", "2013-03-31": "9491.27400", "2012-12-31": "0.00000", "2012-09-30": "10131.73000", "2012-06-30": "9426.06900", "2012-03-31": "9503.31700", "2011-12-31": "0.00000", "2011-09-30": "10119.05000", "2011-06-30": "6800.44600", "2011-03-31": "6693.13800", "2010-12-31": "0.00000", "2010-09-30": "6691.11600", "2010-06-30": "6324.55600", "2010-03-31": "6472.20800", "2009-12-31": "0.00000", "2009-09-30": "6906.16600", "2009-06-30": "6719.24700", "2009-03-31": "6552.56400", "2008-12-31": "0.00000", "2008-09-30": "6984.26500", "2008-06-30": "6780.44100", "2008-03-31": "6642.14300", "2007-12-31": "0.00000", "2007-09-30": "6695.98400", "2007-06-30": "5413.42200", "2007-03-31": "5670.78800", "2006-12-31": "0.00000", "2006-09-30": "5676.45700", "2006-06-30": "5406.56900", "2006-03-31": "5219.09700", "2005-12-31": "0.00000", "2005-09-30": "5356.59100", "2005-06-30": "5240.01800", "2005-03-31": "5019.66900"}, "Total Current Liabilities": {"2020-12-31": "2498.02300", "2020-09-30": "2084.53200", "2020-06-30": "1715.46300", "2020-03-31": "3023.88400", "2019-12-31": "1962.09200", "2019-09-30": "2404.33800", "2019-06-30": "1947.14500", "2019-03-31": "2661.60400", "2018-12-31": "2563.04700", "2018-09-30": "3508.69600", "2018-06-30": "2995.55600", "2018-03-31": "3138.82900", "2017-12-31": "", "2017-09-30": "3821.39500", "2017-06-30": "2431.14300", "2017-03-31": "1835.85900", "2016-12-31": "", "2016-09-30": "2177.19600", "2016-06-30": "2660.63300", "2016-03-31": "2529.46700", "2015-12-31": "", "2015-09-30": "2777.52800", "2015-06-30": "2449.73800", "2015-03-31": "2272.26500", "2014-12-31": "", "2014-09-30": "2266.47800", "2014-06-30": "1870.32400", "2014-03-31": "1541.53300", "2013-12-31": "", "2013-09-30": "2054.66000", "2013-06-30": "1644.29800", "2013-03-31": "1705.40000", "2012-12-31": "", "2012-09-30": "2435.84200", "2012-06-30": "1768.03900", "2012-03-31": "1904.32000", "2011-12-31": "", "2011-09-30": "2664.56400", "2011-06-30": "1013.91400", "2011-03-31": "1036.84600", "2010-12-31": "", "2010-09-30": "1157.28000", "2010-06-30": "1113.94500", "2010-03-31": "1060.06700", "2009-12-31": "", "2009-09-30": "1355.05700", "2009-06-30": "1169.81800", "2009-03-31": "1098.20400", "2008-12-31": "", "2008-09-30": "1413.32400", "2008-06-30": "1335.38600", "2008-03-31": "1238.53300", "2007-12-31": "", "2007-09-30": "1548.87500", "2007-06-30": "1068.40000", "2007-03-31": "1246.68300", "2006-12-31": "", "2006-09-30": "1245.78100", "2006-06-30": "1180.05400", "2006-03-31": "1085.05700", "2005-12-31": "", "2005-09-30": "1448.87000", "2005-06-30": "1441.94500", "2005-03-31": "1245.18000"}, "Long Term Debt": {"2020-12-31": "5786.55200", "2020-09-30": "5679.44000", "2020-06-30": "5609.79200", "2020-03-31": "2608.26900", "2019-12-31": "2110.48800", "2019-09-30": "2090.92200", "2019-06-30": "2126.83500", "2019-03-31": "2115.88400", "2018-12-31": "2135.24000", "2018-09-30": "2150.59500", "2018-06-30": "2156.62700", "2018-03-31": "2212.55500", "2017-12-31": "", "2017-09-30": "2144.22100", "2017-06-30": "2111.62300", "2017-03-31": "2051.48200", "2016-12-31": "", "2016-09-30": "2347.12200", "2016-06-30": "1400.63600", "2016-03-31": "1401.23300", "2015-12-31": "", "2015-09-30": "1401.05800", "2015-06-30": "1401.55300", "2015-03-31": "1413.33300", "2014-12-31": "", "2014-09-30": "1424.31100", "2014-06-30": "1425.12300", "2014-03-31": "1425.83300", "2013-12-31": "", "2013-09-30": "1427.13800", "2013-06-30": "1427.82300", "2013-03-31": "1428.49600", "2012-12-31": "", "2012-09-30": "1429.82400", "2012-06-30": "1830.47300", "2012-03-31": "1831.11300", "2011-12-31": "", "2011-09-30": "1832.41200", "2011-06-30": "934.60000", "2011-03-31": "935.24400", "2010-12-31": "", "2010-09-30": "936.51100", "2010-06-30": "937.15000", "2010-03-31": "937.82600", "2009-12-31": "", "2009-09-30": "939.14300", "2009-06-30": "1139.79000", "2009-03-31": "1140.41400", "2008-12-31": "", "2008-09-30": "1142.17000", "2008-06-30": "1142.88900", "2008-03-31": "1143.62000", "2007-12-31": "", "2007-09-30": "1186.79200", "2007-06-30": "602.22900", "2007-03-31": "635.28000", "2006-12-31": "", "2006-09-30": "665.47500", "2006-06-30": "693.35900", "2006-03-31": "689.31900", "2005-12-31": "", "2005-09-30": "527.51100", "2005-06-30": "559.18100", "2005-03-31": "558.86300"}, "Other Non-Current Liabilities": {"2020-12-31": "1109.93700", "2020-09-30": "1102.21600", "2020-06-30": "1136.69200", "2020-03-31": "1123.11300", "2019-12-31": "1128.83400", "2019-09-30": "1106.79100", "2019-06-30": "1139.51200", "2019-03-31": "1234.88100", "2018-12-31": "1239.50300", "2018-09-30": "1246.96200", "2018-06-30": "1260.68100", "2018-03-31": "1271.83000", "2017-12-31": "", "2017-09-30": "881.96200", "2017-06-30": "896.58100", "2017-03-31": "985.88000", "2016-12-31": "", "2016-09-30": "1049.35300", "2016-06-30": "967.72900", "2016-03-31": "1000.25300", "2015-12-31": "", "2015-09-30": "962.08300", "2015-06-30": "950.12600", "2015-03-31": "1008.84200", "2014-12-31": "", "2014-09-30": "1262.72700", "2014-06-30": "1266.51200", "2014-03-31": "1262.95700", "2013-12-31": "", "2013-09-30": "1341.38600", "2013-06-30": "1293.38900", "2013-03-31": "1268.38400", "2012-12-31": "", "2012-09-30": "1339.28200", "2012-06-30": "1303.50500", "2012-03-31": "1316.21600", "2011-12-31": "", "2011-09-30": "1162.17300", "2011-06-30": "581.39400", "2011-03-31": "594.60100", "2010-12-31": "", "2010-09-30": "659.01600", "2010-06-30": "625.62700", "2010-03-31": "649.44900", "2009-12-31": "", "2009-09-30": "754.39800", "2009-06-30": "765.80900", "2009-03-31": "739.77700", "2008-12-31": "", "2008-09-30": "565.92800", "2008-06-30": "604.31000", "2008-03-31": "606.91200", "2007-12-31": "", "2007-09-30": "592.52400", "2007-06-30": "565.61300", "2007-03-31": "530.26000", "2006-12-31": "", "2006-09-30": "628.50000", "2006-06-30": "587.08000", "2006-03-31": "559.72300", "2005-12-31": "", "2005-09-30": "580.72200", "2005-06-30": "565.57900", "2005-03-31": "547.57800"}, "Total Long Term Liabilities": {"2020-12-31": "8108.14400", "2020-09-30": "7911.49600", "2020-06-30": "7850.98400", "2020-03-31": "4752.03300", "2019-12-31": "4284.58000", "2019-09-30": "4218.39800", "2019-06-30": "4303.20500", "2019-03-31": "3396.66500", "2018-12-31": "3420.63900", "2018-09-30": "3442.17300", "2018-06-30": "3465.08200", "2018-03-31": "3484.38500", "2017-12-31": "", "2017-09-30": "3116.10600", "2017-06-30": "3098.24600", "2017-03-31": "3037.36200", "2016-12-31": "", "2016-09-30": "3393.13600", "2016-06-30": "2365.03800", "2016-03-31": "2408.85000", "2015-12-31": "", "2015-09-30": "2374.38700", "2015-06-30": "2363.38200", "2015-03-31": "2422.17500", "2014-12-31": "", "2014-09-30": "2687.03800", "2014-06-30": "2691.63500", "2014-03-31": "2688.79000", "2013-12-31": "", "2013-09-30": "2768.52400", "2013-06-30": "2721.21200", "2013-03-31": "2696.88000", "2012-12-31": "", "2012-09-30": "2769.10600", "2012-06-30": "3133.97800", "2012-03-31": "3147.32900", "2011-12-31": "", "2011-09-30": "2994.58500", "2011-06-30": "1515.99400", "2011-03-31": "1529.84500", "2010-12-31": "", "2010-09-30": "1595.52700", "2010-06-30": "1562.77700", "2010-03-31": "1587.27500", "2009-12-31": "", "2009-09-30": "1693.54100", "2009-06-30": "1905.59900", "2009-03-31": "1880.19100", "2008-12-31": "", "2008-09-30": "1708.09800", "2008-06-30": "1747.19900", "2008-03-31": "1750.53200", "2007-12-31": "", "2007-09-30": "1779.31600", "2007-06-30": "1167.84200", "2007-03-31": "1176.07500", "2006-12-31": "", "2006-09-30": "1307.55000", "2006-06-30": "1305.10800", "2006-03-31": "1283.19400", "2005-12-31": "", "2005-09-30": "1132.31600", "2005-06-30": "1149.38600", "2005-03-31": "1131.37600"}, "Total Liabilities": {"2020-12-31": "10606.17000", "2020-09-30": "9996.02800", "2020-06-30": "9566.44700", "2020-03-31": "7775.91700", "2019-12-31": "6246.67200", "2019-09-30": "6622.73600", "2019-06-30": "6250.35000", "2019-03-31": "6058.26900", "2018-12-31": "5983.68600", "2018-09-30": "6950.86900", "2018-06-30": "6460.63800", "2018-03-31": "6623.21400", "2017-12-31": "", "2017-09-30": "6937.50100", "2017-06-30": "5529.38900", "2017-03-31": "4873.22100", "2016-12-31": "", "2016-09-30": "5570.33200", "2016-06-30": "5025.67100", "2016-03-31": "4938.31700", "2015-12-31": "", "2015-09-30": "5151.91500", "2015-06-30": "4813.12000", "2015-03-31": "4694.44000", "2014-12-31": "", "2014-09-30": "4953.51600", "2014-06-30": "4561.95900", "2014-03-31": "4230.32300", "2013-12-31": "", "2013-09-30": "4823.18400", "2013-06-30": "4365.51000", "2013-03-31": "4402.28000", "2012-12-31": "", "2012-09-30": "5204.94800", "2012-06-30": "4902.01700", "2012-03-31": "5051.64900", "2011-12-31": "", "2011-09-30": "5659.14900", "2011-06-30": "2529.90800", "2011-03-31": "2566.69100", "2010-12-31": "", "2010-09-30": "2752.80700", "2010-06-30": "2676.72200", "2010-03-31": "2647.34200", "2009-12-31": "", "2009-09-30": "3048.59800", "2009-06-30": "3075.41700", "2009-03-31": "2978.39500", "2008-12-31": "", "2008-09-30": "3121.42200", "2008-06-30": "3082.58500", "2008-03-31": "2989.06500", "2007-12-31": "", "2007-09-30": "3328.19100", "2007-06-30": "2236.24200", "2007-03-31": "2422.75800", "2006-12-31": "", "2006-09-30": "2553.33100", "2006-06-30": "2485.16200", "2006-03-31": "2368.25100", "2005-12-31": "", "2005-09-30": "2581.18600", "2005-06-30": "2591.33100", "2005-03-31": "2376.55600"}, "Common Stock Net": {"2020-12-31": "97.74600", "2020-09-30": "97.49100", "2020-06-30": "97.41000", "2020-03-31": "97.20300", "2019-12-31": "98.63200", "2019-09-30": "99.71600", "2019-06-30": "99.48100", "2019-03-31": "99.20600", "2018-12-31": "98.86800", "2018-09-30": "99.29000", "2018-06-30": "98.87700", "2018-03-31": "98.57800", "2017-12-31": "", "2017-09-30": "98.62600", "2017-06-30": "98.32700", "2017-03-31": "101.74100", "2016-12-31": "", "2016-09-30": "103.42100", "2016-06-30": "103.83800", "2016-03-31": "104.25100", "2015-12-31": "", "2015-09-30": "106.56300", "2015-06-30": "106.31000", "2015-03-31": "106.24100", "2014-12-31": "", "2014-09-30": "107.91200", "2014-06-30": "107.72300", "2014-03-31": "108.29200", "2013-12-31": "", "2013-09-30": "109.80500", "2013-06-30": "109.71000", "2013-03-31": "109.25700", "2012-12-31": "", "2012-09-30": "109.93700", "2012-06-30": "109.43800", "2012-03-31": "109.29600", "2011-12-31": "", "2011-09-30": "110.08100", "2011-06-30": "109.59800", "2011-03-31": "109.01400", "2010-12-31": "", "2010-09-30": "108.14400", "2010-06-30": "107.89800", "2010-03-31": "109.98100", "2009-12-31": "", "2009-09-30": "110.81400", "2009-06-30": "110.35000", "2009-03-31": "110.27600", "2008-12-31": "", "2008-09-30": "109.82700", "2008-06-30": "108.79100", "2008-03-31": "108.92400", "2007-12-31": "", "2007-09-30": "109.73700", "2007-06-30": "109.71700", "2007-03-31": "111.08900", "2006-12-31": "", "2006-09-30": "111.20800", "2006-06-30": "110.64000", "2006-03-31": "109.27700", "2005-12-31": "", "2005-09-30": "110.88700", "2005-06-30": "111.09500", "2005-03-31": "111.83000"}, "Retained Earnings (Accumulated Deficit)": {"2020-12-31": "300.49500", "2020-09-30": "-44.95300", "2020-06-30": "-298.08800", "2020-03-31": "7.30900", "2019-12-31": "1182.22800", "2019-09-30": "1405.98800", "2019-06-30": "931.13400", "2019-03-31": "1179.60100", "2018-12-31": "1258.32700", "2018-09-30": "1147.78700", "2018-06-30": "825.78800", "2018-03-31": "846.12400", "2017-12-31": "", "2017-09-30": "1297.02900", "2017-06-30": "1077.70800", "2017-03-31": "1892.33000", "2016-12-31": "", "2016-09-30": "2454.29900", "2016-06-30": "2276.39800", "2016-03-31": "2500.18800", "2015-12-31": "", "2015-09-30": "2976.60300", "2015-06-30": "2657.06600", "2015-03-31": "2623.76900", "2014-12-31": "", "2014-09-30": "3249.65900", "2014-06-30": "2902.61700", "2014-03-31": "3029.59700", "2013-12-31": "", "2013-09-30": "3182.93200", "2013-06-30": "2849.10100", "2013-03-31": "2807.44200", "2012-12-31": "", "2012-09-30": "2705.90500", "2012-06-30": "2409.43600", "2012-03-31": "2335.52000", "2011-12-31": "", "2011-09-30": "2348.15200", "2011-06-30": "2118.34300", "2011-03-31": "2059.49200", "2010-12-31": "", "2010-09-30": "2057.96500", "2010-06-30": "1879.30500", "2010-03-31": "2024.85600", "2009-12-31": "", "2009-09-30": "2105.75800", "2009-06-30": "2006.72900", "2009-03-31": "1996.97200", "2008-12-31": "", "2008-09-30": "1925.13200", "2008-06-30": "1754.43300", "2008-03-31": "1739.21400", "2007-12-31": "", "2007-09-30": "1685.98200", "2007-06-30": "1540.69400", "2007-03-31": "1707.30500", "2006-12-31": "", "2006-09-30": "1759.88800", "2006-06-30": "1623.46700", "2006-03-31": "1626.45900", "2005-12-31": "", "2005-09-30": "1543.61900", "2005-06-30": "1451.62500", "2005-03-31": "1441.36900"}, "Comprehensive Income": {"2020-12-31": "-995.96300", "2020-09-30": "-959.65800", "2020-06-30": "-897.54100", "2020-03-31": "-930.95800", "2019-12-31": "-895.37200", "2019-09-30": "-930.72500", "2019-06-30": "-867.38600", "2019-03-31": "-902.07500", "2018-12-31": "-886.56500", "2018-09-30": "-862.91600", "2018-06-30": "-882.07800", "2018-03-31": "-864.03000", "2017-12-31": "", "2017-09-30": "-914.89600", "2017-06-30": "-930.59700", "2017-03-31": "-988.04000", "2016-12-31": "", "2016-09-30": "-998.02000", "2016-06-30": "-1001.45500", "2016-03-31": "-950.28500", "2015-12-31": "", "2015-09-30": "-898.77500", "2015-06-30": "-913.62600", "2015-03-31": "-902.39200", "2014-12-31": "", "2014-09-30": "-418.23500", "2014-06-30": "-232.21200", "2014-03-31": "-209.48900", "2013-12-31": "", "2013-09-30": "-365.97000", "2013-06-30": "-440.87100", "2013-03-31": "-423.13500", "2012-12-31": "", "2012-09-30": "-386.85300", "2012-06-30": "-416.38600", "2012-03-31": "-376.97900", "2011-12-31": "", "2011-09-30": "-279.96600", "2011-06-30": "-179.78300", "2011-03-31": "-202.20300", "2010-12-31": "", "2010-09-30": "-229.19900", "2010-06-30": "-314.79300", "2010-03-31": "-246.24100", "2009-12-31": "", "2009-09-30": "-201.70800", "2009-06-30": "-249.67100", "2009-03-31": "-297.76000", "2008-12-31": "", "2008-09-30": "78.26800", "2008-06-30": "146.45300", "2008-03-31": "138.97400", "2007-12-31": "", "2007-09-30": "-29.63400", "2007-06-30": "-58.33600", "2007-03-31": "-97.27700", "2006-12-31": "", "2006-09-30": "-155.95600", "2006-06-30": "-180.78200", "2006-03-31": "-186.97500", "2005-12-31": "", "2005-09-30": "-140.60700", "2005-06-30": "-133.02800", "2005-03-31": "-110.06200"}, "Other Share Holders Equity": {"2020-12-31": "", "2020-09-30": "", "2020-06-30": "", "2020-03-31": "", "2019-12-31": "", "2019-09-30": "", "2019-06-30": "", "2019-03-31": "", "2018-12-31": "", "2018-09-30": "", "2018-06-30": "", "2018-03-31": "", "2017-12-31": "", "2017-09-30": "", "2017-06-30": "", "2017-03-31": "", "2016-12-31": "", "2016-09-30": "", "2016-06-30": "", "2016-03-31": "", "2015-12-31": "", "2015-09-30": "", "2015-06-30": "", "2015-03-31": "", "2014-12-31": "", "2014-09-30": "", "2014-06-30": "", "2014-03-31": "", "2013-12-31": "", "2013-09-30": "", "2013-06-30": "", "2013-03-31": "", "2012-12-31": "", "2012-09-30": "", "2012-06-30": "", "2012-03-31": "", "2011-12-31": "", "2011-09-30": "", "2011-06-30": "", "2011-03-31": "", "2010-12-31": "", "2010-09-30": "", "2010-06-30": "", "2010-03-31": "", "2009-12-31": "", "2009-09-30": "", "2009-06-30": "", "2009-03-31": "", "2008-12-31": "", "2008-09-30": "", "2008-06-30": "", "2008-03-31": "", "2007-12-31": "", "2007-09-30": "", "2007-06-30": "", "2007-03-31": "", "2006-12-31": "", "2006-09-30": "", "2006-06-30": "", "2006-03-31": "", "2005-12-31": "", "2005-09-30": "", "2005-06-30": "", "2005-03-31": ""}, "Share Holder Equity": {"2020-12-31": "3138.17400", "2020-09-30": "2945.23800", "2020-06-30": "2912.59800", "2020-03-31": "3357.33400", "2019-12-31": "4567.59000", "2019-09-30": "4647.61900", "2019-06-30": "4151.61400", "2019-03-31": "4298.51600", "2018-12-31": "4300.62400", "2018-09-30": "4179.55600", "2018-06-30": "3731.11600", "2018-03-31": "3688.09600", "2017-12-31": "", "2017-09-30": "3937.42000", "2017-06-30": "3644.33900", "2017-03-31": "4373.05700", "2016-12-31": "", "2016-09-30": "4872.77700", "2016-06-30": "4648.43700", "2016-03-31": "4893.94600", "2015-12-31": "", "2015-09-30": "5361.19700", "2015-06-30": "4963.79500", "2015-03-31": "4904.26500", "2014-12-31": "", "2014-09-30": "5862.36000", "2014-06-30": "5653.36800", "2014-03-31": "5754.82900", "2013-12-31": "", "2013-09-30": "5628.87700", "2013-06-30": "5184.05700", "2013-03-31": "5088.99400", "2012-12-31": "", "2012-09-30": "4926.78400", "2012-06-30": "4524.05200", "2012-03-31": "4451.66800", "2011-12-31": "", "2011-09-30": "4459.89900", "2011-06-30": "4270.53800", "2011-03-31": "4126.44700", "2010-12-31": "", "2010-09-30": "3938.30900", "2010-06-30": "3647.83400", "2010-03-31": "3824.86600", "2009-12-31": "", "2009-09-30": "3857.56800", "2009-06-30": "3643.83000", "2009-03-31": "3574.16900", "2008-12-31": "", "2008-09-30": "3862.84300", "2008-06-30": "3697.85600", "2008-03-31": "3653.07800", "2007-12-31": "", "2007-09-30": "3367.79300", "2007-06-30": "3177.18000", "2007-03-31": "3248.03000", "2006-12-31": "", "2006-09-30": "3123.12600", "2006-06-30": "2921.40700", "2006-03-31": "2850.84600", "2005-12-31": "", "2005-09-30": "2775.40500", "2005-06-30": "2648.68700", "2005-03-31": "2643.11300"}, "Total Liabilities And Share Holders Equity": {"2020-12-31": "13744.34000", "2020-09-30": "12941.27000", "2020-06-30": "12479.04000", "2020-03-31": "11133.25000", "2019-12-31": "10814.26000", "2019-09-30": "11270.36000", "2019-06-30": "10401.96000", "2019-03-31": "10356.79000", "2018-12-31": "10284.31000", "2018-09-30": "11130.42000", "2018-06-30": "10191.75000", "2018-03-31": "10311.31000", "2017-12-31": "", "2017-09-30": "10874.92000", "2017-06-30": "9173.72800", "2017-03-31": "9246.27800", "2016-12-31": "", "2016-09-30": "10443.11000", "2016-06-30": "9674.10800", "2016-03-31": "9832.26300", "2015-12-31": "", "2015-09-30": "10513.11000", "2015-06-30": "9776.91500", "2015-03-31": "9598.70500", "2014-12-31": "", "2014-09-30": "10815.88000", "2014-06-30": "10215.33000", "2014-03-31": "9985.15200", "2013-12-31": "", "2013-09-30": "10452.06000", "2013-06-30": "9549.56700", "2013-03-31": "9491.27400", "2012-12-31": "", "2012-09-30": "10131.73000", "2012-06-30": "9426.06900", "2012-03-31": "9503.31700", "2011-12-31": "", "2011-09-30": "10119.05000", "2011-06-30": "6800.44600", "2011-03-31": "6693.13800", "2010-12-31": "", "2010-09-30": "6691.11600", "2010-06-30": "6324.55600", "2010-03-31": "6472.20800", "2009-12-31": "", "2009-09-30": "6906.16600", "2009-06-30": "6719.24700", "2009-03-31": "6552.56400", "2008-12-31": "", "2008-09-30": "6984.26500", "2008-06-30": "6780.44100", "2008-03-31": "6642.14300", "2007-12-31": "", "2007-09-30": "6695.98400", "2007-06-30": "5413.42200", "2007-03-31": "5670.78800", "2006-12-31": "", "2006-09-30": "5676.45700", "2006-06-30": "5406.56900", "2006-03-31": "5219.09700", "2005-12-31": "", "2005-09-30": "5356.59100", "2005-06-30": "5240.01800", "2005-03-31": "5019.66900"}}, "cash flow statement": {"Net Income/Loss": {"2020-03-31": "679.44900", "2019-03-31": "1259.79200", "2018-03-31": "0.00000", "2017-12-31": "614.92300", "2016-12-31": "1074.10600", "2015-12-31": "1231.59300", "2014-12-31": "1047.50500", "2013-12-31": "1210.11900", "2012-12-31": "1086.13800", "2011-12-31": "890.39300", "2010-12-31": "573.51200", "2009-12-31": "458.45800", "2008-12-31": "602.84700", "2007-12-31": "592.24600", "2006-12-31": "533.51600", "2005-12-31": "506.70200"}, "Total Depreciation And Amortization - Cash Flow": {"2020-03-31": "660.32600", "2019-03-31": "255.72900", "2018-03-31": "", "2017-12-31": "238.32000", "2016-12-31": "361.22100", "2015-12-31": "415.63700", "2014-12-31": "671.24500", "2013-12-31": "253.27300", "2012-12-31": "237.95600", "2011-12-31": "198.73500", "2010-12-31": "375.13400", "2009-12-31": "292.40500", "2008-12-31": "166.17100", "2007-12-31": "141.22700", "2006-12-31": "128.84600", "2005-12-31": "121.43400"}, "Other Non-Cash Items": {"2020-03-31": "430.61900", "2019-03-31": "119.19200", "2018-03-31": "", "2017-12-31": "134.99900", "2016-12-31": "206.78200", "2015-12-31": "-116.19500", "2014-12-31": "14.18700", "2013-12-31": "62.40200", "2012-12-31": "26.59800", "2011-12-31": "124.70800", "2010-12-31": "-66.93900", "2009-12-31": "1.39900", "2008-12-31": "72.52100", "2007-12-31": "88.19000", "2006-12-31": "35.54000", "2005-12-31": "24.97200"}, "Total Non-Cash Items": {"2020-03-31": "1090.94500", "2019-03-31": "374.92100", "2018-03-31": "", "2017-12-31": "373.31900", "2016-12-31": "568.00300", "2015-12-31": "299.44200", "2014-12-31": "685.43190", "2013-12-31": "315.67500", "2012-12-31": "264.55400", "2011-12-31": "323.44300", "2010-12-31": "308.19500", "2009-12-31": "293.80400", "2008-12-31": "238.69200", "2007-12-31": "229.41700", "2006-12-31": "164.38600", "2005-12-31": "146.40600"}, "Change In Accounts Receivable": {"2020-03-31": "-5.94700", "2019-03-31": "-310.89800", "2018-03-31": "", "2017-12-31": "-39.24200", "2016-12-31": "47.10200", "2015-12-31": "-124.24800", "2014-12-31": "0.85400", "2013-12-31": "-155.05300", "2012-12-31": "-111.57100", "2011-12-31": "-154.48700", "2010-12-31": "-12.95400", "2009-12-31": "75.44900", "2008-12-31": "52.67900", "2007-12-31": "-49.67300", "2006-12-31": "-113.36300", "2005-12-31": "-11.10600"}, "Change In Inventories": {"2020-03-31": "-140.74400", "2019-03-31": "-58.70000", "2018-03-31": "", "2017-12-31": "38.63300", "2016-12-31": "-37.21000", "2015-12-31": "-175.09800", "2014-12-31": "-130.54000", "2013-12-31": "-47.24000", "2012-12-31": "87.62000", "2011-12-31": "-7.50900", "2010-12-31": "-114.33400", "2009-12-31": "209.43900", "2008-12-31": "-38.27500", "2007-12-31": "-24.11300", "2006-12-31": "-33.19300", "2005-12-31": "-80.42800"}, "Change In Accounts Payable": {"2020-03-31": "-73.67400", "2019-03-31": "68.08200", "2018-03-31": "", "2017-12-31": "41.87600", "2016-12-31": "-9.55300", "2015-12-31": "14.22500", "2014-12-31": "69.80700", "2013-12-31": "75.07300", "2012-12-31": "-74.29400", "2011-12-31": "-32.89800", "2010-12-31": "140.47000", "2009-12-31": "-69.56000", "2008-12-31": "-67.21400", "2007-12-31": "77.21200", "2006-12-31": "-19.04300", "2005-12-31": "80.16600"}, "Change In Assets/Liabilities": {"2020-03-31": "-375.85600", "2019-03-31": "-7.88000", "2018-03-31": "", "2017-12-31": "-20.01000", "2016-12-31": "-45.97800", "2015-12-31": "2.78500", "2014-12-31": "22.61400", "2013-12-31": "-7.93900", "2012-12-31": "73.18300", "2011-12-31": "22.14100", "2010-12-31": "13.15700", "2009-12-31": "34.95100", "2008-12-31": "-101.00200", "2007-12-31": "-13.47800", "2006-12-31": "17.17700", "2005-12-31": "-59.71000"}, "Total Change In Assets/Liabilities": {"2020-03-31": "-985.47000", "2019-03-31": "68.83200", "2018-03-31": "", "2017-12-31": "497.87200", "2016-12-31": "-146.30900", "2015-12-31": "-292.63500", "2014-12-31": "25.01700", "2013-12-31": "-34.05900", "2012-12-31": "-34.76100", "2011-12-31": "-165.13000", "2010-12-31": "90.39600", "2009-12-31": "228.14600", "2008-12-31": "-151.66100", "2007-12-31": "12.46100", "2006-12-31": "-200.64000", "2005-12-31": "-109.70000"}, "Cash Flow From Operating Activities": {"2020-03-31": "874.52700", "2019-03-31": "1664.22300", "2018-03-31": "", "2017-12-31": "1474.66000", "2016-12-31": "1480.56800", "2015-12-31": "1203.61600", "2014-12-31": "1762.06600", "2013-12-31": "1506.04100", "2012-12-31": "1275.00000", "2011-12-31": "1081.37100", "2010-12-31": "1001.28200", "2009-12-31": "973.48500", "2008-12-31": "678.40100", "2007-12-31": "820.57600", "2006-12-31": "490.75300", "2005-12-31": "561.34600"}, "Net Change In Property, Plant, And Equipment": {"2020-03-31": "-288.18900", "2019-03-31": "-215.77600", "2018-03-31": "", "2017-12-31": "-140.18500", "2016-12-31": "-175.84000", "2015-12-31": "-254.50100", "2014-12-31": "-234.07700", "2013-12-31": "-271.15300", "2012-12-31": "-251.94000", "2011-12-31": "-170.89400", "2010-12-31": "-111.64000", "2009-12-31": "-85.85900", "2008-12-31": "-124.20700", "2007-12-31": "-113.86300", "2006-12-31": "-123.86800", "2005-12-31": "-91.00200"}, "Net Change In Intangible Assets": {"2020-03-31": "-45.64700", "2019-03-31": "-53.22600", "2018-03-31": "", "2017-12-31": "-63.63300", "2016-12-31": "-44.22600", "2015-12-31": "-63.28300", "2014-12-31": "-67.94300", "2013-12-31": "-53.98900", "2012-12-31": "-30.89000", "2011-12-31": "-78.23400", "2010-12-31": "-13.61000", "2009-12-31": "-9.73500", "2008-12-31": "-10.60100", "2007-12-31": "-6.36700", "2006-12-31": "-8.93900", "2005-12-31": "-17.49400"}, "Net Acquisitions/Divestitures": {"2020-03-31": "", "2019-03-31": "109.88100", "2018-03-31": "", "2017-12-31": "-525.57300", "2016-12-31": "115.98300", "2015-12-31": "", "2014-12-31": "", "2013-12-31": "", "2012-12-31": "70.76900", "2011-12-31": "-2207.06500", "2010-12-31": "-38.29000", "2009-12-31": "-212.33900", "2008-12-31": "-93.37700", "2007-12-31": "-699.55400", "2006-12-31": "-34.63400", "2005-12-31": "-205.17100"}, "Net Change In Short-term Investments": {"2020-03-31": "", "2019-03-31": "", "2018-03-31": "", "2017-12-31": "", "2016-12-31": "", "2015-12-31": "", "2014-12-31": "", "2013-12-31": "", "2012-12-31": "", "2011-12-31": "", "2010-12-31": "", "2009-12-31": "", "2008-12-31": "", "2007-12-31": "", "2006-12-31": "", "2005-12-31": ""}, "Net Change In Long-Term Investments": {"2020-03-31": "", "2019-03-31": "", "2018-03-31": "", "2017-12-31": "", "2016-12-31": "", "2015-12-31": "", "2014-12-31": "", "2013-12-31": "", "2012-12-31": "", "2011-12-31": "", "2010-12-31": "", "2009-12-31": "", "2008-12-31": "", "2007-12-31": "", "2006-12-31": "", "2005-12-31": ""}, "Net Change In Investments - Total": {"2020-03-31": "", "2019-03-31": "", "2018-03-31": "", "2017-12-31": "", "2016-12-31": "", "2015-12-31": "", "2014-12-31": "", "2013-12-31": "", "2012-12-31": "", "2011-12-31": "", "2010-12-31": "", "2009-12-31": "", "2008-12-31": "", "2007-12-31": "", "2006-12-31": "", "2005-12-31": ""}, "Investing Activities - Other": {"2020-03-31": "31.78900", "2019-03-31": "-61.51100", "2018-03-31": "", "2017-12-31": "-46.86000", "2016-12-31": "-8.33100", "2015-12-31": "-5.03800", "2014-12-31": "-27.23500", "2013-12-31": "-25.13100", "2012-12-31": "-8.23000", "2011-12-31": "-3.84000", "2010-12-31": "-16.94000", "2009-12-31": "-8.94300", "2008-12-31": "12.39900", "2007-12-31": "13.72200", "2006-12-31": "0.69400", "2005-12-31": "-0.87600"}, "Cash Flow From Investing Activities": {"2020-03-31": "-302.04700", "2019-03-31": "-220.63200", "2018-03-31": "", "2017-12-31": "-776.25100", "2016-12-31": "-112.41400", "2015-12-31": "-322.82200", "2014-12-31": "-329.25500", "2013-12-31": "-350.27300", "2012-12-31": "-220.29100", "2011-12-31": "-2460.03300", "2010-12-31": "-180.48000", "2009-12-31": "-316.87600", "2008-12-31": "-215.78600", "2007-12-31": "-806.06200", "2006-12-31": "-166.74700", "2005-12-31": "-314.54300"}, "Net Long-Term Debt": {"2020-03-31": "427.57790", "2019-03-31": "-6.26400", "2018-03-31": "", "2017-12-31": "-254.31400", "2016-12-31": "938.54100", "2015-12-31": "-3.97500", "2014-12-31": "-4.76000", "2013-12-31": "-404.87200", "2012-12-31": "-2.77600", "2011-12-31": "895.71200", "2010-12-31": "-203.06300", "2009-12-31": "-3.24200", "2008-12-31": "-3.63200", "2007-12-31": "424.08700", "2006-12-31": "-33.52000", "2005-12-31": "-283.46100"}, "Net Current Debt": {"2020-03-31": "576.56000", "2019-03-31": "-864.17700", "2018-03-31": "", "2017-12-31": "686.45300", "2016-12-31": "-421.06900", "2015-12-31": "432.26200", "2014-12-31": "4.76100", "2013-12-31": "9.03200", "2012-12-31": "-269.01000", "2011-12-31": "250.82400", "2010-12-31": "-9.74100", "2009-12-31": "-11.01900", "2008-12-31": "-67.73600", "2007-12-31": "36.78500", "2006-12-31": "-60.53300", "2005-12-31": "95.67300"}, "Debt Issuance/Retirement Net - Total": {"2020-03-31": "1004.13800", "2019-03-31": "-870.44100", "2018-03-31": "", "2017-12-31": "432.13900", "2016-12-31": "517.47200", "2015-12-31": "428.28700", "2014-12-31": "0.00100", "2013-12-31": "-395.84000", "2012-12-31": "-271.78600", "2011-12-31": "1146.53600", "2010-12-31": "-212.80400", "2009-12-31": "-14.26100", "2008-12-31": "-71.36800", "2007-12-31": "460.87200", "2006-12-31": "-94.05300", "2005-12-31": "-187.78800"}, "Net Common Equity Issued/Repurchased": {"2020-03-31": "-844.61700", "2019-03-31": "48.62000", "2018-03-31": "", "2017-12-31": "-1110.46300", "2016-12-31": "-951.55000", "2015-12-31": "-701.75200", "2014-12-31": "-692.92600", "2013-12-31": "-233.99500", "2012-12-31": "-244.51200", "2011-12-31": "126.59200", "2010-12-31": "-274.10600", "2009-12-31": "-49.38400", "2008-12-31": "-84.75700", "2007-12-31": "-280.46100", "2006-12-31": "1.09300", "2005-12-31": "-129.02900"}, "Net Total Equity Issued/Repurchased": {"2020-03-31": "-844.61700", "2019-03-31": "48.62000", "2018-03-31": "", "2017-12-31": "-1110.46300", "2016-12-31": "-951.55000", "2015-12-31": "-701.75200", "2014-12-31": "-692.92600", "2013-12-31": "-233.99500", "2012-12-31": "-244.51200", "2011-12-31": "126.59200", "2010-12-31": "-274.10600", "2009-12-31": "-49.38400", "2008-12-31": "-84.75700", "2007-12-31": "-280.46100", "2006-12-31": "1.09300", "2005-12-31": "-129.02900"}, "Total Common And Preferred Stock Dividends Paid": {"2020-03-31": "-748.66300", "2019-03-31": "-767.06100", "2018-03-31": "", "2017-12-31": "-684.67900", "2016-12-31": "-635.99400", "2015-12-31": "-565.27500", "2014-12-31": "-478.93300", "2013-12-31": "-402.13600", "2012-12-31": "-333.22900", "2011-12-31": "-285.72200", "2010-12-31": "-264.28100", "2009-12-31": "-261.68200", "2008-12-31": "-255.23500", "2007-12-31": "-246.63400", "2006-12-31": "-216.52900", "2005-12-31": "-124.11600"}, "Financial Activities - Other": {"2020-03-31": "898.87400", "2019-03-31": "-2.12300", "2018-03-31": "", "2017-12-31": "", "2016-12-31": "-6.80700", "2015-12-31": "-1.47500", "2014-12-31": "", "2013-12-31": "48.14000", "2012-12-31": "47.01200", "2011-12-31": "-75.16100", "2010-12-31": "8.35900", "2009-12-31": "5.98400", "2008-12-31": "21.59900", "2007-12-31": "15.57100", "2006-12-31": "24.06400", "2005-12-31": "17.44000"}, "Cash Flow From Financial Activities": {"2020-03-31": "309.73200", "2019-03-31": "-1591.00500", "2018-03-31": "", "2017-12-31": "-1363.00300", "2016-12-31": "-1076.87900", "2015-12-31": "-840.21500", "2014-12-31": "-1171.85800", "2013-12-31": "-983.83100", "2012-12-31": "-802.51500", "2011-12-31": "912.24500", "2010-12-31": "-742.83200", "2009-12-31": "-319.34300", "2008-12-31": "-389.76100", "2007-12-31": "-50.65200", "2006-12-31": "-285.42500", "2005-12-31": "-423.49300"}, "Net Cash Flow": {"2020-03-31": "854.73600", "2019-03-31": "-132.60300", "2018-03-31": "", "2017-12-31": "-661.62900", "2016-12-31": "284.63000", "2015-12-31": "-26.10100", "2014-12-31": "195.49200", "2013-12-31": "178.94200", "2012-12-31": "256.23300", "2011-12-31": "-451.01100", "2010-12-31": "60.69000", "2009-12-31": "349.70500", "2008-12-31": "59.98100", "2007-12-31": "-21.36100", "2006-12-31": "46.66700", "2005-12-31": "-188.95000"}, "Stock-Based Compensation": {"2020-03-31": "68.20500", "2019-03-31": "84.28500", "2018-03-31": "", "2017-12-31": "63.88800", "2016-12-31": "67.76200", "2015-12-31": "73.42000", "2014-12-31": "104.31300", "2013-12-31": "87.11800", "2012-12-31": "92.81400", "2011-12-31": "76.73900", "2010-12-31": "63.53800", "2009-12-31": "36.03800", "2008-12-31": "31.59200", "2007-12-31": "62.41300", "2006-12-31": "46.42700", "2005-12-31": "40.51200"}, "Common Stock Dividends Paid": {"2020-03-31": "-748.66300", "2019-03-31": "-767.06100", "2018-03-31": "", "2017-12-31": "-684.67900", "2016-12-31": "-635.99400", "2015-12-31": "-565.27500", "2014-12-31": "-478.93300", "2013-12-31": "-402.13600", "2012-12-31": "-333.22900", "2011-12-31": "-285.72200", "2010-12-31": "-264.28100", "2009-12-31": "-261.68200", "2008-12-31": "-255.23500", "2007-12-31": "-246.63400", "2006-12-31": "-216.52900", "2005-12-31": "-124.11600"}}, "cash flow statement, quarterly": {"Net Income/Loss": {"2020-12-31": 347.24, "2020-09-30": 256.722, "2020-06-30": "-285.61300", "2020-03-31": -483.776, "2019-12-31": 465.003, "2019-09-30": 649.001, "2019-06-30": "49.22100", "2019-03-31": 128.804, "2018-12-31": 463.509, "2018-09-30": 507.121, "2018-06-30": "160.35800", "2018-03-31": 0, "2017-12-31": -496.029, "2017-09-30": 386.14, "2017-06-30": "109.88900", "2017-03-31": 209.163, "2016-12-31": -809.773, "2016-09-30": 498.489, "2016-06-30": "311.28400", "2016-03-31": 260.269, "2015-12-31": -919.384, "2015-09-30": 459.864, "2015-06-30": "459.52000", "2015-03-31": 288.709, "2014-12-31": -925.404, "2014-09-30": 470.529, "2014-06-30": "454.87500", "2014-03-31": 297.193, "2013-12-31": -842.452, "2013-09-30": 433.761, "2013-06-30": "408.69100", "2013-03-31": 270.417, "2012-12-31": -751.97, "2012-09-30": 381.318, "2012-06-30": "370.65200", "2012-03-31": 215.227, "2011-12-31": -632.399, "2011-09-30": 301.412, "2011-06-30": "330.98700", "2011-03-31": 201.42, "2010-12-31": -518.203, "2010-09-30": 243.254, "2010-06-30": "274.94900", "2010-03-31": 163.459, "2009-12-31": -393.473, "2009-09-30": 218.061, "2009-06-30": "175.41200", "2009-03-31": 100.434, "2008-12-31": -487.015, "2008-09-30": 234.051, "2008-06-30": "252.96400", "2008-03-31": 148.946, "2007-12-31": -427.213, "2007-09-30": 207.207, "2007-06-30": "220.00600", "2007-03-31": 138.344, "2006-12-31": -424.924, "2006-09-30": 197.707, "2006-06-30": "227.21700", "2006-03-31": 128.185, "2005-12-31": -379.232, "2005-09-30": 179.63, "2005-06-30": "199.60200", "2005-03-31": 102.853}, "Total Depreciation And Amortization - Cash Flow": {"2020-12-31": 169.671, "2020-09-30": 179.69, "2020-06-30": "164.79800", "2020-03-31": 183.148, "2019-12-31": 165.692, "2019-09-30": 157.125, "2019-06-30": "154.36100", "2019-03-31": 63.68, "2018-12-31": 62.79, "2018-09-30": 76.363, "2018-06-30": "52.89600", "2018-03-31": 0, "2017-12-31": -245.803, "2017-09-30": 180.333, "2017-06-30": "65.47000", "2017-03-31": 66.438, "2016-12-31": -205.491, "2016-09-30": 68.019, "2016-06-30": "137.47200", "2016-03-31": 68.03, "2015-12-31": -198.304, "2015-09-30": 69.039, "2015-06-30": "129.26500", "2015-03-31": 65.88, "2014-12-31": -200.519, "2014-09-30": 69.318, "2014-06-30": "131.20100", "2014-03-31": 64.017, "2013-12-31": -181.109, "2013-09-30": 64.394, "2013-06-30": "116.71500", "2013-03-31": 57.948, "2012-12-31": -166.783, "2012-09-30": 56.012, "2012-06-30": "110.77100", "2012-03-31": 52.903, "2011-12-31": -132.044, "2011-09-30": 44.289, "2011-06-30": "87.75500", "2011-03-31": 44.941, "2010-12-31": -123.38, "2010-09-30": 43.448, "2010-06-30": "79.93200", "2010-03-31": 41.069, "2009-12-31": -120.915, "2009-09-30": 42.032, "2009-06-30": "78.88300", "2009-03-31": 34.448, "2008-12-31": -117.125, "2008-09-30": 39.223, "2008-06-30": "77.90200", "2008-03-31": 37.223, "2007-12-31": -98.088, "2007-09-30": 33.567, "2007-06-30": "64.52100", "2007-03-31": 32.32, "2006-12-31": -94.28, "2006-09-30": 31.518, "2006-06-30": "62.76200", "2006-03-31": 29.3, "2005-12-31": -96.297, "2005-09-30": 32.697, "2005-06-30": "63.60000", "2005-03-31": 29.995}, "Other Non-Cash Items": {"2020-12-31": 17.505, "2020-09-30": 42.414, "2020-06-30": "29.16600", "2020-03-31": 342.076, "2019-12-31": 19.059, "2019-09-30": 11.085, "2019-06-30": "58.39900", "2019-03-31": -76.788, "2018-12-31": 102.566, "2018-09-30": -15.344, "2018-06-30": "108.75800", "2018-03-31": 0, "2017-12-31": -63.715, "2017-09-30": 32.525, "2017-06-30": "31.19000", "2017-03-31": 27.927, "2016-12-31": -209.349, "2016-09-30": 36.699, "2016-06-30": "172.65000", "2016-03-31": 36.697, "2015-12-31": 139.327, "2015-09-30": 35.34, "2015-06-30": "-174.66700", "2015-03-31": -211.409, "2014-12-31": -112.426, "2014-09-30": 37.084, "2014-06-30": "75.34200", "2014-03-31": 36.291, "2013-12-31": -39.336, "2013-09-30": 48.243, "2013-06-30": "-8.90700", "2013-03-31": -58.129, "2012-12-31": -104.344, "2012-09-30": 53.973, "2012-06-30": "50.37100", "2012-03-31": 44.95, "2011-12-31": -86.4, "2011-09-30": 31.394, "2011-06-30": "55.00600", "2011-03-31": 24.519, "2010-12-31": -87.228, "2010-09-30": 31.685, "2010-06-30": "55.54300", "2010-03-31": 25.098, "2009-12-31": 8.422, "2009-09-30": -69.668, "2009-06-30": "61.24600", "2009-03-31": 30.006, "2008-12-31": -32.111, "2008-09-30": 4.374, "2008-06-30": "27.73700", "2008-03-31": -0.967, "2007-12-31": -40.06, "2007-09-30": 13.806, "2007-06-30": "43.45900", "2007-03-31": 30.385, "2006-12-31": -9.747, "2006-09-30": 58.369, "2006-06-30": "-73.08500", "2006-03-31": -71.829, "2005-12-31": 12.703, "2005-09-30": 10.102, "2005-06-30": "-22.80500", "2005-03-31": -32.906}, "Total Non-Cash Items": {"2020-12-31": 187.176, "2020-09-30": 222.104, "2020-06-30": "193.96400", "2020-03-31": 525.224, "2019-12-31": 184.751, "2019-09-30": 168.21, "2019-06-30": "212.76000", "2019-03-31": -13.108, "2018-12-31": 165.356, "2018-09-30": 61.019, "2018-06-30": "161.65400", "2018-03-31": 0, "2017-12-31": -309.518, "2017-09-30": 212.858, "2017-06-30": "96.66000", "2017-03-31": 94.365, "2016-12-31": -414.84, "2016-09-30": 104.718, "2016-06-30": "310.12200", "2016-03-31": 104.727, "2015-12-31": -58.977, "2015-09-30": 104.379, "2015-06-30": "-45.40200", "2015-03-31": -145.529, "2014-12-31": -312.945, "2014-09-30": 106.402, "2014-06-30": "206.54300", "2014-03-31": 100.308, "2013-12-31": -220.445, "2013-09-30": 112.637, "2013-06-30": "107.80800", "2013-03-31": -0.181, "2012-12-31": -271.127, "2012-09-30": 109.985, "2012-06-30": "161.14200", "2012-03-31": 97.853, "2011-12-31": -218.444, "2011-09-30": 75.683, "2011-06-30": "142.76100", "2011-03-31": 69.46, "2010-12-31": -210.608, "2010-09-30": 75.133, "2010-06-30": "135.47500", "2010-03-31": 66.167, "2009-12-31": -112.493, "2009-09-30": -27.636, "2009-06-30": "140.12900", "2009-03-31": 64.454, "2008-12-31": -149.236, "2008-09-30": 43.597, "2008-06-30": "105.63900", "2008-03-31": 53.461, "2007-12-31": -155.353, "2007-09-30": 47.373, "2007-06-30": "107.98000", "2007-03-31": 38.242, "2006-12-31": -79.564, "2006-09-30": 89.887, "2006-06-30": "-10.32300", "2006-03-31": -42.529, "2005-12-31": -83.594, "2005-09-30": 42.799, "2005-06-30": "40.79500", "2005-03-31": -2.911}, "Change In Accounts Receivable": {"2020-12-31": 228.601, "2020-09-30": -648.19, "2020-06-30": "372.75400", "2020-03-31": 170.577, "2019-12-31": 365.626, "2019-09-30": -708.059, "2019-06-30": "165.90900", "2019-03-31": 108.085, "2018-12-31": 387.097, "2018-09-30": -778.771, "2018-06-30": "-27.30900", "2018-03-31": 0, "2017-12-31": 541.345, "2017-09-30": -668.845, "2017-06-30": "127.50000", "2017-03-31": -84.229, "2016-12-31": 501.186, "2016-09-30": -626.12, "2016-06-30": "124.93400", "2016-03-31": 43.153, "2015-12-31": 653.545, "2015-09-30": -688.323, "2015-06-30": "34.77800", "2015-03-31": -48.886, "2014-12-31": 467.399, "2014-09-30": -641.847, "2014-06-30": "174.44800", "2014-03-31": 41.688, "2013-12-31": 455.712, "2013-09-30": -589.542, "2013-06-30": "133.83000", "2013-03-31": -8.938, "2012-12-31": 502.501, "2012-09-30": -573.573, "2012-06-30": "71.07200", "2012-03-31": -73.491, "2011-12-31": 573.511, "2011-09-30": -476.349, "2011-06-30": "-97.16200", "2011-03-31": -101.628, "2010-12-31": 332.006, "2010-09-30": -335.277, "2010-06-30": "3.27100", "2010-03-31": -25.23, "2009-12-31": 237.209, "2009-09-30": -213.13, "2009-06-30": "-24.07900", "2009-03-31": -152.542, "2008-12-31": 363.767, "2008-09-30": -352.801, "2008-06-30": "-10.96600", "2008-03-31": -122.798, "2007-12-31": 353.469, "2007-09-30": -284.764, "2007-06-30": "-68.70500", "2007-03-31": -162.891, "2006-12-31": 384.93, "2006-09-30": -295.792, "2006-06-30": "-89.13800", "2006-03-31": -145.342, "2005-12-31": 199.095, "2005-09-30": -162.807, "2005-06-30": "-36.28800", "2005-03-31": -100.07}, "Change In Inventories": {"2020-12-31": 382.228, "2020-09-30": -15.386, "2020-06-30": "-100.12900", "2020-03-31": -58.046, "2019-12-31": 350.662, "2019-09-30": -228.738, "2019-06-30": "-204.62200", "2019-03-31": 10.511, "2018-12-31": 314.882, "2018-09-30": -244.923, "2018-06-30": "-139.17000", "2018-03-31": 0, "2017-12-31": 230.707, "2017-09-30": -182.435, "2017-06-30": "-48.27200", "2017-03-31": -159.712, "2016-12-31": 443.115, "2016-09-30": -227.498, "2016-06-30": "-215.61700", "2016-03-31": -134.713, "2015-12-31": 587.669, "2015-09-30": -298.827, "2015-06-30": "-288.84200", "2015-03-31": -165.494, "2014-12-31": 454.849, "2014-09-30": -234.662, "2014-06-30": "-220.18700", "2014-03-31": -117.718, "2013-12-31": 399.396, "2013-09-30": -220.885, "2013-06-30": "-178.51100", "2013-03-31": -62.263, "2012-12-31": 317.761, "2012-09-30": -181.264, "2012-06-30": "-136.49700", "2012-03-31": -55.174, "2011-12-31": 328.33, "2011-09-30": -128.68, "2011-06-30": "-199.65000", "2011-03-31": -101.511, "2010-12-31": 249.593, "2010-09-30": -88.052, "2010-06-30": "-161.54100", "2010-03-31": 3.867, "2009-12-31": 1.945, "2009-09-30": 58.405, "2009-06-30": "-60.35000", "2009-03-31": 27.282, "2008-12-31": 193.485, "2008-09-30": -5.563, "2008-06-30": "-187.92200", "2008-03-31": -16.009, "2007-12-31": 196.29, "2007-09-30": 0.768, "2007-06-30": "-197.05800", "2007-03-31": -16.449, "2006-12-31": 121.011, "2006-09-30": 15.148, "2006-06-30": "-136.15900", "2006-03-31": 26.825, "2005-12-31": 179.913, "2005-09-30": 10.622, "2005-06-30": "-190.53500", "2005-03-31": -10.106}, "Change In Accounts Payable": {"2020-12-31": -42.715, "2020-09-30": 95.787, "2020-06-30": "-59.76800", "2020-03-31": 23.705, "2019-12-31": -97.21, "2019-09-30": -17.831, "2019-06-30": "17.66200", "2019-03-31": 13.776, "2018-12-31": -69.795, "2018-09-30": 44.583, "2018-06-30": "79.51800", "2018-03-31": 0, "2017-12-31": -95.957, "2017-09-30": 46.857, "2017-06-30": "49.10000", "2017-03-31": -207.233, "2016-12-31": 116.8, "2016-09-30": 63.657, "2016-06-30": "-180.45700", "2016-03-31": -263.167, "2015-12-31": 100.533, "2015-09-30": 78.982, "2015-06-30": "-179.51500", "2015-03-31": -225.966, "2014-12-31": -46.06, "2014-09-30": 146.901, "2014-06-30": "-100.84100", "2014-03-31": -170.171, "2013-12-31": -96.246, "2013-09-30": 99.35, "2013-06-30": "-3.10400", "2013-03-31": -127.139, "2012-12-31": 100.101, "2012-09-30": 26.774, "2012-06-30": "-126.87500", "2012-03-31": -188.949, "2011-12-31": 19.681, "2011-09-30": 54.042, "2011-06-30": "-73.72300", "2011-03-31": -94.167, "2010-12-31": -110.382, "2010-09-30": 46.375, "2010-06-30": "64.00700", "2010-03-31": -74.409, "2009-12-31": 79.225, "2009-09-30": -22.815, "2009-06-30": "-56.41000", "2009-03-31": -109.748, "2008-12-31": 93.99, "2008-09-30": -53.804, "2008-06-30": "-40.18600", "2008-03-31": -148.496, "2007-12-31": 9.694, "2007-09-30": -38.381, "2007-06-30": "28.68700", "2007-03-31": -91.039, "2006-12-31": 45.09, "2006-09-30": -61.58, "2006-06-30": "16.49000", "2006-03-31": -93.328, "2005-12-31": 16.094, "2005-09-30": -29.767, "2005-06-30": "13.67300", "2005-03-31": -52.157}, "Change In Assets/Liabilities": {"2020-12-31": -136.776, "2020-09-30": -21.095, "2020-06-30": "-65.20900", "2020-03-31": -95.145, "2019-12-31": -82.876, "2019-09-30": -100.254, "2019-06-30": "-97.58100", "2019-03-31": 4.682, "2018-12-31": -27.501, "2018-09-30": 12.756, "2018-06-30": "2.18300", "2018-03-31": 0, "2017-12-31": 14.383, "2017-09-30": -13.987, "2017-06-30": "-0.39600", "2017-03-31": -25.049, "2016-12-31": 53.574, "2016-09-30": 15.239, "2016-06-30": "-68.81300", "2016-03-31": -49.247, "2015-12-31": 13.725, "2015-09-30": 45.034, "2015-06-30": "-58.75900", "2015-03-31": -41.584, "2014-12-31": -19.044, "2014-09-30": 52.809, "2014-06-30": "-33.76500", "2014-03-31": -39.8, "2013-12-31": 34.158, "2013-09-30": -24.976, "2013-06-30": "-9.18200", "2013-03-31": -58.536, "2012-12-31": 5.147, "2012-09-30": 37.498, "2012-06-30": "-42.64500", "2012-03-31": -8.09, "2011-12-31": 25.225, "2011-09-30": -19.09, "2011-06-30": "-6.13500", "2011-03-31": 31.686, "2010-12-31": 3.056, "2010-09-30": 11.644, "2010-06-30": "-14.70000", "2010-03-31": -30.087, "2009-12-31": 28.634, "2009-09-30": -19.024, "2009-06-30": "-9.61000", "2009-03-31": 28.066, "2008-12-31": 2, "2008-09-30": 9.426, "2008-06-30": "-11.42600", "2008-03-31": -17.503, "2007-12-31": 28.225, "2007-09-30": 11.594, "2007-06-30": "-39.81900", "2007-03-31": -28.687, "2006-12-31": 11.44, "2006-09-30": 5.737, "2006-06-30": "", "2006-03-31": 0, "2005-12-31": 0, "2005-09-30": 8.225, "2005-06-30": "-8.22500", "2005-03-31": 0}, "Total Change In Assets/Liabilities": {"2020-12-31": 540.767, "2020-09-30": -375.824, "2020-06-30": "55.60300", "2020-03-31": -222.272, "2019-12-31": 581.649, "2019-09-30": -1004.14, "2019-06-30": "-340.70700", "2019-03-31": 114.793, "2018-12-31": 762.844, "2018-09-30": -757.731, "2018-06-30": "-51.07400", "2018-03-31": 0, "2017-12-31": 584.5789, "2017-09-30": -572.1199, "2017-06-30": "-12.45900", "2017-03-31": -533, "2016-12-31": 1199.882, "2016-09-30": -614.022, "2016-06-30": "-585.86000", "2016-03-31": -487.775, "2015-12-31": 1259.176, "2015-09-30": -614.627, "2015-06-30": "-644.54900", "2015-03-31": -537.721, "2014-12-31": 871.503, "2014-09-30": -424.862, "2014-06-30": "-446.64100", "2014-03-31": -410.352, "2013-12-31": 710.561, "2013-09-30": -485.475, "2013-06-30": "-225.08600", "2013-03-31": -311.775, "2012-12-31": 920.6799, "2012-09-30": -459.8719, "2012-06-30": "-460.80800", "2012-03-31": -442.374, "2011-12-31": 879.676, "2011-09-30": -357.084, "2011-06-30": "-522.59200", "2011-03-31": -306.36, "2010-12-31": 334.834, "2010-09-30": -214.216, "2010-06-30": "-120.61800", "2010-03-31": -72.882, "2009-12-31": 322.693, "2009-09-30": -95.206, "2009-06-30": "-227.48700", "2009-03-31": -222.376, "2008-12-31": 588.54, "2008-09-30": -284.069, "2008-06-30": "-304.47100", "2008-03-31": -260.771, "2007-12-31": 452.271, "2007-09-30": -181.406, "2007-06-30": "-270.86500", "2007-03-31": -201.896, "2006-12-31": 481.313, "2006-09-30": -226.739, "2006-06-30": "-254.57400", "2006-03-31": -194.83, "2005-12-31": 350.285, "2005-09-30": -106.834, "2005-06-30": "-243.45100", "2005-03-31": -150.531}, "Cash Flow From Operating Activities": {"2020-12-31": 1059.248, "2020-09-30": 85.996, "2020-06-30": "-3.18800", "2020-03-31": 32.901, "2019-12-31": 1207.104, "2019-09-30": -299.298, "2019-06-30": "-66.18000", "2019-03-31": 227.56, "2018-12-31": 1333.712, "2018-09-30": -174.193, "2018-06-30": "277.14400", "2018-03-31": 0, "2017-12-31": -216.845, "2017-09-30": 11.229, "2017-06-30": "205.61600", "2017-03-31": -210.162, "2016-12-31": -47.197, "2016-09-30": 30.609, "2016-06-30": "16.58800", "2016-03-31": -145.568, "2015-12-31": 280.211, "2015-09-30": -27.493, "2015-06-30": "-252.71800", "2015-03-31": -400.946, "2014-12-31": -366.846, "2014-09-30": 147.259, "2014-06-30": "219.58700", "2014-03-31": 13.654, "2013-12-31": -418.076, "2013-09-30": 126.663, "2013-06-30": "291.41300", "2013-03-31": 11.674, "2012-12-31": -102.605, "2012-09-30": 29.476, "2012-06-30": "73.12900", "2012-03-31": -112.137, "2011-12-31": 28.833, "2011-09-30": 13.488, "2011-06-30": "-42.32100", "2011-03-31": -32.865, "2010-12-31": -448.624, "2010-09-30": 140.124, "2010-06-30": "308.50000", "2010-03-31": 184.154, "2009-12-31": -263.874, "2009-09-30": 179.203, "2009-06-30": "84.67100", "2009-03-31": -35.363, "2008-12-31": -58.801, "2008-09-30": -3.528, "2008-06-30": "62.32900", "2008-03-31": -50.955, "2007-12-31": -152.622, "2007-09-30": 71.172, "2007-06-30": "81.45000", "2007-03-31": -19.925, "2006-12-31": -23.175, "2006-09-30": 43.203, "2006-06-30": "-20.02800", "2006-03-31": -107.027, "2005-12-31": -141.643, "2005-09-30": 119.056, "2005-06-30": "22.58700", "2005-03-31": -29.753}, "Net Change In Property, Plant, And Equipment": {"2020-12-31": -39.945, "2020-09-30": -43.31, "2020-06-30": "-69.19100", "2020-03-31": -108.994, "2019-12-31": -74.207, "2019-09-30": -59.601, "2019-06-30": "-45.38700", "2019-03-31": -35.535, "2018-12-31": -50.659, "2018-09-30": -67.098, "2018-06-30": "-62.48400", "2018-03-31": 0, "2017-12-31": 83.537, "2017-09-30": -254.397, "2017-06-30": "170.86000", "2017-03-31": -40.856, "2016-12-31": 129.947, "2016-09-30": -47.305, "2016-06-30": "-82.64200", "2016-03-31": -36.336, "2015-12-31": 187.281, "2015-09-30": -61.777, "2015-06-30": "-125.50400", "2015-03-31": -33.028, "2014-12-31": 171.606, "2014-09-30": -75.762, "2014-06-30": "-95.84400", "2014-03-31": -49.309, "2013-12-31": 203.469, "2013-09-30": -48.015, "2013-06-30": "-155.45400", "2013-03-31": -102.227, "2012-12-31": 190.277, "2012-09-30": -71.297, "2012-06-30": "-118.98000", "2012-03-31": -25.14, "2011-12-31": 98.173, "2011-09-30": -34.151, "2011-06-30": "-64.02200", "2011-03-31": -33.607, "2010-12-31": 73.592, "2010-09-30": -28.283, "2010-06-30": "-45.30900", "2010-03-31": -17.339, "2009-12-31": 57.746, "2009-09-30": -21.203, "2009-06-30": "-36.54300", "2009-03-31": -16.983, "2008-12-31": 82.468, "2008-09-30": -28.531, "2008-06-30": "-53.93700", "2008-03-31": -19.229, "2007-12-31": 67.34, "2007-09-30": -19.827, "2007-06-30": "-47.51300", "2007-03-31": -22.652, "2006-12-31": 76.691, "2006-09-30": -21.673, "2006-06-30": "-55.01800", "2006-03-31": -23.01, "2005-12-31": 75.864, "2005-09-30": -25.142, "2005-06-30": "-50.72200", "2005-03-31": -29.229}, "Net Change In Intangible Assets": {"2020-12-31": -13.619, "2020-09-30": -24.868, "2020-06-30": "-13.47700", "2020-03-31": -9.543, "2019-12-31": -11.392, "2019-09-30": -10.953, "2019-06-30": "-13.75900", "2019-03-31": -10.693, "2018-12-31": -9.823, "2018-09-30": -11.196, "2018-06-30": "-21.51400", "2018-03-31": 0, "2017-12-31": 32.794, "2017-09-30": -19.72, "2017-06-30": "-13.07400", "2017-03-31": -20.657, "2016-12-31": 31.843, "2016-09-30": -14.482, "2016-06-30": "-17.36100", "2016-03-31": -6.335, "2015-12-31": 53.053, "2015-09-30": -9.603, "2015-06-30": "-43.45000", "2015-03-31": -36.708, "2014-12-31": 66.815, "2014-09-30": -10.773, "2014-06-30": "-56.04200", "2014-03-31": -44.654, "2013-12-31": 41.923, "2013-09-30": -13.208, "2013-06-30": "-28.71500", "2013-03-31": -10.547, "2012-12-31": 12.509, "2012-09-30": -4.717, "2012-06-30": "-7.79200", "2012-03-31": -13.37, "2011-12-31": 71.434, "2011-09-30": -63.213, "2011-06-30": "-8.22100", "2011-03-31": -62.756, "2010-12-31": 5.825, "2010-09-30": -2.888, "2010-06-30": "-2.93700", "2010-03-31": -0.701, "2009-12-31": 9.349, "2009-09-30": -2.64, "2009-06-30": "-6.70900", "2009-03-31": -1.84, "2008-12-31": 7.349, "2008-09-30": -4.162, "2008-06-30": "-3.18700", "2008-03-31": -1.44, "2007-12-31": 1.885, "2007-09-30": -1.108, "2007-06-30": "-0.77700", "2007-03-31": -0.51, "2006-12-31": 8.598, "2006-09-30": -1.402, "2006-06-30": "-7.19600", "2006-03-31": -5.405, "2005-12-31": 13.008, "2005-09-30": -3.524, "2005-06-30": "-9.48400", "2005-03-31": -5.964}, "Net Acquisitions/Divestitures": {"2020-12-31": 0, "2020-09-30": 0, "2020-06-30": "", "2020-03-31": 0, "2019-12-31": 0, "2019-09-30": 0, "2019-06-30": "", "2019-03-31": 0.013, "2018-12-31": 142, "2018-09-30": 0.99, "2018-06-30": "-33.12200", "2018-03-31": 0, "2017-12-31": -213.494, "2017-09-30": 213.494, "2017-06-30": "", "2017-03-31": 0, "2016-12-31": -115.983, "2016-09-30": 115.983, "2016-06-30": "", "2016-03-31": 0, "2015-12-31": 0, "2015-09-30": 0, "2015-06-30": "", "2015-03-31": 0, "2014-12-31": 0, "2014-09-30": 0, "2014-06-30": "", "2014-03-31": 0, "2013-12-31": 0, "2013-09-30": 0, "2013-06-30": "", "2013-03-31": 0, "2012-12-31": -66.769, "2012-09-30": -1.495, "2012-06-30": "68.26400", "2012-03-31": 0, "2011-12-31": 2207.065, "2011-09-30": -2150.467, "2011-06-30": "-56.59800", "2011-03-31": 0, "2010-12-31": 38.446, "2010-09-30": 0, "2010-06-30": "-38.44600", "2010-03-31": -29.111, "2009-12-31": 207.219, "2009-09-30": 0, "2009-06-30": "-207.21900", "2009-03-31": -207.219, "2008-12-31": 93.377, "2008-09-30": -14.894, "2008-06-30": "-78.48300", "2008-03-31": 0, "2007-12-31": 705.787, "2007-09-30": -875.862, "2007-06-30": "170.07500", "2007-03-31": -157.111, "2006-12-31": 34.986, "2006-09-30": -31.093, "2006-06-30": "-3.89300", "2006-03-31": -1.225, "2005-12-31": 205.619, "2005-09-30": -0.985, "2005-06-30": "-204.63400", "2005-03-31": -23.817}, "Net Change In Short-term Investments": {"2020-12-31": 200, "2020-09-30": -100, "2020-06-30": "-700.00000", "2020-03-31": 0, "2019-12-31": 0, "2019-09-30": 0, "2019-06-30": "0.00000", "2019-03-31": 0, "2018-12-31": 0, "2018-09-30": 0, "2018-06-30": "", "2018-03-31": 0, "2017-12-31": 0, "2017-09-30": 0, "2017-06-30": "", "2017-03-31": 0, "2016-12-31": 0, "2016-09-30": 0, "2016-06-30": "", "2016-03-31": 0, "2015-12-31": 0, "2015-09-30": 0, "2015-06-30": "", "2015-03-31": 0, "2014-12-31": 0, "2014-09-30": 0, "2014-06-30": "", "2014-03-31": 0, "2013-12-31": 0, "2013-09-30": 0, "2013-06-30": "", "2013-03-31": 0, "2012-12-31": 0, "2012-09-30": 0, "2012-06-30": "", "2012-03-31": 0, "2011-12-31": 0, "2011-09-30": 0, "2011-06-30": "", "2011-03-31": 0, "2010-12-31": 0, "2010-09-30": 0, "2010-06-30": "", "2010-03-31": 0, "2009-12-31": 0, "2009-09-30": 0, "2009-06-30": "", "2009-03-31": 0, "2008-12-31": 0, "2008-09-30": 0, "2008-06-30": "", "2008-03-31": 0, "2007-12-31": 0, "2007-09-30": 0, "2007-06-30": "", "2007-03-31": 0, "2006-12-31": 0, "2006-09-30": 0, "2006-06-30": "", "2006-03-31": 0, "2005-12-31": 0, "2005-09-30": 0, "2005-06-30": "", "2005-03-31": 0}, "Net Change In Long-Term Investments": {"2020-12-31": 0, "2020-09-30": 0, "2020-06-30": "", "2020-03-31": 0, "2019-12-31": 0, "2019-09-30": 0, "2019-06-30": "", "2019-03-31": 0, "2018-12-31": 0, "2018-09-30": 0, "2018-06-30": "", "2018-03-31": 0, "2017-12-31": 0, "2017-09-30": 0, "2017-06-30": "", "2017-03-31": 0, "2016-12-31": 0, "2016-09-30": 0, "2016-06-30": "", "2016-03-31": 0, "2015-12-31": 0, "2015-09-30": 0, "2015-06-30": "", "2015-03-31": 0, "2014-12-31": 0, "2014-09-30": 0, "2014-06-30": "", "2014-03-31": 0, "2013-12-31": 0, "2013-09-30": 0, "2013-06-30": "", "2013-03-31": 0, "2012-12-31": 0, "2012-09-30": 0, "2012-06-30": "", "2012-03-31": 0, "2011-12-31": 0, "2011-09-30": 0, "2011-06-30": "", "2011-03-31": 0, "2010-12-31": 0, "2010-09-30": 0, "2010-06-30": "", "2010-03-31": 0, "2009-12-31": 0, "2009-09-30": 0, "2009-06-30": "", "2009-03-31": 0, "2008-12-31": 0, "2008-09-30": 0, "2008-06-30": "", "2008-03-31": 0, "2007-12-31": 0, "2007-09-30": 0, "2007-06-30": "", "2007-03-31": 0, "2006-12-31": 0, "2006-09-30": 0, "2006-06-30": "", "2006-03-31": 0, "2005-12-31": 0, "2005-09-30": 0, "2005-06-30": "", "2005-03-31": 0}, "Net Change In Investments - Total": {"2020-12-31": 200, "2020-09-30": -100, "2020-06-30": "-700.00000", "2020-03-31": 0, "2019-12-31": 0, "2019-09-30": 0, "2019-06-30": "", "2019-03-31": 0, "2018-12-31": 0, "2018-09-30": 0, "2018-06-30": "", "2018-03-31": 0, "2017-12-31": 0, "2017-09-30": 0, "2017-06-30": "", "2017-03-31": 0, "2016-12-31": 0, "2016-09-30": 0, "2016-06-30": "", "2016-03-31": 0, "2015-12-31": 0, "2015-09-30": 0, "2015-06-30": "", "2015-03-31": 0, "2014-12-31": 0, "2014-09-30": 0, "2014-06-30": "", "2014-03-31": 0, "2013-12-31": 0, "2013-09-30": 0, "2013-06-30": "", "2013-03-31": 0, "2012-12-31": 0, "2012-09-30": 0, "2012-06-30": "", "2012-03-31": 0, "2011-12-31": 0, "2011-09-30": 0, "2011-06-30": "", "2011-03-31": 0, "2010-12-31": 0, "2010-09-30": 0, "2010-06-30": "", "2010-03-31": 0, "2009-12-31": 0, "2009-09-30": 0, "2009-06-30": "", "2009-03-31": 0, "2008-12-31": 0, "2008-09-30": 0, "2008-06-30": "", "2008-03-31": 0, "2007-12-31": 0, "2007-09-30": 0, "2007-06-30": "", "2007-03-31": 0, "2006-12-31": 0, "2006-09-30": 0, "2006-06-30": "", "2006-03-31": 0, "2005-12-31": 0, "2005-09-30": 0, "2005-06-30": "", "2005-03-31": 0}, "Investing Activities - Other": {"2020-12-31": -5.755, "2020-09-30": -4.045, "2020-06-30": "-2.48700", "2020-03-31": -9.554, "2019-12-31": -10.945, "2019-09-30": -6.227, "2019-06-30": "58.51500", "2019-03-31": -25.871, "2018-12-31": -11.737, "2018-09-30": -11.793, "2018-06-30": "-12.11000", "2018-03-31": 0, "2017-12-31": 3.734, "2017-09-30": -3.41, "2017-06-30": "-0.32400", "2017-03-31": -6.824, "2016-12-31": 4.997, "2016-09-30": -3.7, "2016-06-30": "-1.29700", "2016-03-31": -0.587, "2015-12-31": -3.15, "2015-09-30": -7.481, "2015-06-30": "10.63100", "2015-03-31": 10.617, "2014-12-31": 16.612, "2014-09-30": -4.911, "2014-06-30": "-11.70100", "2014-03-31": -5.17, "2013-12-31": 9.896, "2013-09-30": -5.589, "2013-06-30": "-4.30700", "2013-03-31": -2.225, "2012-12-31": 3.429, "2012-09-30": -7.283, "2012-06-30": "3.85400", "2012-03-31": 6.341, "2011-12-31": 3.28, "2011-09-30": -2.173, "2011-06-30": "-1.10700", "2011-03-31": 0.053, "2010-12-31": 6.842, "2010-09-30": -2.885, "2010-06-30": "-3.95700", "2010-03-31": -2.486, "2009-12-31": -4.175, "2009-09-30": 0.177, "2009-06-30": "3.99800", "2009-03-31": 0.593, "2008-12-31": -1.02, "2008-09-30": 0.299, "2008-06-30": "0.72100", "2008-03-31": 0.301, "2007-12-31": -0.354, "2007-09-30": -0.207, "2007-06-30": "0.56100", "2007-03-31": 0.456, "2006-12-31": -7.322, "2006-09-30": -4.757, "2006-06-30": "12.07900", "2006-03-31": 4.411, "2005-12-31": -18.528, "2005-09-30": 5.858, "2005-06-30": "12.67000", "2005-03-31": 4.41}, "Cash Flow From Investing Activities": {"2020-12-31": 140.681, "2020-09-30": -172.223, "2020-06-30": "-785.15500", "2020-03-31": -128.091, "2019-12-31": -96.544, "2019-09-30": -76.781, "2019-06-30": "-0.63100", "2019-03-31": -72.086, "2018-12-31": 69.781, "2018-09-30": -89.097, "2018-06-30": "-129.23000", "2018-03-31": 0, "2017-12-31": -93.429, "2017-09-30": -64.033, "2017-06-30": "157.46200", "2017-03-31": -68.337, "2016-12-31": 50.804, "2016-09-30": 50.496, "2016-06-30": "-101.30000", "2016-03-31": -43.258, "2015-12-31": 237.184, "2015-09-30": -78.861, "2015-06-30": "-158.32300", "2015-03-31": -59.119, "2014-12-31": 255.033, "2014-09-30": -91.446, "2014-06-30": "-163.58700", "2014-03-31": -99.133, "2013-12-31": 255.288, "2013-09-30": -66.812, "2013-06-30": "-188.47600", "2013-03-31": -114.999, "2012-12-31": 139.446, "2012-09-30": -84.792, "2012-06-30": "-54.65400", "2012-03-31": -32.169, "2011-12-31": 2379.952, "2011-09-30": -2250.004, "2011-06-30": "-129.94800", "2011-03-31": -96.31, "2010-12-31": 124.705, "2010-09-30": -34.056, "2010-06-30": "-90.64900", "2010-03-31": -49.637, "2009-12-31": 270.139, "2009-09-30": -23.666, "2009-06-30": "-246.47300", "2009-03-31": -225.449, "2008-12-31": 182.174, "2008-09-30": -47.288, "2008-06-30": "-134.88600", "2008-03-31": -20.368, "2007-12-31": 774.658, "2007-09-30": -897.004, "2007-06-30": "122.34600", "2007-03-31": -179.817, "2006-12-31": 112.953, "2006-09-30": -58.925, "2006-06-30": "-54.02800", "2006-03-31": -25.229, "2005-12-31": 275.963, "2005-09-30": -23.793, "2005-06-30": "-252.17000", "2005-03-31": -54.6}, "Net Long-Term Debt": {"2020-12-31": -0.384, "2020-09-30": -0.546, "2020-06-30": "2995.86800", "2020-03-31": 432.0739, "2019-12-31": -1.628, "2019-09-30": -1.389, "2019-06-30": "-1.47900", "2019-03-31": -1.589, "2018-12-31": -1.568, "2018-09-30": -1.55, "2018-06-30": "-1.55700", "2018-03-31": 0, "2017-12-31": 1.845, "2017-09-30": -0.928, "2017-06-30": "-0.91700", "2017-03-31": -0.904, "2016-12-31": -939.397, "2016-09-30": 950.933, "2016-06-30": "-11.53600", "2016-03-31": -10.695, "2015-12-31": 3.163, "2015-09-30": -0.96, "2015-06-30": "-2.20300", "2015-03-31": -1.414, "2014-12-31": 3.549, "2014-09-30": -0.852, "2014-06-30": "-2.69700", "2014-03-31": -1.099, "2013-12-31": 402.141, "2013-09-30": -400.724, "2013-06-30": "-1.41700", "2013-03-31": -0.707, "2012-12-31": 2.079, "2012-09-30": -0.681, "2012-06-30": "-1.39800", "2012-03-31": -0.698, "2011-12-31": -896.518, "2011-09-30": 897.778, "2011-06-30": "-1.26000", "2011-03-31": -0.55, "2010-12-31": 202.384, "2010-09-30": -200.665, "2010-06-30": "-1.71900", "2010-03-31": -1.061, "2009-12-31": 2.582, "2009-09-30": -0.744, "2009-06-30": "-1.83800", "2009-03-31": -1.11, "2008-12-31": 2.945, "2008-09-30": -0.7, "2008-06-30": "-2.24500", "2008-03-31": -1.315, "2007-12-31": 57.971, "2007-09-30": -49.44, "2007-06-30": "-8.53100", "2007-03-31": -1.174, "2006-12-31": 31.477, "2006-09-30": -30.033, "2006-06-30": "-1.44400", "2006-03-31": -0.488, "2005-12-31": 101.189, "2005-09-30": -0.446, "2005-06-30": "-100.74300", "2005-03-31": -0.531}, "Net Current Debt": {"2020-12-31": 286.501, "2020-09-30": -6.019, "2020-06-30": "-1209.55600", "2020-03-31": 1173.119, "2019-12-31": -428.138, "2019-09-30": 417.056, "2019-06-30": "-585.47700", "2019-03-31": -11.63, "2018-12-31": -892.766, "2018-09-30": 254.602, "2018-06-30": "-214.38300", "2018-03-31": 0, "2017-12-31": -1697.179, "2017-09-30": 1064.627, "2017-06-30": "632.55200", "2017-03-31": 262.156, "2016-12-31": -287.759, "2016-09-30": -666.665, "2016-06-30": "954.42400", "2016-03-31": 685.985, "2015-12-31": -1268.146, "2015-09-30": 129.043, "2015-06-30": "1139.10300", "2015-03-31": 1047.66, "2014-12-31": -637.786, "2014-09-30": 75.471, "2014-06-30": "562.31500", "2014-03-31": 242.586, "2013-12-31": -457.856, "2013-09-30": 423.073, "2013-06-30": "34.78300", "2013-03-31": 169.754, "2012-12-31": -459.173, "2012-09-30": 59.007, "2012-06-30": "400.16600", "2012-03-31": 397.595, "2011-12-31": -1127.805, "2011-09-30": 1121.553, "2011-06-30": "6.25200", "2011-03-31": 3.427, "2010-12-31": -1.794, "2010-09-30": 4.345, "2010-06-30": "-2.55100", "2010-03-31": 2.837, "2009-12-31": -196.799, "2009-09-30": -103.518, "2009-06-30": "300.31700", "2009-03-31": 235.912, "2008-12-31": -281.34, "2008-09-30": 16.978, "2008-06-30": "264.36200", "2008-03-31": 171.251, "2007-12-31": -963.713, "2007-09-30": 945.148, "2007-06-30": "18.56500", "2007-03-31": 228.728, "2006-12-31": -154.802, "2006-09-30": 66.627, "2006-06-30": "88.17500", "2006-03-31": 73.461, "2005-12-31": -136.464, "2005-09-30": -76.061, "2005-06-30": "212.52500", "2005-03-31": -4.751}, "Debt Issuance/Retirement Net - Total": {"2020-12-31": 286.117, "2020-09-30": -6.565, "2020-06-30": "1786.31200", "2020-03-31": 1605.193, "2019-12-31": -429.766, "2019-09-30": 415.667, "2019-06-30": "-586.95600", "2019-03-31": -13.219, "2018-12-31": -894.334, "2018-09-30": 253.052, "2018-06-30": "-215.94000", "2018-03-31": 0, "2017-12-31": -1695.334, "2017-09-30": 1063.699, "2017-06-30": "631.63500", "2017-03-31": 261.252, "2016-12-31": -1227.156, "2016-09-30": 284.268, "2016-06-30": "942.88800", "2016-03-31": 675.29, "2015-12-31": -1264.983, "2015-09-30": 128.083, "2015-06-30": "1136.90000", "2015-03-31": 1046.246, "2014-12-31": -634.237, "2014-09-30": 74.619, "2014-06-30": "559.61800", "2014-03-31": 241.487, "2013-12-31": -55.715, "2013-09-30": 22.349, "2013-06-30": "33.36600", "2013-03-31": 169.047, "2012-12-31": -457.094, "2012-09-30": 58.326, "2012-06-30": "398.76800", "2012-03-31": 396.897, "2011-12-31": -2024.323, "2011-09-30": 2019.331, "2011-06-30": "4.99200", "2011-03-31": 2.877, "2010-12-31": 200.59, "2010-09-30": -196.32, "2010-06-30": "-4.27000", "2010-03-31": 1.776, "2009-12-31": -194.217, "2009-09-30": -104.262, "2009-06-30": "298.47900", "2009-03-31": 234.802, "2008-12-31": -278.395, "2008-09-30": 16.278, "2008-06-30": "262.11700", "2008-03-31": 169.936, "2007-12-31": -905.742, "2007-09-30": 895.708, "2007-06-30": "10.03400", "2007-03-31": 227.554, "2006-12-31": -123.325, "2006-09-30": 36.594, "2006-06-30": "86.73100", "2006-03-31": 72.973, "2005-12-31": -35.275, "2005-09-30": -76.507, "2005-06-30": "111.78200", "2005-03-31": -5.282}, "Net Common Equity Issued/Repurchased": {"2020-12-31": 53.088, "2020-09-30": 8.413, "2020-06-30": "-15.63400", "2020-03-31": -479.7, "2019-12-31": -415.576, "2019-09-30": 43.46, "2019-06-30": "7.19900", "2019-03-31": 61.826, "2018-12-31": -142.84, "2018-09-30": 76.134, "2018-06-30": "53.50000", "2018-03-31": 0, "2017-12-31": 717.198, "2017-09-30": 33.379, "2017-06-30": "-750.57700", "2017-03-31": -435.014, "2016-12-31": 959.563, "2016-09-30": -138.134, "2016-06-30": "-821.42900", "2016-03-31": -709.665, "2015-12-31": 708.7679, "2015-09-30": 19.0071, "2015-06-30": "-727.77500", "2015-03-31": -734.918, "2014-12-31": 718.103, "2014-09-30": 5.1, "2014-06-30": "-723.20300", "2014-03-31": -524.744, "2013-12-31": 252.531, "2013-09-30": 2.986, "2013-06-30": "-255.51700", "2013-03-31": -288.968, "2012-12-31": 260.754, "2012-09-30": 31.162, "2012-06-30": "-291.91600", "2012-03-31": -213.004, "2011-12-31": -102.73, "2011-09-30": 24.051, "2011-06-30": "78.67900", "2011-03-31": 43.583, "2010-12-31": 241.526, "2010-09-30": 0.895, "2010-06-30": "-242.42100", "2010-03-31": -65.607, "2009-12-31": 5.57, "2009-09-30": -0.703, "2009-06-30": "-4.86700", "2009-03-31": -6.74, "2008-12-31": 86.279, "2008-09-30": 41.497, "2008-06-30": "-127.77600", "2008-03-31": -112.617, "2007-12-31": 272.406, "2007-09-30": 2.075, "2007-06-30": "-274.48100", "2007-03-31": -140.679, "2006-12-31": 38.883, "2006-09-30": 26.157, "2006-06-30": "-65.04000", "2006-03-31": -51.526, "2005-12-31": 82.385, "2005-09-30": -29.933, "2005-06-30": "-52.45200", "2005-03-31": -4.7}, "Net Total Equity Issued/Repurchased": {"2020-12-31": 53.088, "2020-09-30": 8.413, "2020-06-30": "-15.63400", "2020-03-31": -479.7, "2019-12-31": -415.576, "2019-09-30": 43.46, "2019-06-30": "7.19900", "2019-03-31": 61.826, "2018-12-31": -142.84, "2018-09-30": 76.134, "2018-06-30": "53.50000", "2018-03-31": 0, "2017-12-31": 717.198, "2017-09-30": 33.379, "2017-06-30": "-750.57700", "2017-03-31": -435.014, "2016-12-31": 959.563, "2016-09-30": -138.134, "2016-06-30": "-821.42900", "2016-03-31": -709.665, "2015-12-31": 708.7679, "2015-09-30": 19.0071, "2015-06-30": "-727.77500", "2015-03-31": -734.918, "2014-12-31": 718.103, "2014-09-30": 5.1, "2014-06-30": "-723.20300", "2014-03-31": -524.744, "2013-12-31": 252.531, "2013-09-30": 2.986, "2013-06-30": "-255.51700", "2013-03-31": -288.968, "2012-12-31": 260.754, "2012-09-30": 31.162, "2012-06-30": "-291.91600", "2012-03-31": -213.004, "2011-12-31": -102.73, "2011-09-30": 24.051, "2011-06-30": "78.67900", "2011-03-31": 43.583, "2010-12-31": 241.526, "2010-09-30": 0.895, "2010-06-30": "-242.42100", "2010-03-31": -65.607, "2009-12-31": 5.57, "2009-09-30": -0.703, "2009-06-30": "-4.86700", "2009-03-31": -6.74, "2008-12-31": 86.279, "2008-09-30": 41.497, "2008-06-30": "-127.77600", "2008-03-31": -112.617, "2007-12-31": 272.406, "2007-09-30": 2.075, "2007-06-30": "-274.48100", "2007-03-31": -140.679, "2006-12-31": 38.883, "2006-09-30": 26.157, "2006-06-30": "-65.04000", "2006-03-31": -51.526, "2005-12-31": 82.385, "2005-09-30": -29.933, "2005-06-30": "-52.45200", "2005-03-31": -4.7}, "Total Common And Preferred Stock Dividends Paid": {"2020-12-31": -191.266, "2020-09-30": -186.892, "2020-06-30": "-186.74600", "2020-03-31": -186.365, "2019-12-31": -188.694, "2019-09-30": -171.066, "2019-06-30": "-202.53800", "2019-03-31": -201.885, "2018-12-31": -201.325, "2018-09-30": -182.334, "2018-06-30": "-181.51700", "2018-03-31": 0, "2017-12-31": 330.28, "2017-09-30": -165.387, "2017-06-30": "-164.89300", "2017-03-31": -172.713, "2016-12-31": 462.406, "2016-09-30": -152.823, "2016-06-30": "-309.58300", "2016-03-31": -155.584, "2015-12-31": 407.684, "2015-09-30": -136.165, "2015-06-30": "-271.51900", "2015-03-31": -135.912, "2014-12-31": 340.69, "2014-09-30": -113.065, "2014-06-30": "-227.62500", "2014-03-31": -114.776, "2013-12-31": 286.79, "2013-09-30": -95.33, "2013-06-30": "-191.46000", "2013-03-31": -96.263, "2012-12-31": 237.52, "2012-09-30": -78.939, "2012-06-30": "-158.58100", "2012-03-31": -79.924, "2011-12-31": 206.277, "2011-09-30": -69.095, "2011-06-30": "-137.18200", "2011-03-31": -68.475, "2010-12-31": 195.999, "2010-09-30": -64.659, "2010-06-30": "-131.34000", "2010-03-31": -66.224, "2009-12-31": 195.55, "2009-09-30": -65.533, "2009-06-30": "-130.01700", "2009-03-31": -64.966, "2008-12-31": 190.347, "2008-09-30": -63.642, "2008-06-30": "-126.70500", "2008-03-31": -63.528, "2007-12-31": 182.831, "2007-09-30": -60.472, "2007-06-30": "-122.35900", "2007-03-31": -61.53, "2006-12-31": 154.775, "2006-09-30": -61.168, "2006-06-30": "-93.60700", "2006-03-31": -32.252, "2005-12-31": 91.757, "2005-09-30": -30.448, "2005-06-30": "-61.30900", "2005-03-31": -30.801}, "Financial Activities - Other": {"2020-12-31": -0.008, "2020-09-30": -0.159, "2020-06-30": "-21.27100", "2020-03-31": -7.274, "2019-12-31": 0, "2019-09-30": 0, "2019-06-30": "906.14800", "2019-03-31": 0, "2018-12-31": -2.123, "2018-09-30": 0, "2018-06-30": "", "2018-03-31": 0, "2017-12-31": 0, "2017-09-30": 0, "2017-06-30": "", "2017-03-31": 0, "2016-12-31": 6.772, "2016-09-30": -6.445, "2016-06-30": "-0.32700", "2016-03-31": 0, "2015-12-31": 1.475, "2015-09-30": 0, "2015-06-30": "-1.47500", "2015-03-31": 0, "2014-12-31": -47.786, "2014-09-30": 8.591, "2014-06-30": "39.19500", "2014-03-31": 31.773, "2013-12-31": -41.946, "2013-09-30": 4.013, "2013-06-30": "37.93300", "2013-03-31": 24.222, "2012-12-31": -39.455, "2012-09-30": 14.212, "2012-06-30": "25.24300", "2012-03-31": 22.055, "2011-12-31": -15.96, "2011-09-30": 1.242, "2011-06-30": "14.71800", "2011-03-31": 8.384, "2010-12-31": -3.28, "2010-09-30": 0.522, "2010-06-30": "2.75800", "2010-03-31": 1.669, "2009-12-31": -4.648, "2009-09-30": 6.669, "2009-06-30": "-2.02100", "2009-03-31": -2.438, "2008-12-31": -21.941, "2008-09-30": 12.59, "2008-06-30": "9.35100", "2008-03-31": 8.397, "2007-12-31": -15.119, "2007-09-30": 0.452, "2007-06-30": "14.66700", "2007-03-31": 5.072, "2006-12-31": -12.063, "2006-09-30": 4.239, "2006-06-30": "7.82400", "2006-03-31": 0.751, "2005-12-31": -16.252, "2005-09-30": 5.324, "2005-06-30": "10.92800", "2005-03-31": 9.61}, "Cash Flow From Financial Activities": {"2020-12-31": 147.931, "2020-09-30": -185.203, "2020-06-30": "1562.66100", "2020-03-31": 931.854, "2019-12-31": -1034.036, "2019-09-30": 288.061, "2019-06-30": "123.85300", "2019-03-31": -153.278, "2018-12-31": -1240.622, "2018-09-30": 146.852, "2018-06-30": "-343.95700", "2018-03-31": 0, "2017-12-31": -647.856, "2017-09-30": 931.691, "2017-06-30": "-283.83500", "2017-03-31": -346.475, "2016-12-31": 201.585, "2016-09-30": -13.134, "2016-06-30": "-188.45100", "2016-03-31": -189.959, "2015-12-31": -147.056, "2015-09-30": 10.925, "2015-06-30": "136.13100", "2015-03-31": 175.416, "2014-12-31": 376.77, "2014-09-30": -24.755, "2014-06-30": "-352.01500", "2014-03-31": -366.26, "2013-12-31": 441.66, "2013-09-30": -65.982, "2013-06-30": "-375.67800", "2013-03-31": -191.962, "2012-12-31": 1.725, "2012-09-30": 24.761, "2012-06-30": "-26.48600", "2012-03-31": 126.024, "2011-12-31": -1936.736, "2011-09-30": 1975.529, "2011-06-30": "-38.79300", "2011-03-31": -13.631, "2010-12-31": 634.835, "2010-09-30": -259.562, "2010-06-30": "-375.27300", "2010-03-31": -128.386, "2009-12-31": 2.255, "2009-09-30": -163.829, "2009-06-30": "161.57400", "2009-03-31": 160.658, "2008-12-31": -23.71, "2008-09-30": 6.723, "2008-06-30": "16.98700", "2008-03-31": 2.188, "2007-12-31": -465.624, "2007-09-30": 837.763, "2007-06-30": "-372.13900", "2007-03-31": 30.417, "2006-12-31": 58.27, "2006-09-30": 5.822, "2006-06-30": "-64.09200", "2006-03-31": -10.054, "2005-12-31": 122.615, "2005-09-30": -131.564, "2005-06-30": "8.94900", "2005-03-31": -31.173}, "Net Cash Flow": {"2020-12-31": 1368.455, "2020-09-30": -283.638, "2020-06-30": "778.44400", "2020-03-31": 814.115, "2019-12-31": 76.982, "2019-09-30": -98.481, "2019-06-30": "62.12000", "2019-03-31": 17.688, "2018-12-31": 179.46, "2018-09-30": -113.71, "2018-06-30": "-216.04100", "2018-03-31": 0, "2017-12-31": -941.988, "2017-09-30": 873.328, "2017-06-30": "68.66000", "2017-03-31": -622.746, "2016-12-31": 204.174, "2016-09-30": 60.647, "2016-06-30": "-264.82100", "2016-03-31": -359.752, "2015-12-31": 405.296, "2015-09-30": -93.171, "2015-06-30": "-312.12500", "2015-03-31": -316.412, "2014-12-31": 279.903, "2014-09-30": 20.609, "2014-06-30": "-300.51200", "2014-03-31": -454.731, "2013-12-31": 281.8, "2013-09-30": -4.451, "2013-06-30": "-277.34900", "2013-03-31": -297.024, "2012-12-31": 36.625, "2012-09-30": -25.909, "2012-06-30": "-10.71600", "2012-03-31": -15.579, "2011-12-31": 454.848, "2011-09-30": -274.087, "2011-06-30": "-180.76100", "2011-03-31": -119.276, "2010-12-31": 328.686, "2010-09-30": -137.328, "2010-06-30": "-191.35800", "2010-03-31": -12.915, "2009-12-31": 2.696, "2009-09-30": -6.054, "2009-06-30": "3.35800", "2009-03-31": -105.416, "2008-12-31": 95.906, "2008-09-30": -50.052, "2008-06-30": "-45.85400", "2008-03-31": -62.008, "2007-12-31": 149.369, "2007-09-30": 16.006, "2007-06-30": "-165.37500", "2007-03-31": -169.069, "2006-12-31": 142.361, "2006-09-30": -7.476, "2006-06-30": "-134.88500", "2006-03-31": -142.543, "2005-12-31": 269.958, "2005-09-30": -33.968, "2005-06-30": "-235.99000", "2005-03-31": -119.643}, "Stock-Based Compensation": {"2020-12-31": 19.996, "2020-09-30": 16.427, "2020-06-30": "9.68600", "2020-03-31": -25.255, "2019-12-31": 23.314, "2019-09-30": 36.859, "2019-06-30": "33.28700", "2019-03-31": 16.708, "2018-12-31": 20.908, "2018-09-30": 21.709, "2018-06-30": "24.96000", "2018-03-31": 0, "2017-12-31": -42.668, "2017-09-30": 23.248, "2017-06-30": "19.42000", "2017-03-31": 15.041, "2016-12-31": -54.933, "2016-09-30": 13.373, "2016-06-30": "41.56000", "2016-03-31": 21.151, "2015-12-31": -73.136, "2015-09-30": 22.823, "2015-06-30": "50.31300", "2015-03-31": 25.946, "2014-12-31": -77.44, "2014-09-30": 23.86, "2014-06-30": "53.58000", "2014-03-31": 26.956, "2013-12-31": -70.258, "2013-09-30": 22.379, "2013-06-30": "47.87900", "2013-03-31": 23.209, "2012-12-31": -73.149, "2012-09-30": 26.633, "2012-06-30": "46.51600", "2012-03-31": 22.922, "2011-12-31": -54.247, "2011-09-30": 21.27, "2011-06-30": "32.97700", "2011-03-31": 13.702, "2010-12-31": -47.591, "2010-09-30": 16.238, "2010-06-30": "31.35300", "2010-03-31": 14.774, "2009-12-31": -26.998, "2009-09-30": 7.159, "2009-06-30": "19.83900", "2009-03-31": 11.668, "2008-12-31": -33.824, "2008-09-30": 7.52, "2008-06-30": "26.30400", "2008-03-31": 15.834, "2007-12-31": -48.449, "2007-09-30": 13.703, "2007-06-30": "34.74600", "2007-03-31": 21.344, "2006-12-31": -36.054, "2006-09-30": 8.85, "2006-06-30": "27.20400", "2006-03-31": 17.242, "2005-12-31": -35.794, "2005-09-30": 10.153, "2005-06-30": "25.64100", "2005-03-31": 17.229}, "Common Stock Dividends Paid": {"2020-12-31": -191.266, "2020-09-30": -186.892, "2020-06-30": "-186.74600", "2020-03-31": -186.365, "2019-12-31": -188.694, "2019-09-30": -171.066, "2019-06-30": "-202.53800", "2019-03-31": -201.885, "2018-12-31": -201.325, "2018-09-30": -182.334, "2018-06-30": "-181.51700", "2018-03-31": 0, "2017-12-31": 330.28, "2017-09-30": -165.387, "2017-06-30": "-164.89300", "2017-03-31": -172.713, "2016-12-31": 462.406, "2016-09-30": -152.823, "2016-06-30": "-309.58300", "2016-03-31": -155.584, "2015-12-31": 407.684, "2015-09-30": -136.165, "2015-06-30": "-271.51900", "2015-03-31": -135.912, "2014-12-31": 340.69, "2014-09-30": -113.065, "2014-06-30": "-227.62500", "2014-03-31": -114.776, "2013-12-31": 286.79, "2013-09-30": -95.33, "2013-06-30": "-191.46000", "2013-03-31": -96.263, "2012-12-31": 237.52, "2012-09-30": -78.939, "2012-06-30": "-158.58100", "2012-03-31": -79.924, "2011-12-31": 206.277, "2011-09-30": -69.095, "2011-06-30": "-137.18200", "2011-03-31": -68.475, "2010-12-31": 195.999, "2010-09-30": -64.659, "2010-06-30": "-131.34000", "2010-03-31": -66.224, "2009-12-31": 195.55, "2009-09-30": -65.533, "2009-06-30": "-130.01700", "2009-03-31": -64.966, "2008-12-31": 190.347, "2008-09-30": -63.642, "2008-06-30": "-126.70500", "2008-03-31": -63.528, "2007-12-31": 182.831, "2007-09-30": -60.472, "2007-06-30": "-122.35900", "2007-03-31": -61.53, "2006-12-31": 154.775, "2006-09-30": -61.168, "2006-06-30": "-93.60700", "2006-03-31": -32.252, "2005-12-31": 91.757, "2005-09-30": -30.448, "2005-06-30": "-61.30900", "2005-03-31": -30.801}}, "financial ratios": {"Current Ratio": {"2020-03-31": "1.66240", "2019-03-31": "1.75590", "2018-03-31": "", "2017-12-31": "1.59990", "2016-12-31": "2.40460", "2015-12-31": "2.14410", "2014-12-31": "2.49780", "2013-12-31": "2.47640", "2012-12-31": "1.99140", "2011-12-31": "1.91350", "2010-12-31": "2.54720", "2009-12-31": "2.40240", "2008-12-31": "2.62110", "2007-12-31": "2.33180", "2006-12-31": "2.54030", "2005-12-31": "2.05300"}, "Long-term Debt / Capital": {"2020-03-31": "0.43720", "2019-03-31": "0.32990", "2018-03-31": "", "2017-12-31": "0.37030", "2016-12-31": "0.29210", "2015-12-31": "0.20660", "2014-12-31": "0.20070", "2013-12-31": "0.19010", "2012-12-31": "0.21800", "2011-12-31": "0.28820", "2010-12-31": "0.19510", "2009-12-31": "0.19750", "2008-12-31": "0.24290", "2007-12-31": "0.24250", "2006-12-31": "0.16290", "2005-12-31": "0.18740"}, "Debt/Equity Ratio": {"2020-03-31": "1.14320", "2019-03-31": "0.64680", "2018-03-31": "", "2017-12-31": "0.78590", "2016-12-31": "0.46930", "2015-12-31": "0.34440", "2014-12-31": "0.25570", "2013-12-31": "0.23870", "2012-12-31": "0.35990", "2011-12-31": "0.46770", "2010-12-31": "0.25260", "2009-12-31": "0.31130", "2008-12-31": "0.33690", "2007-12-31": "0.35790", "2006-12-31": "0.24280", "2005-12-31": "0.29220"}, "Gross Margin": {"2020-03-31": "55.27960", "2019-03-31": "54.64720", "2018-03-31": "", "2017-12-31": "54.14660", "2016-12-31": "49.30300", "2015-12-31": "49.04000", "2014-12-31": "48.55230", "2013-12-31": "48.05910", "2012-12-31": "46.52610", "2011-12-31": "45.78200", "2010-12-31": "46.70360", "2009-12-31": "44.25260", "2008-12-31": "43.95000", "2007-12-31": "43.48500", "2006-12-31": "43.44050", "2005-12-31": "43.23980"}, "Operating Margin": {"2020-03-31": "8.84590", "2019-03-31": "11.59240", "2018-03-31": "", "2017-12-31": "10.52300", "2016-12-31": "13.20010", "2015-12-31": "14.95790", "2014-12-31": "15.13510", "2013-12-31": "14.42380", "2012-12-31": "13.46770", "2011-12-31": "13.15950", "2010-12-31": "10.65690", "2009-12-31": "10.20480", "2008-12-31": "12.28630", "2007-12-31": "13.37300", "2006-12-31": "13.29110", "2005-12-31": "13.58210"}, "EBIT Margin": {"2020-03-31": "8.84590", "2019-03-31": "11.59240", "2018-03-31": "", "2017-12-31": "10.52300", "2016-12-31": "13.20010", "2015-12-31": "14.95790", "2014-12-31": "15.13510", "2013-12-31": "14.42380", "2012-12-31": "13.46770", "2011-12-31": "13.15950", "2010-12-31": "10.65690", "2009-12-31": "10.20480", "2008-12-31": "12.28630", "2007-12-31": "13.37300", "2006-12-31": "13.29110", "2005-12-31": "13.58210"}, "EBITDA Margin": {"2020-03-31": "15.14160", "2019-03-31": "14.08320", "2018-03-31": "", "2017-12-31": "13.36200", "2016-12-31": "16.47610", "2015-12-31": "18.73760", "2014-12-31": "20.78450", "2013-12-31": "16.64170", "2012-12-31": "15.65480", "2011-12-31": "15.26050", "2010-12-31": "15.52720", "2009-12-31": "14.25460", "2008-12-31": "14.46060", "2007-12-31": "15.32920", "2006-12-31": "15.36390", "2005-12-31": "15.72980"}, "Pre-Tax Profit Margin": {"2020-03-31": "6.93330", "2019-03-31": "10.11320", "2018-03-31": "", "2017-12-31": "9.38550", "2016-12-31": "11.65150", "2015-12-31": "14.22520", "2014-12-31": "14.42190", "2013-12-31": "13.68250", "2012-12-31": "13.06890", "2011-12-31": "12.31330", "2010-12-31": "9.73970", "2009-12-31": "9.06710", "2008-12-31": "11.09690", "2007-12-31": "12.55930", "2006-12-31": "12.50420", "2005-12-31": "12.58710"}, "Net Profit Margin": {"2020-03-31": "6.47800", "2019-03-31": "12.27040", "2018-03-31": "", "2017-12-31": "7.32510", "2016-12-31": "9.74140", "2015-12-31": "11.20000", "2014-12-31": "8.81610", "2013-12-31": "10.59680", "2012-12-31": "9.98170", "2011-12-31": "9.38860", "2010-12-31": "7.41780", "2009-12-31": "6.38850", "2008-12-31": "7.88670", "2007-12-31": "8.19490", "2006-12-31": "8.58320", "2005-12-31": "8.96160"}, "Asset Turnover": {"2020-03-31": "0.94210", "2019-03-31": "0.99130", "2018-03-31": "", "2017-12-31": "0.84300", "2016-12-31": "1.13210", "2015-12-31": "1.14080", "2014-12-31": "1.20680", "2013-12-31": "1.10700", "2012-12-31": "1.12940", "2011-12-31": "1.01570", "2010-12-31": "1.19280", "2009-12-31": "1.11530", "2008-12-31": "1.18790", "2007-12-31": "1.11990", "2006-12-31": "1.13720", "2005-12-31": "1.09340"}, "Inventory Turnover Ratio": {"2020-03-31": "3.62510", "2019-03-31": "3.96920", "2018-03-31": "", "2017-12-31": "2.25740", "2016-12-31": "3.92390", "2015-12-31": "3.60290", "2014-12-31": "4.12250", "2013-12-31": "4.23960", "2012-12-31": "4.29630", "2011-12-31": "3.52810", "2010-12-31": "3.83420", "2009-12-31": "4.19880", "2008-12-31": "3.71880", "2007-12-31": "3.58290", "2006-12-31": "3.66880", "2005-12-31": "3.56410"}, "Receiveable Turnover": {"2020-03-31": "8.01850", "2019-03-31": "7.47970", "2018-03-31": "", "2017-12-31": "5.90300", "2016-12-31": "9.59800", "2015-12-31": "8.52460", "2014-12-31": "9.31010", "2013-12-31": "8.39410", "2012-12-31": "8.90080", "2011-12-31": "8.44390", "2010-12-31": "9.96350", "2009-12-31": "9.30280", "2008-12-31": "8.97780", "2007-12-31": "7.43530", "2006-12-31": "7.67770", "2005-12-31": "8.36090"}, "Days Sales In Receivables": {"2020-03-31": "45.52000", "2019-03-31": "48.79850", "2018-03-31": "", "2017-12-31": "61.83280", "2016-12-31": "38.02880", "2015-12-31": "42.81730", "2014-12-31": "39.20490", "2013-12-31": "43.48310", "2012-12-31": "41.00750", "2011-12-31": "43.22650", "2010-12-31": "36.63380", "2009-12-31": "39.23540", "2008-12-31": "40.65610", "2007-12-31": "49.08980", "2006-12-31": "47.54050", "2005-12-31": "43.65580"}, "ROE - Return On Equity": {"2020-03-31": "18.73950", "2019-03-31": "20.24950", "2018-03-31": "", "2017-12-31": "7.20640", "2016-12-31": "21.83510", "2015-12-31": "22.60150", "2014-12-31": "23.57980", "2013-12-31": "19.91300", "2012-12-31": "21.19040", "2011-12-31": "19.67640", "2010-12-31": "14.85280", "2009-12-31": "12.02270", "2008-12-31": "16.94700", "2007-12-31": "17.16240", "2006-12-31": "16.38660", "2005-12-31": "17.18630"}, "Return On Tangible Equity": {"2020-03-31": "181.43030", "2019-03-31": "96.78120", "2018-03-31": "", "2017-12-31": "-428.73950", "2016-12-31": "58.24320", "2015-12-31": "73.85860", "2014-12-31": "96.74830", "2013-12-31": "110.50430", "2012-12-31": "546.31810", "2011-12-31": "-194.94180", "2010-12-31": "47.64350", "2009-12-31": "50.35320", "2008-12-31": "68.72200", "2007-12-31": "71.09950", "2006-12-31": "36.18750", "2005-12-31": "44.50700"}, "ROA - Return On Assets": {"2020-03-31": "5.65110", "2019-03-31": "8.40440", "2018-03-31": "", "2017-12-31": "2.69190", "2016-12-31": "11.07730", "2015-12-31": "12.62570", "2014-12-31": "13.48610", "2013-12-31": "11.73110", "2012-12-31": "11.27520", "2011-12-31": "9.56060", "2010-12-31": "8.88130", "2009-12-31": "7.08170", "2008-12-31": "9.36990", "2007-12-31": "9.52230", "2006-12-31": "9.78930", "2005-12-31": "9.33330"}, "ROI - Return On Investment": {"2020-03-31": "10.54620", "2019-03-31": "13.56990", "2018-03-31": "", "2017-12-31": "4.53760", "2016-12-31": "15.45610", "2015-12-31": "17.93310", "2014-12-31": "18.84740", "2013-12-31": "16.12660", "2012-12-31": "16.57010", "2011-12-31": "14.00660", "2010-12-31": "11.95510", "2009-12-31": "9.64810", "2008-12-31": "12.82980", "2007-12-31": "13.00120", "2006-12-31": "13.71740", "2005-12-31": "13.96520"}, "Book Value Per Share": {"2020-03-31": "8.63490", "2019-03-31": "10.83230", "2018-03-31": "", "2017-12-31": "9.39790", "2016-12-31": "11.93420", "2015-12-31": "12.62230", "2014-12-31": "13.00860", "2013-12-31": "13.80170", "2012-12-31": "11.62750", "2011-12-31": "10.23270", "2010-12-31": "8.94340", "2009-12-31": "8.64420", "2008-12-31": "8.09580", "2007-12-31": "8.14410", "2006-12-31": "7.27630", "2005-12-31": "6.37600"}, "Operating Cash Flow Per Share": {"2020-03-31": -1.9687, "2019-03-31": 4.1554, "2018-03-31": -3.6541, "2017-12-31": 0.1463, "2016-12-31": 0.7222, "2015-12-31": -1.2177, "2014-12-31": 0.6326, "2013-12-31": 0.5223, "2012-12-31": 0.4192, "2011-12-31": 0.1603, "2010-12-31": 0.0883, "2009-12-31": 0.6562, "2008-12-31": -0.2855, "2007-12-31": 0.7245, "2006-12-31": -0.1436, "2005-12-31": 1.229}, "Free Cash Flow Per Share": {"2020-03-31": -2.1505, "2019-03-31": 3.6166, "2018-03-31": -3.3068, "2017-12-31": 0.2156, "2016-12-31": 0.8946, "2015-12-31": -1.2749, "2014-12-31": 0.7077, "2013-12-31": 0.4782, "2012-12-31": 0.2403, "2011-12-31": 0.0294, "2010-12-31": 0.0276, "2009-12-31": 0.743, "2008-12-31": -0.3134, "2007-12-31": 0.7473, "2006-12-31": -0.2183, "2005-12-31": 1.0297}}, "financial ratios, quarterly": {"Current Ratio": {"2020-12-31": "2.91640", "2020-09-30": "3.20470", "2020-06-30": "3.64980", "2020-03-31": "1.66240", "2019-12-31": "2.11800", "2019-09-30": "1.98610", "2019-06-30": "2.04960", "2019-03-31": "1.75590", "2018-12-31": "1.79950", "2018-09-30": "1.54420", "2018-06-30": "1.44550", "2018-03-31": "", "2017-12-31": "", "2017-09-30": "1.47260", "2017-06-30": "1.60320", "2017-03-31": "2.22900", "2016-12-31": "", "2016-09-30": "2.21340", "2016-06-30": "1.52900", "2016-03-31": "1.57060", "2015-12-31": "", "2015-09-30": "1.71800", "2015-06-30": "1.65480", "2015-03-31": "1.72870", "2014-12-31": "", "2014-09-30": "1.99610", "2014-06-30": "2.02100", "2014-03-31": "2.29290", "2013-12-31": "", "2013-09-30": "1.99250", "2013-06-30": "2.00550", "2013-03-31": "1.91140", "2012-12-31": "", "2012-09-30": "1.64170", "2012-06-30": "1.88900", "2012-03-31": "1.76620", "2011-12-31": "", "2011-09-30": "1.47960", "2011-06-30": "3.00410", "2011-03-31": "2.84520", "2010-12-31": "", "2010-09-30": "2.49270", "2010-06-30": "2.32560", "2010-03-31": "2.50060", "2009-12-31": "", "2009-09-30": "2.16130", "2009-06-30": "2.33790", "2009-03-31": "2.38690", "2008-12-31": "", "2008-09-30": "2.19650", "2008-06-30": "2.12600", "2008-03-31": "2.24340", "2007-12-31": "", "2007-09-30": "1.92440", "2007-06-30": "2.37470", "2007-03-31": "2.15700", "2006-12-31": "2.54030", "2006-09-30": "2.21990", "2006-06-30": "2.14750", "2006-03-31": "2.16800", "2005-12-31": "", "2005-09-30": "1.75020", "2005-06-30": "1.67760", "2005-03-31": "1.89050"}, "Long-term Debt / Capital": {"2020-12-31": "0.64840", "2020-09-30": "0.65850", "2020-06-30": "0.65820", "2020-03-31": "0.43720", "2019-12-31": "0.31600", "2019-09-30": "0.31030", "2019-06-30": "0.33880", "2019-03-31": "0.32990", "2018-12-31": "0.33180", "2018-09-30": "0.33970", "2018-06-30": "0.36630", "2018-03-31": "", "2017-12-31": "", "2017-09-30": "0.35260", "2017-06-30": "0.36690", "2017-03-31": "0.31930", "2016-12-31": "", "2016-09-30": "0.32510", "2016-06-30": "0.23150", "2016-03-31": "0.22260", "2015-12-31": "", "2015-09-30": "0.20720", "2015-06-30": "0.22020", "2015-03-31": "0.22370", "2014-12-31": "", "2014-09-30": "0.19550", "2014-06-30": "0.20130", "2014-03-31": "0.19860", "2013-12-31": "", "2013-09-30": "0.20230", "2013-06-30": "0.21590", "2013-03-31": "0.21920", "2012-12-31": "", "2012-09-30": "0.22490", "2012-06-30": "0.28810", "2012-03-31": "0.29140", "2011-12-31": "", "2011-09-30": "0.29120", "2011-06-30": "0.17960", "2011-03-31": "0.18480", "2010-12-31": "", "2010-09-30": "0.19210", "2010-06-30": "0.20440", "2010-03-31": "0.19690", "2009-12-31": "", "2009-09-30": "0.19580", "2009-06-30": "0.23830", "2009-03-31": "0.24190", "2008-12-31": "", "2008-09-30": "0.22820", "2008-06-30": "0.23610", "2008-03-31": "0.23840", "2007-12-31": "", "2007-09-30": "0.26060", "2007-06-30": "0.15930", "2007-03-31": "0.16360", "2006-12-31": "0.16290", "2006-09-30": "0.17570", "2006-06-30": "0.19180", "2006-03-31": "0.19470", "2005-12-31": "", "2005-09-30": "0.15970", "2005-06-30": "0.17430", "2005-03-31": "0.17450"}, "Debt/Equity Ratio": {"2020-12-31": "1.93980", "2020-09-30": "1.93320", "2020-06-30": "1.93300", "2020-03-31": "1.14320", "2019-12-31": "0.47530", "2019-09-30": "0.55520", "2019-06-30": "0.52980", "2019-03-31": "0.64680", "2018-12-31": "0.65470", "2018-09-30": "0.89040", "2018-06-30": "0.93130", "2018-03-31": "", "2017-12-31": "", "2017-09-30": "1.11330", "2017-06-30": "0.90180", "2017-03-31": "0.59320", "2016-12-31": "", "2016-09-30": "0.63380", "2016-06-30": "0.60420", "2016-03-31": "0.51940", "2015-12-31": "", "2015-09-30": "0.50170", "2015-06-30": "0.51640", "2015-03-31": "0.50660", "2014-12-31": "", "2014-09-30": "0.35540", "2014-06-30": "0.35560", "2014-03-31": "0.29400", "2013-12-31": "", "2013-09-30": "0.33730", "2013-06-30": "0.36210", "2013-03-31": "0.39570", "2012-12-31": "", "2012-09-30": "0.52240", "2012-06-30": "0.55590", "2012-03-31": "0.56480", "2011-12-31": "", "2011-09-30": "0.66840", "2011-06-30": "0.22940", "2011-03-31": "0.23700", "2010-12-31": "", "2010-09-30": "0.25090", "2010-06-30": "0.32400", "2010-03-31": "0.31090", "2009-12-31": "", "2009-09-30": "0.36150", "2009-06-30": "0.41110", "2009-03-31": "0.40050", "2008-12-31": "", "2008-09-30": "0.40360", "2008-06-30": "0.41730", "2008-03-31": "0.39710", "2007-12-31": "", "2007-09-30": "0.50930", "2007-06-30": "0.25410", "2007-03-31": "0.31480", "2006-12-31": "0.24280", "2006-09-30": "0.32140", "2006-06-30": "0.32820", "2006-03-31": "0.32880", "2005-12-31": "", "2005-09-30": "0.37550", "2005-06-30": "0.42170", "2005-03-31": "0.37770"}, "Gross Margin": {"2020-12-31": "54.73650", "2020-09-30": "50.83410", "2020-06-30": "52.89840", "2020-03-31": "53.08900", "2019-12-31": "57.16820", "2019-09-30": "54.20040", "2019-06-30": "56.29280", "2019-03-31": "61.91210", "2018-12-31": "54.61920", "2018-09-30": "51.99740", "2018-06-30": "52.96090", "2018-03-31": "", "2017-12-31": "", "2017-09-30": "50.21890", "2017-06-30": "49.64010", "2017-03-31": "50.16090", "2016-12-31": "", "2016-09-30": "49.12210", "2016-06-30": "48.92200", "2016-03-31": "48.72870", "2015-12-31": "", "2015-09-30": "47.74400", "2015-06-30": "48.04510", "2015-03-31": "49.01680", "2014-12-31": "", "2014-09-30": "48.34020", "2014-06-30": "48.40530", "2014-03-31": "49.41830", "2013-12-31": "", "2013-09-30": "47.58860", "2013-06-30": "48.50690", "2013-03-31": "48.11080", "2012-12-31": "", "2012-09-30": "46.69950", "2012-06-30": "46.05380", "2012-03-31": "45.67220", "2011-12-31": "", "2011-09-30": "45.27480", "2011-06-30": "45.94980", "2011-03-31": "47.21990", "2010-12-31": "", "2010-09-30": "46.45240", "2010-06-30": "47.14890", "2010-03-31": "46.72760", "2009-12-31": "", "2009-09-30": "44.31940", "2009-06-30": "43.88310", "2009-03-31": "42.23960", "2008-12-31": "", "2008-09-30": "44.36860", "2008-06-30": "43.79890", "2008-03-31": "45.07350", "2007-12-31": "", "2007-09-30": "43.88280", "2007-06-30": "42.94640", "2007-03-31": "43.48280", "2006-12-31": "43.24050", "2006-09-30": "43.75880", "2006-06-30": "43.34740", "2006-03-31": "43.35070", "2005-12-31": "", "2005-09-30": "42.06570", "2005-06-30": "42.02820", "2005-03-31": ""}, "Operating Margin": {"2020-12-31": "13.86480", "2020-09-30": "12.26640", "2020-06-30": "-22.93140", "2020-03-31": "-12.21260", "2019-12-31": "17.11300", "2019-09-30": "17.25170", "2019-06-30": "4.67970", "2019-03-31": "0.67020", "2018-12-31": "16.13590", "2018-09-30": "16.92820", "2018-06-30": "5.29210", "2018-03-31": "", "2017-12-31": "", "2017-09-30": "16.96250", "2017-06-30": "7.03850", "2017-03-31": "100.00000", "2016-12-31": "", "2016-09-30": "18.27820", "2016-06-30": "8.37860", "2016-03-31": "100.00000", "2015-12-31": "", "2015-09-30": "18.11990", "2015-06-30": "9.02270", "2015-03-31": "100.00000", "2014-12-31": "", "2014-09-30": "17.98300", "2014-06-30": "9.15070", "2014-03-31": "100.00000", "2013-12-31": "", "2013-09-30": "17.58130", "2013-06-30": "9.06740", "2013-03-31": "100.00000", "2012-12-31": "", "2012-09-30": "17.05310", "2012-06-30": "7.65650", "2012-03-31": "100.00000", "2011-12-31": "", "2011-09-30": "15.64030", "2011-06-30": "10.25320", "2011-03-31": "100.00000", "2010-12-31": "", "2010-09-30": "15.88200", "2010-06-30": "10.63440", "2010-03-31": "100.00000", "2009-12-31": "", "2009-09-30": "15.18240", "2009-06-30": "8.05970", "2009-03-31": "100.00000", "2008-12-31": "", "2008-09-30": "15.91620", "2008-06-30": "9.76800", "2008-03-31": "100.00000", "2007-12-31": "", "2007-09-30": "15.96790", "2007-06-30": "11.10210", "2007-03-31": "12.86580", "2006-12-31": "12.83610", "2006-09-30": "15.90100", "2006-06-30": "10.78870", "2006-03-31": "12.86830", "2005-12-31": "", "2005-09-30": "15.80620", "2005-06-30": "10.59040", "2005-03-31": "100.00000"}, "EBIT Margin": {"2020-12-31": "13.86480", "2020-09-30": "12.26640", "2020-06-30": "-22.93140", "2020-03-31": "-12.21270", "2019-12-31": "17.11300", "2019-09-30": "17.25170", "2019-06-30": "4.67970", "2019-03-31": "0.67020", "2018-12-31": "16.13590", "2018-09-30": "16.92820", "2018-06-30": "5.29210", "2018-03-31": "", "2017-12-31": "", "2017-09-30": "16.96250", "2017-06-30": "7.03850", "2017-03-31": "", "2016-12-31": "", "2016-09-30": "18.27820", "2016-06-30": "8.37860", "2016-03-31": "", "2015-12-31": "", "2015-09-30": "18.11990", "2015-06-30": "9.02270", "2015-03-31": "", "2014-12-31": "", "2014-09-30": "17.98300", "2014-06-30": "9.15070", "2014-03-31": "", "2013-12-31": "", "2013-09-30": "17.58130", "2013-06-30": "9.06740", "2013-03-31": "", "2012-12-31": "", "2012-09-30": "17.05310", "2012-06-30": "7.65650", "2012-03-31": "", "2011-12-31": "", "2011-09-30": "15.64030", "2011-06-30": "10.25320", "2011-03-31": "", "2010-12-31": "", "2010-09-30": "15.88200", "2010-06-30": "10.63440", "2010-03-31": "", "2009-12-31": "", "2009-09-30": "15.18240", "2009-06-30": "8.05970", "2009-03-31": "", "2008-12-31": "", "2008-09-30": "15.91620", "2008-06-30": "9.76800", "2008-03-31": "", "2007-12-31": "", "2007-09-30": "15.96790", "2007-06-30": "11.10210", "2007-03-31": "12.86580", "2006-12-31": "12.83610", "2006-09-30": "15.90100", "2006-06-30": "10.78870", "2006-03-31": "12.86830", "2005-12-31": "", "2005-09-30": "15.80620", "2005-06-30": "10.59040", "2005-03-31": ""}, "EBITDA Margin": {"2020-12-31": "", "2020-09-30": "", "2020-06-30": "", "2020-03-31": "", "2019-12-31": "", "2019-09-30": "", "2019-06-30": "", "2019-03-31": "", "2018-12-31": "", "2018-09-30": "", "2018-06-30": "", "2018-03-31": "", "2017-12-31": "", "2017-09-30": "", "2017-06-30": "", "2017-03-31": "", "2016-12-31": "", "2016-09-30": "", "2016-06-30": "", "2016-03-31": "", "2015-12-31": "", "2015-09-30": "", "2015-06-30": "", "2015-03-31": "", "2014-12-31": "", "2014-09-30": "", "2014-06-30": "", "2014-03-31": "", "2013-12-31": "", "2013-09-30": "", "2013-06-30": "", "2013-03-31": "", "2012-12-31": "", "2012-09-30": "", "2012-06-30": "", "2012-03-31": "", "2011-12-31": "", "2011-09-30": "", "2011-06-30": "", "2011-03-31": "", "2010-12-31": "", "2010-09-30": "", "2010-06-30": "", "2010-03-31": "", "2009-12-31": "", "2009-09-30": "", "2009-06-30": "", "2009-03-31": "", "2008-12-31": "", "2008-09-30": "", "2008-06-30": "", "2008-03-31": "", "2007-12-31": "", "2007-09-30": "", "2007-06-30": "", "2007-03-31": "", "2006-12-31": "", "2006-09-30": "", "2006-06-30": "", "2006-03-31": "", "2005-12-31": "", "2005-09-30": "", "2005-06-30": "", "2005-03-31": ""}, "Pre-Tax Profit Margin": {"2020-12-31": "13.01370", "2020-09-30": "11.25860", "2020-06-30": "-29.07620", "2020-03-31": "-18.53540", "2019-12-31": "15.86190", "2019-09-30": "16.68070", "2019-06-30": "4.19070", "2019-03-31": "-0.67010", "2018-12-31": "15.32270", "2018-09-30": "15.10210", "2018-06-30": "3.22020", "2018-03-31": "", "2017-12-31": "", "2017-09-30": "16.24190", "2017-06-30": "5.98830", "2017-03-31": "10.50550", "2016-12-31": "", "2016-09-30": "17.56710", "2016-06-30": "7.52130", "2016-03-31": "11.12460", "2015-12-31": "", "2015-09-30": "17.49840", "2015-06-30": "8.18660", "2015-03-31": "13.35470", "2014-12-31": "", "2014-09-30": "17.34920", "2014-06-30": "8.30450", "2014-03-31": "13.72970", "2013-12-31": "", "2013-09-30": "16.93720", "2013-06-30": "8.06620", "2013-03-31": "12.95050", "2012-12-31": "", "2012-09-30": "16.36580", "2012-06-30": "8.55070", "2012-03-31": "11.48230", "2011-12-31": "", "2011-09-30": "14.70310", "2011-06-30": "9.31920", "2011-03-31": "13.15800", "2010-12-31": "", "2010-09-30": "15.01530", "2010-06-30": "9.50060", "2010-03-31": "11.98240", "2009-12-31": "", "2009-09-30": "14.20820", "2009-06-30": "6.72290", "2009-03-31": "8.19760", "2008-12-31": "", "2008-09-30": "14.80350", "2008-06-30": "8.67530", "2008-03-31": "12.09550", "2007-12-31": "", "2007-09-30": "15.22920", "2007-06-30": "10.52410", "2007-03-31": "12.19590", "2006-12-31": "11.96510", "2006-09-30": "15.20900", "2006-06-30": "9.89900", "2006-03-31": "12.15160", "2005-12-31": "", "2005-09-30": "14.86570", "2005-06-30": "9.44820", "2005-03-31": "10.80580"}, "Net Profit Margin": {"2020-12-31": "11.68550", "2020-09-30": "9.84240", "2020-06-30": "-26.53670", "2020-03-31": "-23.01040", "2019-12-31": "14.73520", "2019-09-30": "20.41040", "2019-06-30": "2.40030", "2019-03-31": "7.65480", "2018-12-31": "14.36030", "2018-09-30": "15.75210", "2018-06-30": "7.50340", "2018-03-31": "", "2017-12-31": "", "2017-09-30": "11.38070", "2017-06-30": "4.84390", "2017-03-31": "8.10180", "2016-12-31": "", "2016-09-30": "14.97990", "2016-06-30": "2.19850", "2016-03-31": "9.87960", "2015-12-31": "", "2015-09-30": "13.02870", "2015-06-30": "7.03800", "2015-03-31": "10.17550", "2014-12-31": "", "2014-09-30": "13.36560", "2014-06-30": "6.56440", "2014-03-31": "10.68740", "2013-12-31": "", "2013-09-30": "13.15520", "2013-06-30": "6.22740", "2013-03-31": "10.35340", "2012-12-31": "", "2012-09-30": "12.11170", "2012-06-30": "7.25080", "2012-03-31": "8.41850", "2011-12-31": "", "2011-09-30": "10.93430", "2011-06-30": "7.03040", "2011-03-31": "10.24620", "2010-12-31": "", "2010-09-30": "10.87580", "2010-06-30": "6.95280", "2010-03-31": "9.34440", "2009-12-31": "", "2009-09-30": "10.40780", "2009-06-30": "5.08380", "2009-03-31": "5.84990", "2008-12-31": "", "2008-09-30": "10.59880", "2008-06-30": "6.19850", "2008-03-31": "8.07170", "2007-12-31": "", "2007-09-30": "9.99470", "2007-06-30": "5.38170", "2007-03-31": "8.26620", "2006-12-31": "6.79230", "2006-09-30": "10.92250", "2006-06-30": "7.32860", "2006-03-31": "8.80620", "2005-12-31": "", "2005-09-30": "9.85850", "2005-06-30": "6.66270", "2005-03-31": "6.50070"}, "Asset Turnover": {"2020-12-31": "0.21620", "2020-09-30": "0.20160", "2020-06-30": "0.08620", "2020-03-31": "0.18880", "2019-12-31": "0.29180", "2019-09-30": "0.28210", "2019-06-30": "0.19710", "2019-03-31": "0.16250", "2018-12-31": "0.31380", "2018-09-30": "0.28920", "2018-06-30": "0.20970", "2018-03-31": "", "2017-12-31": "", "2017-09-30": "0.31200", "2017-06-30": "0.24730", "2017-03-31": "0.27920", "2016-12-31": "", "2016-09-30": "0.31870", "2016-06-30": "0.23990", "2016-03-31": "0.26790", "2015-12-31": "", "2015-09-30": "0.33570", "2015-06-30": "0.24820", "2015-03-31": "0.29560", "2014-12-31": "", "2014-09-30": "0.32550", "2014-06-30": "0.23510", "2014-03-31": "0.27850", "2013-12-31": "", "2013-09-30": "0.31550", "2013-06-30": "0.23250", "2013-03-31": "0.27520", "2012-12-31": "", "2012-09-30": "0.31070", "2012-06-30": "0.22720", "2012-03-31": "0.26900", "2011-12-31": "", "2011-09-30": "0.27180", "2011-06-30": "0.27060", "2011-03-31": "0.29270", "2010-12-31": "", "2010-09-30": "0.33360", "2010-06-30": "0.25210", "2010-03-31": "0.27040", "2009-12-31": "", "2009-09-30": "0.30320", "2009-06-30": "0.22110", "2009-03-31": "0.26330", "2008-12-31": "", "2008-09-30": "0.31590", "2008-06-30": "0.24740", "2008-03-31": "0.27800", "2007-12-31": "", "2007-09-30": "0.30960", "2007-06-30": "0.28030", "2007-03-31": "0.29510", "2006-12-31": "0.29250", "2006-09-30": "0.31890", "2006-06-30": "0.24990", "2006-03-31": "0.27890", "2005-12-31": "", "2005-09-30": "0.34020", "2005-06-30": "0.27710", "2005-03-31": "0.31520"}, "Inventory Turnover Ratio": {"2020-12-31": "1.25000", "2020-09-30": "0.89380", "2020-06-30": "0.36140", "2020-03-31": "0.76220", "2019-12-31": "1.07750", "2019-09-30": "0.91590", "2019-06-30": "0.64880", "2019-03-31": "0.54630", "2018-12-31": "1.04500", "2018-09-30": "0.89690", "2018-06-30": "0.66070", "2018-03-31": "", "2017-12-31": "", "2017-09-30": "0.91620", "2017-06-30": "0.68700", "2017-03-31": "0.78190", "2016-12-31": "", "2016-09-30": "0.89220", "2016-06-30": "0.71060", "2016-03-31": "0.83700", "2015-12-31": "", "2015-09-30": "0.93540", "2015-06-30": "0.75110", "2015-03-31": "0.89060", "2014-12-31": "", "2014-09-30": "0.99810", "2014-06-30": "0.76730", "2014-03-31": "0.93000", "2013-12-31": "", "2013-09-30": "0.98620", "2013-06-30": "0.75080", "2013-03-31": "0.96160", "2012-12-31": "", "2012-09-30": "0.95420", "2012-06-30": "0.73580", "2012-03-31": "0.91590", "2011-12-31": "", "2011-09-30": "0.84650", "2011-06-30": "0.77340", "2011-03-31": "0.87370", "2010-12-31": "", "2010-09-30": "0.98690", "2010-06-30": "0.76440", "2010-03-31": "0.97900", "2009-12-31": "", "2009-09-30": "0.99550", "2009-06-30": "0.68270", "2009-03-31": "0.89140", "2008-12-31": "", "2008-09-30": "0.91480", "2008-06-30": "0.70150", "2008-03-31": "0.86630", "2007-12-31": "", "2007-09-30": "0.89770", "2007-06-30": "0.71090", "2007-03-31": "0.92100", "2006-12-31": "0.94700", "2006-09-30": "0.97880", "2006-06-30": "0.73320", "2006-03-31": "0.94400", "2005-12-31": "", "2005-09-30": "0.90220", "2005-06-30": "0.71500", "2005-03-31": "0.92690"}, "Receiveable Turnover": {"2020-12-31": "2.10510", "2020-09-30": "1.62360", "2020-06-30": "1.15110", "2020-03-31": "1.60730", "2019-12-31": "2.04930", "2019-09-30": "1.69010", "2019-06-30": "1.69290", "2019-03-31": "1.22590", "2018-12-31": "2.06090", "2018-09-30": "1.64150", "2018-06-30": "1.74750", "2018-03-31": "", "2017-12-31": "", "2017-09-30": "1.86920", "2017-06-30": "1.98380", "2017-03-31": "2.05970", "2016-12-31": "", "2016-09-30": "1.91630", "2016-06-30": "2.06990", "2016-03-31": "2.15550", "2015-12-31": "", "2015-09-30": "1.91760", "2015-06-30": "2.07410", "2015-03-31": "2.21110", "2014-12-31": "", "2014-09-30": "1.99500", "2014-06-30": "2.03760", "2014-03-31": "2.12200", "2013-12-31": "", "2013-09-30": "1.98260", "2013-06-30": "2.09320", "2013-03-31": "2.16090", "2012-12-31": "", "2012-09-30": "1.95240", "2012-06-30": "2.07170", "2012-03-31": "2.11950", "2011-12-31": "", "2011-09-30": "1.77680", "2011-06-30": "2.06940", "2011-03-31": "2.19520", "2010-12-31": "", "2010-09-30": "2.03150", "2010-06-30": "2.16880", "2010-03-31": "2.22160", "2009-12-31": "", "2009-09-30": "1.89850", "2009-06-30": "1.68630", "2009-03-31": "1.73150", "2008-12-31": "", "2008-09-30": "1.67940", "2008-06-30": "1.68730", "2008-03-31": "1.64390", "2007-12-31": "", "2007-09-30": "1.63690", "2007-06-30": "1.64140", "2007-03-31": "1.66930", "2006-12-31": "1.97480", "2006-09-30": "1.67890", "2006-06-30": "1.75700", "2006-03-31": "1.77290", "2005-12-31": "", "2005-09-30": "1.91670", "2005-06-30": "1.83170", "2005-03-31": "1.87460"}, "Days Sales In Receivables": {"2020-12-31": "42.75250", "2020-09-30": "55.43140", "2020-06-30": "78.18370", "2020-03-31": "55.99480", "2019-12-31": "43.91800", "2019-09-30": "53.25050", "2019-06-30": "53.16410", "2019-03-31": "73.41770", "2018-12-31": "43.67120", "2018-09-30": "54.82860", "2018-06-30": "51.50090", "2018-03-31": "", "2017-12-31": "", "2017-09-30": "48.14940", "2017-06-30": "45.36750", "2017-03-31": "43.69570", "2016-12-31": "", "2016-09-30": "46.96520", "2016-06-30": "43.48040", "2016-03-31": "41.75290", "2015-12-31": "", "2015-09-30": "46.93430", "2015-06-30": "43.39270", "2015-03-31": "40.70400", "2014-12-31": "", "2014-09-30": "45.11280", "2014-06-30": "44.16960", "2014-03-31": "42.41340", "2013-12-31": "", "2013-09-30": "45.39530", "2013-06-30": "42.99660", "2013-03-31": "41.64890", "2012-12-31": "", "2012-09-30": "46.09780", "2012-06-30": "43.44280", "2012-03-31": "42.46350", "2011-12-31": "", "2011-09-30": "50.65200", "2011-06-30": "43.49060", "2011-03-31": "40.99780", "2010-12-31": "", "2010-09-30": "44.30150", "2010-06-30": "41.49790", "2010-03-31": "40.51220", "2009-12-31": "", "2009-09-30": "47.40600", "2009-06-30": "53.37190", "2009-03-31": "51.97740", "2008-12-31": "", "2008-09-30": "53.58980", "2008-06-30": "53.33840", "2008-03-31": "54.74760", "2007-12-31": "", "2007-09-30": "54.98090", "2007-06-30": "54.83150", "2007-03-31": "53.91350", "2006-12-31": "45.57500", "2006-09-30": "53.60790", "2006-06-30": "51.22260", "2006-03-31": "50.76310", "2005-12-31": "", "2005-09-30": "46.95630", "2005-06-30": "49.13360", "2005-03-31": "48.01010"}, "ROE - Return On Equity": {"2020-12-31": "10.44110", "2020-09-30": "8.25900", "2020-06-30": "-9.53590", "2020-03-31": "-14.38900", "2019-12-31": "9.22990", "2019-09-30": "13.45590", "2019-06-30": "1.57220", "2019-03-31": "-0.37650", "2018-12-31": "9.51300", "2018-09-30": "9.95620", "2018-06-30": "1.64470", "2018-03-31": "", "2017-12-31": "", "2017-09-30": "12.03380", "2017-06-30": "2.93860", "2017-03-31": "4.90910", "2016-12-31": "", "2016-09-30": "9.95790", "2016-06-30": "2.93630", "2016-03-31": "4.94360", "2015-12-31": "", "2015-09-30": "8.53610", "2015-06-30": "3.38130", "2015-03-31": "", "2014-12-31": "", "2014-09-30": "8.02630", "2014-06-30": "2.78920", "2014-03-31": "", "2013-12-31": "", "2013-09-30": "7.70600", "2013-06-30": "2.66730", "2013-03-31": "", "2012-12-31": "", "2012-09-30": "7.73970", "2012-06-30": "3.43550", "2012-03-31": "", "2011-12-31": "", "2011-09-30": "6.75830", "2011-06-30": "3.03400", "2011-03-31": "", "2010-12-31": "", "2010-09-30": "6.17660", "2010-06-30": "3.05630", "2010-03-31": "", "2009-12-31": "", "2009-09-30": "5.65280", "2009-06-30": "2.05770", "2009-03-31": "", "2008-12-31": "", "2008-09-30": "6.05900", "2008-06-30": "2.81290", "2008-03-31": "", "2007-12-31": "", "2007-09-30": "6.21530", "2007-06-30": "3.33020", "2007-03-31": "4.12800", "2006-12-31": "4.33030", "2006-09-30": "5.95420", "2006-06-30": "3.06560", "2006-03-31": "4.14410", "2005-12-31": "", "2005-09-30": "6.47220", "2005-06-30": "3.65270", "2005-03-31": ""}, "Return On Tangible Equity": {"2020-12-31": "399.97480", "2020-09-30": "-306.47240", "2020-06-30": "262.58440", "2020-03-31": "-139.31020", "2019-12-31": "35.43150", "2019-09-30": "47.73880", "2019-06-30": "8.82550", "2019-03-31": "-1.79920", "2018-12-31": "53.74860", "2018-09-30": "68.60940", "2018-06-30": "862.25370", "2018-03-31": "", "2017-12-31": "", "2017-09-30": "70.67940", "2017-06-30": "24.86760", "2017-03-31": "25.44080", "2016-12-31": "", "2016-09-30": "41.22600", "2016-06-30": "14.22160", "2016-03-31": "20.84710", "2015-12-31": "", "2015-09-30": "29.33220", "2015-06-30": "14.22800", "2015-03-31": "", "2014-12-31": "", "2014-09-30": "43.29340", "2014-06-30": "22.11420", "2014-03-31": "", "2013-12-31": "", "2013-09-30": "64.28100", "2013-06-30": "47.09980", "2013-03-31": "", "2012-12-31": "", "2012-09-30": "54764.32000", "2012-06-30": "-38.79670", "2012-03-31": "", "2011-12-31": "", "2011-09-30": "-50.56910", "2011-06-30": "8.52030", "2011-03-31": "", "2010-12-31": "", "2010-09-30": "23.10570", "2010-06-30": "13.66930", "2010-03-31": "", "2009-12-31": "", "2009-09-30": "26.63250", "2009-06-30": "12.02960", "2009-03-31": "", "2008-12-31": "", "2008-09-30": "20.37650", "2008-06-30": "10.88660", "2008-03-31": "", "2007-12-31": "", "2007-09-30": "31.38140", "2007-06-30": "8.30200", "2007-03-31": "9.80000", "2006-12-31": "9.56290", "2006-09-30": "13.82610", "2006-06-30": "7.57300", "2006-03-31": "10.45840", "2005-12-31": "", "2005-09-30": "19.30960", "2005-06-30": "12.10260", "2005-03-31": ""}, "ROA - Return On Assets": {"2020-12-31": "2.38400", "2020-09-30": "1.87960", "2020-06-30": "-2.22570", "2020-03-31": "-4.33910", "2019-12-31": "3.89840", "2019-09-30": "5.54890", "2019-06-30": "0.62750", "2019-03-31": "-0.15620", "2018-12-31": "3.97810", "2018-09-30": "3.73860", "2018-06-30": "0.60210", "2018-03-31": "", "2017-12-31": "", "2017-09-30": "4.35700", "2017-06-30": "1.16740", "2017-03-31": "2.32180", "2016-12-31": "", "2016-09-30": "4.64640", "2016-06-30": "1.41090", "2016-03-31": "2.46060", "2015-12-31": "", "2015-09-30": "4.35300", "2015-06-30": "1.71670", "2015-03-31": "", "2014-12-31": "", "2014-09-30": "4.35040", "2014-06-30": "1.54360", "2014-03-31": "", "2013-12-31": "", "2013-09-30": "4.15000", "2013-06-30": "1.44800", "2013-03-31": "", "2012-12-31": "", "2012-09-30": "3.76360", "2012-06-30": "1.64890", "2012-03-31": "", "2011-12-31": "", "2011-09-30": "2.97870", "2011-06-30": "1.90530", "2011-03-31": "", "2010-12-31": "", "2010-09-30": "3.63550", "2010-06-30": "1.76280", "2010-03-31": "", "2009-12-31": "", "2009-09-30": "3.15750", "2009-06-30": "1.11590", "2009-03-31": "", "2008-12-31": "", "2008-09-30": "3.35110", "2008-06-30": "1.53410", "2008-03-31": "", "2007-12-31": "", "2007-09-30": "3.12600", "2007-06-30": "1.95450", "2007-03-31": "2.36440", "2006-12-31": "2.58690", "2006-09-30": "3.27590", "2006-06-30": "1.65650", "2006-03-31": "2.26360", "2005-12-31": "", "2005-09-30": "3.35340", "2005-06-30": "1.84630", "2005-03-31": ""}, "ROI - Return On Investment": {"2020-12-31": "3.67140", "2020-09-30": "2.82030", "2020-06-30": "-3.25900", "2020-03-31": "-8.09790", "2019-12-31": "6.31290", "2019-09-30": "9.28060", "2019-06-30": "1.03960", "2019-03-31": "-0.25230", "2018-12-31": "6.35690", "2018-09-30": "6.57370", "2018-06-30": "1.04220", "2018-03-31": "", "2017-12-31": "", "2017-09-30": "7.79100", "2017-06-30": "1.86050", "2017-03-31": "3.34150", "2016-12-31": "", "2016-09-30": "6.72060", "2016-06-30": "2.25640", "2016-03-31": "3.84320", "2015-12-31": "", "2015-09-30": "6.76750", "2015-06-30": "2.63680", "2015-03-31": "", "2014-12-31": "", "2014-09-30": "6.45740", "2014-06-30": "2.22760", "2014-03-31": "", "2013-12-31": "", "2013-09-30": "6.14740", "2013-06-30": "2.09130", "2013-03-31": "", "2012-12-31": "", "2012-09-30": "5.99880", "2012-06-30": "2.44590", "2012-03-31": "", "2011-12-31": "", "2011-09-30": "4.79020", "2011-06-30": "2.48920", "2011-03-31": "", "2010-12-31": "", "2010-09-30": "4.99000", "2010-06-30": "2.43160", "2010-03-31": "", "2009-12-31": "", "2009-09-30": "4.54610", "2009-06-30": "1.56740", "2009-03-31": "", "2008-12-31": "", "2008-09-30": "4.67630", "2008-06-30": "2.14880", "2008-03-31": "", "2007-12-31": "", "2007-09-30": "4.59570", "2007-06-30": "2.79950", "2007-03-31": "3.45270", "2006-12-31": "3.62500", "2006-09-30": "4.90830", "2006-06-30": "2.47760", "2006-03-31": "3.33720", "2005-12-31": "", "2005-09-30": "5.43850", "2005-06-30": "3.01600", "2005-03-31": ""}, "Book Value Per Share": {"2020-12-31": "8.02630", "2020-09-30": "7.55260", "2020-06-30": "7.47510", "2020-03-31": "8.63480", "2019-12-31": "11.57740", "2019-09-30": "11.65210", "2019-06-30": "10.43320", "2019-03-31": "10.83230", "2018-12-31": "10.87470", "2018-09-30": "10.52360", "2018-06-30": "9.43370", "2018-03-31": "", "2017-12-31": "", "2017-09-30": "9.98070", "2017-06-30": "9.26580", "2017-03-31": "10.74560", "2016-12-31": "", "2016-09-30": "11.77900", "2016-06-30": "11.19150", "2016-03-31": "11.73590", "2015-12-31": "", "2015-09-30": "12.57760", "2015-06-30": "11.67290", "2015-03-31": "11.54040", "2014-12-31": "", "2014-09-30": "13.58130", "2014-06-30": "13.12020", "2014-03-31": "13.28550", "2013-12-31": "", "2013-09-30": "12.81560", "2013-06-30": "11.81310", "2013-03-31": "11.64450", "2012-12-31": "", "2012-09-30": "11.20370", "2012-06-30": "10.33470", "2012-03-31": "10.18260", "2011-12-31": "", "2011-09-30": "10.12870", "2011-06-30": "9.74140", "2011-03-31": "9.46310", "2010-12-31": "", "2010-09-30": "9.10430", "2010-06-30": "8.45210", "2010-03-31": "8.69440", "2009-12-31": "", "2009-09-30": "8.70280", "2009-06-30": "8.25520", "2009-03-31": "8.10280", "2008-12-31": "", "2008-09-30": "8.79300", "2008-06-30": "8.49760", "2008-03-31": "8.38450", "2007-12-31": "", "2007-09-30": "7.67240", "2007-06-30": "7.23950", "2007-03-31": "7.30950", "2006-12-31": "7.27630", "2006-09-30": "7.02090", "2006-06-30": "6.60120", "2006-03-31": "6.52210", "2005-12-31": "", "2005-09-30": "6.25730", "2005-06-30": "5.96040", "2005-03-31": "5.90880"}, "Operating Cash Flow Per Share": {"2020-12-31": 2.6954, "2020-09-30": 0.2199, "2020-06-30": "-0.00820", "2020-03-31": 0.0843, "2019-12-31": 3.011, "2019-09-30": -0.7439, "2019-06-30": "-0.16470", "2019-03-31": 0.5616, "2018-12-31": 3.3377, "2018-09-30": -0.4375, "2018-06-30": "0.69360", "2018-03-31": 0, "2017-12-31": -0.5457, "2017-09-30": 0.0323, "2017-06-30": "0.51340", "2017-03-31": -0.5052, "2016-12-31": -0.1126, "2016-09-30": 0.0733, "2016-06-30": "0.03930", "2016-03-31": -0.3392, "2015-12-31": 0.6494, "2015-09-30": -0.0626, "2015-06-30": "-0.58680", "2015-03-31": -0.9236, "2014-12-31": -0.8383, "2014-09-30": 0.336, "2014-06-30": "0.50230", "2014-03-31": 0.0306, "2013-12-31": -0.9382, "2013-09-30": 0.2847, "2013-06-30": "0.65350", "2013-03-31": 0.0261, "2012-12-31": -0.2301, "2012-09-30": 0.0657, "2012-06-30": "0.16440", "2012-03-31": -0.2486, "2011-12-31": 0.0646, "2011-09-30": 0.0308, "2011-06-30": "-0.09540", "2011-03-31": -0.0747, "2010-12-31": -1.0272, "2010-09-30": 0.3291, "2010-06-30": "0.69810", "2010-03-31": 0.4124, "2009-12-31": -0.5882, "2009-09-30": 0.3979, "2009-06-30": "0.19030", "2009-03-31": -0.0796, "2008-12-31": -0.1321, "2008-09-30": -0.0083, "2008-06-30": "0.14040", "2008-03-31": -0.1139, "2007-12-31": -0.3394, "2007-09-30": 0.16, "2007-06-30": "0.17940", "2007-03-31": -0.0434, "2006-12-31": -0.0512, "2006-09-30": 0.0957, "2006-06-30": "-0.04450", "2006-03-31": -0.2382, "2005-12-31": -0.3102, "2005-09-30": 0.2604, "2005-06-30": "0.04980", "2005-03-31": -0.0647}, "Free Cash Flow Per Share": {"2020-12-31": 2.5949, "2020-09-30": 0.1093, "2020-06-30": "-0.18520", "2020-03-31": -0.1886, "2019-12-31": 2.8243, "2019-09-30": -0.892, "2019-06-30": "-0.27760", "2019-03-31": 0.4737, "2018-12-31": 3.2092, "2018-09-30": -0.6036, "2018-06-30": "0.53730", "2018-03-31": 0, "2017-12-31": -0.3355, "2017-09-30": -0.6045, "2017-06-30": "0.94000", "2017-03-31": -0.6035, "2016-12-31": 0.1974, "2016-09-30": -0.0409, "2016-06-30": "-0.15650", "2016-03-31": -0.4239, "2015-12-31": 1.0835, "2015-09-30": -0.2053, "2015-06-30": "-0.87820", "2015-03-31": -0.9997, "2014-12-31": -0.4462, "2014-09-30": 0.1631, "2014-06-30": "0.28310", "2014-03-31": -0.0799, "2013-12-31": -0.4816, "2013-09-30": 0.1767, "2013-06-30": "0.30490", "2013-03-31": -0.2022, "2012-12-31": 0.1966, "2012-09-30": -0.0935, "2012-06-30": "-0.10310", "2012-03-31": -0.3044, "2011-12-31": 0.2846, "2011-09-30": -0.0449, "2011-06-30": "-0.23970", "2011-03-31": -0.151, "2010-12-31": -0.8587, "2010-09-30": 0.2631, "2010-06-30": "0.59560", "2010-03-31": 0.3736, "2009-12-31": -0.4595, "2009-09-30": 0.3513, "2009-06-30": "0.10820", "2009-03-31": -0.1179, "2008-12-31": 0.0532, "2008-09-30": -0.0721, "2008-06-30": "0.01890", "2008-03-31": -0.1568, "2007-12-31": -0.1896, "2007-09-30": 0.1148, "2007-06-30": "0.07480", "2007-03-31": -0.0927, "2006-12-31": 0.1183, "2006-09-30": 0.0484, "2006-06-30": "-0.16670", "2006-03-31": -0.2894, "2005-12-31": -0.1441, "2005-09-30": 0.2062, "2005-06-30": "-0.06210", "2005-03-31": -0.1282}}, "revenue": {"V.F Annual Revenue (Millions of US $)": {"2020": "$10,489", "2019": "$10,267", "2018": "$", "2017": "$8,395", "2016": "$11,026", "2015": "$10,996", "2014": "$11,882", "2013": "$11,420", "2012": "$10,880", "2011": "$9,459", "2010": "$7,703", "2009": "$7,220", "2008": "$7,643", "2007": "$7,219", "2006": "$6,216", "2005": "$5,654"}, "V.F Quarterly Revenue (Millions of US $)": {"2020-12-31": "$2,972", "2020-09-30": "$2,608", "2020-06-30": "$1,076", "2020-03-31": "$2,102", "2019-12-31": "$3,156", "2019-09-30": "$3,180", "2019-06-30": "$2,051", "2019-03-31": "$1,683", "2018-12-31": "$3,228", "2018-09-30": "$3,219", "2018-06-30": "$2,137", "2018-03-31": "", "2017-12-31": "", "2017-09-30": "$3,393", "2017-06-30": "$2,269", "2017-03-31": "$2,582", "2016-12-31": "", "2016-09-30": "$3,328", "2016-06-30": "$2,320", "2016-03-31": "$2,634", "2015-12-31": "", "2015-09-30": "$3,530", "2015-06-30": "$2,427", "2015-03-31": "$2,837", "2014-12-31": "", "2014-09-30": "$3,520", "2014-06-30": "$2,402", "2014-03-31": "$2,781", "2013-12-31": "", "2013-09-30": "$3,297", "2013-06-30": "$2,220", "2013-03-31": "$2,612", "2012-12-31": "", "2012-09-30": "$3,148", "2012-06-30": "$2,142", "2012-03-31": "$2,556", "2011-12-31": "", "2011-09-30": "$2,750", "2011-06-30": "$1,840", "2011-03-31": "$1,959", "2010-12-31": "", "2010-09-30": "$2,232", "2010-06-30": "$1,594", "2010-03-31": "$1,750", "2009-12-31": "", "2009-09-30": "$2,094", "2009-06-30": "$1,486", "2009-03-31": "$1,725", "2008-12-31": "", "2008-09-30": "$2,207", "2008-06-30": "$1,677", "2008-03-31": "$1,846", "2007-12-31": "", "2007-09-30": "$2,073", "2007-06-30": "$1,517", "2007-03-31": "$1,674", "2006-12-31": "", "2006-09-30": "$1,810", "2006-06-30": "$1,351", "2006-03-31": "$1,456", "2005-12-31": "", "2005-09-30": "$1,822", "2005-06-30": "$1,452", "2005-03-31": "$1,582"}}, "gross-profit": {"V.F Annual Gross Profit (Millions of US $)": {"2020": "$5,798", "2019": "$5,611", "2018": "$", "2017": "$4,545", "2016": "$5,436", "2015": "$5,393", "2014": "$5,769", "2013": "$5,488", "2012": "$5,062", "2011": "$4,331", "2010": "$3,597", "2009": "$3,195", "2008": "$3,359", "2007": "$3,139", "2006": "$2,700", "2005": "$2,445"}, "V.F Quarterly Gross Profit (Millions of US $)": {"2020-12-31": "$1,627", "2020-09-30": "$1,326", "2020-06-30": "$569", "2020-03-31": "$1,116", "2019-12-31": "$1,804", "2019-09-30": "$1,723", "2019-06-30": "$1,154", "2019-03-31": "$1,042", "2018-12-31": "$1,763", "2018-09-30": "$1,674", "2018-06-30": "$1,132", "2018-03-31": "", "2017-12-31": "", "2017-09-30": "$1,704", "2017-06-30": "$1,126", "2017-03-31": "$1,295", "2016-12-31": "", "2016-09-30": "$1,635", "2016-06-30": "$1,135", "2016-03-31": "$1,284", "2015-12-31": "", "2015-09-30": "$1,685", "2015-06-30": "$1,166", "2015-03-31": "$1,391", "2014-12-31": "", "2014-09-30": "$1,702", "2014-06-30": "$1,163", "2014-03-31": "$1,374", "2013-12-31": "", "2013-09-30": "$1,569", "2013-06-30": "$1,077", "2013-03-31": "$1,257", "2012-12-31": "", "2012-09-30": "$1,470", "2012-06-30": "$986", "2012-03-31": "$1,168", "2011-12-31": "", "2011-09-30": "$1,245", "2011-06-30": "$846", "2011-03-31": "$925", "2010-12-31": "", "2010-09-30": "$1,037", "2010-06-30": "$752", "2010-03-31": "$818", "2009-12-31": "", "2009-09-30": "$928", "2009-06-30": "$652", "2009-03-31": "$729", "2008-12-31": "", "2008-09-30": "$979", "2008-06-30": "$735", "2008-03-31": "$832", "2007-12-31": "", "2007-09-30": "$910", "2007-06-30": "$652", "2007-03-31": "$728", "2006-12-31": "", "2006-09-30": "$792", "2006-06-30": "$586", "2006-03-31": "$631", "2005-12-31": "", "2005-09-30": "$766", "2005-06-30": "$610", "2005-03-31": "$667"}}, "operating-income": {"V.F Annual Operating Income (Millions of US $)": {"2020": "$928", "2019": "$1,190", "2018": "$", "2017": "$883", "2016": "$1,455", "2015": "$1,645", "2014": "$1,798", "2013": "$1,647", "2012": "$1,465", "2011": "$1,245", "2010": "$821", "2009": "$737", "2008": "$939", "2007": "$965", "2006": "$826", "2005": "$768"}, "V.F Quarterly Operating Income (Millions of US $)": {"2020-12-31": "$412", "2020-09-30": "$320", "2020-06-30": "$-247", "2020-03-31": "$-257", "2019-12-31": "$540", "2019-09-30": "$549", "2019-06-30": "$96", "2019-03-31": "$11", "2018-12-31": "$521", "2018-09-30": "$545", "2018-06-30": "$113", "2018-03-31": "", "2017-12-31": "", "2017-09-30": "$576", "2017-06-30": "$160", "2017-03-31": "$2,582", "2016-12-31": "", "2016-09-30": "$608", "2016-06-30": "$194", "2016-03-31": "$2,634", "2015-12-31": "", "2015-09-30": "$640", "2015-06-30": "$219", "2015-03-31": "$2,837", "2014-12-31": "", "2014-09-30": "$633", "2014-06-30": "$220", "2014-03-31": "$2,781", "2013-12-31": "", "2013-09-30": "$580", "2013-06-30": "$201", "2013-03-31": "$2,612", "2012-12-31": "", "2012-09-30": "$537", "2012-06-30": "$164", "2012-03-31": "$2,556", "2011-12-31": "", "2011-09-30": "$430", "2011-06-30": "$189", "2011-03-31": "$1,959", "2010-12-31": "", "2010-09-30": "$355", "2010-06-30": "$170", "2010-03-31": "$1,750", "2009-12-31": "", "2009-09-30": "$318", "2009-06-30": "$120", "2009-03-31": "$1,725", "2008-12-31": "", "2008-09-30": "$351", "2008-06-30": "$164", "2008-03-31": "$1,846", "2007-12-31": "", "2007-09-30": "$331", "2007-06-30": "$168", "2007-03-31": "$215", "2006-12-31": "", "2006-09-30": "$288", "2006-06-30": "$146", "2006-03-31": "$187", "2005-12-31": "", "2005-09-30": "$288", "2005-06-30": "$154", "2005-03-31": "$1,582"}}, "ebitda": {"V.F Annual EBITDA (Millions of US $)": {"2020": "$1,588", "2019": "$1,446", "2018": "$", "2017": "$1,122", "2016": "$1,817", "2015": "$2,060", "2014": "$2,470", "2013": "$1,900", "2012": "$1,703", "2011": "$1,444", "2010": "$1,196", "2009": "$1,029", "2008": "$1,105", "2007": "$1,107", "2006": "$955", "2005": "$889"}, "V.F Quarterly EBITDA (Millions of US $)": {"2020-12-31": "$582", "2020-09-30": "$500", "2020-06-30": "$-82", "2020-03-31": "$-74", "2019-12-31": "$706", "2019-09-30": "$706", "2019-06-30": "$250", "2019-03-31": "$75", "2018-12-31": "$584", "2018-09-30": "$621", "2018-06-30": "$166", "2018-03-31": "", "2017-12-31": "", "2017-09-30": "$756", "2017-06-30": "$225", "2017-03-31": "$2,582", "2016-12-31": "", "2016-09-30": "$676", "2016-06-30": "$332", "2016-03-31": "$2,634", "2015-12-31": "", "2015-09-30": "$709", "2015-06-30": "$348", "2015-03-31": "$2,837", "2014-12-31": "", "2014-09-30": "$702", "2014-06-30": "$351", "2014-03-31": "$2,781", "2013-12-31": "", "2013-09-30": "$644", "2013-06-30": "$318", "2013-03-31": "$2,612", "2012-12-31": "", "2012-09-30": "$593", "2012-06-30": "$275", "2012-03-31": "$2,556", "2011-12-31": "", "2011-09-30": "$474", "2011-06-30": "$276", "2011-03-31": "$1,959", "2010-12-31": "", "2010-09-30": "$398", "2010-06-30": "$249", "2010-03-31": "$1,750", "2009-12-31": "", "2009-09-30": "$360", "2009-06-30": "$199", "2009-03-31": "$1,725", "2008-12-31": "", "2008-09-30": "$390", "2008-06-30": "$242", "2008-03-31": "$1,846", "2007-12-31": "", "2007-09-30": "$365", "2007-06-30": "$233", "2007-03-31": "$215", "2006-12-31": "$205", "2006-09-30": "$319", "2006-06-30": "$209", "2006-03-31": "$187", "2005-12-31": "", "2005-09-30": "$321", "2005-06-30": "$217", "2005-03-31": "$1,582"}}, "net-income": {"V.F Annual Net Income (Millions of US $)": {"2020": "$679", "2019": "$1,260", "2018": "$", "2017": "$615", "2016": "$1,074", "2015": "$1,232", "2014": "$1,048", "2013": "$1,210", "2012": "$1,086", "2011": "$888", "2010": "$571", "2009": "$461", "2008": "$603", "2007": "$592", "2006": "$534", "2005": "$507"}, "V.F Quarterly Net Income (Millions of US $)": {"2020-12-31": "$347", "2020-09-30": "$257", "2020-06-30": "$-286", "2020-03-31": "$-484", "2019-12-31": "$465", "2019-09-30": "$649", "2019-06-30": "$49", "2019-03-31": "$129", "2018-12-31": "$464", "2018-09-30": "$507", "2018-06-30": "$160", "2018-03-31": "", "2017-12-31": "", "2017-09-30": "$386", "2017-06-30": "$110", "2017-03-31": "$209", "2016-12-31": "", "2016-09-30": "$498", "2016-06-30": "$51", "2016-03-31": "$260", "2015-12-31": "", "2015-09-30": "$460", "2015-06-30": "$171", "2015-03-31": "$289", "2014-12-31": "", "2014-09-30": "$471", "2014-06-30": "$158", "2014-03-31": "$297", "2013-12-31": "", "2013-09-30": "$434", "2013-06-30": "$138", "2013-03-31": "$270", "2012-12-31": "", "2012-09-30": "$381", "2012-06-30": "$155", "2012-03-31": "$215", "2011-12-31": "", "2011-09-30": "$301", "2011-06-30": "$129", "2011-03-31": "$201", "2010-12-31": "", "2010-09-30": "$243", "2010-06-30": "$111", "2010-03-31": "$164", "2009-12-31": "", "2009-09-30": "$218", "2009-06-30": "$76", "2009-03-31": "$101", "2008-12-31": "", "2008-09-30": "$234", "2008-06-30": "$104", "2008-03-31": "$149", "2007-12-31": "", "2007-09-30": "$207", "2007-06-30": "$82", "2007-03-31": "$138", "2006-12-31": "", "2006-09-30": "$198", "2006-06-30": "$99", "2006-03-31": "$128", "2005-12-31": "", "2005-09-30": "$180", "2005-06-30": "$97", "2005-03-31": "$103"}}, "eps-earnings-per-share-diluted": {"V.F Annual EPS": {"2020": "$1.70", "2019": "$3.15", "2018": "$0.00", "2017": "$1.52", "2016": "$2.54", "2015": "$2.85", "2014": "$2.38", "2013": "$2.71", "2012": "$2.43", "2011": "$2.00", "2010": "$1.30", "2009": "$1.03", "2008": "$1.36", "2007": "$1.31", "2006": "$1.18", "2005": "$1.11"}, "V.F Quarterly EPS": {"2020-12-31": "$0.88", "2020-09-30": "$0.66", "2020-06-30": "$-0.73", "2020-03-31": "$-1.19", "2019-12-31": "$1.16", "2019-09-30": "$1.61", "2019-06-30": "$0.12", "2019-03-31": "$0.33", "2018-12-31": "$1.16", "2018-09-30": "$1.26", "2018-06-30": "$0.40", "2018-03-31": "$0.00", "2017-12-31": "$0.00", "2017-09-30": "$0.97", "2017-06-30": "$0.27", "2017-03-31": "$0.50", "2016-12-31": "$0.00", "2016-09-30": "$1.19", "2016-06-30": "$0.12", "2016-03-31": "$0.61", "2015-12-31": "$0.00", "2015-09-30": "$1.07", "2015-06-30": "$0.40", "2015-03-31": "$0.67", "2014-12-31": "$0.00", "2014-09-30": "$1.08", "2014-06-30": "$0.36", "2014-03-31": "$0.67", "2013-12-31": "$0.00", "2013-09-30": "$0.97", "2013-06-30": "$0.31", "2013-03-31": "$0.60", "2012-12-31": "$0.00", "2012-09-30": "$0.86", "2012-06-30": "$0.35", "2012-03-31": "$0.48", "2011-12-31": "$0.00", "2011-09-30": "$0.67", "2011-06-30": "$0.29", "2011-03-31": "$0.46", "2010-12-31": "$0.00", "2010-09-30": "$0.56", "2010-06-30": "$0.25", "2010-03-31": "$0.37", "2009-12-31": "$0.00", "2009-09-30": "$0.49", "2009-06-30": "$0.17", "2009-03-31": "$0.23", "2008-12-31": "$0.00", "2008-09-30": "$0.53", "2008-06-30": "$0.24", "2008-03-31": "$0.33", "2007-12-31": "$0.00", "2007-09-30": "$0.46", "2007-06-30": "$0.18", "2007-03-31": "$0.30", "2006-12-31": "$0.00", "2006-09-30": "$0.44", "2006-06-30": "$0.22", "2006-03-31": "$0.29", "2005-12-31": "$0.00", "2005-09-30": "$0.39", "2005-06-30": "$0.21", "2005-03-31": "$0.22"}}, "shares-outstanding": {"V.F Annual Shares Outstanding (Millions of Shares)": {"2020": "400", "2019": "400", "2018": "", "2017": "404", "2016": "422", "2015": "432", "2014": "440", "2013": "447", "2012": "448", "2011": "445", "2010": "441", "2009": "446", "2008": "445", "2007": "453", "2006": "452", "2005": "457"}, "V.F Quarterly Shares Outstanding (Millions of Shares)": {"2020-12-31": "393", "2020-09-30": "391", "2020-06-30": "391", "2020-03-31": "400", "2019-12-31": "400", "2019-09-30": "402", "2019-06-30": "402", "2019-03-31": "400", "2018-12-31": "400", "2018-09-30": "402", "2018-06-30": "400", "2018-03-31": "", "2017-12-31": "", "2017-09-30": "397", "2017-06-30": "401", "2017-03-31": "416", "2016-12-31": "", "2016-09-30": "419", "2016-06-30": "422", "2016-03-31": "429", "2015-12-31": "", "2015-09-30": "431", "2015-06-30": "431", "2015-03-31": "434", "2014-12-31": "", "2014-09-30": "438", "2014-06-30": "437", "2014-03-31": "446", "2013-12-31": "", "2013-09-30": "446", "2013-06-30": "446", "2013-03-31": "448", "2012-12-31": "", "2012-09-30": "446", "2012-06-30": "445", "2012-03-31": "451", "2011-12-31": "", "2011-09-30": "446", "2011-06-30": "444", "2011-03-31": "440", "2010-12-31": "", "2010-09-30": "437", "2010-06-30": "442", "2010-03-31": "447", "2009-12-31": "", "2009-09-30": "449", "2009-06-30": "445", "2009-03-31": "444", "2008-12-31": "", "2008-09-30": "445", "2008-06-30": "444", "2008-03-31": "448", "2007-12-31": "", "2007-09-30": "450", "2007-06-30": "454", "2007-03-31": "459", "2006-12-31": "", "2006-09-30": "452", "2006-06-30": "450", "2006-03-31": "449", "2005-12-31": "", "2005-09-30": "457", "2005-06-30": "453", "2005-03-31": "460"}}, "total-assets": {"V.F Annual Total Assets (Millions of US $)": {"2020": "$11,133", "2019": "$10,357", "2018": "$10,311", "2017": "$9,959", "2016": "$9,739", "2015": "$9,640", "2014": "$9,845", "2013": "$10,315", "2012": "$9,633", "2011": "$9,313", "2010": "$6,458", "2009": "$6,474", "2008": "$6,434", "2007": "$6,447", "2006": "$5,466", "2005": "$5,171"}, "V.F Quarterly Total Assets (Millions of US $)": {"2020-12-31": "$13,744", "2020-09-30": "$12,941", "2020-06-30": "$12,479", "2020-03-31": "$11,133", "2019-12-31": "$10,814", "2019-09-30": "$11,270", "2019-06-30": "$10,402", "2019-03-31": "$10,357", "2018-12-31": "$10,284", "2018-09-30": "$11,130", "2018-06-30": "$10,192", "2018-03-31": "$10,311", "2017-12-31": "$0", "2017-09-30": "$10,875", "2017-06-30": "$9,174", "2017-03-31": "$9,246", "2016-12-31": "$0", "2016-09-30": "$10,443", "2016-06-30": "$9,674", "2016-03-31": "$9,832", "2015-12-31": "$0", "2015-09-30": "$10,513", "2015-06-30": "$9,777", "2015-03-31": "$9,599", "2014-12-31": "$0", "2014-09-30": "$10,816", "2014-06-30": "$10,215", "2014-03-31": "$9,985", "2013-12-31": "$0", "2013-09-30": "$10,452", "2013-06-30": "$9,550", "2013-03-31": "$9,491", "2012-12-31": "$0", "2012-09-30": "$10,132", "2012-06-30": "$9,426", "2012-03-31": "$9,503", "2011-12-31": "$0", "2011-09-30": "$10,119", "2011-06-30": "$6,800", "2011-03-31": "$6,693", "2010-12-31": "$0", "2010-09-30": "$6,691", "2010-06-30": "$6,325", "2010-03-31": "$6,472", "2009-12-31": "$0", "2009-09-30": "$6,906", "2009-06-30": "$6,719", "2009-03-31": "$6,553", "2008-12-31": "$0", "2008-09-30": "$6,984", "2008-06-30": "$6,780", "2008-03-31": "$6,642", "2007-12-31": "$0", "2007-09-30": "$6,696", "2007-06-30": "$5,413", "2007-03-31": "$5,671", "2006-12-31": "$0", "2006-09-30": "$5,676", "2006-06-30": "$5,407", "2006-03-31": "$5,219", "2005-12-31": "$0", "2005-09-30": "$5,357", "2005-06-30": "$5,240", "2005-03-31": "$5,020"}}, "cash-on-hand": {"V.F Annual Cash on Hand (Millions of US $)": {"2020": "$1,369", "2019": "$402", "2018": "$681", "2017": "$566", "2016": "$1,228", "2015": "$944", "2014": "$972", "2013": "$776", "2012": "$597", "2011": "$341", "2010": "$792", "2009": "$732", "2008": "$382", "2007": "$322", "2006": "$343", "2005": "$297"}, "V.F Quarterly Cash on Hand (Millions of US $)": {"2020-12-31": "$3,854", "2020-09-30": "$2,677", "2020-06-30": "$2,845", "2020-03-31": "$1,369", "2019-12-31": "$540", "2019-09-30": "$470", "2019-06-30": "$561", "2019-03-31": "$402", "2018-12-31": "$452", "2018-09-30": "$267", "2018-06-30": "$392", "2018-03-31": "$681", "2017-12-31": "", "2017-09-30": "$1,546", "2017-06-30": "$672", "2017-03-31": "$604", "2016-12-31": "", "2016-09-30": "$738", "2016-06-30": "$676", "2016-03-31": "$585", "2015-12-31": "", "2015-09-30": "$568", "2015-06-30": "$658", "2015-03-31": "$655", "2014-12-31": "", "2014-09-30": "$497", "2014-06-30": "$476", "2014-03-31": "$322", "2013-12-31": "", "2013-09-30": "$316", "2013-06-30": "$320", "2013-03-31": "$300", "2012-12-31": "", "2012-09-30": "$305", "2012-06-30": "$331", "2012-03-31": "$326", "2011-12-31": "", "2011-09-30": "$337", "2011-06-30": "$611", "2011-03-31": "$673", "2010-12-31": "", "2010-09-30": "$403", "2010-06-30": "$540", "2010-03-31": "$719", "2009-12-31": "", "2009-09-30": "$379", "2009-06-30": "$385", "2009-03-31": "$276", "2008-12-31": "", "2008-09-30": "$226", "2008-06-30": "$276", "2008-03-31": "$260", "2007-12-31": "", "2007-09-30": "$194", "2007-06-30": "$178", "2007-03-31": "$174", "2006-12-31": "", "2006-09-30": "$154", "2006-06-30": "$162", "2006-03-31": "$154", "2005-12-31": "", "2005-09-30": "$216", "2005-06-30": "$250", "2005-03-31": "$366"}}, "long-term-debt": {"V.F Annual Long Term Debt (Millions of US $)": {"2020": "$2,608", "2019": "$2,116", "2018": "$2,213", "2017": "$2,188", "2016": "$2,039", "2015": "$1,402", "2014": "$1,414", "2013": "$1,427", "2012": "$1,429", "2011": "$1,832", "2010": "$936", "2009": "$938", "2008": "$1,142", "2007": "$1,145", "2006": "$635", "2005": "$648"}, "V.F Quarterly Long Term Debt (Millions of US $)": {"2020-12-31": "$5,787", "2020-09-30": "$5,679", "2020-06-30": "$5,610", "2020-03-31": "$2,608", "2019-12-31": "$2,110", "2019-09-30": "$2,091", "2019-06-30": "$2,127", "2019-03-31": "$2,116", "2018-12-31": "$2,135", "2018-09-30": "$2,151", "2018-06-30": "$2,157", "2018-03-31": "$2,213", "2017-12-31": "", "2017-09-30": "$2,144", "2017-06-30": "$2,112", "2017-03-31": "$2,051", "2016-12-31": "", "2016-09-30": "$2,347", "2016-06-30": "$1,401", "2016-03-31": "$1,401", "2015-12-31": "", "2015-09-30": "$1,401", "2015-06-30": "$1,402", "2015-03-31": "$1,413", "2014-12-31": "", "2014-09-30": "$1,424", "2014-06-30": "$1,425", "2014-03-31": "$1,426", "2013-12-31": "", "2013-09-30": "$1,427", "2013-06-30": "$1,428", "2013-03-31": "$1,428", "2012-12-31": "", "2012-09-30": "$1,430", "2012-06-30": "$1,830", "2012-03-31": "$1,831", "2011-12-31": "", "2011-09-30": "$1,832", "2011-06-30": "$935", "2011-03-31": "$935", "2010-12-31": "", "2010-09-30": "$937", "2010-06-30": "$937", "2010-03-31": "$938", "2009-12-31": "", "2009-09-30": "$939", "2009-06-30": "$1,140", "2009-03-31": "$1,140", "2008-12-31": "", "2008-09-30": "$1,142", "2008-06-30": "$1,143", "2008-03-31": "$1,144", "2007-12-31": "", "2007-09-30": "$1,187", "2007-06-30": "$602", "2007-03-31": "$635", "2006-12-31": "", "2006-09-30": "$665", "2006-06-30": "$693", "2006-03-31": "$689", "2005-12-31": "", "2005-09-30": "$528", "2005-06-30": "$559", "2005-03-31": "$559"}}, "total-liabilities": {"V.F Annual Total Liabilities (Millions of US $)": {"2020": "$7,776", "2019": "$6,058", "2018": "$6,623", "2017": "$6,239", "2016": "$4,798", "2015": "$4,255", "2014": "$4,214", "2013": "$4,238", "2012": "$4,507", "2011": "$4,788", "2010": "$2,596", "2009": "$2,661", "2008": "$2,877", "2007": "$2,870", "2006": "$2,201", "2005": "$2,363"}, "V.F Quarterly Total Liabilities (Millions of US $)": {"2020-12-31": "$10,606", "2020-09-30": "$9,996", "2020-06-30": "$9,566", "2020-03-31": "$7,776", "2019-12-31": "$6,247", "2019-09-30": "$6,623", "2019-06-30": "$6,250", "2019-03-31": "$6,058", "2018-12-31": "$5,984", "2018-09-30": "$6,951", "2018-06-30": "$6,461", "2018-03-31": "$6,623", "2017-12-31": "", "2017-09-30": "$6,938", "2017-06-30": "$5,529", "2017-03-31": "$4,873", "2016-12-31": "", "2016-09-30": "$5,570", "2016-06-30": "$5,026", "2016-03-31": "$4,938", "2015-12-31": "", "2015-09-30": "$5,152", "2015-06-30": "$4,813", "2015-03-31": "$4,694", "2014-12-31": "", "2014-09-30": "$4,954", "2014-06-30": "$4,562", "2014-03-31": "$4,230", "2013-12-31": "", "2013-09-30": "$4,823", "2013-06-30": "$4,366", "2013-03-31": "$4,402", "2012-12-31": "", "2012-09-30": "$5,205", "2012-06-30": "$4,902", "2012-03-31": "$5,052", "2011-12-31": "", "2011-09-30": "$5,659", "2011-06-30": "$2,530", "2011-03-31": "$2,567", "2010-12-31": "", "2010-09-30": "$2,753", "2010-06-30": "$2,677", "2010-03-31": "$2,647", "2009-12-31": "", "2009-09-30": "$3,049", "2009-06-30": "$3,075", "2009-03-31": "$2,978", "2008-12-31": "", "2008-09-30": "$3,121", "2008-06-30": "$3,083", "2008-03-31": "$2,989", "2007-12-31": "", "2007-09-30": "$3,328", "2007-06-30": "$2,236", "2007-03-31": "$2,423", "2006-12-31": "", "2006-09-30": "$2,553", "2006-06-30": "$2,485", "2006-03-31": "$2,368", "2005-12-31": "", "2005-09-30": "$2,581", "2005-06-30": "$2,591", "2005-03-31": "$2,377"}}, "total-share-holder-equity": {"V.F Annual Share Holder Equity (Millions of US $)": {"2020": "$3,357", "2019": "$4,299", "2018": "$3,688", "2017": "$3,720", "2016": "$4,941", "2015": "$5,385", "2014": "$5,631", "2013": "$6,077", "2012": "$5,126", "2011": "$4,525", "2010": "$3,861", "2009": "$3,813", "2008": "$3,557", "2007": "$3,577", "2006": "$3,265", "2005": "$2,808"}, "V.F Quarterly Share Holder Equity (Millions of US $)": {"2020-12-31": "$3,138", "2020-09-30": "$2,945", "2020-06-30": "$2,913", "2020-03-31": "$3,357", "2019-12-31": "$4,568", "2019-09-30": "$4,648", "2019-06-30": "$4,152", "2019-03-31": "$4,299", "2018-12-31": "$4,301", "2018-09-30": "$4,180", "2018-06-30": "$3,731", "2018-03-31": "$3,688", "2017-12-31": "", "2017-09-30": "$3,937", "2017-06-30": "$3,644", "2017-03-31": "$4,373", "2016-12-31": "", "2016-09-30": "$4,873", "2016-06-30": "$4,648", "2016-03-31": "$4,894", "2015-12-31": "", "2015-09-30": "$5,361", "2015-06-30": "$4,964", "2015-03-31": "$4,904", "2014-12-31": "", "2014-09-30": "$5,862", "2014-06-30": "$5,653", "2014-03-31": "$5,755", "2013-12-31": "", "2013-09-30": "$5,629", "2013-06-30": "$5,184", "2013-03-31": "$5,089", "2012-12-31": "", "2012-09-30": "$4,927", "2012-06-30": "$4,524", "2012-03-31": "$4,452", "2011-12-31": "", "2011-09-30": "$4,460", "2011-06-30": "$4,271", "2011-03-31": "$4,126", "2010-12-31": "", "2010-09-30": "$3,938", "2010-06-30": "$3,648", "2010-03-31": "$3,825", "2009-12-31": "", "2009-09-30": "$3,858", "2009-06-30": "$3,644", "2009-03-31": "$3,574", "2008-12-31": "", "2008-09-30": "$3,863", "2008-06-30": "$3,698", "2008-03-31": "$3,653", "2007-12-31": "", "2007-09-30": "$3,368", "2007-06-30": "$3,177", "2007-03-31": "$3,248", "2006-12-31": "", "2006-09-30": "$3,123", "2006-06-30": "$2,921", "2006-03-31": "$2,851", "2005-12-31": "", "2005-09-30": "$2,775", "2005-06-30": "$2,649", "2005-03-31": "$2,643"}}, "profit-margins": {"current": "-1.89%"}, "gross margin": {"2020-12-31": "52.96%", "2020-09-30": "53.85%", "2020-06-30": "54.78%", "2020-03-31": "55.27%", "2019-12-31": "56.83%", "2019-09-30": "56.02%", "2019-06-30": "55.33%", "2019-03-31": "54.65%", "2018-06-30": "51.28%", "2017-06-30": "49.59%", "2017-03-31": "49.39%", "2016-06-30": "48.37%", "2016-03-31": "48.13%", "2015-06-30": "48.49%", "2015-03-31": "48.59%", "2014-06-30": "48.42%", "2014-03-31": "48.45%", "2013-06-30": "47.67%", "2013-03-31": "46.99%", "2012-06-30": "45.64%", "2012-03-31": "45.61%", "2011-06-30": "46.56%", "2011-03-31": "46.91%", "2010-06-30": "45.94%", "2010-03-31": "44.99%", "2009-06-30": "43.56%", "2009-03-31": "43.56%", "2008-06-30": "44.26%", "2008-03-31": "44.04%", "2007-06-30": "43.43%", "2007-03-31": "43.56%", "2006-06-30": "42.84%", "2006-03-31": "42.43%"}, "operating margin": {"2020-12-31": "2.60%", "2020-09-30": "3.98%", "2020-06-30": "6.15%", "2020-03-31": "8.85%", "2019-12-31": "11.88%", "2019-09-30": "11.61%", "2019-06-30": "11.52%", "2019-03-31": "11.59%", "2018-06-30": "12.46%", "2017-06-30": "40.96%", "2017-03-31": "41.12%", "2016-06-30": "40.88%", "2016-03-31": "40.66%", "2015-06-30": "42.00%", "2015-03-31": "42.13%", "2014-06-30": "42.23%", "2014-03-31": "42.93%", "2013-06-30": "41.98%", "2013-03-31": "41.93%", "2012-06-30": "42.29%", "2012-03-31": "44.43%", "2011-06-30": "41.50%", "2011-03-31": "42.94%", "2010-06-30": "41.15%", "2010-03-31": "41.05%", "2009-06-30": "40.53%", "2009-03-31": "39.94%", "2008-06-30": "41.83%", "2008-03-31": "43.14%", "2007-06-30": "13.42%", "2007-03-31": "13.42%", "2006-06-30": "13.42%", "2006-03-31": "13.30%"}, "ebitda margin": {"2020-12-31": "10.57%", "2020-09-30": "11.74%", "2020-06-30": "13.20%", "2020-03-31": "15.14%", "2019-12-31": "17.25%", "2019-09-30": "15.92%", "2019-06-30": "15.03%", "2019-03-31": "14.08%", "2018-06-30": "16.67%", "2017-06-30": "42.58%", "2017-03-31": "43.62%", "2016-06-30": "43.32%", "2016-03-31": "42.96%", "2015-06-30": "44.25%", "2015-03-31": "44.41%", "2014-06-30": "44.53%", "2014-03-31": "45.11%", "2013-06-30": "44.15%", "2013-03-31": "44.04%", "2012-06-30": "44.37%", "2012-03-31": "46.26%", "2011-06-30": "43.66%", "2011-03-31": "45.05%", "2010-06-30": "43.38%", "2010-03-31": "43.32%", "2009-06-30": "42.71%", "2009-03-31": "42.02%", "2008-06-30": "43.83%", "2008-03-31": "44.96%", "2007-06-30": "19.44%", "2007-03-31": "19.61%", "2006-06-30": "15.49%", "2006-03-31": "15.33%"}, "pre tax profit margin": {"2020-12-31": "-0.25%", "2020-09-30": "1.03%", "2020-06-30": "3.45%", "2020-03-31": "6.93%", "2019-12-31": "10.98%", "2019-09-30": "10.85%", "2019-06-30": "10.37%", "2019-03-31": "10.12%", "2018-06-30": "11.21%", "2017-06-30": "12.13%", "2017-03-31": "12.53%", "2016-06-30": "12.80%", "2016-03-31": "12.92%", "2015-06-30": "13.54%", "2015-03-31": "13.57%", "2014-06-30": "13.43%", "2014-03-31": "13.49%", "2013-06-30": "12.93%", "2013-03-31": "13.11%", "2012-06-30": "11.83%", "2012-03-31": "12.16%", "2011-06-30": "12.67%", "2011-03-31": "12.86%", "2010-06-30": "12.10%", "2010-03-31": "11.39%", "2009-06-30": "10.48%", "2009-03-31": "10.95%", "2008-06-30": "12.24%", "2008-03-31": "12.86%", "2007-06-30": "12.78%", "2007-03-31": "12.68%", "2006-06-30": "12.57%", "2006-03-31": "12.37%"}, "net profit margin": {"2020-12-31": "-1.90%", "2020-09-30": "-0.54%", "2020-06-30": "3.62%", "2020-03-31": "6.47%", "2019-12-31": "12.83%", "2019-09-30": "12.73%", "2019-06-30": "11.29%", "2019-03-31": "12.27%", "2018-06-30": "9.87%", "2017-06-30": "9.99%", "2017-03-31": "9.21%", "2016-06-30": "9.09%", "2016-03-31": "10.37%", "2015-06-30": "10.60%", "2015-03-31": "10.48%", "2014-06-30": "10.48%", "2014-03-31": "10.47%", "2013-06-30": "9.89%", "2013-03-31": "10.20%", "2012-06-30": "9.01%", "2012-03-31": "9.03%", "2011-06-30": "9.50%", "2011-03-31": "9.59%", "2010-06-30": "9.07%", "2010-03-31": "8.59%", "2009-06-30": "7.59%", "2009-03-31": "7.83%", "2008-06-30": "8.22%", "2008-03-31": "8.06%", "2007-06-30": "8.36%", "2007-03-31": "9.00%", "2006-06-30": "8.79%", "2006-03-31": "8.56%"}, "pe ratio": {"current": "71.73", "2021-02-11": "0.00", "2020-12-31": "0.00", "2020-09-30": "0.00", "2020-06-30": "73.39", "2020-03-31": "31.74", "2019-12-31": "30.20", "2019-09-30": "26.82", "2019-06-30": "29.41", "2019-03-31": "26.49", "2018-12-31": "24.07", "2018-09-30": "53.21", "2018-06-30": "55.95", "2018-03-31": "55.90", "2017-12-31": "39.52", "2017-09-30": "33.74", "2017-06-30": "26.96", "2017-03-31": "27.64", "2016-12-31": "25.09", "2016-09-30": "26.17", "2016-06-30": "30.44", "2016-03-31": "27.58", "2015-12-31": "25.62", "2015-09-30": "27.91", "2015-06-30": "28.28", "2015-03-31": "30.98", "2014-12-31": "30.68", "2014-09-30": "26.93", "2014-06-30": "26.96", "2014-03-31": "27.05", "2013-12-31": "28.14", "2013-09-30": "22.36", "2013-06-30": "23.03", "2013-03-31": "19.47", "2012-12-31": "18.70", "2012-09-30": "19.63", "2012-06-30": "18.35", "2012-03-31": "20.77", "2011-12-31": "18.26", "2011-09-30": "17.39", "2011-06-30": "16.84", "2011-03-31": "15.69", "2010-12-31": "14.69", "2010-09-30": "13.71", "2010-06-30": "12.71", "2010-03-31": "15.31", "2009-12-31": "16.04", "2009-09-30": "15.74", "2009-06-30": "11.41", "2009-03-31": "10.89", "2008-12-31": "9.32", "2008-09-30": "13.02", "2008-06-30": "12.65", "2008-03-31": "14.44", "2007-12-31": "13.10", "2007-09-30": "12.21", "2007-06-30": "14.02", "2007-03-31": "12.15", "2006-12-31": "12.17"}, "price sales": {"2021-02-11": "3.62", "2020-12-31": "3.84", "2020-09-30": "3.10", "2020-06-30": "2.53", "2020-03-31": "2.03", "2019-12-31": "3.86", "2019-09-30": "3.41", "2019-06-30": "3.31", "2019-03-31": "3.25", "2018-12-31": "3.17", "2018-09-30": "6.61", "2018-06-30": "5.52", "2018-03-31": "4.88", "2017-12-31": "3.37", "2017-09-30": "2.88", "2017-06-30": "2.67", "2017-03-31": "2.55", "2016-12-31": "2.46", "2016-09-30": "2.57", "2016-06-30": "2.76", "2016-03-31": "2.87", "2015-12-31": "2.69", "2015-09-30": "2.94", "2015-06-30": "3.01", "2015-03-31": "3.26", "2014-12-31": "3.27", "2014-09-30": "2.87", "2014-06-30": "2.82", "2014-03-31": "2.84", "2013-12-31": "2.91", "2013-09-30": "2.31", "2013-06-30": "2.27", "2013-03-31": "1.99", "2012-12-31": "1.79", "2012-09-30": "1.88", "2012-06-30": "1.65", "2012-03-31": "1.87", "2011-12-31": "1.76", "2011-09-30": "1.67", "2011-06-30": "1.60", "2011-03-31": "1.50", "2010-12-31": "1.36", "2010-09-30": "1.27", "2010-06-30": "1.15", "2010-03-31": "1.31", "2009-12-31": "1.19", "2009-09-30": "1.17", "2009-06-30": "0.86", "2009-03-31": "0.85", "2008-12-31": "0.79", "2008-09-30": "1.11", "2008-06-30": "1.04", "2008-03-31": "1.16", "2007-12-31": "1.06", "2007-09-30": "1.24", "2007-06-30": "1.48", "2007-03-31": "1.37", "2006-12-31": "1.40"}, "price book": {"current": "10.12", "2021-02-11": "10.03", "2020-12-31": "10.64", "2020-09-30": "9.25", "2020-06-30": "8.05", "2020-03-31": "6.14", "2019-12-31": "8.37", "2019-09-30": "7.39", "2019-06-30": "8.06", "2019-03-31": "7.68", "2018-12-31": "6.24", "2018-09-30": "8.39", "2018-06-30": "8.13", "2018-03-31": "0.00", "2017-12-31": "0.00", "2017-09-30": "5.88", "2017-06-30": "5.70", "2017-03-31": "4.66", "2016-12-31": "0.00", "2016-09-30": "4.27", "2016-06-30": "4.90", "2016-03-31": "4.89", "2015-12-31": "0.00", "2015-09-30": "4.75", "2015-06-30": "5.21", "2015-03-31": "5.66", "2014-12-31": "0.00", "2014-09-30": "4.18", "2014-06-30": "4.12", "2014-03-31": "3.98", "2013-12-31": "0.00", "2013-09-30": "3.28", "2013-06-30": "3.44", "2013-03-31": "3.02", "2012-12-31": "0.00", "2012-09-30": "2.95", "2012-06-30": "2.66", "2012-03-31": "2.94", "2011-12-31": "0.00", "2011-09-30": "2.44", "2011-06-30": "2.25", "2011-03-31": "2.09", "2010-12-31": "0.00", "2010-09-30": "1.76", "2010-06-30": "1.65", "2010-03-31": "1.80", "2009-12-31": "0.00", "2009-09-30": "1.60", "2009-06-30": "1.27", "2009-03-31": "1.33", "2008-12-31": "0.00", "2008-09-30": "1.62", "2008-06-30": "1.53", "2008-03-31": "1.67", "2007-12-31": "0.00", "2007-09-30": "1.88", "2007-06-30": "2.24", "2007-03-31": "1.99", "2006-12-31": "1.97", "2006-09-30": "1.80", "2006-06-30": "1.77", "2006-03-31": "1.49"}, "price fcf": {"2021-02-11": "", "2020-12-31": "$2.33", "2020-09-30": "$2.56", "2020-06-30": "$1.56", "2020-03-31": "$1.47", "2019-12-31": "$2.13", "2019-09-30": "$2.51", "2019-06-30": "$2.80", "2019-03-31": "$3.62", "2018-12-31": "$3.14", "2018-09-30": "$-0.40", "2018-06-30": "$-0.40", "2018-03-31": "$-0.00", "2017-12-31": "$-0.60", "2017-09-30": "$-0.07", "2017-06-30": "$0.49", "2017-03-31": "$-0.60", "2016-12-31": "$-0.42", "2016-09-30": "$0.46", "2016-06-30": "$0.30", "2016-03-31": "$-0.42", "2015-12-31": "$-1.00", "2015-09-30": "$-2.53", "2015-06-30": "$-2.16", "2015-03-31": "$-1.00", "2014-12-31": "$-0.08", "2014-09-30": "$-0.12", "2014-06-30": "$-0.10", "2014-03-31": "$-0.08", "2013-12-31": "$-0.20", "2013-09-30": "$0.48", "2013-06-30": "$0.21", "2013-03-31": "$-0.20", "2012-12-31": "$-0.30", "2012-09-30": "$-0.22", "2012-06-30": "$-0.17", "2012-03-31": "$-0.30", "2011-12-31": "$-0.15", "2011-09-30": "$-1.29", "2011-06-30": "$-0.99", "2011-03-31": "$-0.15", "2010-12-31": "$0.37", "2010-09-30": "$0.77", "2010-06-30": "$0.86", "2010-03-31": "$0.37", "2009-12-31": "$-0.12", "2009-09-30": "$0.39", "2009-06-30": "$-0.03", "2009-03-31": "$-0.12", "2008-12-31": "$-0.16", "2008-09-30": "$-0.40", "2008-06-30": "$-0.21", "2008-03-31": "$-0.16", "2007-12-31": "$-0.09", "2007-09-30": "$0.22", "2007-06-30": "$0.15", "2007-03-31": "$-0.09", "2006-12-31": "$-0.29"}, "net worth": {"value": "$31.75B"}, "current ratio": {"current": "2.92", "2020-12-31": "2.92", "2020-09-30": "3.21", "2020-06-30": "3.65", "2020-03-31": "1.66", "2019-12-31": "2.12", "2019-09-30": "1.99", "2019-06-30": "2.05", "2019-03-31": "1.76", "2018-12-31": "1.80", "2018-09-30": "1.54", "2018-06-30": "1.45", "2018-03-31": "1.49", "2017-12-31": "0.00", "2017-09-30": "1.47", "2017-06-30": "1.60", "2017-03-31": "2.23", "2016-12-31": "0.00", "2016-09-30": "2.21", "2016-06-30": "1.53", "2016-03-31": "1.57", "2015-12-31": "0.00", "2015-09-30": "1.72", "2015-06-30": "1.66", "2015-03-31": "1.73", "2014-12-31": "0.00", "2014-09-30": "2.00", "2014-06-30": "2.02", "2014-03-31": "2.29", "2013-12-31": "0.00", "2013-09-30": "1.99", "2013-06-30": "2.01", "2013-03-31": "1.91", "2012-12-31": "0.00", "2012-09-30": "1.64", "2012-06-30": "1.89", "2012-03-31": "1.77", "2011-12-31": "0.00", "2011-09-30": "1.48", "2011-06-30": "3.00", "2011-03-31": "2.85", "2010-12-31": "0.00", "2010-09-30": "2.49", "2010-06-30": "2.33", "2010-03-31": "2.50", "2009-12-31": "0.00", "2009-09-30": "2.16", "2009-06-30": "2.34", "2009-03-31": "2.39", "2008-12-31": "0.00", "2008-09-30": "2.20", "2008-06-30": "2.13", "2008-03-31": "2.24", "2007-12-31": "0.00", "2007-09-30": "1.92", "2007-06-30": "2.38", "2007-03-31": "2.16", "2006-12-31": "0.00", "2006-09-30": "2.22", "2006-06-30": "2.15", "2006-03-31": "2.17", "2005-12-31": "0.00", "2005-09-30": "1.75", "2005-06-30": "1.68", "2005-03-31": "1.89"}, "quick ratio": {"2020-12-31": "2.49", "2020-09-30": "2.52", "2020-06-30": "2.83", "2020-03-31": "1.24", "2019-12-31": "1.48", "2019-09-30": "1.33", "2019-06-30": "1.34", "2019-03-31": "1.32", "2018-12-31": "1.25", "2018-09-30": "1.05", "2018-06-30": "0.94", "2018-03-31": "0.90", "2017-12-31": "0.00", "2017-09-30": "0.99", "2017-06-30": "0.92", "2017-03-31": "1.33", "2016-12-31": "0.00", "2016-09-30": "1.34", "2016-06-30": "0.90", "2016-03-31": "0.93", "2015-12-31": "0.00", "2015-09-30": "1.01", "2015-06-30": "0.97", "2015-03-31": "1.01", "2014-12-31": "0.00", "2014-09-30": "1.19", "2014-06-30": "1.16", "2014-03-31": "1.31", "2013-12-31": "0.00", "2013-09-30": "1.14", "2013-06-30": "1.08", "2013-03-31": "1.09", "2012-12-31": "0.00", "2012-09-30": "0.92", "2012-06-30": "1.00", "2012-03-31": "0.97", "2011-12-31": "0.00", "2011-09-30": "0.81", "2011-06-30": "1.74", "2011-03-31": "1.70", "2010-12-31": "0.00", "2010-09-30": "1.45", "2010-06-30": "1.34", "2010-03-31": "1.60", "2009-12-31": "0.00", "2009-09-30": "1.30", "2009-06-30": "1.29", "2009-03-31": "1.37", "2008-12-31": "0.00", "2008-09-30": "1.25", "2008-06-30": "1.12", "2008-03-31": "1.30", "2007-12-31": "0.00", "2007-09-30": "1.09", "2007-06-30": "1.24", "2007-03-31": "1.33", "2006-12-31": "0.00", "2006-09-30": "1.39", "2006-06-30": "1.26", "2006-03-31": "1.36", "2005-12-31": "0.00", "2005-09-30": "0.94", "2005-06-30": "0.86", "2005-03-31": "1.10"}, "debt equity ratio": {"current": "1.84", "2020-12-31": "3.38", "2020-09-30": "3.39", "2020-06-30": "3.29", "2020-03-31": "2.32", "2019-12-31": "1.37", "2019-09-30": "1.43", "2019-06-30": "1.51", "2019-03-31": "1.41", "2018-12-31": "1.39", "2018-09-30": "1.66", "2018-06-30": "1.73", "2018-03-31": "1.80", "2017-12-31": "0.00", "2017-09-30": "1.76", "2017-06-30": "1.52", "2017-03-31": "1.11", "2016-12-31": "0.00", "2016-09-30": "1.14", "2016-06-30": "1.08", "2016-03-31": "1.01", "2015-12-31": "0.00", "2015-09-30": "0.96", "2015-06-30": "0.97", "2015-03-31": "0.96", "2014-12-31": "0.00", "2014-09-30": "0.85", "2014-06-30": "0.81", "2014-03-31": "0.74", "2013-12-31": "0.00", "2013-09-30": "0.86", "2013-06-30": "0.84", "2013-03-31": "0.87", "2012-12-31": "0.00", "2012-09-30": "1.06", "2012-06-30": "1.08", "2012-03-31": "1.14", "2011-12-31": "0.00", "2011-09-30": "1.27", "2011-06-30": "0.59", "2011-03-31": "0.62", "2010-12-31": "0.00", "2010-09-30": "0.70", "2010-06-30": "0.73", "2010-03-31": "0.69", "2009-12-31": "0.00", "2009-09-30": "0.79", "2009-06-30": "0.84", "2009-03-31": "0.83", "2008-12-31": "0.00", "2008-09-30": "0.81", "2008-06-30": "0.83", "2008-03-31": "0.82", "2007-12-31": "0.00", "2007-09-30": "0.99", "2007-06-30": "0.70", "2007-03-31": "0.75", "2006-12-31": "0.00", "2006-09-30": "0.82", "2006-06-30": "0.85", "2006-03-31": "0.83", "2005-12-31": "0.00", "2005-09-30": "0.93", "2005-06-30": "0.98", "2005-03-31": "0.90"}, "return on equity": {"2020-12-31": "-5.38%", "2020-09-30": "-1.39%", "2020-06-30": "8.89%", "2020-03-31": "16.24%", "2019-12-31": "29.25%", "2019-09-30": "29.68%", "2019-06-30": "27.14%", "2019-03-31": "30.53%", "2018-06-30": "19.23%", "2017-06-30": "25.35%", "2017-03-31": "21.82%", "2016-06-30": "20.69%", "2016-03-31": "23.42%", "2015-06-30": "23.67%", "2015-03-31": "22.36%", "2014-06-30": "20.87%", "2014-03-31": "20.98%", "2013-06-30": "20.76%", "2013-03-31": "22.17%", "2012-06-30": "19.98%", "2012-03-31": "19.57%", "2011-06-30": "18.58%", "2011-03-31": "18.95%", "2010-06-30": "17.40%", "2010-03-31": "16.17%", "2009-06-30": "14.84%", "2009-03-31": "15.77%", "2008-06-30": "17.17%", "2008-03-31": "17.18%", "2007-06-30": "17.51%", "2007-03-31": "18.73%", "2006-06-30": "19.05%", "2006-03-31": "19.58%"}, "return on assets": {"2020-12-31": "-1.32%", "2020-09-30": "-0.41%", "2020-06-30": "3.01%", "2020-03-31": "6.23%", "2019-12-31": "12.06%", "2019-09-30": "12.20%", "2019-06-30": "10.90%", "2019-03-31": "12.01%", "2018-06-30": "6.96%", "2017-06-30": "11.32%", "2017-03-31": "10.33%", "2016-06-30": "10.27%", "2016-03-31": "11.83%", "2015-06-30": "12.33%", "2015-03-31": "11.99%", "2014-06-30": "11.60%", "2014-03-31": "11.59%", "2013-06-30": "10.82%", "2013-03-31": "11.10%", "2012-06-30": "9.24%", "2012-03-31": "9.76%", "2011-06-30": "11.36%", "2011-03-31": "11.26%", "2010-06-30": "10.01%", "2010-03-31": "9.12%", "2009-06-30": "8.12%", "2009-03-31": "8.64%", "2008-06-30": "9.15%", "2008-03-31": "9.34%", "2007-06-30": "9.98%", "2007-03-31": "10.39%", "2006-06-30": "10.19%", "2006-03-31": "10.24%"}, "return on investments": {"2020-12-31": "2.85%", "2020-09-30": "4.78%", "2020-06-30": "8.39%", "2020-03-31": "14.47%", "2019-12-31": "18.32%", "2019-09-30": "18.20%", "2019-06-30": "18.43%", "2019-03-31": "18.99%", "2018-06-30": "15.42%", "2017-06-30": "69.07%", "2017-03-31": "68.73%", "2016-06-30": "72.61%", "2016-03-31": "71.94%", "2015-06-30": "73.89%", "2015-03-31": "71.36%", "2014-06-30": "67.20%", "2014-03-31": "68.34%", "2013-06-30": "68.77%", "2013-03-31": "68.92%", "2012-06-30": "66.56%", "2012-03-31": "71.43%", "2011-06-30": "66.12%", "2011-03-31": "68.42%", "2010-06-30": "63.29%", "2010-03-31": "61.02%", "2009-06-30": "60.56%", "2009-03-31": "61.53%", "2008-06-30": "65.98%", "2008-03-31": "71.43%", "2007-06-30": "23.44%", "2007-03-31": "23.00%", "2006-06-30": "23.75%", "2006-03-31": "25.03%"}, "return on tangible equity": {"2020-12-31": "-272.13%", "2020-09-30": "-14.20%", "2020-06-30": "50.20%", "2020-03-31": "75.72%", "2019-12-31": "124.86%", "2019-09-30": "139.19%", "2019-06-30": "152.84%", "2019-03-31": "221.64%", "2018-06-30": "395.65%", "2017-06-30": "133.28%", "2017-03-31": "101.71%", "2016-06-30": "83.78%", "2016-03-31": "91.36%", "2015-06-30": "120.75%", "2015-03-31": "140.31%", "2014-06-30": "163.57%", "2014-03-31": "198.06%", "2013-06-30": "649.38%", "2013-03-31": "-1542.58%", "2012-06-30": "-176.58%", "2012-03-31": "641.79%", "2011-06-30": "57.92%", "2011-03-31": "68.27%", "2010-06-30": "76.82%", "2010-03-31": "77.17%", "2009-06-30": "70.11%", "2009-03-31": "65.60%", "2008-06-30": "72.78%", "2008-03-31": "61.54%", "2007-06-30": "41.94%", "2007-03-31": "44.66%", "2006-06-30": "50.20%", "2006-03-31": "56.66%"}, "dividend yield history": {"last payout": "$1.96", "last yield": "2.42%"}}