{"ticker": "VIAC", "price": {"title": "ViacomCBS Historical Annual Stock Price Data", "value": 54.04, "historical": {"2020": {"Average Stock Price": "26.7159", "Year Open": "42.0900", "Year High": "42.1300", "Year Low": "11.2800", "Year Close": "37.2600", "Annual % Change": "-11.22%"}, "2019": {"Average Stock Price": "45.8869", "Year Open": "45.6600", "Year High": "53.5100", "Year Low": "35.5800", "Year Close": "41.9700", "Annual % Change": "-4.00%"}, "2018": {"Average Stock Price": "53.8551", "Year Open": "59.1700", "Year High": "60.0000", "Year Low": "42.0200", "Year Close": "43.7200", "Annual % Change": "-25.90%"}, "2017": {"Average Stock Price": "62.5623", "Year Open": "64.3900", "Year High": "69.5100", "Year Low": "54.4600", "Year Close": "59.0000", "Annual % Change": "-7.26%"}, "2016": {"Average Stock Price": "53.8813", "Year Open": "46.6500", "Year High": "64.8500", "Year Low": "42.6500", "Year Close": "63.6200", "Annual % Change": "34.99%"}, "2015": {"Average Stock Price": "53.4874", "Year Open": "54.7900", "Year High": "63.3500", "Year Low": "38.6700", "Year Close": "47.1300", "Annual % Change": "-14.84%"}, "2014": {"Average Stock Price": "58.6353", "Year Open": "63.2500", "Year High": "67.5500", "Year Low": "48.9100", "Year Close": "55.3400", "Annual % Change": "-13.18%"}, "2013": {"Average Stock Price": "50.7660", "Year Open": "39.3000", "Year High": "63.7400", "Year Low": "37.5200", "Year Close": "63.7400", "Annual % Change": "67.52%"}, "2012": {"Average Stock Price": "32.9669", "Year Open": "27.2700", "Year High": "38.0500", "Year Low": "27.2700", "Year Close": "38.0500", "Annual % Change": "40.20%"}, "2011": {"Average Stock Price": "24.4646", "Year Open": "19.2800", "Year High": "29.5400", "Year Low": "18.9500", "Year Close": "27.1400", "Annual % Change": "42.47%"}, "2010": {"Average Stock Price": "15.1827", "Year Open": "14.2500", "Year High": "19.5900", "Year Low": "12.6700", "Year Close": "19.0500", "Annual % Change": "35.59%"}, "2009": {"Average Stock Price": "8.8293", "Year Open": "8.9100", "Year High": "14.3500", "Year Low": "3.0900", "Year Close": "14.0500", "Annual % Change": "71.55%"}, "2008": {"Average Stock Price": "17.6363", "Year Open": "26.4200", "Year High": "26.4200", "Year Low": "4.5100", "Year Close": "8.1900", "Annual % Change": "-69.94%"}, "2007": {"Average Stock Price": "30.8298", "Year Open": "31.6000", "Year High": "35.0000", "Year Low": "25.8400", "Year Close": "27.2500", "Annual % Change": "-12.60%"}, "2006": {"Average Stock Price": "27.0988", "Year Open": "26.2000", "Year High": "31.9900", "Year Low": "23.9500", "Year Close": "31.1800", "Annual % Change": "22.27%"}, "2005": {"Average Stock Price": "25.5268", "Year Open": "26.7000", "Year High": "26.7000", "Year Low": "25.0000", "Year Close": "25.5000", "Annual % Change": "0.00%"}}}, "market cap": {"value": "$33.36B"}, "income statement": {"Revenue": {"2019-12-31": "27812.00000", "2018-12-31": "27250.00000", "2017-12-31": "26535.00000", "2016-12-31": "13166.00000", "2015-12-31": "12671.00000", "2014-12-31": "12519.00000", "2013-12-31": "14005.00000", "2012-12-31": "12820.00000", "2011-12-31": "13637.00000", "2010-12-31": "13466.00000", "2009-12-31": "13015.00000", "2008-12-31": "13950.40000", "2007-12-31": "14072.90000", "2006-12-31": "14320.20000", "2005-12-31": "14113.00000"}, "Cost Of Goods Sold": {"2019-12-31": "17223.00000", "2018-12-31": "15917.00000", "2017-12-31": "15483.00000", "2016-12-31": "7956.00000", "2015-12-31": "7911.00000", "2014-12-31": "7689.00000", "2013-12-31": "8124.00000", "2012-12-31": "7264.00000", "2011-12-31": "7882.00000", "2010-12-31": "8512.00000", "2009-12-31": "8700.00000", "2008-12-31": "8650.70000", "2007-12-31": "8329.30000", "2006-12-31": "8424.80000", "2005-12-31": "8378.30000"}, "Gross Profit": {"2019-12-31": "10589.00000", "2018-12-31": "11333.00000", "2017-12-31": "11052.00000", "2016-12-31": "5210.00000", "2015-12-31": "4760.00000", "2014-12-31": "4830.00000", "2013-12-31": "5881.00000", "2012-12-31": "5556.00000", "2011-12-31": "5755.00000", "2010-12-31": "4954.00000", "2009-12-31": "4315.00000", "2008-12-31": "5299.70000", "2007-12-31": "5743.60100", "2006-12-31": "5895.40000", "2005-12-31": "5734.70000"}, "Research And Development Expenses": {"2019-12-31": "", "2018-12-31": "", "2017-12-31": "", "2016-12-31": "", "2015-12-31": "", "2014-12-31": "", "2013-12-31": "", "2012-12-31": "", "2011-12-31": "", "2010-12-31": "", "2009-12-31": "", "2008-12-31": "", "2007-12-31": "", "2006-12-31": "", "2005-12-31": ""}, "SG&A Expenses": {"2019-12-31": "5647.00000", "2018-12-31": "5206.00000", "2017-12-31": "5156.00000", "2016-12-31": "2054.00000", "2015-12-31": "1961.00000", "2014-12-31": "1971.00000", "2013-12-31": "2546.00000", "2012-12-31": "2442.00000", "2011-12-31": "2598.00000", "2010-12-31": "2466.00000", "2009-12-31": "2488.00000", "2008-12-31": "2608.70000", "2007-12-31": "2666.10000", "2006-12-31": "2772.70000", "2005-12-31": "2679.70000"}, "Other Operating Income Or Expenses": {"2019-12-31": "549.00000", "2018-12-31": "", "2017-12-31": "146.00000", "2016-12-31": "9.00000", "2015-12-31": "139.00000", "2014-12-31": "", "2013-12-31": "", "2012-12-31": "-11.00000", "2011-12-31": "", "2010-12-31": "", "2009-12-31": "-210.00000", "2008-12-31": "-14181.40000", "2007-12-31": "", "2006-12-31": "-65.20000", "2005-12-31": "-9484.40000"}, "Operating Expenses": {"2019-12-31": "23539.00000", "2018-12-31": "22046.00000", "2017-12-31": "21194.00000", "2016-12-31": "10264.00000", "2015-12-31": "10013.00000", "2014-12-31": "9929.00000", "2013-12-31": "10980.00000", "2012-12-31": "10042.00000", "2011-12-31": "11018.00000", "2010-12-31": "11537.00000", "2009-12-31": "12004.00000", "2008-12-31": "26109.10000", "2007-12-31": "11451.10000", "2006-12-31": "11713.80000", "2005-12-31": "20982.50000"}, "Operating Income": {"2019-12-31": "4273.00000", "2018-12-31": "5204.00000", "2017-12-31": "5341.00000", "2016-12-31": "2902.00000", "2015-12-31": "2658.00000", "2014-12-31": "2590.00000", "2013-12-31": "3025.00000", "2012-12-31": "2778.00000", "2011-12-31": "2619.00000", "2010-12-31": "1929.00000", "2009-12-31": "1011.00000", "2008-12-31": "-12158.70000", "2007-12-31": "2621.80100", "2006-12-31": "2606.40000", "2005-12-31": "-6869.50000"}, "Total Non-Operating Income/Expense": {"2019-12-31": "-928.00000", "2018-12-31": "-1080.00000", "2017-12-31": "-1221.00000", "2016-12-31": "-672.00000", "2015-12-31": "-394.00000", "2014-12-31": "-732.00000", "2013-12-31": "-360.00000", "2012-12-31": "-421.00000", "2011-12-31": "-440.00000", "2010-12-31": "-594.00000", "2009-12-31": "-568.00000", "2008-12-31": "-416.40000", "2007-12-31": "-488.80000", "2006-12-31": "-473.70000", "2005-12-31": "-694.90000"}, "Pre-Tax Income": {"2019-12-31": "3345.00000", "2018-12-31": "4124.00000", "2017-12-31": "4120.00000", "2016-12-31": "2230.00000", "2015-12-31": "2264.00000", "2014-12-31": "1858.00000", "2013-12-31": "2665.00000", "2012-12-31": "2357.00000", "2011-12-31": "2179.00000", "2010-12-31": "1335.00000", "2009-12-31": "443.00000", "2008-12-31": "-12575.10000", "2007-12-31": "2133.00000", "2006-12-31": "2132.70000", "2005-12-31": "-7564.40000"}, "Income Taxes": {"2019-12-31": "-9.00000", "2018-12-31": "617.00000", "2017-12-31": "804.00000", "2016-12-31": "628.00000", "2015-12-31": "676.00000", "2014-12-31": "659.00000", "2013-12-31": "878.00000", "2012-12-31": "812.00000", "2011-12-31": "751.00000", "2010-12-31": "478.00000", "2009-12-31": "183.00000", "2008-12-31": "-919.30000", "2007-12-31": "821.50000", "2006-12-31": "652.20000", "2005-12-31": "794.20000"}, "Income After Taxes": {"2019-12-31": "3354.00000", "2018-12-31": "3507.00000", "2017-12-31": "3316.00000", "2016-12-31": "1602.00000", "2015-12-31": "1588.00000", "2014-12-31": "1199.00000", "2013-12-31": "1787.00000", "2012-12-31": "1545.00000", "2011-12-31": "1428.00000", "2010-12-31": "857.00000", "2009-12-31": "260.00000", "2008-12-31": "-11655.80000", "2007-12-31": "1311.50000", "2006-12-31": "1480.50000", "2005-12-31": "-8358.60000"}, "Other Income": {"2019-12-31": "", "2018-12-31": "", "2017-12-31": "", "2016-12-31": "", "2015-12-31": "", "2014-12-31": "", "2013-12-31": "", "2012-12-31": "", "2011-12-31": "", "2010-12-31": "", "2009-12-31": "", "2008-12-31": "", "2007-12-31": "", "2006-12-31": "", "2005-12-31": ""}, "Income From Continuous Operations": {"2019-12-31": "3301.00000", "2018-12-31": "3460.00000", "2017-12-31": "3320.00000", "2016-12-31": "1552.00000", "2015-12-31": "1554.00000", "2014-12-31": "1151.00000", "2013-12-31": "1738.00000", "2012-12-31": "1508.00000", "2011-12-31": "1391.00000", "2010-12-31": "822.00000", "2009-12-31": "227.00000", "2008-12-31": "-11673.40000", "2007-12-31": "1230.80000", "2006-12-31": "1382.90000", "2005-12-31": "-8360.60000"}, "Income From Discontinued Operations": {"2019-12-31": "38.00000", "2018-12-31": "32.00000", "2017-12-31": "-947.00000", "2016-12-31": "-291.00000", "2015-12-31": "-141.00000", "2014-12-31": "1808.00000", "2013-12-31": "141.00000", "2012-12-31": "66.00000", "2011-12-31": "-86.00000", "2010-12-31": "-98.00000", "2009-12-31": "0.00000", "2008-12-31": "", "2007-12-31": "16.20000", "2006-12-31": "277.60000", "2005-12-31": "1271.50000"}, "Net Income": {"2019-12-31": "3308.00000", "2018-12-31": "3455.00000", "2017-12-31": "2321.00000", "2016-12-31": "1261.00000", "2015-12-31": "1413.00000", "2014-12-31": "2959.00000", "2013-12-31": "1879.00000", "2012-12-31": "1574.00000", "2011-12-31": "1305.00000", "2010-12-31": "724.00000", "2009-12-31": "227.00000", "2008-12-31": "-11673.40000", "2007-12-31": "1247.00000", "2006-12-31": "1660.50000", "2005-12-31": "-7089.10000"}, "EBITDA": {"2019-12-31": "17270.00000", "2018-12-31": "17232.00000", "2017-12-31": "16695.00000", "2016-12-31": "3127.00000", "2015-12-31": "2893.00000", "2014-12-31": "2840.00000", "2013-12-31": "3315.00000", "2012-12-31": "3096.00000", "2011-12-31": "3127.00000", "2010-12-31": "2445.00000", "2009-12-31": "1602.00000", "2008-12-31": "-11622.20000", "2007-12-31": "3082.50100", "2006-12-31": "3051.30000", "2005-12-31": "-6421.00000"}, "EBIT": {"2019-12-31": "4273.00000", "2018-12-31": "5204.00000", "2017-12-31": "5341.00000", "2016-12-31": "2902.00000", "2015-12-31": "2658.00000", "2014-12-31": "2590.00000", "2013-12-31": "3025.00000", "2012-12-31": "2778.00000", "2011-12-31": "2619.00000", "2010-12-31": "1929.00000", "2009-12-31": "1011.00000", "2008-12-31": "-12158.70000", "2007-12-31": "2621.80100", "2006-12-31": "2606.40000", "2005-12-31": "-6869.50000"}, "Basic Shares Outstanding": {"2019-12-31": "615.00000", "2018-12-31": "617.00000", "2017-12-31": "640.00000", "2016-12-31": "444.00000", "2015-12-31": "484.00000", "2014-12-31": "550.00000", "2013-12-31": "608.00000", "2012-12-31": "642.00000", "2011-12-31": "664.00000", "2010-12-31": "679.00000", "2009-12-31": "674.00000", "2008-12-31": "669.80000", "2007-12-31": "713.80000", "2006-12-31": "765.20000", "2005-12-31": "789.70000"}, "Shares Outstanding": {"2019-12-31": "617.00000", "2018-12-31": "621.00000", "2017-12-31": "647.00000", "2016-12-31": "448.00000", "2015-12-31": "489.00000", "2014-12-31": "561.00000", "2013-12-31": "624.00000", "2012-12-31": "659.00000", "2011-12-31": "681.00000", "2010-12-31": "694.00000", "2009-12-31": "683.00000", "2008-12-31": "669.80000", "2007-12-31": "721.90000", "2006-12-31": "771.80000", "2005-12-31": "789.70000"}, "Basic EPS": {"2019-12-31": "5.38000", "2018-12-31": "5.60000", "2017-12-31": "3.63000", "2016-12-31": "2.84000", "2015-12-31": "2.92000", "2014-12-31": "5.38000", "2013-12-31": "3.09000", "2012-12-31": "2.45000", "2011-12-31": "1.97000", "2010-12-31": "1.07000", "2009-12-31": "0.34000", "2008-12-31": "-17.43000", "2007-12-31": "1.75000", "2006-12-31": "2.17000", "2005-12-31": "-8.98000"}, "EPS - Earnings Per Share": {"2019-12-31": "5.36000", "2018-12-31": "5.56000", "2017-12-31": "3.59000", "2016-12-31": "2.81000", "2015-12-31": "2.89000", "2014-12-31": "5.27000", "2013-12-31": "3.01000", "2012-12-31": "2.39000", "2011-12-31": "1.92000", "2010-12-31": "1.04000", "2009-12-31": "0.33000", "2008-12-31": "-17.43000", "2007-12-31": "1.73000", "2006-12-31": "2.15000", "2005-12-31": "-8.98000"}}, "income statement, quarterly": {"Revenue": {"2020-09-30": "6116.00000", "2020-06-30": "6275.00000", "2020-03-31": "6669.00000", "2019-12-31": "6871.00000", "2019-09-30": "6698.00000", "2019-06-30": "7143.00000", "2019-03-31": "7100.00000", "2018-12-31": "16760.00000", "2018-09-30": "3263.00000", "2018-06-30": "3466.00000", "2018-03-31": "3761.00000", "2017-12-31": "16764.00000", "2017-09-30": "3171.00000", "2017-06-30": "3257.00000", "2017-03-31": "3343.00000", "2016-12-31": "3518.00000", "2016-09-30": "3084.00000", "2016-06-30": "2976.00000", "2016-03-31": "3588.00000", "2015-12-31": "2695.00000", "2015-09-30": "3257.00000", "2015-06-30": "3219.00000", "2015-03-31": "3500.00000", "2014-12-31": "2394.00000", "2014-09-30": "3367.00000", "2014-06-30": "3188.00000", "2014-03-31": "3570.00000", "2013-12-31": "3294.00000", "2013-09-30": "3302.00000", "2013-06-30": "3369.00000", "2013-03-31": "4040.00000", "2012-12-31": "2429.00000", "2012-09-30": "3266.00000", "2012-06-30": "3329.00000", "2012-03-31": "3796.00000", "2011-12-31": "3176.00000", "2011-09-30": "3365.00000", "2011-06-30": "3586.00000", "2011-03-31": "3510.00000", "2010-12-31": "3307.00000", "2010-09-30": "3297.00000", "2010-06-30": "3331.00000", "2010-03-31": "3531.00000", "2009-12-31": "3498.80000", "2009-09-30": "3350.00000", "2009-06-30": "3006.30000", "2009-03-31": "3159.90000", "2008-12-31": "3526.90000", "2008-09-30": "3375.70000", "2008-06-30": "3393.70000", "2008-03-31": "3654.10000", "2007-12-31": "3758.80000", "2007-09-30": "3281.40000", "2007-06-30": "3374.90000", "2007-03-31": "3657.80000", "2006-12-31": "3882.90000", "2006-09-30": "3378.80000", "2006-06-30": "3483.10000", "2006-03-31": "3575.40000", "2005-12-31": "3780.00000", "2005-09-30": "3371.90000", "2005-06-30": "3513.30000", "2005-03-31": "3447.80000"}, "Cost Of Goods Sold": {"2020-09-30": "3634.00000", "2020-06-30": "3485.00000", "2020-03-31": "4065.00000", "2019-12-31": "4806.00000", "2019-09-30": "3959.00000", "2019-06-30": "4210.00000", "2019-03-31": "4248.00000", "2018-12-31": "9411.00000", "2018-09-30": "1922.00000", "2018-06-30": "2184.00000", "2018-03-31": "2400.00000", "2017-12-31": "9543.00000", "2017-09-30": "1862.00000", "2017-06-30": "2004.00000", "2017-03-31": "2074.00000", "2016-12-31": "2138.00000", "2016-09-30": "1788.00000", "2016-06-30": "1758.00000", "2016-03-31": "2272.00000", "2015-12-31": "2020.00000", "2015-09-30": "1842.00000", "2015-06-30": "1907.00000", "2015-03-31": "2142.00000", "2014-12-31": "1834.00000", "2014-09-30": "1936.00000", "2014-06-30": "1798.00000", "2014-03-31": "2121.00000", "2013-12-31": "1957.00000", "2013-09-30": "1801.00000", "2013-06-30": "1892.00000", "2013-03-31": "2474.00000", "2012-12-31": "1447.00000", "2012-09-30": "1717.00000", "2012-06-30": "1753.00000", "2012-03-31": "2347.00000", "2011-12-31": "1766.00000", "2011-09-30": "1810.00000", "2011-06-30": "2030.00000", "2011-03-31": "2276.00000", "2010-12-31": "1955.00000", "2010-09-30": "1916.00000", "2010-06-30": "2077.00000", "2010-03-31": "2564.00000", "2009-12-31": "2270.20000", "2009-09-30": "2132.30000", "2009-06-30": "1984.40000", "2009-03-31": "2313.10000", "2008-12-31": "2251.90000", "2008-09-30": "2050.20000", "2008-06-30": "1962.30000", "2008-03-31": "2386.30000", "2007-12-31": "2236.50000", "2007-09-30": "1855.00000", "2007-06-30": "1842.00000", "2007-03-31": "2395.80000", "2006-12-31": "2301.20000", "2006-09-30": "1921.90000", "2006-06-30": "1910.10000", "2006-03-31": "2291.60000", "2005-12-31": "2294.60000", "2005-09-30": "1948.80000", "2005-06-30": "1962.90000", "2005-03-31": "2172.00000"}, "Gross Profit": {"2020-09-30": "2482.00000", "2020-06-30": "2790.00000", "2020-03-31": "2604.00000", "2019-12-31": "2065.00000", "2019-09-30": "2739.00000", "2019-06-30": "2933.00000", "2019-03-31": "2852.00000", "2018-12-31": "7349.00000", "2018-09-30": "1341.00000", "2018-06-30": "1282.00000", "2018-03-31": "1361.00000", "2017-12-31": "7221.00000", "2017-09-30": "1309.00000", "2017-06-30": "1253.00000", "2017-03-31": "1269.00000", "2016-12-31": "1380.00000", "2016-09-30": "1296.00000", "2016-06-30": "1218.00000", "2016-03-31": "1316.00000", "2015-12-31": "675.00000", "2015-09-30": "1415.00000", "2015-06-30": "1312.00000", "2015-03-31": "1358.00000", "2014-12-31": "560.00000", "2014-09-30": "1431.00000", "2014-06-30": "1390.00000", "2014-03-31": "1449.00000", "2013-12-31": "1337.00000", "2013-09-30": "1501.00000", "2013-06-30": "1477.00000", "2013-03-31": "1566.00000", "2012-12-31": "982.00000", "2012-09-30": "1549.00000", "2012-06-30": "1576.00000", "2012-03-31": "1449.00000", "2011-12-31": "1410.00000", "2011-09-30": "1555.00000", "2011-06-30": "1556.00000", "2011-03-31": "1234.00000", "2010-12-31": "1352.00000", "2010-09-30": "1381.00000", "2010-06-30": "1254.00000", "2010-03-31": "967.00000", "2009-12-31": "1228.60000", "2009-09-30": "1217.70000", "2009-06-30": "1021.90000", "2009-03-31": "846.79980", "2008-12-31": "1275.00000", "2008-09-30": "1325.50000", "2008-06-30": "1431.40000", "2008-03-31": "1267.80000", "2007-12-31": "1522.30000", "2007-09-30": "1426.40000", "2007-06-30": "1532.90000", "2007-03-31": "1262.00000", "2006-12-31": "1581.70100", "2006-09-30": "1456.90000", "2006-06-30": "1573.00000", "2006-03-31": "1283.80000", "2005-12-31": "1485.40000", "2005-09-30": "1423.10000", "2005-06-30": "1550.40000", "2005-03-31": "1275.80000"}, "Research And Development Expenses": {"2020-09-30": "", "2020-06-30": "", "2020-03-31": "", "2019-12-31": "", "2019-09-30": "", "2019-06-30": "", "2019-03-31": "", "2018-12-31": "", "2018-09-30": "", "2018-06-30": "", "2018-03-31": "", "2017-12-31": "", "2017-09-30": "", "2017-06-30": "", "2017-03-31": "", "2016-12-31": "", "2016-09-30": "", "2016-06-30": "", "2016-03-31": "", "2015-12-31": "", "2015-09-30": "", "2015-06-30": "", "2015-03-31": "", "2014-12-31": "", "2014-09-30": "", "2014-06-30": "", "2014-03-31": "", "2013-12-31": "", "2013-09-30": "", "2013-06-30": "", "2013-03-31": "", "2012-12-31": "", "2012-09-30": "", "2012-06-30": "", "2012-03-31": "", "2011-12-31": "", "2011-09-30": "", "2011-06-30": "", "2011-03-31": "", "2010-12-31": "", "2010-09-30": "", "2010-06-30": "", "2010-03-31": "", "2009-12-31": "", "2009-09-30": "", "2009-06-30": "", "2009-03-31": "", "2008-12-31": "", "2008-09-30": "", "2008-06-30": "", "2008-03-31": "", "2007-12-31": "", "2007-09-30": "", "2007-06-30": "", "2007-03-31": "", "2006-12-31": "", "2006-09-30": "", "2006-06-30": "", "2006-03-31": "", "2005-12-31": "", "2005-09-30": "", "2005-06-30": "", "2005-03-31": ""}, "SG&A Expenses": {"2020-09-30": "1373.00000", "2020-06-30": "1222.00000", "2020-03-31": "1341.00000", "2019-12-31": "1490.00000", "2019-09-30": "1473.00000", "2019-06-30": "1371.00000", "2019-03-31": "1313.00000", "2018-12-31": "3601.00000", "2018-09-30": "549.00000", "2018-06-30": "532.00000", "2018-03-31": "524.00000", "2017-12-31": "3636.00000", "2017-09-30": "525.00000", "2017-06-30": "507.00000", "2017-03-31": "488.00000", "2016-12-31": "520.00000", "2016-09-30": "521.00000", "2016-06-30": "510.00000", "2016-03-31": "503.00000", "2015-12-31": "171.00000", "2015-09-30": "597.00000", "2015-06-30": "605.00000", "2015-03-31": "588.00000", "2014-12-31": "178.00000", "2014-09-30": "617.00000", "2014-06-30": "589.00000", "2014-03-31": "587.00000", "2013-12-31": "600.00000", "2013-09-30": "667.00000", "2013-06-30": "629.00000", "2013-03-31": "650.00000", "2012-12-31": "490.00000", "2012-09-30": "645.00000", "2012-06-30": "665.00000", "2012-03-31": "642.00000", "2011-12-31": "539.00000", "2011-09-30": "718.00000", "2011-06-30": "683.00000", "2011-03-31": "658.00000", "2010-12-31": "553.00000", "2010-09-30": "624.00000", "2010-06-30": "673.00000", "2010-03-31": "616.00000", "2009-12-31": "645.69990", "2009-09-30": "620.40000", "2009-06-30": "625.70000", "2009-03-31": "596.20000", "2008-12-31": "678.59990", "2008-09-30": "680.80000", "2008-06-30": "668.40000", "2008-03-31": "580.90000", "2007-12-31": "698.30000", "2007-09-30": "668.80000", "2007-06-30": "673.50000", "2007-03-31": "625.50000", "2006-12-31": "710.00000", "2006-09-30": "701.00000", "2006-06-30": "714.10000", "2006-03-31": "647.60000", "2005-12-31": "703.90000", "2005-09-30": "692.00000", "2005-06-30": "634.00000", "2005-03-31": "649.80000"}, "Other Operating Income Or Expenses": {"2020-09-30": "", "2020-06-30": "", "2020-03-31": "", "2019-12-31": "", "2019-09-30": "", "2019-06-30": "", "2019-03-31": "549.00000", "2018-12-31": "", "2018-09-30": "", "2018-06-30": "", "2018-03-31": "", "2017-12-31": "", "2017-09-30": "", "2017-06-30": "", "2017-03-31": "", "2016-12-31": "", "2016-09-30": "", "2016-06-30": "", "2016-03-31": "9.00000", "2015-12-31": "120.00000", "2015-09-30": "", "2015-06-30": "", "2015-03-31": "19.00000", "2014-12-31": "", "2014-09-30": "-52.00000", "2014-06-30": "", "2014-03-31": "", "2013-12-31": "", "2013-09-30": "", "2013-06-30": "", "2013-03-31": "", "2012-12-31": "", "2012-09-30": "", "2012-06-30": "", "2012-03-31": "-11.00000", "2011-12-31": "", "2011-09-30": "", "2011-06-30": "", "2011-03-31": "", "2010-12-31": "", "2010-09-30": "", "2010-06-30": "", "2010-03-31": "", "2009-12-31": "-178.30000", "2009-09-30": "-31.70000", "2009-06-30": "", "2009-03-31": "", "2008-12-31": "-64.20020", "2008-09-30": "-14117.20000", "2008-06-30": "", "2008-03-31": "", "2007-12-31": "", "2007-09-30": "", "2007-06-30": "", "2007-03-31": "", "2006-12-31": "", "2006-09-30": "", "2006-06-30": "", "2006-03-31": "", "2005-12-31": "", "2005-09-30": "", "2005-06-30": "", "2005-03-31": ""}, "Operating Expenses": {"2020-09-30": "5157.00000", "2020-06-30": "4989.00000", "2020-03-31": "5752.00000", "2019-12-31": "6884.00000", "2019-09-30": "5662.00000", "2019-06-30": "5697.00000", "2019-03-31": "5296.00000", "2018-12-31": "13677.00000", "2018-09-30": "2573.00000", "2018-06-30": "2807.00000", "2018-03-31": "2989.00000", "2017-12-31": "13568.00000", "2017-09-30": "2442.00000", "2017-06-30": "2567.00000", "2017-03-31": "2617.00000", "2016-12-31": "2753.00000", "2016-09-30": "2363.00000", "2016-06-30": "2325.00000", "2016-03-31": "2823.00000", "2015-12-31": "2097.00000", "2015-09-30": "2504.00000", "2015-06-30": "2633.00000", "2015-03-31": "2779.00000", "2014-12-31": "1993.00000", "2014-09-30": "2699.00000", "2014-06-30": "2458.00000", "2014-03-31": "2779.00000", "2013-12-31": "2608.00000", "2013-09-30": "2538.00000", "2013-06-30": "2594.00000", "2013-03-31": "3240.00000", "2012-12-31": "1908.00000", "2012-09-30": "2478.00000", "2012-06-30": "2537.00000", "2012-03-31": "3119.00000", "2011-12-31": "2431.00000", "2011-09-30": "2662.00000", "2011-06-30": "2852.00000", "2011-03-31": "3073.00000", "2010-12-31": "2577.00000", "2010-09-30": "2686.00000", "2010-06-30": "2896.00000", "2010-03-31": "3378.00000", "2009-12-31": "3255.70000", "2009-09-30": "2931.80000", "2009-06-30": "2764.10000", "2009-03-31": "3052.40000", "2008-12-31": "3228.70100", "2008-09-30": "16993.80000", "2008-06-30": "2756.70000", "2008-03-31": "3129.90000", "2007-12-31": "3054.00000", "2007-09-30": "2635.60000", "2007-06-30": "2625.00000", "2007-03-31": "3136.50000", "2006-12-31": "3201.40000", "2006-09-30": "2732.40000", "2006-06-30": "2732.80000", "2006-03-31": "3047.20000", "2005-12-31": "12585.70000", "2005-09-30": "2749.70000", "2005-06-30": "2704.40000", "2005-03-31": "2942.70000"}, "Operating Income": {"2020-09-30": "959.00000", "2020-06-30": "1286.00000", "2020-03-31": "917.00000", "2019-12-31": "-13.00000", "2019-09-30": "1036.00000", "2019-06-30": "1446.00000", "2019-03-31": "1804.00000", "2018-12-31": "3083.00000", "2018-09-30": "690.00000", "2018-06-30": "659.00000", "2018-03-31": "772.00000", "2017-12-31": "3196.00000", "2017-09-30": "729.00000", "2017-06-30": "690.00000", "2017-03-31": "726.00000", "2016-12-31": "765.00000", "2016-09-30": "721.00000", "2016-06-30": "651.00000", "2016-03-31": "765.00000", "2015-12-31": "598.00000", "2015-09-30": "753.00000", "2015-06-30": "586.00000", "2015-03-31": "721.00000", "2014-12-31": "401.00000", "2014-09-30": "668.00000", "2014-06-30": "730.00000", "2014-03-31": "791.00000", "2013-12-31": "686.00000", "2013-09-30": "764.00000", "2013-06-30": "775.00000", "2013-03-31": "800.00000", "2012-12-31": "521.00000", "2012-09-30": "788.00000", "2012-06-30": "792.00000", "2012-03-31": "677.00000", "2011-12-31": "745.00000", "2011-09-30": "703.00000", "2011-06-30": "734.00000", "2011-03-31": "437.00000", "2010-12-31": "730.00000", "2010-09-30": "611.00000", "2010-06-30": "435.00000", "2010-03-31": "153.00000", "2009-12-31": "243.10030", "2009-09-30": "418.20000", "2009-06-30": "242.20000", "2009-03-31": "107.49980", "2008-12-31": "298.19920", "2008-09-30": "-13618.10000", "2008-06-30": "636.99980", "2008-03-31": "524.20020", "2007-12-31": "704.80000", "2007-09-30": "645.79980", "2007-06-30": "749.89990", "2007-03-31": "521.30000", "2006-12-31": "681.50000", "2006-09-30": "646.40010", "2006-06-30": "750.30030", "2006-03-31": "528.19970", "2005-12-31": "-8805.70000", "2005-09-30": "622.20000", "2005-06-30": "808.90010", "2005-03-31": "505.10010"}, "Total Non-Operating Income/Expense": {"2020-09-30": "-288.00000", "2020-06-30": "-349.00000", "2020-03-31": "-260.00000", "2019-12-31": "-256.00000", "2019-09-30": "-254.00000", "2019-06-30": "-207.00000", "2019-03-31": "-211.00000", "2018-12-31": "-722.00000", "2018-09-30": "-120.00000", "2018-06-30": "-126.00000", "2018-03-31": "-112.00000", "2017-12-31": "-869.00000", "2017-09-30": "-123.00000", "2017-06-30": "-112.00000", "2017-03-31": "-117.00000", "2016-12-31": "-383.00000", "2016-09-30": "-97.00000", "2016-06-30": "-96.00000", "2016-03-31": "-96.00000", "2015-12-31": "-100.00000", "2015-09-30": "-100.00000", "2015-06-30": "-83.00000", "2015-03-31": "-111.00000", "2014-12-31": "-104.00000", "2014-09-30": "-458.00000", "2014-06-30": "-85.00000", "2014-03-31": "-85.00000", "2013-12-31": "-82.00000", "2013-09-30": "-85.00000", "2013-06-30": "-98.00000", "2013-03-31": "-95.00000", "2012-12-31": "-90.00000", "2012-09-30": "-153.00000", "2012-06-30": "-100.00000", "2012-03-31": "-78.00000", "2011-12-31": "-108.00000", "2011-09-30": "-129.00000", "2011-06-30": "-104.00000", "2011-03-31": "-99.00000", "2010-12-31": "-158.00000", "2010-09-30": "-102.00000", "2010-06-30": "-187.00000", "2010-03-31": "-147.00000", "2009-12-31": "-139.60000", "2009-09-30": "-118.80000", "2009-06-30": "-166.80000", "2009-03-31": "-142.80000", "2008-12-31": "-131.20000", "2008-09-30": "-169.70000", "2008-06-30": "5.80000", "2008-03-31": "-121.30000", "2007-12-31": "-159.40000", "2007-09-30": "-120.00000", "2007-06-30": "-107.40000", "2007-03-31": "-102.00000", "2006-12-31": "-87.70000", "2006-09-30": "-107.90000", "2006-06-30": "-139.50000", "2006-03-31": "-138.60000", "2005-12-31": "-213.70000", "2005-09-30": "-158.90000", "2005-06-30": "-189.90000", "2005-03-31": "-132.40000"}, "Pre-Tax Income": {"2020-09-30": "671.00000", "2020-06-30": "937.00000", "2020-03-31": "657.00000", "2019-12-31": "-269.00000", "2019-09-30": "782.00000", "2019-06-30": "1239.00000", "2019-03-31": "1593.00000", "2018-12-31": "2361.00000", "2018-09-30": "570.00000", "2018-06-30": "533.00000", "2018-03-31": "660.00000", "2017-12-31": "2327.00000", "2017-09-30": "606.00000", "2017-06-30": "578.00000", "2017-03-31": "609.00000", "2016-12-31": "382.00000", "2016-09-30": "624.00000", "2016-06-30": "555.00000", "2016-03-31": "669.00000", "2015-12-31": "498.00000", "2015-09-30": "653.00000", "2015-06-30": "503.00000", "2015-03-31": "610.00000", "2014-12-31": "297.00000", "2014-09-30": "210.00000", "2014-06-30": "645.00000", "2014-03-31": "706.00000", "2013-12-31": "604.00000", "2013-09-30": "679.00000", "2013-06-30": "677.00000", "2013-03-31": "705.00000", "2012-12-31": "431.00000", "2012-09-30": "635.00000", "2012-06-30": "692.00000", "2012-03-31": "599.00000", "2011-12-31": "637.00000", "2011-09-30": "574.00000", "2011-06-30": "630.00000", "2011-03-31": "338.00000", "2010-12-31": "572.00000", "2010-09-30": "509.00000", "2010-06-30": "248.00000", "2010-03-31": "6.00000", "2009-12-31": "103.50000", "2009-09-30": "299.40000", "2009-06-30": "75.40000", "2009-03-31": "-35.30000", "2008-12-31": "167.00020", "2008-09-30": "-13787.80000", "2008-06-30": "642.80000", "2008-03-31": "402.90000", "2007-12-31": "545.40000", "2007-09-30": "525.80000", "2007-06-30": "642.50000", "2007-03-31": "419.30000", "2006-12-31": "593.79990", "2006-09-30": "538.50000", "2006-06-30": "610.80000", "2006-03-31": "389.60000", "2005-12-31": "-9019.39900", "2005-09-30": "463.30000", "2005-06-30": "619.00000", "2005-03-31": "372.70000"}, "Income Taxes": {"2020-09-30": "38.00000", "2020-06-30": "202.00000", "2020-03-31": "137.00000", "2019-12-31": "", "2019-09-30": "126.00000", "2019-06-30": "241.00000", "2019-03-31": "-376.00000", "2018-12-31": "305.00000", "2018-09-30": "64.00000", "2018-06-30": "113.00000", "2018-03-31": "135.00000", "2017-12-31": "325.00000", "2017-09-30": "172.00000", "2017-06-30": "169.00000", "2017-03-31": "138.00000", "2016-12-31": "104.00000", "2016-09-30": "145.00000", "2016-06-30": "173.00000", "2016-03-31": "206.00000", "2015-12-31": "97.00000", "2015-09-30": "211.00000", "2015-06-30": "165.00000", "2015-03-31": "203.00000", "2014-12-31": "98.00000", "2014-09-30": "110.00000", "2014-06-30": "217.00000", "2014-03-31": "234.00000", "2013-12-31": "184.00000", "2013-09-30": "226.00000", "2013-06-30": "234.00000", "2013-03-31": "234.00000", "2012-12-31": "147.00000", "2012-09-30": "236.00000", "2012-06-30": "228.00000", "2012-03-31": "201.00000", "2011-12-31": "182.00000", "2011-09-30": "217.00000", "2011-06-30": "230.00000", "2011-03-31": "122.00000", "2010-12-31": "187.00000", "2010-09-30": "179.00000", "2010-06-30": "91.00000", "2010-03-31": "21.00000", "2009-12-31": "37.60000", "2009-09-30": "79.70000", "2009-06-30": "56.90000", "2009-03-31": "8.80000", "2008-12-31": "28.60000", "2008-09-30": "-1332.10000", "2008-06-30": "232.90000", "2008-03-31": "151.30000", "2007-12-31": "211.10000", "2007-09-30": "172.50000", "2007-06-30": "233.70000", "2007-03-31": "204.20000", "2006-12-31": "164.60000", "2006-09-30": "208.40000", "2006-06-30": "118.00000", "2006-03-31": "161.20000", "2005-12-31": "188.20010", "2005-09-30": "210.90000", "2005-06-30": "242.30000", "2005-03-31": "152.80000"}, "Income After Taxes": {"2020-09-30": "633.00000", "2020-06-30": "735.00000", "2020-03-31": "520.00000", "2019-12-31": "-269.00000", "2019-09-30": "656.00000", "2019-06-30": "998.00000", "2019-03-31": "1969.00000", "2018-12-31": "2056.00000", "2018-09-30": "506.00000", "2018-06-30": "420.00000", "2018-03-31": "525.00000", "2017-12-31": "2002.00000", "2017-09-30": "434.00000", "2017-06-30": "409.00000", "2017-03-31": "471.00000", "2016-12-31": "278.00000", "2016-09-30": "479.00000", "2016-06-30": "382.00000", "2016-03-31": "463.00000", "2015-12-31": "401.00000", "2015-09-30": "442.00000", "2015-06-30": "338.00000", "2015-03-31": "407.00000", "2014-12-31": "199.00000", "2014-09-30": "100.00000", "2014-06-30": "428.00000", "2014-03-31": "472.00000", "2013-12-31": "420.00000", "2013-09-30": "453.00000", "2013-06-30": "443.00000", "2013-03-31": "471.00000", "2012-12-31": "284.00000", "2012-09-30": "399.00000", "2012-06-30": "464.00000", "2012-03-31": "398.00000", "2011-12-31": "455.00000", "2011-09-30": "357.00000", "2011-06-30": "400.00000", "2011-03-31": "216.00000", "2010-12-31": "385.00000", "2010-09-30": "330.00000", "2010-06-30": "157.00000", "2010-03-31": "-15.00000", "2009-12-31": "65.90000", "2009-09-30": "219.70000", "2009-06-30": "18.50000", "2009-03-31": "-44.10000", "2008-12-31": "138.40040", "2008-09-30": "-12455.70000", "2008-06-30": "409.90000", "2008-03-31": "251.60000", "2007-12-31": "334.30000", "2007-09-30": "353.30000", "2007-06-30": "408.80000", "2007-03-31": "215.10000", "2006-12-31": "429.20000", "2006-09-30": "330.10000", "2006-06-30": "492.80000", "2006-03-31": "228.40000", "2005-12-31": "-9207.60100", "2005-09-30": "252.40000", "2005-06-30": "376.70000", "2005-03-31": "219.90000"}, "Other Income": {"2020-09-30": "", "2020-06-30": "", "2020-03-31": "", "2019-12-31": "", "2019-09-30": "", "2019-06-30": "", "2019-03-31": "", "2018-12-31": "", "2018-09-30": "", "2018-06-30": "", "2018-03-31": "", "2017-12-31": "", "2017-09-30": "", "2017-06-30": "", "2017-03-31": "", "2016-12-31": "", "2016-09-30": "", "2016-06-30": "", "2016-03-31": "", "2015-12-31": "", "2015-09-30": "", "2015-06-30": "", "2015-03-31": "", "2014-12-31": "", "2014-09-30": "", "2014-06-30": "", "2014-03-31": "", "2013-12-31": "", "2013-09-30": "", "2013-06-30": "", "2013-03-31": "", "2012-12-31": "", "2012-09-30": "", "2012-06-30": "", "2012-03-31": "", "2011-12-31": "", "2011-09-30": "", "2011-06-30": "", "2011-03-31": "", "2010-12-31": "", "2010-09-30": "", "2010-06-30": "", "2010-03-31": "", "2009-12-31": "", "2009-09-30": "", "2009-06-30": "", "2009-03-31": "", "2008-12-31": "", "2008-09-30": "", "2008-06-30": "", "2008-03-31": "", "2007-12-31": "", "2007-09-30": "", "2007-06-30": "", "2007-03-31": "", "2006-12-31": "", "2006-09-30": "", "2006-06-30": "", "2006-03-31": "", "2005-12-31": "", "2005-09-30": "", "2005-06-30": "", "2005-03-31": ""}, "Income From Continuous Operations": {"2020-09-30": "624.00000", "2020-06-30": "723.00000", "2020-03-31": "511.00000", "2019-12-31": "-269.00000", "2019-09-30": "642.00000", "2019-06-30": "977.00000", "2019-03-31": "1951.00000", "2018-12-31": "2061.00000", "2018-09-30": "488.00000", "2018-06-30": "400.00000", "2018-03-31": "511.00000", "2017-12-31": "2051.00000", "2017-09-30": "418.00000", "2017-06-30": "397.00000", "2017-03-31": "454.00000", "2016-12-31": "271.00000", "2016-09-30": "466.00000", "2016-06-30": "373.00000", "2016-03-31": "442.00000", "2015-12-31": "402.00000", "2015-09-30": "426.00000", "2015-06-30": "332.00000", "2015-03-31": "394.00000", "2014-12-31": "199.00000", "2014-09-30": "72.00000", "2014-06-30": "418.00000", "2014-03-31": "462.00000", "2013-12-31": "409.00000", "2013-09-30": "431.00000", "2013-06-30": "435.00000", "2013-03-31": "463.00000", "2012-12-31": "277.00000", "2012-09-30": "385.00000", "2012-06-30": "452.00000", "2012-03-31": "394.00000", "2011-12-31": "456.00000", "2011-09-30": "338.00000", "2011-06-30": "395.00000", "2011-03-31": "202.00000", "2010-12-31": "381.00000", "2010-09-30": "317.00000", "2010-06-30": "150.00000", "2010-03-31": "-26.00000", "2009-12-31": "59.30000", "2009-09-30": "207.60000", "2009-06-30": "15.40000", "2009-03-31": "-55.30000", "2008-12-31": "136.10080", "2008-09-30": "-12462.20000", "2008-06-30": "408.40000", "2008-03-31": "244.30000", "2007-12-31": "273.10000", "2007-09-30": "340.20000", "2007-06-30": "404.00000", "2007-03-31": "213.50000", "2006-12-31": "335.00010", "2006-09-30": "323.60000", "2006-06-30": "489.80000", "2006-03-31": "234.50000", "2005-12-31": "-9222.60000", "2005-09-30": "256.90000", "2005-06-30": "380.10000", "2005-03-31": "225.00000"}, "Income From Discontinued Operations": {"2020-09-30": "3.00000", "2020-06-30": "3.00000", "2020-03-31": "8.00000", "2019-12-31": "15.00000", "2019-09-30": "4.00000", "2019-06-30": "6.00000", "2019-03-31": "13.00000", "2018-12-31": "", "2018-09-30": "", "2018-06-30": "", "2018-03-31": "", "2017-12-31": "-76.00000", "2017-09-30": "174.00000", "2017-06-30": "-339.00000", "2017-03-31": "-706.00000", "2016-12-31": "-384.00000", "2016-09-30": "12.00000", "2016-06-30": "50.00000", "2016-03-31": "31.00000", "2015-12-31": "", "2015-09-30": "", "2015-06-30": "", "2015-03-31": "", "2014-12-31": "214.00000", "2014-09-30": "1567.00000", "2014-06-30": "21.00000", "2014-03-31": "6.00000", "2013-12-31": "61.00000", "2013-09-30": "63.00000", "2013-06-30": "37.00000", "2013-03-31": "-20.00000", "2012-12-31": "116.00000", "2012-09-30": "6.00000", "2012-06-30": "-25.00000", "2012-03-31": "-31.00000", "2011-12-31": "", "2011-09-30": "", "2011-06-30": "", "2011-03-31": "", "2010-12-31": "", "2010-09-30": "", "2010-06-30": "", "2010-03-31": "", "2009-12-31": "", "2009-09-30": "", "2009-06-30": "", "2009-03-31": "", "2008-12-31": "", "2008-09-30": "", "2008-06-30": "", "2008-03-31": "", "2007-12-31": "13.10000", "2007-09-30": "3.10000", "2007-06-30": "", "2007-03-31": "", "2006-12-31": "0.00000", "2006-09-30": "-6.70000", "2006-06-30": "291.90000", "2006-03-31": "-7.60000", "2005-12-31": "86.20000", "2005-09-30": "451.60000", "2005-06-30": "373.70000", "2005-03-31": "360.00000"}, "Net Income": {"2020-09-30": "615.00000", "2020-06-30": "481.00000", "2020-03-31": "516.00000", "2019-12-31": "-258.00000", "2019-09-30": "630.00000", "2019-06-30": "977.00000", "2019-03-31": "1959.00000", "2018-12-31": "2056.00000", "2018-09-30": "488.00000", "2018-06-30": "400.00000", "2018-03-31": "511.00000", "2017-12-31": "1923.00000", "2017-09-30": "592.00000", "2017-06-30": "58.00000", "2017-03-31": "-252.00000", "2016-12-31": "-113.00000", "2016-09-30": "478.00000", "2016-06-30": "423.00000", "2016-03-31": "473.00000", "2015-12-31": "261.00000", "2015-09-30": "426.00000", "2015-06-30": "332.00000", "2015-03-31": "394.00000", "2014-12-31": "413.00000", "2014-09-30": "1639.00000", "2014-06-30": "439.00000", "2014-03-31": "468.00000", "2013-12-31": "470.00000", "2013-09-30": "494.00000", "2013-06-30": "472.00000", "2013-03-31": "443.00000", "2012-12-31": "393.00000", "2012-09-30": "391.00000", "2012-06-30": "427.00000", "2012-03-31": "363.00000", "2011-12-31": "370.00000", "2011-09-30": "338.00000", "2011-06-30": "395.00000", "2011-03-31": "202.00000", "2010-12-31": "283.00000", "2010-09-30": "317.00000", "2010-06-30": "150.00000", "2010-03-31": "-26.00000", "2009-12-31": "59.30000", "2009-09-30": "207.60000", "2009-06-30": "15.40000", "2009-03-31": "-55.30000", "2008-12-31": "136.09980", "2008-09-30": "-12462.20000", "2008-06-30": "408.40000", "2008-03-31": "244.30000", "2007-12-31": "286.20000", "2007-09-30": "343.30000", "2007-06-30": "404.00000", "2007-03-31": "213.50000", "2006-12-31": "335.00000", "2006-09-30": "316.90000", "2006-06-30": "781.70000", "2006-03-31": "226.90000", "2005-12-31": "-9136.40000", "2005-09-30": "708.50000", "2005-06-30": "753.80000", "2005-03-31": "585.00000"}, "EBITDA": {"2020-09-30": "1057.00000", "2020-06-30": "1410.00000", "2020-03-31": "1030.00000", "2019-12-31": "12661.00000", "2019-09-30": "1144.00000", "2019-06-30": "1555.00000", "2019-03-31": "1910.00000", "2018-12-31": "14943.00000", "2018-09-30": "746.00000", "2018-06-30": "715.00000", "2018-03-31": "828.00000", "2017-12-31": "14384.00000", "2017-09-30": "784.00000", "2017-06-30": "746.00000", "2017-03-31": "781.00000", "2016-12-31": "822.00000", "2016-09-30": "775.00000", "2016-06-30": "708.00000", "2016-03-31": "822.00000", "2015-12-31": "634.00000", "2015-09-30": "818.00000", "2015-06-30": "652.00000", "2015-03-31": "789.00000", "2014-12-31": "441.00000", "2014-09-30": "736.00000", "2014-06-30": "801.00000", "2014-03-31": "862.00000", "2013-12-31": "759.00000", "2013-09-30": "834.00000", "2013-06-30": "806.00000", "2013-03-31": "916.00000", "2012-12-31": "485.00000", "2012-09-30": "904.00000", "2012-06-30": "911.00000", "2012-03-31": "796.00000", "2011-12-31": "841.00000", "2011-09-30": "837.00000", "2011-06-30": "873.00000", "2011-03-31": "576.00000", "2010-12-31": "822.00000", "2010-09-30": "750.00000", "2010-06-30": "579.00000", "2010-03-31": "294.00000", "2009-12-31": "399.20030", "2009-09-30": "565.60000", "2009-06-30": "387.40000", "2009-03-31": "249.79980", "2008-12-31": "453.79920", "2008-09-30": "-13478.40000", "2008-06-30": "760.39980", "2008-03-31": "642.00020", "2007-12-31": "829.00010", "2007-09-30": "757.59980", "2007-06-30": "859.39990", "2007-03-31": "636.50010", "2006-12-31": "800.30000", "2006-09-30": "755.90010", "2006-06-30": "858.90030", "2006-03-31": "636.19970", "2005-12-31": "-8680.90000", "2005-09-30": "731.10000", "2005-06-30": "902.80020", "2005-03-31": "626.00010"}, "EBIT": {"2020-09-30": "959.00000", "2020-06-30": "1286.00000", "2020-03-31": "917.00000", "2019-12-31": "-13.00000", "2019-09-30": "1036.00000", "2019-06-30": "1446.00000", "2019-03-31": "1804.00000", "2018-12-31": "3083.00000", "2018-09-30": "690.00000", "2018-06-30": "659.00000", "2018-03-31": "772.00000", "2017-12-31": "3196.00000", "2017-09-30": "729.00000", "2017-06-30": "690.00000", "2017-03-31": "726.00000", "2016-12-31": "765.00000", "2016-09-30": "721.00000", "2016-06-30": "651.00000", "2016-03-31": "765.00000", "2015-12-31": "598.00000", "2015-09-30": "753.00000", "2015-06-30": "586.00000", "2015-03-31": "721.00000", "2014-12-31": "401.00000", "2014-09-30": "668.00000", "2014-06-30": "730.00000", "2014-03-31": "791.00000", "2013-12-31": "686.00000", "2013-09-30": "764.00000", "2013-06-30": "775.00000", "2013-03-31": "800.00000", "2012-12-31": "521.00000", "2012-09-30": "788.00000", "2012-06-30": "792.00000", "2012-03-31": "677.00000", "2011-12-31": "745.00000", "2011-09-30": "703.00000", "2011-06-30": "734.00000", "2011-03-31": "437.00000", "2010-12-31": "730.00000", "2010-09-30": "611.00000", "2010-06-30": "435.00000", "2010-03-31": "153.00000", "2009-12-31": "243.10030", "2009-09-30": "418.20000", "2009-06-30": "242.20000", "2009-03-31": "107.49980", "2008-12-31": "298.19950", "2008-09-30": "-13618.10000", "2008-06-30": "636.99980", "2008-03-31": "524.20020", "2007-12-31": "704.80100", "2007-09-30": "645.79980", "2007-06-30": "749.89990", "2007-03-31": "521.30000", "2006-12-31": "681.50020", "2006-09-30": "646.40010", "2006-06-30": "750.30030", "2006-03-31": "528.19970", "2005-12-31": "-8805.70100", "2005-09-30": "622.20000", "2005-06-30": "808.90010", "2005-03-31": "505.10010"}, "Basic Shares Outstanding": {"2020-09-30": "616.00000", "2020-06-30": "615.00000", "2020-03-31": "614.00000", "2019-12-31": "615.00000", "2019-09-30": "615.00000", "2019-06-30": "615.00000", "2019-03-31": "613.00000", "2018-12-31": "617.00000", "2018-09-30": "375.00000", "2018-06-30": "378.00000", "2018-03-31": "382.00000", "2017-12-31": "640.00000", "2017-09-30": "401.00000", "2017-06-30": "405.00000", "2017-03-31": "410.00000", "2016-12-31": "444.00000", "2016-09-30": "442.00000", "2016-06-30": "451.00000", "2016-03-31": "459.00000", "2015-12-31": "484.00000", "2015-09-30": "480.00000", "2015-06-30": "490.00000", "2015-03-31": "498.00000", "2014-12-31": "550.00000", "2014-09-30": "532.00000", "2014-06-30": "570.00000", "2014-03-31": "585.00000", "2013-12-31": "608.00000", "2013-09-30": "603.00000", "2013-06-30": "609.00000", "2013-03-31": "621.00000", "2012-12-31": "642.00000", "2012-09-30": "640.00000", "2012-06-30": "646.00000", "2012-03-31": "650.00000", "2011-12-31": "664.00000", "2011-09-30": "659.00000", "2011-06-30": "669.00000", "2011-03-31": "674.00000", "2010-12-31": "679.00000", "2010-09-30": "679.00000", "2010-06-30": "679.00000", "2010-03-31": "676.00000", "2009-12-31": "674.00000", "2009-09-30": "674.80000", "2009-06-30": "673.40000", "2009-03-31": "671.50000", "2008-12-31": "669.80000", "2008-09-30": "670.90000", "2008-06-30": "669.40000", "2008-03-31": "667.90000", "2007-12-31": "713.80000", "2007-09-30": "707.10000", "2007-06-30": "720.80000", "2007-03-31": "756.70000", "2006-12-31": "765.20000", "2006-09-30": "766.00000", "2006-06-30": "764.60000", "2006-03-31": "762.80000", "2005-12-31": "789.70000", "2005-09-30": "785.10000", "2005-06-30": "800.10000", "2005-03-31": "812.50000"}, "Shares Outstanding": {"2020-09-30": "618.00000", "2020-06-30": "617.00000", "2020-03-31": "616.00000", "2019-12-31": "617.00000", "2019-09-30": "617.00000", "2019-06-30": "617.00000", "2019-03-31": "617.00000", "2018-12-31": "621.00000", "2018-09-30": "379.00000", "2018-06-30": "381.00000", "2018-03-31": "386.00000", "2017-12-31": "647.00000", "2017-09-30": "406.00000", "2017-06-30": "410.00000", "2017-03-31": "416.00000", "2016-12-31": "448.00000", "2016-09-30": "446.00000", "2016-06-30": "455.00000", "2016-03-31": "464.00000", "2015-12-31": "489.00000", "2015-09-30": "484.00000", "2015-06-30": "495.00000", "2015-03-31": "506.00000", "2014-12-31": "561.00000", "2014-09-30": "541.00000", "2014-06-30": "581.00000", "2014-03-31": "600.00000", "2013-12-31": "624.00000", "2013-09-30": "618.00000", "2013-06-30": "624.00000", "2013-03-31": "638.00000", "2012-12-31": "659.00000", "2012-09-30": "656.00000", "2012-06-30": "661.00000", "2012-03-31": "667.00000", "2011-12-31": "681.00000", "2011-09-30": "675.00000", "2011-06-30": "686.00000", "2011-03-31": "693.00000", "2010-12-31": "694.00000", "2010-09-30": "694.00000", "2010-06-30": "693.00000", "2010-03-31": "676.00000", "2009-12-31": "683.00000", "2009-09-30": "685.10000", "2009-06-30": "680.20000", "2009-03-31": "671.50000", "2008-12-31": "669.80000", "2008-09-30": "670.90000", "2008-06-30": "674.30000", "2008-03-31": "673.80000", "2007-12-31": "721.90000", "2007-09-30": "715.40000", "2007-06-30": "729.40000", "2007-03-31": "765.10000", "2006-12-31": "771.80000", "2006-09-30": "774.20000", "2006-06-30": "769.60000", "2006-03-31": "766.70000", "2005-12-31": "789.70000", "2005-09-30": "789.00000", "2005-06-30": "804.50000", "2005-03-31": "817.70000"}, "Basic EPS": {"2020-09-30": "1.00000", "2020-06-30": "0.78000", "2020-03-31": "0.84000", "2019-12-31": "-0.43000", "2019-09-30": "1.02000", "2019-06-30": "1.59000", "2019-03-31": "3.20000", "2018-12-31": "1.90000", "2018-09-30": "1.30000", "2018-06-30": "1.06000", "2018-03-31": "1.34000", "2017-12-31": "2.62000", "2017-09-30": "1.48000", "2017-06-30": "0.14000", "2017-03-31": "-0.61000", "2016-12-31": "-0.21000", "2016-09-30": "1.08000", "2016-06-30": "0.94000", "2016-03-31": "1.03000", "2015-12-31": "0.56000", "2015-09-30": "0.89000", "2015-06-30": "0.68000", "2015-03-31": "0.79000", "2014-12-31": "0.73000", "2014-09-30": "3.08000", "2014-06-30": "0.77000", "2014-03-31": "0.80000", "2013-12-31": "0.78000", "2013-09-30": "0.82000", "2013-06-30": "0.78000", "2013-03-31": "0.71000", "2012-12-31": "0.62000", "2012-09-30": "0.61000", "2012-06-30": "0.66000", "2012-03-31": "0.56000", "2011-12-31": "0.57000", "2011-09-30": "0.51000", "2011-06-30": "0.59000", "2011-03-31": "0.30000", "2010-12-31": "0.42000", "2010-09-30": "0.47000", "2010-06-30": "0.22000", "2010-03-31": "-0.04000", "2009-12-31": "0.09000", "2009-09-30": "0.31000", "2009-06-30": "0.02000", "2009-03-31": "-0.08000", "2008-12-31": "0.17000", "2008-09-30": "-18.58000", "2008-06-30": "0.61000", "2008-03-31": "0.37000", "2007-12-31": "0.42000", "2007-09-30": "0.49000", "2007-06-30": "0.56000", "2007-03-31": "0.28000", "2006-12-31": "0.44000", "2006-09-30": "0.41000", "2006-06-30": "1.02000", "2006-03-31": "0.30000", "2005-12-31": "-11.54000", "2005-09-30": "0.90000", "2005-06-30": "0.94000", "2005-03-31": "0.72000"}, "EPS - Earnings Per Share": {"2020-09-30": "1.00000", "2020-06-30": "0.78000", "2020-03-31": "0.84000", "2019-12-31": "-0.42000", "2019-09-30": "1.02000", "2019-06-30": "1.58000", "2019-03-31": "3.18000", "2018-12-31": "1.90000", "2018-09-30": "1.29000", "2018-06-30": "1.05000", "2018-03-31": "1.32000", "2017-12-31": "2.60000", "2017-09-30": "1.46000", "2017-06-30": "0.14000", "2017-03-31": "-0.61000", "2016-12-31": "-0.21000", "2016-09-30": "1.07000", "2016-06-30": "0.93000", "2016-03-31": "1.02000", "2015-12-31": "0.56000", "2015-09-30": "0.88000", "2015-06-30": "0.67000", "2015-03-31": "0.78000", "2014-12-31": "0.70000", "2014-09-30": "3.03000", "2014-06-30": "0.76000", "2014-03-31": "0.78000", "2013-12-31": "0.76000", "2013-09-30": "0.80000", "2013-06-30": "0.76000", "2013-03-31": "0.69000", "2012-12-31": "0.60000", "2012-09-30": "0.60000", "2012-06-30": "0.65000", "2012-03-31": "0.54000", "2011-12-31": "0.55000", "2011-09-30": "0.50000", "2011-06-30": "0.58000", "2011-03-31": "0.29000", "2010-12-31": "0.40000", "2010-09-30": "0.46000", "2010-06-30": "0.22000", "2010-03-31": "-0.04000", "2009-12-31": "0.09000", "2009-09-30": "0.30000", "2009-06-30": "0.02000", "2009-03-31": "-0.08000", "2008-12-31": "0.18000", "2008-09-30": "-18.58000", "2008-06-30": "0.61000", "2008-03-31": "0.36000", "2007-12-31": "0.42000", "2007-09-30": "0.48000", "2007-06-30": "0.55000", "2007-03-31": "0.28000", "2006-12-31": "0.42000", "2006-09-30": "0.41000", "2006-06-30": "1.02000", "2006-03-31": "0.30000", "2005-12-31": "-11.54000", "2005-09-30": "0.90000", "2005-06-30": "0.94000", "2005-03-31": "0.72000"}}, "balance sheet": {"Cash On Hand": {"2019-12-31": "632.00000", "2018-12-31": "856.00000", "2017-12-31": "285.00000", "2016-12-31": "598.00000", "2015-12-31": "317.00000", "2014-12-31": "428.00000", "2013-12-31": "368.00000", "2012-12-31": "708.00000", "2011-12-31": "660.00000", "2010-12-31": "480.00000", "2009-12-31": "716.70000", "2008-12-31": "419.50000", "2007-12-31": "1346.90000", "2006-12-31": "3074.60000", "2005-12-31": "1655.30000"}, "Receivables": {"2019-12-31": "7206.00000", "2018-12-31": "7199.00000", "2017-12-31": "3775.00000", "2016-12-31": "3344.00000", "2015-12-31": "3476.00000", "2014-12-31": "3620.00000", "2013-12-31": "3234.00000", "2012-12-31": "3164.00000", "2011-12-31": "3100.00000", "2010-12-31": "3293.00000", "2009-12-31": "2900.20000", "2008-12-31": "2749.90000", "2007-12-31": "2678.00000", "2006-12-31": "2824.00000", "2005-12-31": "2726.10000"}, "Inventory": {"2019-12-31": "2876.00000", "2018-12-31": "2785.00000", "2017-12-31": "1828.00000", "2016-12-31": "1427.00000", "2015-12-31": "1270.00000", "2014-12-31": "922.00000", "2013-12-31": "772.00000", "2012-12-31": "859.00000", "2011-12-31": "735.00000", "2010-12-31": "751.00000", "2009-12-31": "1085.00000", "2008-12-31": "1027.30000", "2007-12-31": "971.90000", "2006-12-31": "982.90000", "2005-12-31": "970.00000"}, "Pre-Paid Expenses": {"2019-12-31": "401.00000", "2018-12-31": "372.00000", "2017-12-31": "194.00000", "2016-12-31": "185.00000", "2015-12-31": "133.00000", "2014-12-31": "129.00000", "2013-12-31": "109.00000", "2012-12-31": "206.00000", "2011-12-31": "186.00000", "2010-12-31": "212.00000", "2009-12-31": "174.50000", "2008-12-31": "181.10000", "2007-12-31": "177.60000", "2006-12-31": "163.70000", "2005-12-31": "196.80000"}, "Other Current Assets": {"2019-12-31": "787.00000", "2018-12-31": "668.00000", "2017-12-31": "191.00000", "2016-12-31": "204.00000", "2015-12-31": "228.00000", "2014-12-31": "386.00000", "2013-12-31": "384.00000", "2012-12-31": "312.00000", "2011-12-31": "324.00000", "2010-12-31": "351.00000", "2009-12-31": "455.90000", "2008-12-31": "511.30000", "2007-12-31": "573.70000", "2006-12-31": "593.60000", "2005-12-31": "669.50000"}, "Total Current Assets": {"2019-12-31": "11902.00000", "2018-12-31": "11880.00000", "2017-12-31": "6273.00000", "2016-12-31": "6063.00000", "2015-12-31": "5747.00000", "2014-12-31": "5485.00000", "2013-12-31": "5370.00000", "2012-12-31": "5720.00000", "2011-12-31": "5549.00000", "2010-12-31": "5395.00000", "2009-12-31": "5636.90000", "2008-12-31": "5215.90000", "2007-12-31": "6030.90000", "2006-12-31": "8144.10000", "2005-12-31": "6795.50000"}, "Property, Plant, And Equipment": {"2019-12-31": "2085.00000", "2018-12-31": "2079.00000", "2017-12-31": "1246.00000", "2016-12-31": "1241.00000", "2015-12-31": "1253.00000", "2014-12-31": "1433.00000", "2013-12-31": "1461.00000", "2012-12-31": "2271.00000", "2011-12-31": "2372.00000", "2010-12-31": "2694.00000", "2009-12-31": "2858.70000", "2008-12-31": "3008.30000", "2007-12-31": "2921.50000", "2006-12-31": "2813.80000", "2005-12-31": "2736.40000"}, "Long-Term Investments": {"2019-12-31": "", "2018-12-31": "", "2017-12-31": "", "2016-12-31": "", "2015-12-31": "", "2014-12-31": "", "2013-12-31": "", "2012-12-31": "", "2011-12-31": "", "2010-12-31": "", "2009-12-31": "", "2008-12-31": "", "2007-12-31": "", "2006-12-31": "", "2005-12-31": ""}, "Goodwill And Intangible Assets": {"2019-12-31": "19973.00000", "2018-12-31": "19469.00000", "2017-12-31": "7557.00000", "2016-12-31": "7497.00000", "2015-12-31": "7428.00000", "2014-12-31": "12706.00000", "2013-12-31": "12458.00000", "2012-12-31": "15082.00000", "2011-12-31": "15092.00000", "2010-12-31": "15148.00000", "2009-12-31": "15421.20000", "2008-12-31": "15752.00000", "2007-12-31": "28533.30000", "2006-12-31": "29246.50000", "2005-12-31": "29144.00000"}, "Other Long-Term Assets": {"2019-12-31": "4029.00000", "2018-12-31": "3505.00000", "2017-12-31": "2886.00000", "2016-12-31": "2707.00000", "2015-12-31": "2633.00000", "2014-12-31": "2494.00000", "2013-12-31": "2277.00000", "2012-12-31": "1551.00000", "2011-12-31": "1409.00000", "2010-12-31": "1469.00000", "2009-12-31": "1489.90000", "2008-12-31": "1429.40000", "2007-12-31": "1297.40000", "2006-12-31": "1553.20000", "2005-12-31": "1555.00000"}, "Total Long-Term Assets": {"2019-12-31": "37617.00000", "2018-12-31": "32617.00000", "2017-12-31": "14570.00000", "2016-12-31": "18175.00000", "2015-12-31": "18018.00000", "2014-12-31": "18450.00000", "2013-12-31": "21017.00000", "2012-12-31": "20746.00000", "2011-12-31": "20671.00000", "2010-12-31": "20748.00000", "2009-12-31": "21325.10000", "2008-12-31": "21865.00000", "2007-12-31": "34399.30000", "2006-12-31": "35364.70000", "2005-12-31": "36234.10000"}, "Total Assets": {"2019-12-31": "49519.00000", "2018-12-31": "44497.00000", "2017-12-31": "20843.00000", "2016-12-31": "24238.00000", "2015-12-31": "23765.00000", "2014-12-31": "23935.00000", "2013-12-31": "26387.00000", "2012-12-31": "26466.00000", "2011-12-31": "26220.00000", "2010-12-31": "26143.00000", "2009-12-31": "26962.00000", "2008-12-31": "27080.90000", "2007-12-31": "40430.20000", "2006-12-31": "43508.80000", "2005-12-31": "43029.60000"}, "Total Current Liabilities": {"2019-12-31": "9048.00000", "2018-12-31": "8321.00000", "2017-12-31": "3972.00000", "2016-12-31": "3708.00000", "2015-12-31": "3560.00000", "2014-12-31": "4033.00000", "2013-12-31": "4207.00000", "2012-12-31": "3941.00000", "2011-12-31": "3937.00000", "2010-12-31": "4026.00000", "2009-12-31": "4746.50000", "2008-12-31": "4800.90000", "2007-12-31": "4404.60000", "2006-12-31": "4399.50000", "2005-12-31": "5378.60000"}, "Long Term Debt": {"2019-12-31": "18002.00000", "2018-12-31": "18100.00000", "2017-12-31": "9464.00000", "2016-12-31": "8902.00000", "2015-12-31": "8226.00000", "2014-12-31": "6476.00000", "2013-12-31": "5940.00000", "2012-12-31": "5904.00000", "2011-12-31": "5958.00000", "2010-12-31": "5973.00000", "2009-12-31": "6553.30000", "2008-12-31": "6974.80000", "2007-12-31": "7068.60000", "2006-12-31": "7027.30000", "2005-12-31": "7153.20000"}, "Other Non-Current Liabilities": {"2019-12-31": "4650.00000", "2018-12-31": "5009.00000", "2017-12-31": "3621.00000", "2016-12-31": "3129.00000", "2015-12-31": "3207.00000", "2014-12-31": "3347.00000", "2013-12-31": "3156.00000", "2012-12-31": "3122.00000", "2011-12-31": "3341.00000", "2010-12-31": "3420.00000", "2009-12-31": "3636.60000", "2008-12-31": "3808.90000", "2007-12-31": "3535.70000", "2006-12-31": "3595.60000", "2005-12-31": "3750.90000"}, "Total Long Term Liabilities": {"2019-12-31": "27182.00000", "2018-12-31": "25673.00000", "2017-12-31": "14893.00000", "2016-12-31": "16841.00000", "2015-12-31": "14642.00000", "2014-12-31": "12932.00000", "2013-12-31": "12214.00000", "2012-12-31": "12312.00000", "2011-12-31": "12375.00000", "2010-12-31": "12296.00000", "2009-12-31": "13196.10000", "2008-12-31": "13682.70000", "2007-12-31": "14553.20000", "2006-12-31": "15586.80000", "2005-12-31": "15914.00000"}, "Total Liabilities": {"2019-12-31": "36230.00000", "2018-12-31": "33994.00000", "2017-12-31": "18865.00000", "2016-12-31": "20549.00000", "2015-12-31": "18202.00000", "2014-12-31": "16965.00000", "2013-12-31": "16421.00000", "2012-12-31": "16253.00000", "2011-12-31": "16312.00000", "2010-12-31": "16322.00000", "2009-12-31": "17942.60000", "2008-12-31": "18483.60000", "2007-12-31": "18957.80000", "2006-12-31": "19986.30000", "2005-12-31": "21292.60000"}, "Common Stock Net": {"2019-12-31": "1.00000", "2018-12-31": "1.00000", "2017-12-31": "1.00000", "2016-12-31": "1.00000", "2015-12-31": "1.00000", "2014-12-31": "1.00000", "2013-12-31": "1.00000", "2012-12-31": "1.00000", "2011-12-31": "1.00000", "2010-12-31": "1.00000", "2009-12-31": "0.80000", "2008-12-31": "0.80000", "2007-12-31": "0.80000", "2006-12-31": "0.80000", "2005-12-31": "0.80000"}, "Retained Earnings (Accumulated Deficit)": {"2019-12-31": "8494.00000", "2018-12-31": "5569.00000", "2017-12-31": "-18900.00000", "2016-12-31": "-19257.00000", "2015-12-31": "-20518.00000", "2014-12-31": "-21931.00000", "2013-12-31": "-24890.00000", "2012-12-31": "-26769.00000", "2011-12-31": "-28343.00000", "2010-12-31": "-29648.00000", "2009-12-31": "-30371.70000", "2008-12-31": "-30598.20000", "2007-12-31": "-18924.80000", "2006-12-31": "-20175.90000", "2005-12-31": "-21836.40000"}, "Comprehensive Income": {"2019-12-31": "-1970.00000", "2018-12-31": "-1608.00000", "2017-12-31": "-662.00000", "2016-12-31": "-767.00000", "2015-12-31": "-770.00000", "2014-12-31": "-735.00000", "2013-12-31": "-545.00000", "2012-12-31": "-569.00000", "2011-12-31": "-439.00000", "2010-12-31": "-286.00000", "2009-12-31": "-395.50000", "2008-12-31": "-606.90000", "2007-12-31": "10.10000", "2006-12-31": "-246.30000", "2005-12-31": "-397.50000"}, "Other Share Holders Equity": {"2019-12-31": "", "2018-12-31": "", "2017-12-31": "", "2016-12-31": "", "2015-12-31": "", "2014-12-31": "", "2013-12-31": "", "2012-12-31": "", "2011-12-31": "", "2010-12-31": "", "2009-12-31": "", "2008-12-31": "", "2007-12-31": "", "2006-12-31": "", "2005-12-31": ""}, "Share Holder Equity": {"2019-12-31": "13289.00000", "2018-12-31": "10503.00000", "2017-12-31": "1978.00000", "2016-12-31": "3689.00000", "2015-12-31": "5563.00000", "2014-12-31": "6970.00000", "2013-12-31": "9966.00000", "2012-12-31": "10213.00000", "2011-12-31": "9908.00000", "2010-12-31": "9821.00000", "2009-12-31": "9019.40000", "2008-12-31": "8597.30000", "2007-12-31": "21472.40000", "2006-12-31": "23522.50000", "2005-12-31": "21737.00000"}, "Total Liabilities And Share Holders Equity": {"2019-12-31": "49519.00000", "2018-12-31": "44497.00000", "2017-12-31": "20843.00000", "2016-12-31": "24238.00000", "2015-12-31": "23765.00000", "2014-12-31": "23935.00000", "2013-12-31": "26387.00000", "2012-12-31": "26466.00000", "2011-12-31": "26220.00000", "2010-12-31": "26143.00000", "2009-12-31": "26962.00000", "2008-12-31": "27080.90000", "2007-12-31": "40430.20000", "2006-12-31": "43508.80000", "2005-12-31": "43029.60000"}}, "balance sheet, quarterly": {"Cash On Hand": {"2020-09-30": "3086.00000", "2020-06-30": "2288.00000", "2020-03-31": "589.00000", "2019-12-31": "632.00000", "2019-09-30": "196.00000", "2019-06-30": "216.00000", "2019-03-31": "500.00000", "2018-12-31": "856.00000", "2018-09-30": "182.00000", "2018-06-30": "252.00000", "2018-03-31": "147.00000", "2017-12-31": "285.00000", "2017-09-30": "144.00000", "2017-06-30": "170.00000", "2017-03-31": "163.00000", "2016-12-31": "598.00000", "2016-09-30": "179.00000", "2016-06-30": "176.00000", "2016-03-31": "411.00000", "2015-12-31": "317.00000", "2015-09-30": "133.00000", "2015-06-30": "320.00000", "2015-03-31": "331.00000", "2014-12-31": "428.00000", "2014-09-30": "178.00000", "2014-06-30": "261.00000", "2014-03-31": "311.00000", "2013-12-31": "368.00000", "2013-09-30": "226.00000", "2013-06-30": "282.00000", "2013-03-31": "409.00000", "2012-12-31": "708.00000", "2012-09-30": "947.00000", "2012-06-30": "1888.00000", "2012-03-31": "794.00000", "2011-12-31": "660.00000", "2011-09-30": "947.00000", "2011-06-30": "1346.00000", "2011-03-31": "972.00000", "2010-12-31": "480.00000", "2010-09-30": "1072.00000", "2010-06-30": "838.10000", "2010-03-31": "872.70000", "2009-12-31": "716.70000", "2009-09-30": "473.80000", "2009-06-30": "341.50000", "2009-03-31": "239.60000", "2008-12-31": "419.50000", "2008-09-30": "553.10000", "2008-06-30": "813.90000", "2008-03-31": "2258.90000", "2007-12-31": "1346.90000", "2007-09-30": "1226.00000", "2007-06-30": "2796.80000", "2007-03-31": "3378.60000", "2006-12-31": "3074.60000", "2006-09-30": "3176.60000", "2006-06-30": "3061.80000", "2006-03-31": "1286.80000", "2005-12-31": "1655.30000", "2005-09-30": "810.80000", "2005-06-30": "666.40000", "2005-03-31": "467.40000"}, "Receivables": {"2020-09-30": "6946.00000", "2020-06-30": "7139.00000", "2020-03-31": "7199.00000", "2019-12-31": "7206.00000", "2019-09-30": "3685.00000", "2019-06-30": "3795.00000", "2019-03-31": "4147.00000", "2018-12-31": "7199.00000", "2018-09-30": "3697.00000", "2018-06-30": "3597.00000", "2018-03-31": "3872.00000", "2017-12-31": "3775.00000", "2017-09-30": "3598.00000", "2017-06-30": "3340.00000", "2017-03-31": "3478.00000", "2016-12-31": "3344.00000", "2016-09-30": "3387.00000", "2016-06-30": "3282.00000", "2016-03-31": "3678.00000", "2015-12-31": "3476.00000", "2015-09-30": "3397.00000", "2015-06-30": "3186.00000", "2015-03-31": "3374.00000", "2014-12-31": "3620.00000", "2014-09-30": "3461.00000", "2014-06-30": "3047.00000", "2014-03-31": "3301.00000", "2013-12-31": "3234.00000", "2013-09-30": "3221.00000", "2013-06-30": "2998.00000", "2013-03-31": "3130.00000", "2012-12-31": "3164.00000", "2012-09-30": "3248.00000", "2012-06-30": "3010.00000", "2012-03-31": "3332.00000", "2011-12-31": "3100.00000", "2011-09-30": "3118.00000", "2011-06-30": "3080.00000", "2011-03-31": "3198.00000", "2010-12-31": "3293.00000", "2010-09-30": "3035.50000", "2010-06-30": "2916.60000", "2010-03-31": "3213.50000", "2009-12-31": "2900.20000", "2009-09-30": "2726.90000", "2009-06-30": "2677.20000", "2009-03-31": "2932.90000", "2008-12-31": "2749.90000", "2008-09-30": "2780.40000", "2008-06-30": "2668.00000", "2008-03-31": "2923.00000", "2007-12-31": "2678.00000", "2007-09-30": "2592.90000", "2007-06-30": "2541.70000", "2007-03-31": "2835.40000", "2006-12-31": "2824.00000", "2006-09-30": "2606.20000", "2006-06-30": "2451.90000", "2006-03-31": "2770.80000", "2005-12-31": "2726.10000", "2005-09-30": "3908.40000", "2005-06-30": "3784.90000", "2005-03-31": "3836.20000"}, "Inventory": {"2020-09-30": "1869.00000", "2020-06-30": "1837.00000", "2020-03-31": "1431.00000", "2019-12-31": "2876.00000", "2019-09-30": "1964.00000", "2019-06-30": "1945.00000", "2019-03-31": "1533.00000", "2018-12-31": "2785.00000", "2018-09-30": "1828.00000", "2018-06-30": "1876.00000", "2018-03-31": "1593.00000", "2017-12-31": "1828.00000", "2017-09-30": "1830.00000", "2017-06-30": "1560.00000", "2017-03-31": "1201.00000", "2016-12-31": "1427.00000", "2016-09-30": "1459.00000", "2016-06-30": "1224.00000", "2016-03-31": "822.00000", "2015-12-31": "1270.00000", "2015-09-30": "1420.00000", "2015-06-30": "1156.00000", "2015-03-31": "764.00000", "2014-12-31": "922.00000", "2014-09-30": "1136.00000", "2014-06-30": "940.00000", "2014-03-31": "541.00000", "2013-12-31": "772.00000", "2013-09-30": "554.00000", "2013-06-30": "449.00000", "2013-03-31": "569.00000", "2012-12-31": "859.00000", "2012-09-30": "685.00000", "2012-06-30": "521.00000", "2012-03-31": "574.00000", "2011-12-31": "735.00000", "2011-09-30": "536.00000", "2011-06-30": "360.00000", "2011-03-31": "438.00000", "2010-12-31": "751.00000", "2010-09-30": "552.30000", "2010-06-30": "496.80000", "2010-03-31": "604.80000", "2009-12-31": "1085.00000", "2009-09-30": "861.30000", "2009-06-30": "648.50000", "2009-03-31": "753.30000", "2008-12-31": "1027.30000", "2008-09-30": "781.50000", "2008-06-30": "635.70000", "2008-03-31": "750.00000", "2007-12-31": "971.90000", "2007-09-30": "792.20000", "2007-06-30": "729.60000", "2007-03-31": "768.90000", "2006-12-31": "982.90000", "2006-09-30": "838.20000", "2006-06-30": "743.80000", "2006-03-31": "800.30000", "2005-12-31": "970.00000", "2005-09-30": "952.90000", "2005-06-30": "926.60000", "2005-03-31": "937.80000"}, "Pre-Paid Expenses": {"2020-09-30": "1256.00000", "2020-06-30": "1175.00000", "2020-03-31": "1187.00000", "2019-12-31": "1188.00000", "2019-09-30": "218.00000", "2019-06-30": "158.00000", "2019-03-31": "152.00000", "2018-12-31": "372.00000", "2018-09-30": "137.00000", "2018-06-30": "117.00000", "2018-03-31": "164.00000", "2017-12-31": "194.00000", "2017-09-30": "182.00000", "2017-06-30": "132.00000", "2017-03-31": "165.00000", "2016-12-31": "185.00000", "2016-09-30": "204.00000", "2016-06-30": "174.00000", "2016-03-31": "189.00000", "2015-12-31": "133.00000", "2015-09-30": "160.00000", "2015-06-30": "123.00000", "2015-03-31": "136.00000", "2014-12-31": "129.00000", "2014-09-30": "146.00000", "2014-06-30": "127.00000", "2014-03-31": "251.00000", "2013-12-31": "109.00000", "2013-09-30": "255.00000", "2013-06-30": "249.00000", "2013-03-31": "266.00000", "2012-12-31": "206.00000", "2012-09-30": "263.00000", "2012-06-30": "272.00000", "2012-03-31": "299.00000", "2011-12-31": "186.00000", "2011-09-30": "550.00000", "2011-06-30": "599.00000", "2011-03-31": "262.00000", "2010-12-31": "212.00000", "2010-09-30": "708.30000", "2010-06-30": "678.70000", "2010-03-31": "702.10000", "2009-12-31": "174.50000", "2009-09-30": "702.70000", "2009-06-30": "710.40000", "2009-03-31": "703.50000", "2008-12-31": "181.10000", "2008-09-30": "770.70000", "2008-06-30": "783.00000", "2008-03-31": "772.20000", "2007-12-31": "177.60000", "2007-09-30": "664.30000", "2007-06-30": "893.90000", "2007-03-31": "770.10000", "2006-12-31": "163.70000", "2006-09-30": "782.60000", "2006-06-30": "1252.60000", "2006-03-31": "1338.40000", "2005-12-31": "196.80000", "2005-09-30": "1287.90000", "2005-06-30": "1322.30000", "2005-03-31": "1314.10000"}, "Other Current Assets": {"2020-09-30": "", "2020-06-30": "", "2020-03-31": "", "2019-12-31": "", "2019-09-30": "210.00000", "2019-06-30": "222.00000", "2019-03-31": "400.00000", "2018-12-31": "668.00000", "2018-09-30": "196.00000", "2018-06-30": "206.00000", "2018-03-31": "415.00000", "2017-12-31": "191.00000", "2017-09-30": "185.00000", "2017-06-30": "185.00000", "2017-03-31": "355.00000", "2016-12-31": "204.00000", "2016-09-30": "228.00000", "2016-06-30": "240.00000", "2016-03-31": "434.00000", "2015-12-31": "228.00000", "2015-09-30": "323.00000", "2015-06-30": "328.00000", "2015-03-31": "504.00000", "2014-12-31": "386.00000", "2014-09-30": "328.00000", "2014-06-30": "325.00000", "2014-03-31": "469.00000", "2013-12-31": "384.00000", "2013-09-30": "317.00000", "2013-06-30": "328.00000", "2013-03-31": "427.00000", "2012-12-31": "312.00000", "2012-09-30": "312.00000", "2012-06-30": "355.00000", "2012-03-31": "449.00000", "2011-12-31": "324.00000", "2011-09-30": "", "2011-06-30": "", "2011-03-31": "456.00000", "2010-12-31": "351.00000", "2010-09-30": "", "2010-06-30": "", "2010-03-31": "", "2009-12-31": "455.90000", "2009-09-30": "", "2009-06-30": "", "2009-03-31": "", "2008-12-31": "511.30000", "2008-09-30": "", "2008-06-30": "", "2008-03-31": "", "2007-12-31": "573.70000", "2007-09-30": "", "2007-06-30": "", "2007-03-31": "", "2006-12-31": "593.60000", "2006-09-30": "", "2006-06-30": "", "2006-03-31": "", "2005-12-31": "669.50000", "2005-09-30": "", "2005-06-30": "", "2005-03-31": ""}, "Total Current Assets": {"2020-09-30": "13157.00000", "2020-06-30": "12439.00000", "2020-03-31": "10406.00000", "2019-12-31": "11902.00000", "2019-09-30": "6273.00000", "2019-06-30": "6336.00000", "2019-03-31": "6732.00000", "2018-12-31": "11880.00000", "2018-09-30": "6040.00000", "2018-06-30": "6048.00000", "2018-03-31": "6191.00000", "2017-12-31": "6273.00000", "2017-09-30": "6294.00000", "2017-06-30": "5686.00000", "2017-03-31": "5620.00000", "2016-12-31": "6063.00000", "2016-09-30": "5457.00000", "2016-06-30": "5096.00000", "2016-03-31": "5534.00000", "2015-12-31": "5747.00000", "2015-09-30": "5555.00000", "2015-06-30": "5232.00000", "2015-03-31": "5220.00000", "2014-12-31": "5485.00000", "2014-09-30": "5404.00000", "2014-06-30": "5392.00000", "2014-03-31": "5077.00000", "2013-12-31": "5370.00000", "2013-09-30": "4892.00000", "2013-06-30": "4770.00000", "2013-03-31": "5259.00000", "2012-12-31": "5720.00000", "2012-09-30": "5788.00000", "2012-06-30": "6382.00000", "2012-03-31": "5783.00000", "2011-12-31": "5549.00000", "2011-09-30": "5466.00000", "2011-06-30": "5695.00000", "2011-03-31": "5637.00000", "2010-12-31": "5395.00000", "2010-09-30": "5678.70000", "2010-06-30": "5241.50000", "2010-03-31": "5705.20000", "2009-12-31": "5636.90000", "2009-09-30": "5101.30000", "2009-06-30": "4711.10000", "2009-03-31": "4963.50000", "2008-12-31": "5215.90000", "2008-09-30": "5217.80000", "2008-06-30": "5233.60000", "2008-03-31": "6991.80000", "2007-12-31": "6030.90000", "2007-09-30": "5743.30000", "2007-06-30": "7428.80000", "2007-03-31": "8257.50000", "2006-12-31": "8144.10000", "2006-09-30": "7872.50000", "2006-06-30": "7510.10000", "2006-03-31": "6196.30000", "2005-12-31": "6795.50000", "2005-09-30": "6993.10000", "2005-06-30": "6725.40000", "2005-03-31": "6615.80000"}, "Property, Plant, And Equipment": {"2020-09-30": "1994.00000", "2020-06-30": "1995.00000", "2020-03-31": "2028.00000", "2019-12-31": "2085.00000", "2019-09-30": "1171.00000", "2019-06-30": "1177.00000", "2019-03-31": "1194.00000", "2018-12-31": "2079.00000", "2018-09-30": "1222.00000", "2018-06-30": "1237.00000", "2018-03-31": "1259.00000", "2017-12-31": "1246.00000", "2017-09-30": "1208.00000", "2017-06-30": "1214.00000", "2017-03-31": "1220.00000", "2016-12-31": "1241.00000", "2016-09-30": "1345.00000", "2016-06-30": "1356.00000", "2016-03-31": "1376.00000", "2015-12-31": "1253.00000", "2015-09-30": "1374.00000", "2015-06-30": "1376.00000", "2015-03-31": "1394.00000", "2014-12-31": "1433.00000", "2014-09-30": "1394.00000", "2014-06-30": "1424.00000", "2014-03-31": "2179.00000", "2013-12-31": "1461.00000", "2013-09-30": "2200.00000", "2013-06-30": "2228.00000", "2013-03-31": "2215.00000", "2012-12-31": "2271.00000", "2012-09-30": "2372.00000", "2012-06-30": "2394.00000", "2012-03-31": "2458.00000", "2011-12-31": "2372.00000", "2011-09-30": "2525.00000", "2011-06-30": "2595.00000", "2011-03-31": "2642.00000", "2010-12-31": "2694.00000", "2010-09-30": "2681.80000", "2010-06-30": "2715.40000", "2010-03-31": "2785.60000", "2009-12-31": "2858.70000", "2009-09-30": "2899.20000", "2009-06-30": "2958.40000", "2009-03-31": "2957.10000", "2008-12-31": "3008.30000", "2008-09-30": "3030.60000", "2008-06-30": "3027.30000", "2008-03-31": "2893.00000", "2007-12-31": "2921.50000", "2007-09-30": "2844.50000", "2007-06-30": "2809.40000", "2007-03-31": "2812.20000", "2006-12-31": "2813.80000", "2006-09-30": "2705.00000", "2006-06-30": "2704.20000", "2006-03-31": "3205.00000", "2005-12-31": "2736.40000", "2005-09-30": "4309.20000", "2005-06-30": "4334.90000", "2005-03-31": "4624.60000"}, "Long-Term Investments": {"2020-09-30": "", "2020-06-30": "", "2020-03-31": "", "2019-12-31": "", "2019-09-30": "", "2019-06-30": "", "2019-03-31": "", "2018-12-31": "", "2018-09-30": "", "2018-06-30": "", "2018-03-31": "", "2017-12-31": "", "2017-09-30": "", "2017-06-30": "", "2017-03-31": "", "2016-12-31": "", "2016-09-30": "", "2016-06-30": "", "2016-03-31": "", "2015-12-31": "", "2015-09-30": "", "2015-06-30": "", "2015-03-31": "", "2014-12-31": "", "2014-09-30": "", "2014-06-30": "", "2014-03-31": "", "2013-12-31": "", "2013-09-30": "", "2013-06-30": "", "2013-03-31": "", "2012-12-31": "", "2012-09-30": "", "2012-06-30": "", "2012-03-31": "", "2011-12-31": "", "2011-09-30": "", "2011-06-30": "", "2011-03-31": "", "2010-12-31": "", "2010-09-30": "", "2010-06-30": "", "2010-03-31": "", "2009-12-31": "", "2009-09-30": "", "2009-06-30": "", "2009-03-31": "", "2008-12-31": "", "2008-09-30": "", "2008-06-30": "", "2008-03-31": "", "2007-12-31": "", "2007-09-30": "", "2007-06-30": "", "2007-03-31": "", "2006-12-31": "", "2006-09-30": "", "2006-06-30": "", "2006-03-31": "", "2005-12-31": "", "2005-09-30": "", "2005-06-30": "", "2005-03-31": ""}, "Goodwill And Intangible Assets": {"2020-09-30": "19827.00000", "2020-06-30": "2948.00000", "2020-03-31": "19918.00000", "2019-12-31": "19973.00000", "2019-09-30": "7719.00000", "2019-06-30": "7722.00000", "2019-03-31": "7727.00000", "2018-12-31": "19469.00000", "2018-09-30": "7571.00000", "2018-06-30": "7576.00000", "2018-03-31": "7552.00000", "2017-12-31": "7557.00000", "2017-09-30": "7508.00000", "2017-06-30": "7518.00000", "2017-03-31": "7520.00000", "2016-12-31": "7497.00000", "2016-09-30": "12030.00000", "2016-06-30": "12035.00000", "2016-03-31": "12042.00000", "2015-12-31": "7428.00000", "2015-09-30": "12660.00000", "2015-06-30": "12660.00000", "2015-03-31": "12666.00000", "2014-12-31": "12706.00000", "2014-09-30": "12457.00000", "2014-06-30": "12746.00000", "2014-03-31": "14966.00000", "2013-12-31": "12458.00000", "2013-09-30": "15024.00000", "2013-06-30": "15049.00000", "2013-03-31": "15062.00000", "2012-12-31": "15082.00000", "2012-09-30": "15089.00000", "2012-06-30": "15107.00000", "2012-03-31": "15185.00000", "2011-12-31": "15092.00000", "2011-09-30": "15170.00000", "2011-06-30": "15199.00000", "2011-03-31": "15229.00000", "2010-12-31": "15148.00000", "2010-09-30": "15172.20000", "2010-06-30": "15342.10000", "2010-03-31": "15377.00000", "2009-12-31": "15421.20000", "2009-09-30": "15615.20000", "2009-06-30": "15697.30000", "2009-03-31": "15650.60000", "2008-12-31": "15752.00000", "2008-09-30": "15877.90000", "2008-06-30": "30077.80000", "2008-03-31": "28441.60000", "2007-12-31": "28533.30000", "2007-09-30": "29321.90000", "2007-06-30": "29277.10000", "2007-03-31": "29024.40000", "2006-12-31": "29246.50000", "2006-09-30": "29467.40000", "2006-06-30": "29473.10000", "2006-03-31": "29705.90000", "2005-12-31": "29144.00000", "2005-09-30": "49156.60000", "2005-06-30": "49132.80000", "2005-03-31": "48963.20000"}, "Other Long-Term Assets": {"2020-09-30": "4280.00000", "2020-06-30": "4241.00000", "2020-03-31": "3905.00000", "2019-12-31": "4029.00000", "2019-09-30": "2672.00000", "2019-06-30": "2624.00000", "2019-03-31": "2360.00000", "2018-12-31": "3505.00000", "2018-09-30": "2367.00000", "2018-06-30": "2327.00000", "2018-03-31": "2337.00000", "2017-12-31": "2886.00000", "2017-09-30": "2745.00000", "2017-06-30": "2558.00000", "2017-03-31": "2539.00000", "2016-12-31": "2707.00000", "2016-09-30": "2779.00000", "2016-06-30": "2582.00000", "2016-03-31": "2526.00000", "2015-12-31": "2633.00000", "2015-09-30": "2741.00000", "2015-06-30": "2559.00000", "2015-03-31": "2622.00000", "2014-12-31": "2494.00000", "2014-09-30": "2524.00000", "2014-06-30": "2107.00000", "2014-03-31": "2184.00000", "2013-12-31": "2277.00000", "2013-09-30": "2065.00000", "2013-06-30": "1842.00000", "2013-03-31": "1752.00000", "2012-12-31": "1551.00000", "2012-09-30": "1617.00000", "2012-06-30": "1498.00000", "2012-03-31": "1474.00000", "2011-12-31": "1409.00000", "2011-09-30": "1428.00000", "2011-06-30": "1444.00000", "2011-03-31": "1453.00000", "2010-12-31": "1469.00000", "2010-09-30": "1471.50000", "2010-06-30": "1330.70000", "2010-03-31": "1397.90000", "2009-12-31": "1489.90000", "2009-09-30": "1403.30000", "2009-06-30": "1107.60000", "2009-03-31": "1170.90000", "2008-12-31": "1429.40000", "2008-09-30": "1401.20000", "2008-06-30": "1400.60000", "2008-03-31": "1342.70000", "2007-12-31": "1297.40000", "2007-09-30": "1465.20000", "2007-06-30": "1510.30000", "2007-03-31": "1502.30000", "2006-12-31": "1553.20000", "2006-09-30": "1811.90000", "2006-06-30": "1705.70000", "2006-03-31": "1685.00000", "2005-12-31": "1555.00000", "2005-09-30": "1913.70000", "2005-06-30": "1987.70000", "2005-03-31": "1881.30000"}, "Total Long-Term Assets": {"2020-09-30": "38268.00000", "2020-06-30": "38749.00000", "2020-03-31": "38639.00000", "2019-12-31": "37617.00000", "2019-09-30": "18203.00000", "2019-06-30": "17499.00000", "2019-03-31": "17343.00000", "2018-12-31": "32617.00000", "2018-09-30": "15028.00000", "2018-06-30": "14337.00000", "2018-03-31": "14400.00000", "2017-12-31": "14570.00000", "2017-09-30": "17600.00000", "2017-06-30": "16967.00000", "2017-03-31": "17402.00000", "2016-12-31": "18175.00000", "2016-09-30": "18391.00000", "2016-06-30": "18042.00000", "2016-03-31": "17967.00000", "2015-12-31": "18018.00000", "2015-09-30": "18684.00000", "2015-06-30": "18430.00000", "2015-03-31": "18566.00000", "2014-12-31": "18450.00000", "2014-09-30": "18051.00000", "2014-06-30": "20924.00000", "2014-03-31": "21038.00000", "2013-12-31": "21017.00000", "2013-09-30": "21003.00000", "2013-06-30": "20923.00000", "2013-03-31": "20852.00000", "2012-12-31": "20746.00000", "2012-09-30": "20604.00000", "2012-06-30": "20399.00000", "2012-03-31": "20610.00000", "2011-12-31": "20671.00000", "2011-09-30": "20648.00000", "2011-06-30": "20534.00000", "2011-03-31": "20735.00000", "2010-12-31": "20748.00000", "2010-09-30": "20809.90000", "2010-06-30": "20772.70000", "2010-03-31": "21050.90000", "2009-12-31": "21325.10000", "2009-09-30": "21459.20000", "2009-06-30": "21314.80000", "2009-03-31": "21442.30000", "2008-12-31": "21865.00000", "2008-09-30": "21955.90000", "2008-06-30": "36014.20000", "2008-03-31": "34039.50000", "2007-12-31": "34399.30000", "2007-09-30": "35358.40000", "2007-06-30": "35263.00000", "2007-03-31": "35068.10000", "2006-12-31": "35364.70000", "2006-09-30": "35613.30000", "2006-06-30": "35559.40000", "2006-03-31": "36307.00000", "2005-12-31": "36234.10000", "2005-09-30": "60321.60000", "2005-06-30": "60472.80000", "2005-03-31": "60251.60000"}, "Total Assets": {"2020-09-30": "51425.00000", "2020-06-30": "51188.00000", "2020-03-31": "49045.00000", "2019-12-31": "49519.00000", "2019-09-30": "24476.00000", "2019-06-30": "23835.00000", "2019-03-31": "24075.00000", "2018-12-31": "44497.00000", "2018-09-30": "21068.00000", "2018-06-30": "20385.00000", "2018-03-31": "20591.00000", "2017-12-31": "20843.00000", "2017-09-30": "23894.00000", "2017-06-30": "22653.00000", "2017-03-31": "23022.00000", "2016-12-31": "24238.00000", "2016-09-30": "23848.00000", "2016-06-30": "23138.00000", "2016-03-31": "23501.00000", "2015-12-31": "23765.00000", "2015-09-30": "24239.00000", "2015-06-30": "23662.00000", "2015-03-31": "23786.00000", "2014-12-31": "23935.00000", "2014-09-30": "23455.00000", "2014-06-30": "26316.00000", "2014-03-31": "26115.00000", "2013-12-31": "26387.00000", "2013-09-30": "25895.00000", "2013-06-30": "25693.00000", "2013-03-31": "26111.00000", "2012-12-31": "26466.00000", "2012-09-30": "26392.00000", "2012-06-30": "26781.00000", "2012-03-31": "26393.00000", "2011-12-31": "26220.00000", "2011-09-30": "26114.00000", "2011-06-30": "26229.00000", "2011-03-31": "26372.00000", "2010-12-31": "26143.00000", "2010-09-30": "26488.60000", "2010-06-30": "26014.20000", "2010-03-31": "26756.10000", "2009-12-31": "26962.00000", "2009-09-30": "26560.50000", "2009-06-30": "26025.90000", "2009-03-31": "26405.80000", "2008-12-31": "27080.90000", "2008-09-30": "27173.70000", "2008-06-30": "41247.80000", "2008-03-31": "41031.30000", "2007-12-31": "40430.20000", "2007-09-30": "41101.70000", "2007-06-30": "42691.80000", "2007-03-31": "43325.60000", "2006-12-31": "43508.80000", "2006-09-30": "43485.80000", "2006-06-30": "43069.50000", "2006-03-31": "42503.30000", "2005-12-31": "43029.60000", "2005-09-30": "67314.70000", "2005-06-30": "67198.20000", "2005-03-31": "66867.40000"}, "Total Current Liabilities": {"2020-09-30": "7763.00000", "2020-06-30": "7985.00000", "2020-03-31": "8531.00000", "2019-12-31": "9048.00000", "2019-09-30": "4122.00000", "2019-06-30": "3843.00000", "2019-03-31": "4492.00000", "2018-12-31": "8321.00000", "2018-09-30": "3993.00000", "2018-06-30": "3784.00000", "2018-03-31": "4069.00000", "2017-12-31": "3972.00000", "2017-09-30": "4052.00000", "2017-06-30": "3230.00000", "2017-03-31": "3424.00000", "2016-12-31": "3708.00000", "2016-09-30": "3098.00000", "2016-06-30": "3087.00000", "2016-03-31": "3384.00000", "2015-12-31": "3560.00000", "2015-09-30": "3432.00000", "2015-06-30": "3467.00000", "2015-03-31": "3092.00000", "2014-12-31": "4033.00000", "2014-09-30": "3397.00000", "2014-06-30": "3321.00000", "2014-03-31": "4072.00000", "2013-12-31": "4207.00000", "2013-09-30": "3753.00000", "2013-06-30": "3825.00000", "2013-03-31": "4440.00000", "2012-12-31": "3941.00000", "2012-09-30": "3663.00000", "2012-06-30": "4374.00000", "2012-03-31": "4150.00000", "2011-12-31": "3937.00000", "2011-09-30": "3964.00000", "2011-06-30": "3931.00000", "2011-03-31": "4195.00000", "2010-12-31": "4026.00000", "2010-09-30": "4641.00000", "2010-06-30": "3907.70000", "2010-03-31": "4712.30000", "2009-12-31": "4746.50000", "2009-09-30": "4220.60000", "2009-06-30": "4136.90000", "2009-03-31": "4461.50000", "2008-12-31": "4800.90000", "2008-09-30": "4672.20000", "2008-06-30": "4700.40000", "2008-03-31": "4736.90000", "2007-12-31": "4404.60000", "2007-09-30": "4263.20000", "2007-06-30": "4397.00000", "2007-03-31": "5325.40000", "2006-12-31": "4399.50000", "2006-09-30": "4249.60000", "2006-06-30": "4266.30000", "2006-03-31": "4443.30000", "2005-12-31": "5378.60000", "2005-09-30": "6603.80000", "2005-06-30": "6635.60000", "2005-03-31": "6668.40000"}, "Long Term Debt": {"2020-09-30": "19703.00000", "2020-06-30": "19704.00000", "2020-03-31": "18005.00000", "2019-12-31": "18002.00000", "2019-09-30": "9359.00000", "2019-06-30": "9359.00000", "2019-03-31": "9358.00000", "2018-12-31": "18100.00000", "2018-09-30": "9465.00000", "2018-06-30": "9464.00000", "2018-03-31": "9470.00000", "2017-12-31": "9464.00000", "2017-09-30": "9080.00000", "2017-06-30": "8898.00000", "2017-03-31": "8900.00000", "2016-12-31": "8902.00000", "2016-09-30": "8902.00000", "2016-06-30": "8223.00000", "2016-03-31": "8226.00000", "2015-12-31": "8226.00000", "2015-09-30": "8476.00000", "2015-06-30": "7686.00000", "2015-03-31": "7693.00000", "2014-12-31": "6476.00000", "2014-09-30": "6508.00000", "2014-06-30": "5846.00000", "2014-03-31": "7448.00000", "2013-12-31": "5940.00000", "2013-09-30": "5944.00000", "2013-06-30": "5949.00000", "2013-03-31": "5901.00000", "2012-12-31": "5904.00000", "2012-09-30": "5907.00000", "2012-06-30": "5900.00000", "2012-03-31": "5902.00000", "2011-12-31": "5958.00000", "2011-09-30": "5961.00000", "2011-06-30": "5964.00000", "2011-03-31": "5968.00000", "2010-12-31": "5973.00000", "2010-09-30": "5966.70000", "2010-06-30": "6515.90000", "2010-03-31": "6528.30000", "2009-12-31": "6553.30000", "2009-09-30": "6963.70000", "2009-06-30": "6964.30000", "2009-03-31": "7108.70000", "2008-12-31": "6974.80000", "2008-09-30": "7084.30000", "2008-06-30": "7072.70000", "2008-03-31": "7112.00000", "2007-12-31": "7068.60000", "2007-09-30": "7035.90000", "2007-06-30": "6995.80000", "2007-03-31": "7047.70000", "2006-12-31": "7027.30000", "2006-09-30": "7033.00000", "2006-06-30": "7019.40000", "2006-03-31": "7085.30000", "2005-12-31": "7153.20000", "2005-09-30": "10635.20000", "2005-06-30": "10492.20000", "2005-03-31": "9845.30000"}, "Other Non-Current Liabilities": {"2020-09-30": "4084.00000", "2020-06-30": "4355.00000", "2020-03-31": "4416.00000", "2019-12-31": "4650.00000", "2019-09-30": "3089.00000", "2019-06-30": "3121.00000", "2019-03-31": "3095.00000", "2018-12-31": "5009.00000", "2018-09-30": "3307.00000", "2018-06-30": "3227.00000", "2018-03-31": "3267.00000", "2017-12-31": "3621.00000", "2017-09-30": "3038.00000", "2017-06-30": "3149.00000", "2017-03-31": "3080.00000", "2016-12-31": "3129.00000", "2016-09-30": "3240.00000", "2016-06-30": "3253.00000", "2016-03-31": "3220.00000", "2015-12-31": "3207.00000", "2015-09-30": "3279.00000", "2015-06-30": "3332.00000", "2015-03-31": "3372.00000", "2014-12-31": "3347.00000", "2014-09-30": "3125.00000", "2014-06-30": "3094.00000", "2014-03-31": "3128.00000", "2013-12-31": "3156.00000", "2013-09-30": "3173.00000", "2013-06-30": "3176.00000", "2013-03-31": "3132.00000", "2012-12-31": "3122.00000", "2012-09-30": "3270.00000", "2012-06-30": "3234.00000", "2012-03-31": "3330.00000", "2011-12-31": "3341.00000", "2011-09-30": "3349.00000", "2011-06-30": "3367.00000", "2011-03-31": "3458.00000", "2010-12-31": "3420.00000", "2010-09-30": "3379.40000", "2010-06-30": "3345.70000", "2010-03-31": "3486.60000", "2009-12-31": "3636.60000", "2009-09-30": "3471.40000", "2009-06-30": "3367.50000", "2009-03-31": "3458.60000", "2008-12-31": "3808.90000", "2008-09-30": "3671.90000", "2008-06-30": "3662.50000", "2008-03-31": "3494.60000", "2007-12-31": "3535.70000", "2007-09-30": "3628.10000", "2007-06-30": "3665.30000", "2007-03-31": "3589.90000", "2006-12-31": "3595.60000", "2006-09-30": "4144.60000", "2006-06-30": "6503.40000", "2006-03-31": "6698.70000", "2005-12-31": "3750.90000", "2005-09-30": "", "2005-06-30": "", "2005-03-31": "7328.90000"}, "Total Long Term Liabilities": {"2020-09-30": "28417.00000", "2020-06-30": "28653.00000", "2020-03-31": "26993.00000", "2019-12-31": "27182.00000", "2019-09-30": "15302.00000", "2019-06-30": "15239.00000", "2019-03-31": "15234.00000", "2018-12-31": "25673.00000", "2018-09-30": "14561.00000", "2018-06-30": "14434.00000", "2018-03-31": "14539.00000", "2017-12-31": "14893.00000", "2017-09-30": "16848.00000", "2017-06-30": "16796.00000", "2017-03-31": "16713.00000", "2016-12-31": "16841.00000", "2016-09-30": "15402.00000", "2016-06-30": "14663.00000", "2016-03-31": "14634.00000", "2015-12-31": "14642.00000", "2015-09-30": "14928.00000", "2015-06-30": "14232.00000", "2015-03-31": "14297.00000", "2014-12-31": "12932.00000", "2014-09-30": "12532.00000", "2014-06-30": "13721.00000", "2014-03-31": "13576.00000", "2013-12-31": "12214.00000", "2013-09-30": "12471.00000", "2013-06-30": "12267.00000", "2013-03-31": "12277.00000", "2012-12-31": "12312.00000", "2012-09-30": "12440.00000", "2012-06-30": "12289.00000", "2012-03-31": "12239.00000", "2011-12-31": "12375.00000", "2011-09-30": "12252.00000", "2011-06-30": "12350.00000", "2011-03-31": "12397.00000", "2010-12-31": "12296.00000", "2010-09-30": "12320.60000", "2010-06-30": "12923.50000", "2010-03-31": "12997.70000", "2009-12-31": "13196.10000", "2009-09-30": "13493.70000", "2009-06-30": "13278.90000", "2009-03-31": "13474.60000", "2008-12-31": "13682.70000", "2008-09-30": "13328.00000", "2008-06-30": "14620.20000", "2008-03-31": "14627.40000", "2007-12-31": "14553.20000", "2007-09-30": "15640.40000", "2007-06-30": "15661.50000", "2007-03-31": "15534.70000", "2006-12-31": "15586.80000", "2006-09-30": "15988.60000", "2006-06-30": "15692.10000", "2006-03-31": "15932.50000", "2005-12-31": "15914.00000", "2005-09-30": "20356.10000", "2005-06-30": "19681.40000", "2005-03-31": "19062.80000"}, "Total Liabilities": {"2020-09-30": "36180.00000", "2020-06-30": "36638.00000", "2020-03-31": "35524.00000", "2019-12-31": "36230.00000", "2019-09-30": "19424.00000", "2019-06-30": "19082.00000", "2019-03-31": "19726.00000", "2018-12-31": "33994.00000", "2018-09-30": "18554.00000", "2018-06-30": "18218.00000", "2018-03-31": "18608.00000", "2017-12-31": "18865.00000", "2017-09-30": "20900.00000", "2017-06-30": "20026.00000", "2017-03-31": "20137.00000", "2016-12-31": "20549.00000", "2016-09-30": "18500.00000", "2016-06-30": "17750.00000", "2016-03-31": "18018.00000", "2015-12-31": "18202.00000", "2015-09-30": "18360.00000", "2015-06-30": "17699.00000", "2015-03-31": "17389.00000", "2014-12-31": "16965.00000", "2014-09-30": "15929.00000", "2014-06-30": "17042.00000", "2014-03-31": "17648.00000", "2013-12-31": "16421.00000", "2013-09-30": "16224.00000", "2013-06-30": "16092.00000", "2013-03-31": "16717.00000", "2012-12-31": "16253.00000", "2012-09-30": "16103.00000", "2012-06-30": "16663.00000", "2012-03-31": "16389.00000", "2011-12-31": "16312.00000", "2011-09-30": "16216.00000", "2011-06-30": "16281.00000", "2011-03-31": "16592.00000", "2010-12-31": "16322.00000", "2010-09-30": "16961.60000", "2010-06-30": "16831.20000", "2010-03-31": "17710.00000", "2009-12-31": "17942.60000", "2009-09-30": "17714.30000", "2009-06-30": "17415.80000", "2009-03-31": "17936.10000", "2008-12-31": "18483.60000", "2008-09-30": "18000.20000", "2008-06-30": "19320.60000", "2008-03-31": "19364.30000", "2007-12-31": "18957.80000", "2007-09-30": "19903.60000", "2007-06-30": "20058.50000", "2007-03-31": "20860.10000", "2006-12-31": "19986.30000", "2006-09-30": "20238.20000", "2006-06-30": "19958.40000", "2006-03-31": "20375.80000", "2005-12-31": "21292.60000", "2005-09-30": "26959.90000", "2005-06-30": "26317.00000", "2005-03-31": "25731.20000"}, "Common Stock Net": {"2020-09-30": "1.00000", "2020-06-30": "1.00000", "2020-03-31": "1.00000", "2019-12-31": "1.00000", "2019-09-30": "1.00000", "2019-06-30": "1.00000", "2019-03-31": "1.00000", "2018-12-31": "1.00000", "2018-09-30": "1.00000", "2018-06-30": "1.00000", "2018-03-31": "1.00000", "2017-12-31": "1.00000", "2017-09-30": "1.00000", "2017-06-30": "1.00000", "2017-03-31": "1.00000", "2016-12-31": "1.00000", "2016-09-30": "1.00000", "2016-06-30": "1.00000", "2016-03-31": "1.00000", "2015-12-31": "1.00000", "2015-09-30": "1.00000", "2015-06-30": "1.00000", "2015-03-31": "1.00000", "2014-12-31": "1.00000", "2014-09-30": "1.00000", "2014-06-30": "1.00000", "2014-03-31": "1.00000", "2013-12-31": "1.00000", "2013-09-30": "1.00000", "2013-06-30": "1.00000", "2013-03-31": "1.00000", "2012-12-31": "1.00000", "2012-09-30": "1.00000", "2012-06-30": "1.00000", "2012-03-31": "1.00000", "2011-12-31": "1.00000", "2011-09-30": "1.00000", "2011-06-30": "1.00000", "2011-03-31": "1.00000", "2010-12-31": "1.00000", "2010-09-30": "0.80000", "2010-06-30": "0.80000", "2010-03-31": "0.80000", "2009-12-31": "0.80000", "2009-09-30": "0.80000", "2009-06-30": "0.80000", "2009-03-31": "0.80000", "2008-12-31": "0.80000", "2008-09-30": "0.80000", "2008-06-30": "0.80000", "2008-03-31": "0.80000", "2007-12-31": "0.80000", "2007-09-30": "0.80000", "2007-06-30": "0.80000", "2007-03-31": "0.80000", "2006-12-31": "0.80000", "2006-09-30": "0.80000", "2006-06-30": "0.80000", "2006-03-31": "0.80000", "2005-12-31": "0.80000", "2005-09-30": "18.80000", "2005-06-30": "18.70000", "2005-03-31": "18.70000"}, "Retained Earnings (Accumulated Deficit)": {"2020-09-30": "9704.00000", "2020-06-30": "9150.00000", "2020-03-31": "8827.00000", "2019-12-31": "8494.00000", "2019-09-30": "-14683.00000", "2019-06-30": "-15002.00000", "2019-03-31": "-15442.00000", "2018-12-31": "5569.00000", "2018-09-30": "-17762.00000", "2018-06-30": "-18250.00000", "2018-03-31": "-18650.00000", "2017-12-31": "-18900.00000", "2017-09-30": "-18859.00000", "2017-06-30": "-19451.00000", "2017-03-31": "-19509.00000", "2016-12-31": "-19257.00000", "2016-09-30": "-19144.00000", "2016-06-30": "-19622.00000", "2016-03-31": "-20045.00000", "2015-12-31": "-20518.00000", "2015-09-30": "-20779.00000", "2015-06-30": "-21205.00000", "2015-03-31": "-21537.00000", "2014-12-31": "-21931.00000", "2014-09-30": "-22344.00000", "2014-06-30": "-23983.00000", "2014-03-31": "-24422.00000", "2013-12-31": "-24890.00000", "2013-09-30": "-25360.00000", "2013-06-30": "-25854.00000", "2013-03-31": "-26326.00000", "2012-12-31": "-26769.00000", "2012-09-30": "-27162.00000", "2012-06-30": "-27553.00000", "2012-03-31": "-27980.00000", "2011-12-31": "-28343.00000", "2011-09-30": "-28713.00000", "2011-06-30": "-29051.00000", "2011-03-31": "-29446.00000", "2010-12-31": "-29648.00000", "2010-09-30": "-29930.50000", "2010-06-30": "-30247.80000", "2010-03-31": "-30397.90000", "2009-12-31": "-30371.70000", "2009-09-30": "-30430.50000", "2009-06-30": "-30638.10000", "2009-03-31": "-30653.50000", "2008-12-31": "-30598.20000", "2008-09-30": "-30734.30000", "2008-06-30": "-18272.10000", "2008-03-31": "-18680.50000", "2007-12-31": "-18924.80000", "2007-09-30": "-19211.00000", "2007-06-30": "-19554.20000", "2007-03-31": "-19958.30000", "2006-12-31": "-20175.90000", "2006-09-30": "-20510.90000", "2006-06-30": "-20827.80000", "2006-03-31": "-21609.50000", "2005-12-31": "-21836.40000", "2005-09-30": "-12700.00000", "2005-06-30": "-13408.50000", "2005-03-31": "-14162.30000"}, "Comprehensive Income": {"2020-09-30": "-1910.00000", "2020-06-30": "-1999.00000", "2020-03-31": "-2054.00000", "2019-12-31": "-1970.00000", "2019-09-30": "-918.00000", "2019-06-30": "-922.00000", "2019-03-31": "-934.00000", "2018-12-31": "-1608.00000", "2018-09-30": "-634.00000", "2018-06-30": "-646.00000", "2018-03-31": "-653.00000", "2017-12-31": "-662.00000", "2017-09-30": "-726.00000", "2017-06-30": "-741.00000", "2017-03-31": "-753.00000", "2016-12-31": "-767.00000", "2016-09-30": "-739.00000", "2016-06-30": "-750.00000", "2016-03-31": "-759.00000", "2015-12-31": "-770.00000", "2015-09-30": "-714.00000", "2015-06-30": "-718.00000", "2015-03-31": "-729.00000", "2014-12-31": "-735.00000", "2014-09-30": "-547.00000", "2014-06-30": "-523.00000", "2014-03-31": "-543.00000", "2013-12-31": "-545.00000", "2013-09-30": "-723.00000", "2013-06-30": "-565.00000", "2013-03-31": "-566.00000", "2012-12-31": "-569.00000", "2012-09-30": "-404.00000", "2012-06-30": "-434.00000", "2012-03-31": "-420.00000", "2011-12-31": "-439.00000", "2011-09-30": "-273.00000", "2011-06-30": "-252.00000", "2011-03-31": "-266.00000", "2010-12-31": "-286.00000", "2010-09-30": "-301.80000", "2010-06-30": "-329.50000", "2010-03-31": "-323.80000", "2009-12-31": "-395.50000", "2009-09-30": "-515.80000", "2009-06-30": "-539.80000", "2009-03-31": "-673.50000", "2008-12-31": "-606.90000", "2008-09-30": "-51.10000", "2008-06-30": "92.60000", "2008-03-31": "82.20000", "2007-12-31": "10.10000", "2007-09-30": "-116.40000", "2007-06-30": "-184.10000", "2007-03-31": "-224.90000", "2006-12-31": "-246.30000", "2006-09-30": "-311.10000", "2006-06-30": "-332.80000", "2006-03-31": "-422.50000", "2005-12-31": "-397.50000", "2005-09-30": "-398.20000", "2005-06-30": "-409.20000", "2005-03-31": "-377.10000"}, "Other Share Holders Equity": {"2020-09-30": "", "2020-06-30": "", "2020-03-31": "", "2019-12-31": "", "2019-09-30": "", "2019-06-30": "", "2019-03-31": "", "2018-12-31": "", "2018-09-30": "", "2018-06-30": "", "2018-03-31": "", "2017-12-31": "", "2017-09-30": "", "2017-06-30": "", "2017-03-31": "", "2016-12-31": "", "2016-09-30": "", "2016-06-30": "", "2016-03-31": "", "2015-12-31": "", "2015-09-30": "", "2015-06-30": "", "2015-03-31": "", "2014-12-31": "", "2014-09-30": "", "2014-06-30": "", "2014-03-31": "", "2013-12-31": "", "2013-09-30": "", "2013-06-30": "", "2013-03-31": "", "2012-12-31": "", "2012-09-30": "", "2012-06-30": "", "2012-03-31": "", "2011-12-31": "", "2011-09-30": "", "2011-06-30": "", "2011-03-31": "", "2010-12-31": "", "2010-09-30": "", "2010-06-30": "", "2010-03-31": "", "2009-12-31": "", "2009-09-30": "", "2009-06-30": "", "2009-03-31": "", "2008-12-31": "", "2008-09-30": "", "2008-06-30": "", "2008-03-31": "", "2007-12-31": "", "2007-09-30": "", "2007-06-30": "", "2007-03-31": "", "2006-12-31": "", "2006-09-30": "", "2006-06-30": "", "2006-03-31": "", "2005-12-31": "", "2005-09-30": "", "2005-06-30": "", "2005-03-31": ""}, "Share Holder Equity": {"2020-09-30": "15245.00000", "2020-06-30": "14550.00000", "2020-03-31": "13521.00000", "2019-12-31": "13289.00000", "2019-09-30": "5052.00000", "2019-06-30": "4753.00000", "2019-03-31": "4349.00000", "2018-12-31": "10503.00000", "2018-09-30": "2514.00000", "2018-06-30": "2167.00000", "2018-03-31": "1983.00000", "2017-12-31": "1978.00000", "2017-09-30": "2994.00000", "2017-06-30": "2627.00000", "2017-03-31": "2885.00000", "2016-12-31": "3689.00000", "2016-09-30": "5348.00000", "2016-06-30": "5388.00000", "2016-03-31": "5483.00000", "2015-12-31": "5563.00000", "2015-09-30": "5879.00000", "2015-06-30": "5963.00000", "2015-03-31": "6397.00000", "2014-12-31": "6970.00000", "2014-09-30": "7526.00000", "2014-06-30": "9274.00000", "2014-03-31": "8467.00000", "2013-12-31": "9966.00000", "2013-09-30": "9671.00000", "2013-06-30": "9601.00000", "2013-03-31": "9394.00000", "2012-12-31": "10213.00000", "2012-09-30": "10289.00000", "2012-06-30": "10118.00000", "2012-03-31": "10004.00000", "2011-12-31": "9908.00000", "2011-09-30": "9898.00000", "2011-06-30": "9948.00000", "2011-03-31": "9780.00000", "2010-12-31": "9821.00000", "2010-09-30": "9527.00000", "2010-06-30": "9183.00000", "2010-03-31": "9046.10000", "2009-12-31": "9019.40000", "2009-09-30": "8846.20000", "2009-06-30": "8610.10000", "2009-03-31": "8469.70000", "2008-12-31": "8597.30000", "2008-09-30": "9173.50000", "2008-06-30": "21927.20000", "2008-03-31": "21667.00000", "2007-12-31": "21472.40000", "2007-09-30": "21198.10000", "2007-06-30": "22633.30000", "2007-03-31": "22465.50000", "2006-12-31": "23522.50000", "2006-09-30": "23247.60000", "2006-06-30": "23111.10000", "2006-03-31": "22127.50000", "2005-12-31": "21737.00000", "2005-09-30": "40354.80000", "2005-06-30": "40881.20000", "2005-03-31": "41136.20000"}, "Total Liabilities And Share Holders Equity": {"2020-09-30": "51425.00000", "2020-06-30": "51188.00000", "2020-03-31": "49045.00000", "2019-12-31": "49519.00000", "2019-09-30": "24476.00000", "2019-06-30": "23835.00000", "2019-03-31": "24075.00000", "2018-12-31": "44497.00000", "2018-09-30": "21068.00000", "2018-06-30": "20385.00000", "2018-03-31": "20591.00000", "2017-12-31": "20843.00000", "2017-09-30": "23894.00000", "2017-06-30": "22653.00000", "2017-03-31": "23022.00000", "2016-12-31": "24238.00000", "2016-09-30": "23848.00000", "2016-06-30": "23138.00000", "2016-03-31": "23501.00000", "2015-12-31": "23765.00000", "2015-09-30": "24239.00000", "2015-06-30": "23662.00000", "2015-03-31": "23786.00000", "2014-12-31": "23935.00000", "2014-09-30": "23455.00000", "2014-06-30": "26316.00000", "2014-03-31": "26115.00000", "2013-12-31": "26387.00000", "2013-09-30": "25895.00000", "2013-06-30": "25693.00000", "2013-03-31": "26111.00000", "2012-12-31": "26466.00000", "2012-09-30": "26392.00000", "2012-06-30": "26781.00000", "2012-03-31": "26393.00000", "2011-12-31": "26220.00000", "2011-09-30": "26114.00000", "2011-06-30": "26229.00000", "2011-03-31": "26372.00000", "2010-12-31": "26143.00000", "2010-09-30": "26488.60000", "2010-06-30": "26014.20000", "2010-03-31": "26756.10000", "2009-12-31": "26962.00000", "2009-09-30": "26560.50000", "2009-06-30": "26025.90000", "2009-03-31": "26405.80000", "2008-12-31": "27080.90000", "2008-09-30": "27173.70000", "2008-06-30": "41247.80000", "2008-03-31": "41031.30000", "2007-12-31": "40430.20000", "2007-09-30": "41101.70000", "2007-06-30": "42691.80000", "2007-03-31": "43325.60000", "2006-12-31": "43508.80000", "2006-09-30": "43485.80000", "2006-06-30": "43069.50000", "2006-03-31": "42503.30000", "2005-12-31": "43029.60000", "2005-09-30": "67314.70000", "2005-06-30": "67198.20000", "2005-03-31": "66867.40000"}}, "cash flow statement": {"Net Income/Loss": {"2019-12-31": "3339.00000", "2018-12-31": "3492.00000", "2017-12-31": "2373.00000", "2016-12-31": "1261.00000", "2015-12-31": "1413.00000", "2014-12-31": "2959.00000", "2013-12-31": "1879.00000", "2012-12-31": "1574.00000", "2011-12-31": "1305.00000", "2010-12-31": "724.00000", "2009-12-31": "227.00000", "2008-12-31": "-11673.40000", "2007-12-31": "1247.00000", "2006-12-31": "1660.50000", "2005-12-31": "-7089.10000"}, "Total Depreciation And Amortization - Cash Flow": {"2019-12-31": "12997.00000", "2018-12-31": "12028.00000", "2017-12-31": "11354.00000", "2016-12-31": "225.00000", "2015-12-31": "235.00000", "2014-12-31": "250.00000", "2013-12-31": "290.00000", "2012-12-31": "318.00000", "2011-12-31": "508.00000", "2010-12-31": "516.00000", "2009-12-31": "591.00000", "2008-12-31": "536.50000", "2007-12-31": "460.70000", "2006-12-31": "444.90000", "2005-12-31": "448.50000"}, "Other Non-Cash Items": {"2019-12-31": "-1069.00000", "2018-12-31": "333.00000", "2017-12-31": "544.00000", "2016-12-31": "866.00000", "2015-12-31": "846.00000", "2014-12-31": "-674.00000", "2013-12-31": "662.00000", "2012-12-31": "873.00000", "2011-12-31": "656.00000", "2010-12-31": "569.00000", "2009-12-31": "465.00000", "2008-12-31": "13050.40000", "2007-12-31": "427.80000", "2006-12-31": "138.30000", "2005-12-31": "9912.70000"}, "Total Non-Cash Items": {"2019-12-31": "11928.00000", "2018-12-31": "12361.00000", "2017-12-31": "11898.00000", "2016-12-31": "1091.00000", "2015-12-31": "1081.00000", "2014-12-31": "-424.00000", "2013-12-31": "952.00000", "2012-12-31": "1191.00000", "2011-12-31": "1164.00000", "2010-12-31": "1085.00000", "2009-12-31": "1056.00000", "2008-12-31": "13586.90000", "2007-12-31": "888.49990", "2006-12-31": "583.20000", "2005-12-31": "10361.20000"}, "Change In Accounts Receivable": {"2019-12-31": "-256.00000", "2018-12-31": "-368.00000", "2017-12-31": "-147.00000", "2016-12-31": "36.00000", "2015-12-31": "-376.00000", "2014-12-31": "-599.00000", "2013-12-31": "-777.00000", "2012-12-31": "-237.00000", "2011-12-31": "-10.00000", "2010-12-31": "-16.00000", "2009-12-31": "-54.00000", "2008-12-31": "-126.80000", "2007-12-31": "282.90000", "2006-12-31": "-215.00000", "2005-12-31": "40.10000"}, "Change In Inventories": {"2019-12-31": "-14215.00000", "2018-12-31": "-12185.00000", "2017-12-31": "-11544.00000", "2016-12-31": "-765.00000", "2015-12-31": "-498.00000", "2014-12-31": "-214.00000", "2013-12-31": "48.00000", "2012-12-31": "-414.00000", "2011-12-31": "-159.00000", "2010-12-31": "121.00000", "2009-12-31": "-110.00000", "2008-12-31": "243.90000", "2007-12-31": "-75.00000", "2006-12-31": "151.80000", "2005-12-31": "-69.80000"}, "Change In Accounts Payable": {"2019-12-31": "", "2018-12-31": "", "2017-12-31": "", "2016-12-31": "", "2015-12-31": "", "2014-12-31": "", "2013-12-31": "", "2012-12-31": "", "2011-12-31": "", "2010-12-31": "", "2009-12-31": "", "2008-12-31": "", "2007-12-31": "", "2006-12-31": "", "2005-12-31": ""}, "Change In Assets/Liabilities": {"2019-12-31": "-23.00000", "2018-12-31": "-76.00000", "2017-12-31": "-238.00000", "2016-12-31": "-16.00000", "2015-12-31": "50.00000", "2014-12-31": "3.00000", "2013-12-31": "-103.00000", "2012-12-31": "-199.00000", "2011-12-31": "-417.00000", "2010-12-31": "-80.00000", "2009-12-31": "244.00000", "2008-12-31": "202.70000", "2007-12-31": "75.90000", "2006-12-31": "132.40000", "2005-12-31": "-148.70000"}, "Total Change In Assets/Liabilities": {"2019-12-31": "-14037.00000", "2018-12-31": "-12389.00000", "2017-12-31": "-11832.00000", "2016-12-31": "-667.00000", "2015-12-31": "-1100.00000", "2014-12-31": "-1260.00000", "2013-12-31": "-958.00000", "2012-12-31": "-950.00000", "2011-12-31": "-720.00000", "2010-12-31": "-74.00000", "2009-12-31": "-344.00000", "2008-12-31": "233.00000", "2007-12-31": "49.70000", "2006-12-31": "-355.30000", "2005-12-31": "264.90000"}, "Cash Flow From Operating Activities": {"2019-12-31": "1230.00000", "2018-12-31": "3464.00000", "2017-12-31": "2439.00000", "2016-12-31": "1685.00000", "2015-12-31": "1394.00000", "2014-12-31": "1275.00000", "2013-12-31": "1873.00000", "2012-12-31": "1815.00000", "2011-12-31": "1749.00000", "2010-12-31": "1735.00000", "2009-12-31": "939.00000", "2008-12-31": "2146.50000", "2007-12-31": "2185.20000", "2006-12-31": "1888.40000", "2005-12-31": "3537.00000"}, "Net Change In Property, Plant, And Equipment": {"2019-12-31": "-353.00000", "2018-12-31": "-352.00000", "2017-12-31": "-356.00000", "2016-12-31": "-196.00000", "2015-12-31": "-171.00000", "2014-12-31": "-178.00000", "2013-12-31": "-212.00000", "2012-12-31": "-200.00000", "2011-12-31": "-245.00000", "2010-12-31": "-254.00000", "2009-12-31": "-262.00000", "2008-12-31": "-474.10000", "2007-12-31": "-469.10000", "2006-12-31": "-394.10000", "2005-12-31": "-327.00000"}, "Net Change In Intangible Assets": {"2019-12-31": "", "2018-12-31": "", "2017-12-31": "", "2016-12-31": "", "2015-12-31": "", "2014-12-31": "", "2013-12-31": "", "2012-12-31": "", "2011-12-31": "", "2010-12-31": "", "2009-12-31": "", "2008-12-31": "", "2007-12-31": "", "2006-12-31": "", "2005-12-31": ""}, "Net Acquisitions/Divestitures": {"2019-12-31": "357.00000", "2018-12-31": "-79.00000", "2017-12-31": "603.00000", "2016-12-31": "-72.00000", "2015-12-31": "371.00000", "2014-12-31": "2.00000", "2013-12-31": "144.00000", "2012-12-31": "-97.00000", "2011-12-31": "-57.00000", "2010-12-31": "7.00000", "2009-12-31": "105.00000", "2008-12-31": "-1837.10000", "2007-12-31": "152.20000", "2006-12-31": "1286.70000", "2005-12-31": "-183.30000"}, "Net Change In Short-term Investments": {"2019-12-31": "", "2018-12-31": "", "2017-12-31": "", "2016-12-31": "", "2015-12-31": "", "2014-12-31": "", "2013-12-31": "", "2012-12-31": "", "2011-12-31": "", "2010-12-31": "", "2009-12-31": "-36.00000", "2008-12-31": "-6.40000", "2007-12-31": "", "2006-12-31": "", "2005-12-31": ""}, "Net Change In Long-Term Investments": {"2019-12-31": "-171.00000", "2018-12-31": "-161.00000", "2017-12-31": "-128.00000", "2016-12-31": "-81.00000", "2015-12-31": "-18.00000", "2014-12-31": "-86.00000", "2013-12-31": "-169.00000", "2012-12-31": "-78.00000", "2011-12-31": "-67.00000", "2010-12-31": "-80.00000", "2009-12-31": "-56.00000", "2008-12-31": "172.50000", "2007-12-31": "6.70000", "2006-12-31": "-107.50000", "2005-12-31": "93.90000"}, "Net Change In Investments - Total": {"2019-12-31": "-171.00000", "2018-12-31": "-161.00000", "2017-12-31": "-128.00000", "2016-12-31": "-81.00000", "2015-12-31": "-18.00000", "2014-12-31": "-86.00000", "2013-12-31": "-169.00000", "2012-12-31": "-78.00000", "2011-12-31": "-67.00000", "2010-12-31": "-80.00000", "2009-12-31": "-92.00000", "2008-12-31": "166.10000", "2007-12-31": "6.70000", "2006-12-31": "-107.50000", "2005-12-31": "93.90000"}, "Investing Activities - Other": {"2019-12-31": "12.00000", "2018-12-31": "-19.00000", "2017-12-31": "7.00000", "2016-12-31": "9.00000", "2015-12-31": "-28.00000", "2014-12-31": "-339.00000", "2013-12-31": "-35.00000", "2012-12-31": "-76.00000", "2011-12-31": "-20.00000", "2010-12-31": "-41.00000", "2009-12-31": "", "2008-12-31": "-9.00000", "2007-12-31": "175.10000", "2006-12-31": "29.90000", "2005-12-31": "5184.20000"}, "Cash Flow From Investing Activities": {"2019-12-31": "-155.00000", "2018-12-31": "-611.00000", "2017-12-31": "126.00000", "2016-12-31": "-340.00000", "2015-12-31": "154.00000", "2014-12-31": "-601.00000", "2013-12-31": "-272.00000", "2012-12-31": "-451.00000", "2011-12-31": "-389.00000", "2010-12-31": "-368.00000", "2009-12-31": "-249.00000", "2008-12-31": "-2154.10000", "2007-12-31": "-135.10000", "2006-12-31": "815.00000", "2005-12-31": "4767.80000"}, "Net Long-Term Debt": {"2019-12-31": "-418.00000", "2018-12-31": "-1102.00000", "2017-12-31": "-1572.00000", "2016-12-31": "1809.00000", "2015-12-31": "1942.00000", "2014-12-31": "2128.00000", "2013-12-31": "-17.00000", "2012-12-31": "-36.00000", "2011-12-31": "-19.00000", "2010-12-31": "-1048.00000", "2009-12-31": "-51.00000", "2008-12-31": "-200.40000", "2007-12-31": "1.20000", "2006-12-31": "-846.70000", "2005-12-31": "-1453.80000"}, "Net Current Debt": {"2019-12-31": "25.00000", "2018-12-31": "-5.00000", "2017-12-31": "229.00000", "2016-12-31": "450.00000", "2015-12-31": "-616.00000", "2014-12-31": "141.00000", "2013-12-31": "475.00000", "2012-12-31": "", "2011-12-31": "", "2010-12-31": "", "2009-12-31": "", "2008-12-31": "-5.30000", "2007-12-31": "1.70000", "2006-12-31": "-4.80000", "2005-12-31": "-1.60000"}, "Debt Issuance/Retirement Net - Total": {"2019-12-31": "-393.00000", "2018-12-31": "-1107.00000", "2017-12-31": "-1343.00000", "2016-12-31": "2259.00000", "2015-12-31": "1326.00000", "2014-12-31": "2269.00000", "2013-12-31": "458.00000", "2012-12-31": "-36.00000", "2011-12-31": "-19.00000", "2010-12-31": "-1048.00000", "2009-12-31": "-51.00000", "2008-12-31": "-205.70000", "2007-12-31": "2.90000", "2006-12-31": "-851.50000", "2005-12-31": "-1455.40000"}, "Net Common Equity Issued/Repurchased": {"2019-12-31": "-42.00000", "2018-12-31": "-557.00000", "2017-12-31": "-848.00000", "2016-12-31": "-2976.00000", "2015-12-31": "-2671.00000", "2014-12-31": "-2699.00000", "2013-12-31": "-2039.00000", "2012-12-31": "-969.00000", "2011-12-31": "-940.00000", "2010-12-31": "7.00000", "2009-12-31": "", "2008-12-31": "-15.20000", "2007-12-31": "-3149.60000", "2006-12-31": "84.90000", "2005-12-31": "-5245.10000"}, "Net Total Equity Issued/Repurchased": {"2019-12-31": "-42.00000", "2018-12-31": "-557.00000", "2017-12-31": "-848.00000", "2016-12-31": "-2976.00000", "2015-12-31": "-2671.00000", "2014-12-31": "-2699.00000", "2013-12-31": "-2039.00000", "2012-12-31": "-969.00000", "2011-12-31": "-940.00000", "2010-12-31": "7.00000", "2009-12-31": "", "2008-12-31": "-15.20000", "2007-12-31": "-3149.60000", "2006-12-31": "84.90000", "2005-12-31": "-5245.10000"}, "Total Common And Preferred Stock Dividends Paid": {"2019-12-31": "-595.00000", "2018-12-31": "-599.00000", "2017-12-31": "-616.00000", "2016-12-31": "-288.00000", "2015-12-31": "-300.00000", "2014-12-31": "-292.00000", "2013-12-31": "-300.00000", "2012-12-31": "-276.00000", "2011-12-31": "-206.00000", "2010-12-31": "-142.00000", "2009-12-31": "-297.00000", "2008-12-31": "-705.40000", "2007-12-31": "-640.30000", "2006-12-31": "-519.10000", "2005-12-31": "-451.30000"}, "Financial Activities - Other": {"2019-12-31": "-186.00000", "2018-12-31": "-268.00000", "2017-12-31": "-202.00000", "2016-12-31": "-41.00000", "2015-12-31": "-8.00000", "2014-12-31": "79.00000", "2013-12-31": "-31.00000", "2012-12-31": "-35.00000", "2011-12-31": "-15.00000", "2010-12-31": "-421.00000", "2009-12-31": "-45.00000", "2008-12-31": "6.50000", "2007-12-31": "9.20000", "2006-12-31": "1.60000", "2005-12-31": "-425.90000"}, "Cash Flow From Financial Activities": {"2019-12-31": "-1216.00000", "2018-12-31": "-2531.00000", "2017-12-31": "-3009.00000", "2016-12-31": "-1046.00000", "2015-12-31": "-1653.00000", "2014-12-31": "-643.00000", "2013-12-31": "-1912.00000", "2012-12-31": "-1316.00000", "2011-12-31": "-1180.00000", "2010-12-31": "-1604.00000", "2009-12-31": "-393.00000", "2008-12-31": "-919.80000", "2007-12-31": "-3777.80000", "2006-12-31": "-1284.10000", "2005-12-31": "-7577.70000"}, "Net Cash Flow": {"2019-12-31": "-142.00000", "2018-12-31": "297.00000", "2017-12-31": "-386.00000", "2016-12-31": "299.00000", "2015-12-31": "-105.00000", "2014-12-31": "31.00000", "2013-12-31": "-311.00000", "2012-12-31": "48.00000", "2011-12-31": "180.00000", "2010-12-31": "-237.00000", "2009-12-31": "297.00000", "2008-12-31": "-927.40000", "2007-12-31": "-1727.70000", "2006-12-31": "1419.30000", "2005-12-31": "727.10000"}, "Stock-Based Compensation": {"2019-12-31": "291.00000", "2018-12-31": "191.00000", "2017-12-31": "232.00000", "2016-12-31": "165.00000", "2015-12-31": "157.00000", "2014-12-31": "137.00000", "2013-12-31": "222.00000", "2012-12-31": "147.00000", "2011-12-31": "139.00000", "2010-12-31": "136.00000", "2009-12-31": "136.00000", "2008-12-31": "137.90000", "2007-12-31": "106.60000", "2006-12-31": "64.30000", "2005-12-31": "17.60000"}, "Common Stock Dividends Paid": {"2019-12-31": "-595.00000", "2018-12-31": "-599.00000", "2017-12-31": "-616.00000", "2016-12-31": "-288.00000", "2015-12-31": "-300.00000", "2014-12-31": "-292.00000", "2013-12-31": "-300.00000", "2012-12-31": "-276.00000", "2011-12-31": "-206.00000", "2010-12-31": "-142.00000", "2009-12-31": "-297.00000", "2008-12-31": "-705.40000", "2007-12-31": "-640.30000", "2006-12-31": "-519.10000", "2005-12-31": "-451.30000"}}, "cash flow statement, quarterly": {"Net Income/Loss": {"2020-09-30": 627, "2020-06-30": 726, "2020-03-31": "519.00000", "2019-12-31": -254, "2019-09-30": 646, "2019-06-30": 983, "2019-03-31": "1964.00000", "2018-12-31": 2093, "2018-09-30": 488, "2018-06-30": 400, "2018-03-31": "511.00000", "2017-12-31": 1975, "2017-09-30": 592, "2017-06-30": 58, "2017-03-31": "-252.00000", "2016-12-31": -113, "2016-09-30": 478, "2016-06-30": 423, "2016-03-31": "473.00000", "2015-12-31": 261, "2015-09-30": 426, "2015-06-30": 332, "2015-03-31": "394.00000", "2014-12-31": 413, "2014-09-30": 1639, "2014-06-30": 439, "2014-03-31": "468.00000", "2013-12-31": 470, "2013-09-30": 494, "2013-06-30": 472, "2013-03-31": "443.00000", "2012-12-31": 393, "2012-09-30": 391, "2012-06-30": 427, "2012-03-31": "363.00000", "2011-12-31": 370, "2011-09-30": 338, "2011-06-30": 395, "2011-03-31": "202.00000", "2010-12-31": 283, "2010-09-30": 317, "2010-06-30": 150, "2010-03-31": "-26.00000", "2009-12-31": 59.3, "2009-09-30": 207.6, "2009-06-30": 15.4, "2009-03-31": "-55.30000", "2008-12-31": 136.1, "2008-09-30": -12462.2, "2008-06-30": 408.4, "2008-03-31": "244.30000", "2007-12-31": 286.2, "2007-09-30": 343.3, "2007-06-30": 404, "2007-03-31": "213.50000", "2006-12-31": 335, "2006-09-30": 316.9, "2006-06-30": 781.7, "2006-03-31": "226.90000", "2005-12-31": -9136.4, "2005-09-30": 708.5, "2005-06-30": 753.8, "2005-03-31": "585.00000"}, "Total Depreciation And Amortization - Cash Flow": {"2020-09-30": 98, "2020-06-30": 124, "2020-03-31": "113.00000", "2019-12-31": 12674, "2019-09-30": 108, "2019-06-30": 109, "2019-03-31": "106.00000", "2018-12-31": 11860, "2018-09-30": 56, "2018-06-30": 56, "2018-03-31": "56.00000", "2017-12-31": 11188, "2017-09-30": 55, "2017-06-30": 56, "2017-03-31": "55.00000", "2016-12-31": 57, "2016-09-30": 54, "2016-06-30": 57, "2016-03-31": "57.00000", "2015-12-31": 36, "2015-09-30": 65, "2015-06-30": 66, "2015-03-31": "68.00000", "2014-12-31": 40, "2014-09-30": 68, "2014-06-30": 71, "2014-03-31": "71.00000", "2013-12-31": 73, "2013-09-30": 70, "2013-06-30": 31, "2013-03-31": "116.00000", "2012-12-31": -36, "2012-09-30": 116, "2012-06-30": 119, "2012-03-31": "119.00000", "2011-12-31": 96, "2011-09-30": 134, "2011-06-30": 139, "2011-03-31": "139.00000", "2010-12-31": 92, "2010-09-30": 139, "2010-06-30": 144, "2010-03-31": "141.00000", "2009-12-31": 156.1, "2009-09-30": 147.4, "2009-06-30": 145.2, "2009-03-31": "142.30000", "2008-12-31": 155.6, "2008-09-30": 139.7, "2008-06-30": 123.4, "2008-03-31": "117.80000", "2007-12-31": 124.2, "2007-09-30": 111.8, "2007-06-30": 109.5, "2007-03-31": "115.20000", "2006-12-31": 118.8, "2006-09-30": 109.5, "2006-06-30": 108.6, "2006-03-31": "108.00000", "2005-12-31": 124.8, "2005-09-30": 108.9, "2005-06-30": 93.9, "2005-03-31": "120.90000"}, "Other Non-Cash Items": {"2020-09-30": 30, "2020-06-30": 213, "2020-03-31": "238.00000", "2019-12-31": -131, "2019-09-30": 95, "2019-06-30": 65, "2019-03-31": "-1098.00000", "2018-12-31": 226, "2018-09-30": -56, "2018-06-30": 26, "2018-03-31": "137.00000", "2017-12-31": -553, "2017-09-30": -91, "2017-06-30": 384, "2017-03-31": "804.00000", "2016-12-31": 599, "2016-09-30": 121, "2016-06-30": 11, "2016-03-31": "135.00000", "2015-12-31": 708, "2015-09-30": 45, "2015-06-30": 34, "2015-03-31": "59.00000", "2014-12-31": 643, "2014-09-30": -1433, "2014-06-30": 117, "2014-03-31": "-1.00000", "2013-12-31": 627, "2013-09-30": -106, "2013-06-30": 73, "2013-03-31": "68.00000", "2012-12-31": 714, "2012-09-30": 28, "2012-06-30": 76, "2012-03-31": "55.00000", "2011-12-31": 506, "2011-09-30": 54, "2011-06-30": 46, "2011-03-31": "50.00000", "2010-12-31": 393, "2010-09-30": 50, "2010-06-30": 82, "2010-03-31": "44.00000", "2009-12-31": 267.2, "2009-09-30": 85.4, "2009-06-30": 66.8, "2009-03-31": "45.60000", "2008-12-31": 126.4, "2008-09-30": 12837.2, "2008-06-30": 46.4, "2008-03-31": "40.40000", "2007-12-31": 341.7, "2007-09-30": 23.2, "2007-06-30": 36.5, "2007-03-31": "26.40000", "2006-12-31": 477, "2006-09-30": -94.1, "2006-06-30": -204.1, "2006-03-31": "-40.50000", "2005-12-31": 9706.4, "2005-09-30": 225.6, "2005-06-30": 16.8, "2005-03-31": "-36.10000"}, "Total Non-Cash Items": {"2020-09-30": 128, "2020-06-30": 337, "2020-03-31": "351.00000", "2019-12-31": 12543, "2019-09-30": 203, "2019-06-30": 174, "2019-03-31": "-992.00000", "2018-12-31": 12086, "2018-09-30": 0, "2018-06-30": 82, "2018-03-31": "193.00000", "2017-12-31": 10635, "2017-09-30": -36, "2017-06-30": 440, "2017-03-31": "859.00000", "2016-12-31": 656, "2016-09-30": 175, "2016-06-30": 68, "2016-03-31": "192.00000", "2015-12-31": 744, "2015-09-30": 110, "2015-06-30": 100, "2015-03-31": "127.00000", "2014-12-31": 683, "2014-09-30": -1365, "2014-06-30": 188, "2014-03-31": "70.00000", "2013-12-31": 700, "2013-09-30": -36, "2013-06-30": 104, "2013-03-31": "184.00000", "2012-12-31": 678, "2012-09-30": 144, "2012-06-30": 195, "2012-03-31": "174.00000", "2011-12-31": 602, "2011-09-30": 188, "2011-06-30": 185, "2011-03-31": "189.00000", "2010-12-31": 485, "2010-09-30": 189, "2010-06-30": 226, "2010-03-31": "185.00000", "2009-12-31": 423.3, "2009-09-30": 232.8, "2009-06-30": 212, "2009-03-31": "187.90000", "2008-12-31": 282, "2008-09-30": 12976.9, "2008-06-30": 169.8, "2008-03-31": "158.20000", "2007-12-31": 465.8999, "2007-09-30": 135, "2007-06-30": 146, "2007-03-31": "141.60000", "2006-12-31": 595.8, "2006-09-30": 15.4, "2006-06-30": -95.5, "2006-03-31": "67.50000", "2005-12-31": 9831.2, "2005-09-30": 334.5, "2005-06-30": 110.7, "2005-03-31": "84.80000"}, "Change In Accounts Receivable": {"2020-09-30": 0, "2020-06-30": 0, "2020-03-31": "", "2019-12-31": -256, "2019-09-30": 0, "2019-06-30": 0, "2019-03-31": "", "2018-12-31": -368, "2018-09-30": 0, "2018-06-30": 0, "2018-03-31": "", "2017-12-31": -147, "2017-09-30": 0, "2017-06-30": 0, "2017-03-31": "", "2016-12-31": 36, "2016-09-30": 0, "2016-06-30": 0, "2016-03-31": "", "2015-12-31": -376, "2015-09-30": 0, "2015-06-30": 0, "2015-03-31": "", "2014-12-31": -599, "2014-09-30": 0, "2014-06-30": 0, "2014-03-31": "", "2013-12-31": -777, "2013-09-30": 0, "2013-06-30": 0, "2013-03-31": "", "2012-12-31": -237, "2012-09-30": 0, "2012-06-30": 0, "2012-03-31": "", "2011-12-31": -10, "2011-09-30": 0, "2011-06-30": 0, "2011-03-31": "", "2010-12-31": -16, "2010-09-30": 0, "2010-06-30": 0, "2010-03-31": "", "2009-12-31": 96, "2009-09-30": 150, "2009-06-30": 0, "2009-03-31": "-300.00000", "2008-12-31": -126.8, "2008-09-30": 0, "2008-06-30": 0, "2008-03-31": "", "2007-12-31": 282.9, "2007-09-30": 0, "2007-06-30": 0, "2007-03-31": "", "2006-12-31": -215, "2006-09-30": 0, "2006-06-30": 0, "2006-03-31": "", "2005-12-31": 40.1, "2005-09-30": 0, "2005-06-30": 0, "2005-03-31": ""}, "Change In Inventories": {"2020-09-30": 0, "2020-06-30": 0, "2020-03-31": "", "2019-12-31": -14215, "2019-09-30": 0, "2019-06-30": 0, "2019-03-31": "", "2018-12-31": -12185, "2018-09-30": 0, "2018-06-30": 0, "2018-03-31": "", "2017-12-31": -11544, "2017-09-30": 0, "2017-06-30": 0, "2017-03-31": "", "2016-12-31": -765, "2016-09-30": 0, "2016-06-30": 0, "2016-03-31": "", "2015-12-31": -498, "2015-09-30": 0, "2015-06-30": 0, "2015-03-31": "", "2014-12-31": -214, "2014-09-30": 0, "2014-06-30": 0, "2014-03-31": "", "2013-12-31": 48, "2013-09-30": 0, "2013-06-30": 0, "2013-03-31": "", "2012-12-31": -414, "2012-09-30": 0, "2012-06-30": 0, "2012-03-31": "", "2011-12-31": -159, "2011-09-30": 0, "2011-06-30": 0, "2011-03-31": "", "2010-12-31": 121, "2010-09-30": 0, "2010-06-30": 0, "2010-03-31": "", "2009-12-31": -110, "2009-09-30": 0, "2009-06-30": 0, "2009-03-31": "", "2008-12-31": 243.9, "2008-09-30": 0, "2008-06-30": 0, "2008-03-31": "", "2007-12-31": -75, "2007-09-30": 0, "2007-06-30": 0, "2007-03-31": "", "2006-12-31": 151.8, "2006-09-30": 0, "2006-06-30": 0, "2006-03-31": "", "2005-12-31": -69.8, "2005-09-30": 0, "2005-06-30": 0, "2005-03-31": ""}, "Change In Accounts Payable": {"2020-09-30": 0, "2020-06-30": 0, "2020-03-31": "", "2019-12-31": 0, "2019-09-30": 0, "2019-06-30": 0, "2019-03-31": "", "2018-12-31": 0, "2018-09-30": 0, "2018-06-30": 0, "2018-03-31": "", "2017-12-31": 0, "2017-09-30": 0, "2017-06-30": 0, "2017-03-31": "", "2016-12-31": 0, "2016-09-30": 0, "2016-06-30": 0, "2016-03-31": "", "2015-12-31": 0, "2015-09-30": 0, "2015-06-30": 0, "2015-03-31": "", "2014-12-31": 0, "2014-09-30": 0, "2014-06-30": 0, "2014-03-31": "", "2013-12-31": 0, "2013-09-30": 0, "2013-06-30": 0, "2013-03-31": "", "2012-12-31": 0, "2012-09-30": 0, "2012-06-30": 0, "2012-03-31": "", "2011-12-31": 0, "2011-09-30": 0, "2011-06-30": 0, "2011-03-31": "", "2010-12-31": 0, "2010-09-30": 0, "2010-06-30": 0, "2010-03-31": "", "2009-12-31": 0, "2009-09-30": 0, "2009-06-30": 0, "2009-03-31": "", "2008-12-31": 0, "2008-09-30": 0, "2008-06-30": 0, "2008-03-31": "", "2007-12-31": 0, "2007-09-30": 0, "2007-06-30": 0, "2007-03-31": "", "2006-12-31": 0, "2006-09-30": 0, "2006-06-30": 0, "2006-03-31": "", "2005-12-31": 0, "2005-09-30": 0, "2005-06-30": 0, "2005-03-31": ""}, "Change In Assets/Liabilities": {"2020-09-30": 659, "2020-06-30": -268, "2020-03-31": "-514.00000", "2019-12-31": 1266, "2019-09-30": -349, "2019-06-30": -897, "2019-03-31": "-43.00000", "2018-12-31": 418, "2018-09-30": -351, "2018-06-30": -156, "2018-03-31": "13.00000", "2017-12-31": 436, "2017-09-30": -507, "2017-06-30": -279, "2017-03-31": "112.00000", "2016-12-31": 487, "2016-09-30": -598, "2016-06-30": -268, "2016-03-31": "363.00000", "2015-12-31": 916, "2015-09-30": -776, "2015-06-30": 14, "2015-03-31": "-104.00000", "2014-12-31": 1154, "2014-09-30": -610, "2014-06-30": -504, "2014-03-31": "-37.00000", "2013-12-31": 238, "2013-09-30": -189, "2013-06-30": -112, "2013-03-31": "-40.00000", "2012-12-31": 15, "2012-09-30": -313, "2012-06-30": -10, "2012-03-31": "109.00000", "2011-12-31": -600, "2011-09-30": -440, "2011-06-30": 120, "2011-03-31": "503.00000", "2010-12-31": -613, "2010-09-30": -183, "2010-06-30": 174, "2010-03-31": "542.00000", "2009-12-31": 326.5, "2009-09-30": -417.8, "2009-06-30": 189.4, "2009-03-31": "145.90000", "2008-12-31": -15.6, "2008-09-30": -423.4, "2008-06-30": 17.4, "2008-03-31": "624.30000", "2007-12-31": -436.6, "2007-09-30": -112.4, "2007-06-30": 132, "2007-03-31": "492.90000", "2006-12-31": -247.8, "2006-09-30": 54.1, "2006-06-30": -14.7, "2006-03-31": "340.80000", "2005-12-31": -517.9, "2005-09-30": -35, "2005-06-30": 166, "2005-03-31": "238.20000"}, "Total Change In Assets/Liabilities": {"2020-09-30": 659, "2020-06-30": -268, "2020-03-31": "-514.00000", "2019-12-31": -12748, "2019-09-30": -349, "2019-06-30": -897, "2019-03-31": "-43.00000", "2018-12-31": -11895, "2018-09-30": -351, "2018-06-30": -156, "2018-03-31": "13.00000", "2017-12-31": -11158, "2017-09-30": -507, "2017-06-30": -279, "2017-03-31": "112.00000", "2016-12-31": -164, "2016-09-30": -598, "2016-06-30": -268, "2016-03-31": "363.00000", "2015-12-31": -234, "2015-09-30": -776, "2015-06-30": 14, "2015-03-31": "-104.00000", "2014-12-31": -109, "2014-09-30": -610, "2014-06-30": -504, "2014-03-31": "-37.00000", "2013-12-31": -617, "2013-09-30": -189, "2013-06-30": -112, "2013-03-31": "-40.00000", "2012-12-31": -736, "2012-09-30": -313, "2012-06-30": -10, "2012-03-31": "109.00000", "2011-12-31": -903, "2011-09-30": -440, "2011-06-30": 120, "2011-03-31": "503.00000", "2010-12-31": -607, "2010-09-30": -183, "2010-06-30": 174, "2010-03-31": "542.00000", "2009-12-31": -111.5, "2009-09-30": -267.8, "2009-06-30": 189.4, "2009-03-31": "-154.10000", "2008-12-31": 14.7, "2008-09-30": -423.4, "2008-06-30": 17.4, "2008-03-31": "624.30000", "2007-12-31": -462.8, "2007-09-30": -112.4, "2007-06-30": 132, "2007-03-31": "492.90000", "2006-12-31": -735.5, "2006-09-30": 54.1, "2006-06-30": -14.7, "2006-03-31": "340.80000", "2005-12-31": -104.3, "2005-09-30": -35, "2005-06-30": 166, "2005-03-31": "238.20000"}, "Cash Flow From Operating Activities": {"2020-09-30": 1414, "2020-06-30": 795, "2020-03-31": "356.00000", "2019-12-31": -459, "2019-09-30": 500, "2019-06-30": 260, "2019-03-31": "929.00000", "2018-12-31": 2284, "2018-09-30": 137, "2018-06-30": 326, "2018-03-31": "717.00000", "2017-12-31": 1452, "2017-09-30": 49, "2017-06-30": 219, "2017-03-31": "719.00000", "2016-12-31": 379, "2016-09-30": 55, "2016-06-30": 223, "2016-03-31": "1028.00000", "2015-12-31": 771, "2015-09-30": -240, "2015-06-30": 446, "2015-03-31": "417.00000", "2014-12-31": 987, "2014-09-30": -336, "2014-06-30": 123, "2014-03-31": "501.00000", "2013-12-31": 553, "2013-09-30": 269, "2013-06-30": 464, "2013-03-31": "587.00000", "2012-12-31": 335, "2012-09-30": 222, "2012-06-30": 612, "2012-03-31": "646.00000", "2011-12-31": 69, "2011-09-30": 86, "2011-06-30": 700, "2011-03-31": "894.00000", "2010-12-31": 161, "2010-09-30": 323, "2010-06-30": 550, "2010-03-31": "701.00000", "2009-12-31": 371.1, "2009-09-30": 172.6, "2009-06-30": 416.8, "2009-03-31": "-21.50000", "2008-12-31": 432.8, "2008-09-30": 91.3, "2008-06-30": 595.6, "2008-03-31": "1026.80000", "2007-12-31": 289.3, "2007-09-30": 365.9, "2007-06-30": 682, "2007-03-31": "848.00000", "2006-12-31": 143.6, "2006-09-30": 407.3, "2006-06-30": 689.7, "2006-03-31": "647.80000", "2005-12-31": 577.4, "2005-09-30": 1012.9, "2005-06-30": 1035.4, "2005-03-31": "911.30000"}, "Net Change In Property, Plant, And Equipment": {"2020-09-30": -81, "2020-06-30": -81, "2020-03-31": "-51.00000", "2019-12-31": -102, "2019-09-30": -109, "2019-06-30": -75, "2019-03-31": "-67.00000", "2018-12-31": -253, "2018-09-30": -37, "2018-06-30": -32, "2018-03-31": "-30.00000", "2017-12-31": -244, "2017-09-30": -44, "2017-06-30": -41, "2017-03-31": "-27.00000", "2016-12-31": -85, "2016-09-30": -42, "2016-06-30": -35, "2016-03-31": "-34.00000", "2015-12-31": -67, "2015-09-30": -58, "2015-06-30": -29, "2015-03-31": "-17.00000", "2014-12-31": -66, "2014-09-30": -43, "2014-06-30": -41, "2014-03-31": "-28.00000", "2013-12-31": -100, "2013-09-30": -44, "2013-06-30": -34, "2013-03-31": "-34.00000", "2012-12-31": -61, "2012-09-30": -55, "2012-06-30": -49, "2012-03-31": "-35.00000", "2011-12-31": -93, "2011-09-30": -57, "2011-06-30": -54, "2011-03-31": "-41.00000", "2010-12-31": -91, "2010-09-30": -63, "2010-06-30": -59, "2010-03-31": "-41.00000", "2009-12-31": -76.5, "2009-09-30": -46.2, "2009-06-30": -65.1, "2009-03-31": "-74.20000", "2008-12-31": -124.5, "2008-09-30": -129.4, "2008-06-30": -131.4, "2008-03-31": "-88.80000", "2007-12-31": -166.9, "2007-09-30": -95.6, "2007-06-30": -111.5, "2007-03-31": "-95.10000", "2006-12-31": -198.4, "2006-09-30": -82.5, "2006-06-30": -66.9, "2006-03-31": "-46.30000", "2005-12-31": -132.2, "2005-09-30": -71.5, "2005-06-30": -64.8, "2005-03-31": "-58.50000"}, "Net Change In Intangible Assets": {"2020-09-30": 0, "2020-06-30": 0, "2020-03-31": "", "2019-12-31": 0, "2019-09-30": 0, "2019-06-30": 0, "2019-03-31": "", "2018-12-31": 0, "2018-09-30": 0, "2018-06-30": 0, "2018-03-31": "", "2017-12-31": 0, "2017-09-30": 0, "2017-06-30": 0, "2017-03-31": "", "2016-12-31": 0, "2016-09-30": 0, "2016-06-30": 0, "2016-03-31": "", "2015-12-31": 0, "2015-09-30": 0, "2015-06-30": 0, "2015-03-31": "", "2014-12-31": 0, "2014-09-30": 0, "2014-06-30": 0, "2014-03-31": "", "2013-12-31": 0, "2013-09-30": 0, "2013-06-30": 0, "2013-03-31": "", "2012-12-31": 0, "2012-09-30": 0, "2012-06-30": 0, "2012-03-31": "", "2011-12-31": 0, "2011-09-30": 0, "2011-06-30": 0, "2011-03-31": "", "2010-12-31": 0, "2010-09-30": 0, "2010-06-30": 0, "2010-03-31": "", "2009-12-31": 0, "2009-09-30": 0, "2009-06-30": 0, "2009-03-31": "", "2008-12-31": 0, "2008-09-30": 0, "2008-06-30": 0, "2008-03-31": "", "2007-12-31": 0, "2007-09-30": 0, "2007-06-30": 0, "2007-03-31": "", "2006-12-31": 0, "2006-09-30": 0, "2006-06-30": 0, "2006-03-31": "", "2005-12-31": 0, "2005-09-30": 0, "2005-06-30": 0, "2005-03-31": ""}, "Net Acquisitions/Divestitures": {"2020-09-30": -1, "2020-06-30": -141, "2020-03-31": "146.00000", "2019-12-31": -14, "2019-09-30": -19, "2019-06-30": 8, "2019-03-31": "382.00000", "2018-12-31": -50, "2018-09-30": 0, "2018-06-30": -29, "2018-03-31": "", "2017-12-31": 850, "2017-09-30": -226, "2017-06-30": 0, "2017-03-31": "-21.00000", "2016-12-31": -41, "2016-09-30": 1, "2016-06-30": -3, "2016-03-31": "-29.00000", "2015-12-31": 303, "2015-09-30": 10, "2015-06-30": 0, "2015-03-31": "58.00000", "2014-12-31": 22, "2014-09-30": -25, "2014-06-30": -1, "2014-03-31": "6.00000", "2013-12-31": -21, "2013-09-30": 184, "2013-06-30": -21, "2013-03-31": "2.00000", "2012-12-31": -73, "2012-09-30": 44, "2012-06-30": 1, "2012-03-31": "-69.00000", "2011-12-31": 3, "2011-09-30": -18, "2011-06-30": -2, "2011-03-31": "-40.00000", "2010-12-31": -1, "2010-09-30": 15, "2010-06-30": -5, "2010-03-31": "-2.00000", "2009-12-31": 44.4, "2009-09-30": 47.4, "2009-06-30": -1.7, "2009-03-31": "14.90000", "2008-12-31": -252.9, "2008-09-30": -58.4, "2008-06-30": -1666.9, "2008-03-31": "141.10000", "2007-12-31": 135, "2007-09-30": 21.2, "2007-06-30": -219.6, "2007-03-31": "215.60000", "2006-12-31": 99.1, "2006-09-30": 8.9, "2006-06-30": 1236.5, "2006-03-31": "-57.80000", "2005-12-31": -118.3, "2005-09-30": 126.9, "2005-06-30": -167.1, "2005-03-31": "-24.80000"}, "Net Change In Short-term Investments": {"2020-09-30": 0, "2020-06-30": 0, "2020-03-31": "", "2019-12-31": 0, "2019-09-30": 0, "2019-06-30": 0, "2019-03-31": "", "2018-12-31": 0, "2018-09-30": 0, "2018-06-30": 0, "2018-03-31": "", "2017-12-31": 0, "2017-09-30": 0, "2017-06-30": 0, "2017-03-31": "", "2016-12-31": 0, "2016-09-30": 0, "2016-06-30": 0, "2016-03-31": "", "2015-12-31": 0, "2015-09-30": 0, "2015-06-30": 0, "2015-03-31": "", "2014-12-31": 0, "2014-09-30": 0, "2014-06-30": 0, "2014-03-31": "", "2013-12-31": 0, "2013-09-30": 0, "2013-06-30": 0, "2013-03-31": "", "2012-12-31": -11, "2012-09-30": 11, "2012-06-30": 0, "2012-03-31": "", "2011-12-31": 0, "2011-09-30": 0, "2011-06-30": 0, "2011-03-31": "", "2010-12-31": 0, "2010-09-30": 0, "2010-06-30": 0, "2010-03-31": "", "2009-12-31": -0.4, "2009-09-30": 0, "2009-06-30": 0, "2009-03-31": "-35.60000", "2008-12-31": -6.4, "2008-09-30": 10.8, "2008-06-30": -2.9, "2008-03-31": "-7.90000", "2007-12-31": 0, "2007-09-30": 0, "2007-06-30": 0, "2007-03-31": "", "2006-12-31": 0, "2006-09-30": 0, "2006-06-30": 0, "2006-03-31": "", "2005-12-31": 0, "2005-09-30": 0, "2005-06-30": 0, "2005-03-31": ""}, "Net Change In Long-Term Investments": {"2020-09-30": 0, "2020-06-30": -14, "2020-03-31": "-46.00000", "2019-12-31": -34, "2019-09-30": -5, "2019-06-30": -33, "2019-03-31": "-99.00000", "2018-12-31": -85, "2018-09-30": -5, "2018-06-30": -31, "2018-03-31": "-40.00000", "2017-12-31": -71, "2017-09-30": 8, "2017-06-30": -16, "2017-03-31": "-49.00000", "2016-12-31": -37, "2016-09-30": -1, "2016-06-30": -11, "2016-03-31": "-32.00000", "2015-12-31": 40, "2015-09-30": -3, "2015-06-30": -16, "2015-03-31": "-39.00000", "2014-12-31": -18, "2014-09-30": -7, "2014-06-30": -22, "2014-03-31": "-39.00000", "2013-12-31": -45, "2013-09-30": -3, "2013-06-30": -103, "2013-03-31": "-18.00000", "2012-12-31": -24, "2012-09-30": -21, "2012-06-30": -3, "2012-03-31": "-30.00000", "2011-12-31": -30, "2011-09-30": 5, "2011-06-30": -16, "2011-03-31": "-26.00000", "2010-12-31": -35, "2010-09-30": -4, "2010-06-30": -10, "2010-03-31": "-31.00000", "2009-12-31": -31.5, "2009-09-30": -0.8, "2009-06-30": -11.2, "2009-03-31": "-12.50000", "2008-12-31": 181.4, "2008-09-30": 9.3, "2008-06-30": -17.1, "2008-03-31": "-1.10000", "2007-12-31": 27.6, "2007-09-30": 22.9, "2007-06-30": -12.7, "2007-03-31": "-31.10000", "2006-12-31": -58.9, "2006-09-30": -48.3, "2006-06-30": -0.1, "2006-03-31": "-0.20000", "2005-12-31": 95.5, "2005-09-30": -109.4, "2005-06-30": 0.9, "2005-03-31": "106.90000"}, "Net Change In Investments - Total": {"2020-09-30": 0, "2020-06-30": -14, "2020-03-31": "-46.00000", "2019-12-31": -34, "2019-09-30": -5, "2019-06-30": -33, "2019-03-31": "-99.00000", "2018-12-31": -85, "2018-09-30": -5, "2018-06-30": -31, "2018-03-31": "-40.00000", "2017-12-31": -71, "2017-09-30": 8, "2017-06-30": -16, "2017-03-31": "-49.00000", "2016-12-31": -37, "2016-09-30": -1, "2016-06-30": -11, "2016-03-31": "-32.00000", "2015-12-31": 40, "2015-09-30": -3, "2015-06-30": -16, "2015-03-31": "-39.00000", "2014-12-31": -18, "2014-09-30": -7, "2014-06-30": -22, "2014-03-31": "-39.00000", "2013-12-31": -45, "2013-09-30": -3, "2013-06-30": -103, "2013-03-31": "-18.00000", "2012-12-31": -35, "2012-09-30": -10, "2012-06-30": -3, "2012-03-31": "-30.00000", "2011-12-31": -30, "2011-09-30": 5, "2011-06-30": -16, "2011-03-31": "-26.00000", "2010-12-31": -35, "2010-09-30": -4, "2010-06-30": -10, "2010-03-31": "-31.00000", "2009-12-31": -31.9, "2009-09-30": -0.8, "2009-06-30": -11.2, "2009-03-31": "-48.10000", "2008-12-31": 175, "2008-09-30": 20.1, "2008-06-30": -20, "2008-03-31": "-9.00000", "2007-12-31": 27.6, "2007-09-30": 22.9, "2007-06-30": -12.7, "2007-03-31": "-31.10000", "2006-12-31": -58.9, "2006-09-30": -48.3, "2006-06-30": -0.1, "2006-03-31": "-0.20000", "2005-12-31": 95.5, "2005-09-30": -109.4, "2005-06-30": 0.9, "2005-03-31": "106.90000"}, "Investing Activities - Other": {"2020-09-30": 0, "2020-06-30": 0, "2020-03-31": "", "2019-12-31": 6, "2019-09-30": 2, "2019-06-30": 1, "2019-03-31": "3.00000", "2018-12-31": -4, "2018-09-30": 6, "2018-06-30": -1, "2018-03-31": "-20.00000", "2017-12-31": 8, "2017-09-30": -3, "2017-06-30": -6, "2017-03-31": "8.00000", "2016-12-31": 4, "2016-09-30": 3, "2016-06-30": 5, "2016-03-31": "-3.00000", "2015-12-31": -16, "2015-09-30": -13, "2015-06-30": 1, "2015-03-31": "", "2014-12-31": -71, "2014-09-30": -244, "2014-06-30": -20, "2014-03-31": "-4.00000", "2013-12-31": 10, "2013-09-30": -23, "2013-06-30": -18, "2013-03-31": "-4.00000", "2012-12-31": -63, "2012-09-30": -4, "2012-06-30": -3, "2012-03-31": "-6.00000", "2011-12-31": -20, "2011-09-30": -8, "2011-06-30": 4, "2011-03-31": "4.00000", "2010-12-31": -41, "2010-09-30": 0, "2010-06-30": 0, "2010-03-31": "", "2009-12-31": 0.5, "2009-09-30": -0.1, "2009-06-30": -0.1, "2009-03-31": "-0.30000", "2008-12-31": 3.4, "2008-09-30": 1.3, "2008-06-30": -13, "2008-03-31": "-0.70000", "2007-12-31": 1.4, "2007-09-30": -37.7, "2007-06-30": 22.9, "2007-03-31": "188.50000", "2006-12-31": 36.8, "2006-09-30": -50, "2006-06-30": 102.5, "2006-03-31": "-59.40000", "2005-12-31": 5180.1, "2005-09-30": 291.9, "2005-06-30": -259.2, "2005-03-31": "-28.60000"}, "Cash Flow From Investing Activities": {"2020-09-30": -82, "2020-06-30": -236, "2020-03-31": "49.00000", "2019-12-31": -144, "2019-09-30": -131, "2019-06-30": -99, "2019-03-31": "219.00000", "2018-12-31": -392, "2018-09-30": -36, "2018-06-30": -93, "2018-03-31": "-90.00000", "2017-12-31": 543, "2017-09-30": -265, "2017-06-30": -63, "2017-03-31": "-89.00000", "2016-12-31": -159, "2016-09-30": -39, "2016-06-30": -44, "2016-03-31": "-98.00000", "2015-12-31": 260, "2015-09-30": -64, "2015-06-30": -44, "2015-03-31": "2.00000", "2014-12-31": -133, "2014-09-30": -319, "2014-06-30": -84, "2014-03-31": "-65.00000", "2013-12-31": -156, "2013-09-30": 114, "2013-06-30": -176, "2013-03-31": "-54.00000", "2012-12-31": -232, "2012-09-30": -25, "2012-06-30": -54, "2012-03-31": "-140.00000", "2011-12-31": -140, "2011-09-30": -78, "2011-06-30": -68, "2011-03-31": "-103.00000", "2010-12-31": -168, "2010-09-30": -52, "2010-06-30": -74, "2010-03-31": "-74.00000", "2009-12-31": -63.5, "2009-09-30": 0.3, "2009-06-30": -78.1, "2009-03-31": "-107.70000", "2008-12-31": -199, "2008-09-30": -166.4, "2008-06-30": -1831.3, "2008-03-31": "42.60000", "2007-12-31": -2.9, "2007-09-30": -89.2, "2007-06-30": -320.9, "2007-03-31": "277.90000", "2006-12-31": -121.4, "2006-09-30": -171.9, "2006-06-30": 1272, "2006-03-31": "-163.70000", "2005-12-31": 5025.1, "2005-09-30": 237.9, "2005-06-30": -490.2, "2005-03-31": "-5.00000"}, "Net Long-Term Debt": {"2020-09-30": 332, "2020-06-30": 1137, "2020-03-31": "", "2019-12-31": -90, "2019-09-30": 453, "2019-06-30": -674, "2019-03-31": "-107.00000", "2018-12-31": -1090, "2018-09-30": -4, "2018-06-30": -4, "2018-03-31": "-4.00000", "2017-12-31": -1764, "2017-09-30": 181, "2017-06-30": 18, "2017-03-31": "-7.00000", "2016-12-31": 1336, "2016-09-30": 680, "2016-06-30": -3, "2016-03-31": "-204.00000", "2015-12-31": -4, "2015-09-30": 776, "2015-06-30": -4, "2015-03-31": "1174.00000", "2014-12-31": 1564, "2014-09-30": 671, "2014-06-30": -103, "2014-03-31": "-4.00000", "2013-12-31": -4, "2013-09-30": -4, "2013-06-30": -5, "2013-03-31": "-4.00000", "2012-12-31": -5, "2012-09-30": -888, "2012-06-30": 872, "2012-03-31": "-15.00000", "2011-12-31": -7, "2011-09-30": -5, "2011-06-30": -1, "2011-03-31": "-6.00000", "2010-12-31": -557, "2010-09-30": -4, "2010-06-30": -466, "2010-03-31": "-21.00000", "2009-12-31": -6.3, "2009-09-30": -3.9, "2009-06-30": 115, "2009-03-31": "-155.80000", "2008-12-31": -186.7, "2008-09-30": -4.3, "2008-06-30": -4.4, "2008-03-31": "-5.00000", "2007-12-31": -4.2, "2007-09-30": -4.4, "2007-06-30": -664, "2007-03-31": "673.80000", "2006-12-31": -3.8, "2006-09-30": -3.7, "2006-06-30": -80.7, "2006-03-31": "-758.50000", "2005-12-31": -21.5, "2005-09-30": -6.6, "2005-06-30": -1405.4, "2005-03-31": "-20.30000"}, "Net Current Debt": {"2020-09-30": -706, "2020-06-30": 186, "2020-03-31": "-186.00000", "2019-12-31": 649, "2019-09-30": -624, "2019-06-30": 674, "2019-03-31": "-674.00000", "2018-12-31": 300, "2018-09-30": 4, "2018-06-30": 153, "2018-03-31": "-462.00000", "2017-12-31": 89, "2017-09-30": 327, "2017-06-30": 233, "2017-03-31": "-420.00000", "2016-12-31": 417, "2016-09-30": -130, "2016-06-30": 163, "2016-03-31": "", "2015-12-31": -303, "2015-09-30": -91, "2015-06-30": 394, "2015-03-31": "-616.00000", "2014-12-31": 185, "2014-09-30": 50, "2014-06-30": -59, "2014-03-31": "-35.00000", "2013-12-31": 134, "2013-09-30": -111, "2013-06-30": -98, "2013-03-31": "550.00000", "2012-12-31": 0, "2012-09-30": 0, "2012-06-30": 0, "2012-03-31": "", "2011-12-31": 0, "2011-09-30": 0, "2011-06-30": 0, "2011-03-31": "", "2010-12-31": 0, "2010-09-30": 0, "2010-06-30": 0, "2010-03-31": "", "2009-12-31": 2.3, "2009-09-30": 0, "2009-06-30": -295.4, "2009-03-31": "293.10000", "2008-12-31": -0.3, "2008-09-30": -1, "2008-06-30": -0.3, "2008-03-31": "-3.70000", "2007-12-31": -0.2, "2007-09-30": 0, "2007-06-30": -0.4, "2007-03-31": "2.30000", "2006-12-31": -0.3, "2006-09-30": -1.7, "2006-06-30": -2.4, "2006-03-31": "-0.40000", "2005-12-31": -2443.5, "2005-09-30": 175.6, "2005-06-30": 2059.5, "2005-03-31": "206.80000"}, "Debt Issuance/Retirement Net - Total": {"2020-09-30": -374, "2020-06-30": 1323, "2020-03-31": "-186.00000", "2019-12-31": 559, "2019-09-30": -171, "2019-06-30": 0, "2019-03-31": "-781.00000", "2018-12-31": -790, "2018-09-30": 0, "2018-06-30": 149, "2018-03-31": "-466.00000", "2017-12-31": -1675, "2017-09-30": 508, "2017-06-30": 251, "2017-03-31": "-427.00000", "2016-12-31": 1753, "2016-09-30": 550, "2016-06-30": 160, "2016-03-31": "-204.00000", "2015-12-31": -307, "2015-09-30": 685, "2015-06-30": 390, "2015-03-31": "558.00000", "2014-12-31": 1749, "2014-09-30": 721, "2014-06-30": -162, "2014-03-31": "-39.00000", "2013-12-31": 130, "2013-09-30": -115, "2013-06-30": -103, "2013-03-31": "546.00000", "2012-12-31": -5, "2012-09-30": -888, "2012-06-30": 872, "2012-03-31": "-15.00000", "2011-12-31": -7, "2011-09-30": -5, "2011-06-30": -1, "2011-03-31": "-6.00000", "2010-12-31": -557, "2010-09-30": -4, "2010-06-30": -466, "2010-03-31": "-21.00000", "2009-12-31": -4, "2009-09-30": -3.9, "2009-06-30": -180.4, "2009-03-31": "137.30000", "2008-12-31": -187, "2008-09-30": -5.3, "2008-06-30": -4.7, "2008-03-31": "-8.70000", "2007-12-31": -4.4, "2007-09-30": -4.4, "2007-06-30": -664.4, "2007-03-31": "676.10000", "2006-12-31": -4.1, "2006-09-30": -5.4, "2006-06-30": -83.1, "2006-03-31": "-758.90000", "2005-12-31": -2465, "2005-09-30": 168.9999, "2005-06-30": 654.1001, "2005-03-31": "186.50000"}, "Net Common Equity Issued/Repurchased": {"2020-09-30": 0, "2020-06-30": 0, "2020-03-31": "-58.00000", "2019-12-31": -28, "2019-09-30": 0, "2019-06-30": 0, "2019-03-31": "-14.00000", "2018-12-31": -83, "2018-09-30": -102, "2018-06-30": -202, "2018-03-31": "-170.00000", "2017-12-31": 182, "2017-09-30": -224, "2017-06-30": -311, "2017-03-31": "-495.00000", "2016-12-31": -1455, "2016-09-30": -498, "2016-06-30": -496, "2016-03-31": "-527.00000", "2015-12-31": -463, "2015-09-30": -499, "2015-06-30": -740, "2015-03-31": "-969.00000", "2014-12-31": -106, "2014-09-30": -317, "2014-06-30": -320, "2014-03-31": "-1956.00000", "2013-12-31": -296, "2013-09-30": -262, "2013-06-30": -250, "2013-03-31": "-1231.00000", "2012-12-31": -270, "2012-09-30": -206, "2012-06-30": -269, "2012-03-31": "-224.00000", "2011-12-31": -148, "2011-09-30": -337, "2011-06-30": -215, "2011-03-31": "-240.00000", "2010-12-31": 3, "2010-09-30": 37, "2010-06-30": -10, "2010-03-31": "-23.00000", "2009-12-31": 18.7, "2009-09-30": -2.2, "2009-06-30": -12.5, "2009-03-31": "-4.00000", "2008-12-31": -0.8, "2008-09-30": -0.9, "2008-06-30": -32, "2008-03-31": "18.50000", "2007-12-31": 6.5, "2007-09-30": -1685.7, "2007-06-30": -123.9, "2007-03-31": "-1346.50000", "2006-12-31": 33, "2006-09-30": 20.1, "2006-06-30": 19.8, "2006-03-31": "12.00000", "2005-12-31": -1800.8, "2005-09-30": -1155.2, "2005-06-30": -869.2, "2005-03-31": "-1419.90000"}, "Net Total Equity Issued/Repurchased": {"2020-09-30": 0, "2020-06-30": 0, "2020-03-31": "-58.00000", "2019-12-31": -28, "2019-09-30": 0, "2019-06-30": 0, "2019-03-31": "-14.00000", "2018-12-31": -83, "2018-09-30": -102, "2018-06-30": -202, "2018-03-31": "-170.00000", "2017-12-31": 182, "2017-09-30": -224, "2017-06-30": -311, "2017-03-31": "-495.00000", "2016-12-31": -1455, "2016-09-30": -498, "2016-06-30": -496, "2016-03-31": "-527.00000", "2015-12-31": -463, "2015-09-30": -499, "2015-06-30": -740, "2015-03-31": "-969.00000", "2014-12-31": -106, "2014-09-30": -317, "2014-06-30": -320, "2014-03-31": "-1956.00000", "2013-12-31": -296, "2013-09-30": -262, "2013-06-30": -250, "2013-03-31": "-1231.00000", "2012-12-31": -270, "2012-09-30": -206, "2012-06-30": -269, "2012-03-31": "-224.00000", "2011-12-31": -148, "2011-09-30": -337, "2011-06-30": -215, "2011-03-31": "-240.00000", "2010-12-31": 3, "2010-09-30": 37, "2010-06-30": -10, "2010-03-31": "-23.00000", "2009-12-31": 18.7, "2009-09-30": -2.2, "2009-06-30": -12.5, "2009-03-31": "-4.00000", "2008-12-31": -0.8, "2008-09-30": -0.9, "2008-06-30": -32, "2008-03-31": "18.50000", "2007-12-31": 6.5, "2007-09-30": -1685.7, "2007-06-30": -123.9, "2007-03-31": "-1346.50000", "2006-12-31": 33, "2006-09-30": 20.1, "2006-06-30": 19.8, "2006-03-31": "12.00000", "2005-12-31": -1800.8, "2005-09-30": -1155.2, "2005-06-30": -869.2, "2005-03-31": "-1419.90000"}, "Total Common And Preferred Stock Dividends Paid": {"2020-09-30": -149, "2020-06-30": -149, "2020-03-31": "-152.00000", "2019-12-31": -149, "2019-09-30": -147, "2019-06-30": -149, "2019-03-31": "-150.00000", "2018-12-31": -391, "2018-09-30": -68, "2018-06-30": -69, "2018-03-31": "-71.00000", "2017-12-31": -392, "2017-09-30": -73, "2017-06-30": -74, "2017-03-31": "-77.00000", "2016-12-31": -79, "2016-09-30": -67, "2016-06-30": -69, "2016-03-31": "-73.00000", "2015-12-31": -72, "2015-09-30": -73, "2015-06-30": -75, "2015-03-31": "-80.00000", "2014-12-31": -78, "2014-09-30": -69, "2014-06-30": -70, "2014-03-31": "-75.00000", "2013-12-31": -72, "2013-09-30": -73, "2013-06-30": -74, "2013-03-31": "-81.00000", "2012-12-31": -77, "2012-09-30": -64, "2012-06-30": -66, "2012-03-31": "-69.00000", "2011-12-31": -66, "2011-09-30": -67, "2011-06-30": -36, "2011-03-31": "-37.00000", "2010-12-31": -34, "2010-09-30": -34, "2010-06-30": -37, "2010-03-31": "-37.00000", "2009-12-31": -33.5, "2009-09-30": -34.9, "2009-06-30": -44.2, "2009-03-31": "-184.40000", "2008-12-31": -181.1, "2008-09-30": -181.1, "2008-06-30": -174.4, "2008-03-31": "-168.80000", "2007-12-31": -167.9, "2007-09-30": -158.5, "2007-06-30": -160, "2007-03-31": "-153.90000", "2006-12-31": -153.3, "2006-09-30": -135.9, "2006-06-30": -124.1, "2006-03-31": "-105.80000", "2005-12-31": -109.6, "2005-09-30": -111.9, "2005-06-30": -113.6, "2005-03-31": "-116.20000"}, "Financial Activities - Other": {"2020-09-30": -20, "2020-06-30": -46, "2020-03-31": "-83.00000", "2019-12-31": -38, "2019-09-30": -15, "2019-06-30": -60, "2019-03-31": "-73.00000", "2018-12-31": -203, "2018-09-30": -1, "2018-06-30": -6, "2018-03-31": "-58.00000", "2017-12-31": -106, "2017-09-30": 0, "2017-06-30": -13, "2017-03-31": "-83.00000", "2016-12-31": 4, "2016-09-30": 2, "2016-06-30": -9, "2016-03-31": "-38.00000", "2015-12-31": 1, "2015-09-30": 4, "2015-06-30": 12, "2015-03-31": "-25.00000", "2014-12-31": -2169, "2014-09-30": 14, "2014-06-30": 686, "2014-03-31": "1548.00000", "2013-12-31": 12, "2013-09-30": 11, "2013-06-30": 12, "2013-03-31": "-66.00000", "2012-12-31": 10, "2012-09-30": 20, "2012-06-30": -1, "2012-03-31": "-64.00000", "2011-12-31": 5, "2011-09-30": 2, "2011-06-30": -6, "2011-03-31": "-16.00000", "2010-12-31": 3, "2010-09-30": -36, "2010-06-30": 2, "2010-03-31": "-390.00000", "2009-12-31": -46.1, "2009-09-30": 0.4, "2009-06-30": 0.3, "2009-03-31": "0.40000", "2008-12-31": 1.5, "2008-09-30": 1.6, "2008-06-30": 1.8, "2008-03-31": "1.60000", "2007-12-31": 0.3, "2007-09-30": 1.1, "2007-06-30": 5.4, "2007-03-31": "2.40000", "2006-12-31": 0.2, "2006-09-30": 0.6, "2006-06-30": 0.7, "2006-03-31": "0.10000", "2005-12-31": -382.6, "2005-09-30": -9.3, "2005-06-30": -16.5, "2005-03-31": "-17.50000"}, "Cash Flow From Financial Activities": {"2020-09-30": -543, "2020-06-30": 1128, "2020-03-31": "-479.00000", "2019-12-31": 344, "2019-09-30": -333, "2019-06-30": -209, "2019-03-31": "-1018.00000", "2018-12-31": -1467, "2018-09-30": -171, "2018-06-30": -128, "2018-03-31": "-765.00000", "2017-12-31": -1991, "2017-09-30": 211, "2017-06-30": -147, "2017-03-31": "-1082.00000", "2016-12-31": 223, "2016-09-30": -13, "2016-06-30": -414, "2016-03-31": "-842.00000", "2015-12-31": -841, "2015-09-30": 117, "2015-06-30": -413, "2015-03-31": "-516.00000", "2014-12-31": -604, "2014-09-30": 349, "2014-06-30": 134, "2014-03-31": "-522.00000", "2013-12-31": -226, "2013-09-30": -439, "2013-06-30": -415, "2013-03-31": "-832.00000", "2012-12-31": -342, "2012-09-30": -1138, "2012-06-30": 536, "2012-03-31": "-372.00000", "2011-12-31": -216, "2011-09-30": -407, "2011-06-30": -258, "2011-03-31": "-299.00000", "2010-12-31": -585, "2010-09-30": -37, "2010-06-30": -511, "2010-03-31": "-471.00000", "2009-12-31": -64.9, "2009-09-30": -40.6, "2009-06-30": -236.8, "2009-03-31": "-50.70000", "2008-12-31": -367.4, "2008-09-30": -185.7, "2008-06-30": -209.3, "2008-03-31": "-157.40000", "2007-12-31": -165.5, "2007-09-30": -1847.5, "2007-06-30": -942.9, "2007-03-31": "-821.90000", "2006-12-31": -124.2, "2006-09-30": -120.6, "2006-06-30": -186.7, "2006-03-31": "-852.60000", "2005-12-31": -4758, "2005-09-30": -1107.4, "2005-06-30": -345.2, "2005-03-31": "-1367.10000"}, "Net Cash Flow": {"2020-09-30": 800, "2020-06-30": 1699, "2020-03-31": "-103.00000", "2019-12-31": -244, "2019-09-30": 18, "2019-06-30": -47, "2019-03-31": "131.00000", "2018-12-31": 400, "2018-09-30": -70, "2018-06-30": 105, "2018-03-31": "-138.00000", "2017-12-31": 62, "2017-09-30": -5, "2017-06-30": 9, "2017-03-31": "-452.00000", "2016-12-31": 443, "2016-09-30": 3, "2016-06-30": -235, "2016-03-31": "88.00000", "2015-12-31": 190, "2015-09-30": -187, "2015-06-30": -11, "2015-03-31": "-97.00000", "2014-12-31": 250, "2014-09-30": -306, "2014-06-30": 173, "2014-03-31": "-86.00000", "2013-12-31": 171, "2013-09-30": -56, "2013-06-30": -127, "2013-03-31": "-299.00000", "2012-12-31": -239, "2012-09-30": -941, "2012-06-30": 1094, "2012-03-31": "134.00000", "2011-12-31": -287, "2011-09-30": -399, "2011-06-30": 374, "2011-03-31": "492.00000", "2010-12-31": -592, "2010-09-30": 234, "2010-06-30": -35, "2010-03-31": "156.00000", "2009-12-31": 242.7, "2009-09-30": 132.3, "2009-06-30": 101.9, "2009-03-31": "-179.90000", "2008-12-31": -133.6, "2008-09-30": -260.8, "2008-06-30": -1445, "2008-03-31": "912.00000", "2007-12-31": 120.9, "2007-09-30": -1570.8, "2007-06-30": -581.8, "2007-03-31": "304.00000", "2006-12-31": -102, "2006-09-30": 114.8, "2006-06-30": 1775, "2006-03-31": "-368.50000", "2005-12-31": 844.5, "2005-09-30": 143.4, "2005-06-30": 200, "2005-03-31": "-460.80000"}, "Stock-Based Compensation": {"2020-09-30": 46, "2020-06-30": 48, "2020-03-31": "97.00000", "2019-12-31": 120, "2019-09-30": 65, "2019-06-30": 33, "2019-03-31": "73.00000", "2018-12-31": 86, "2018-09-30": 14, "2018-06-30": 47, "2018-03-31": "44.00000", "2017-12-31": 103, "2017-09-30": 44, "2017-06-30": 45, "2017-03-31": "40.00000", "2016-12-31": 42, "2016-09-30": 42, "2016-06-30": 42, "2016-03-31": "39.00000", "2015-12-31": 29, "2015-09-30": 39, "2015-06-30": 43, "2015-03-31": "46.00000", "2014-12-31": 20, "2014-09-30": 33, "2014-06-30": 44, "2014-03-31": "40.00000", "2013-12-31": 59, "2013-09-30": 57, "2013-06-30": 46, "2013-03-31": "60.00000", "2012-12-31": 29, "2012-09-30": 38, "2012-06-30": 39, "2012-03-31": "41.00000", "2011-12-31": 29, "2011-09-30": 35, "2011-06-30": 41, "2011-03-31": "34.00000", "2010-12-31": 29, "2010-09-30": 37, "2010-06-30": 37, "2010-03-31": "33.00000", "2009-12-31": 27.8, "2009-09-30": 41.4, "2009-06-30": 33.9, "2009-03-31": "32.90000", "2008-12-31": 27.4, "2008-09-30": 38.3, "2008-06-30": 39.1, "2008-03-31": "33.10000", "2007-12-31": 25.8, "2007-09-30": 29.3, "2007-06-30": 30.5, "2007-03-31": "21.00000", "2006-12-31": 12.6, "2006-09-30": 20.9, "2006-06-30": 18.2, "2006-03-31": "12.60000", "2005-12-31": 4.5, "2005-09-30": 4.9, "2005-06-30": 4.9, "2005-03-31": "3.30000"}, "Common Stock Dividends Paid": {"2020-09-30": -149, "2020-06-30": -149, "2020-03-31": "-152.00000", "2019-12-31": -149, "2019-09-30": -147, "2019-06-30": -149, "2019-03-31": "-150.00000", "2018-12-31": -391, "2018-09-30": -68, "2018-06-30": -69, "2018-03-31": "-71.00000", "2017-12-31": -392, "2017-09-30": -73, "2017-06-30": -74, "2017-03-31": "-77.00000", "2016-12-31": -79, "2016-09-30": -67, "2016-06-30": -69, "2016-03-31": "-73.00000", "2015-12-31": -72, "2015-09-30": -73, "2015-06-30": -75, "2015-03-31": "-80.00000", "2014-12-31": -78, "2014-09-30": -69, "2014-06-30": -70, "2014-03-31": "-75.00000", "2013-12-31": -72, "2013-09-30": -73, "2013-06-30": -74, "2013-03-31": "-81.00000", "2012-12-31": -77, "2012-09-30": -64, "2012-06-30": -66, "2012-03-31": "-69.00000", "2011-12-31": -66, "2011-09-30": -67, "2011-06-30": -36, "2011-03-31": "-37.00000", "2010-12-31": -34, "2010-09-30": -34, "2010-06-30": -37, "2010-03-31": "-37.00000", "2009-12-31": -33.5, "2009-09-30": -34.9, "2009-06-30": -44.2, "2009-03-31": "-184.40000", "2008-12-31": -181.1, "2008-09-30": -181.1, "2008-06-30": -174.4, "2008-03-31": "-168.80000", "2007-12-31": -167.9, "2007-09-30": -158.5, "2007-06-30": -160, "2007-03-31": "-153.90000", "2006-12-31": -153.3, "2006-09-30": -135.9, "2006-06-30": -124.1, "2006-03-31": "-105.80000", "2005-12-31": -109.6, "2005-09-30": -111.9, "2005-06-30": -113.6, "2005-03-31": "-116.20000"}}, "financial ratios": {"Current Ratio": {"2019-12-31": "1.31540", "2018-12-31": "1.42770", "2017-12-31": "1.57930", "2016-12-31": "1.63510", "2015-12-31": "1.61430", "2014-12-31": "1.36000", "2013-12-31": "1.27640", "2012-12-31": "1.45140", "2011-12-31": "1.40940", "2010-12-31": "1.34000", "2009-12-31": "1.18760", "2008-12-31": "1.08640", "2007-12-31": "1.36920", "2006-12-31": "1.85110", "2005-12-31": "1.26340"}, "Long-term Debt / Capital": {"2019-12-31": "0.57530", "2018-12-31": "0.63280", "2017-12-31": "0.82710", "2016-12-31": "0.70700", "2015-12-31": "0.59660", "2014-12-31": "0.48160", "2013-12-31": "0.37340", "2012-12-31": "0.36630", "2011-12-31": "0.37550", "2010-12-31": "0.37820", "2009-12-31": "0.42080", "2008-12-31": "0.44790", "2007-12-31": "0.24770", "2006-12-31": "0.23000", "2005-12-31": "0.24760"}, "Debt/Equity Ratio": {"2019-12-31": "1.40860", "2018-12-31": "1.81980", "2017-12-31": "5.13750", "2016-12-31": "2.54130", "2015-12-31": "1.51860", "2014-12-31": "1.02040", "2013-12-31": "0.64570", "2012-12-31": "0.57980", "2011-12-31": "0.60380", "2010-12-31": "0.61090", "2009-12-31": "0.77580", "2008-12-31": "0.81380", "2007-12-31": "0.33010", "2006-12-31": "0.29940", "2005-12-31": "0.36340"}, "Gross Margin": {"2019-12-31": "38.07350", "2018-12-31": "41.58900", "2017-12-31": "41.65070", "2016-12-31": "39.57160", "2015-12-31": "37.56610", "2014-12-31": "38.58140", "2013-12-31": "41.99220", "2012-12-31": "43.33850", "2011-12-31": "42.20140", "2010-12-31": "36.78900", "2009-12-31": "33.15410", "2008-12-31": "37.98960", "2007-12-31": "40.81320", "2006-12-31": "41.16840", "2005-12-31": "40.63420"}, "Operating Margin": {"2019-12-31": "15.36390", "2018-12-31": "19.09730", "2017-12-31": "20.12810", "2016-12-31": "22.04160", "2015-12-31": "20.97700", "2014-12-31": "20.68860", "2013-12-31": "21.59940", "2012-12-31": "21.66930", "2011-12-31": "19.20510", "2010-12-31": "14.32500", "2009-12-31": "7.76800", "2008-12-31": "-87.15670", "2007-12-31": "18.63010", "2006-12-31": "18.20090", "2005-12-31": "-48.67500"}, "EBIT Margin": {"2019-12-31": "15.36390", "2018-12-31": "19.09730", "2017-12-31": "20.12810", "2016-12-31": "22.04160", "2015-12-31": "20.97700", "2014-12-31": "20.68860", "2013-12-31": "21.59940", "2012-12-31": "21.66930", "2011-12-31": "19.20510", "2010-12-31": "14.32500", "2009-12-31": "7.76800", "2008-12-31": "-87.15670", "2007-12-31": "18.63010", "2006-12-31": "18.20090", "2005-12-31": "-48.67500"}, "EBITDA Margin": {"2019-12-31": "62.09550", "2018-12-31": "63.23670", "2017-12-31": "62.91690", "2016-12-31": "23.75060", "2015-12-31": "22.83170", "2014-12-31": "22.68550", "2013-12-31": "23.67010", "2012-12-31": "24.14980", "2011-12-31": "22.93030", "2010-12-31": "18.15680", "2009-12-31": "12.30890", "2008-12-31": "-83.31090", "2007-12-31": "21.90380", "2006-12-31": "21.30770", "2005-12-31": "-45.49710"}, "Pre-Tax Profit Margin": {"2019-12-31": "12.02720", "2018-12-31": "15.13400", "2017-12-31": "15.52670", "2016-12-31": "16.93760", "2015-12-31": "17.86760", "2014-12-31": "14.84140", "2013-12-31": "19.02890", "2012-12-31": "18.38530", "2011-12-31": "15.97860", "2010-12-31": "9.91390", "2009-12-31": "3.40380", "2008-12-31": "-90.14150", "2007-12-31": "15.15680", "2006-12-31": "14.89300", "2005-12-31": "-53.59880"}, "Net Profit Margin": {"2019-12-31": "11.89420", "2018-12-31": "12.67890", "2017-12-31": "8.74690", "2016-12-31": "9.57770", "2015-12-31": "11.15150", "2014-12-31": "23.63610", "2013-12-31": "13.41660", "2012-12-31": "12.27770", "2011-12-31": "9.56960", "2010-12-31": "5.37650", "2009-12-31": "1.74410", "2008-12-31": "-83.67790", "2007-12-31": "8.86100", "2006-12-31": "11.59550", "2005-12-31": "-50.23100"}, "Asset Turnover": {"2019-12-31": "0.56160", "2018-12-31": "0.61240", "2017-12-31": "1.27310", "2016-12-31": "0.54320", "2015-12-31": "0.53320", "2014-12-31": "0.52300", "2013-12-31": "0.53080", "2012-12-31": "0.48440", "2011-12-31": "0.52010", "2010-12-31": "0.51510", "2009-12-31": "0.48270", "2008-12-31": "0.51510", "2007-12-31": "0.34810", "2006-12-31": "0.32910", "2005-12-31": "0.32800"}, "Inventory Turnover Ratio": {"2019-12-31": "5.98850", "2018-12-31": "5.71530", "2017-12-31": "8.46990", "2016-12-31": "5.57530", "2015-12-31": "6.22910", "2014-12-31": "8.33950", "2013-12-31": "10.52330", "2012-12-31": "8.45630", "2011-12-31": "10.72380", "2010-12-31": "11.33420", "2009-12-31": "8.01840", "2008-12-31": "8.42080", "2007-12-31": "8.57010", "2006-12-31": "8.57140", "2005-12-31": "8.63740"}, "Receiveable Turnover": {"2019-12-31": "3.85960", "2018-12-31": "3.78520", "2017-12-31": "7.02910", "2016-12-31": "3.93720", "2015-12-31": "3.64530", "2014-12-31": "3.45830", "2013-12-31": "4.33060", "2012-12-31": "4.05180", "2011-12-31": "4.39900", "2010-12-31": "4.08930", "2009-12-31": "4.48760", "2008-12-31": "5.07310", "2007-12-31": "5.25500", "2006-12-31": "5.07090", "2005-12-31": "5.17700"}, "Days Sales In Receivables": {"2019-12-31": "94.57030", "2018-12-31": "96.42700", "2017-12-31": "51.92670", "2016-12-31": "92.70550", "2015-12-31": "100.12940", "2014-12-31": "105.54360", "2013-12-31": "84.28490", "2012-12-31": "90.08270", "2011-12-31": "82.97280", "2010-12-31": "89.25780", "2009-12-31": "81.33480", "2008-12-31": "71.94870", "2007-12-31": "69.45760", "2006-12-31": "71.97940", "2005-12-31": "70.50430"}, "ROE - Return On Equity": {"2019-12-31": "24.84010", "2018-12-31": "32.94300", "2017-12-31": "167.84630", "2016-12-31": "42.07100", "2015-12-31": "27.93460", "2014-12-31": "16.51360", "2013-12-31": "17.43930", "2012-12-31": "14.76550", "2011-12-31": "14.03920", "2010-12-31": "8.36980", "2009-12-31": "2.51680", "2008-12-31": "-135.77980", "2007-12-31": "5.73200", "2006-12-31": "5.87910", "2005-12-31": "-38.46250"}, "Return On Tangible Equity": {"2019-12-31": "-49.38660", "2018-12-31": "-38.59020", "2017-12-31": "-59.50890", "2016-12-31": "-40.75630", "2015-12-31": "-83.32440", "2014-12-31": "-20.06630", "2013-12-31": "-69.74320", "2012-12-31": "-30.97150", "2011-12-31": "-26.83260", "2010-12-31": "-15.43080", "2009-12-31": "-3.54590", "2008-12-31": "163.15710", "2007-12-31": "-17.43120", "2006-12-31": "-24.15970", "2005-12-31": "112.87430"}, "ROA - Return On Assets": {"2019-12-31": "6.66610", "2018-12-31": "7.77580", "2017-12-31": "15.92860", "2016-12-31": "6.40320", "2015-12-31": "6.53900", "2014-12-31": "4.80890", "2013-12-31": "6.58660", "2012-12-31": "5.69790", "2011-12-31": "5.30510", "2010-12-31": "3.14420", "2009-12-31": "0.84190", "2008-12-31": "-43.10570", "2007-12-31": "3.04430", "2006-12-31": "3.17840", "2005-12-31": "-19.42990"}, "ROI - Return On Investment": {"2019-12-31": "10.54940", "2018-12-31": "12.09660", "2017-12-31": "29.01590", "2016-12-31": "12.32630", "2015-12-31": "11.26990", "2014-12-31": "8.56020", "2013-12-31": "10.92670", "2012-12-31": "9.35660", "2011-12-31": "8.76720", "2010-12-31": "5.20450", "2009-12-31": "1.45770", "2008-12-31": "-74.96360", "2007-12-31": "4.31240", "2006-12-31": "4.52670", "2005-12-31": "-28.93920"}, "Book Value Per Share": {"2019-12-31": "21.60810", "2018-12-31": "17.13380", "2017-12-31": "5.16450", "2016-12-31": "8.95390", "2015-12-31": "12.01510", "2014-12-31": "13.74750", "2013-12-31": "16.72150", "2012-12-31": "16.21110", "2011-12-31": "15.21970", "2010-12-31": "14.42140", "2009-12-31": "13.36600", "2008-12-31": "12.81650", "2007-12-31": "31.95770", "2006-12-31": "30.61230", "2005-12-31": "28.91710"}, "Operating Cash Flow Per Share": {"2019-12-31": -3.5846, "2018-12-31": 1.8084, "2017-12-31": 0.0085, "2016-12-31": 0.9105, "2015-12-31": 0.578, "2014-12-31": -0.7289, "2013-12-31": 0.2474, "2012-12-31": 0.1859, "2011-12-31": 0.0683, "2010-12-31": 1.1252, "2009-12-31": -1.8299, "2008-12-31": 0.1777, "2007-12-31": 0.5803, "2006-12-31": -2.0322, "2005-12-31": 4.4789}, "Free Cash Flow Per Share": {"2019-12-31": -3.5899, "2018-12-31": 1.7918, "2017-12-31": -0.1042, "2016-12-31": 0.8227, "2015-12-31": 0.5456, "2014-12-31": -0.7065, "2013-12-31": 0.2112, "2012-12-31": 0.2422, "2011-12-31": 0.0745, "2010-12-31": 1.1428, "2009-12-31": -1.5057, "2008-12-31": 0.1197, "2007-12-31": 0.4411, "2006-12-31": -2.1287, "2005-12-31": 4.0648}}, "financial ratios, quarterly": {"Current Ratio": {"2020-09-30": "1.69480", "2020-06-30": "1.55780", "2020-03-31": "1.21980", "2019-12-31": "1.31540", "2019-09-30": "1.52180", "2019-06-30": "1.64870", "2019-03-31": "1.49870", "2018-12-31": "1.42770", "2018-09-30": "1.51260", "2018-06-30": "1.59830", "2018-03-31": "1.52150", "2017-12-31": "1.57930", "2017-09-30": "1.55330", "2017-06-30": "1.76040", "2017-03-31": "1.64140", "2016-12-31": "1.63510", "2016-09-30": "1.76150", "2016-06-30": "1.65080", "2016-03-31": "1.63530", "2015-12-31": "1.61430", "2015-09-30": "1.61860", "2015-06-30": "1.50910", "2015-03-31": "1.68820", "2014-12-31": "1.36000", "2014-09-30": "1.59080", "2014-06-30": "1.62360", "2014-03-31": "1.24680", "2013-12-31": "1.27640", "2013-09-30": "1.30350", "2013-06-30": "1.24710", "2013-03-31": "1.18450", "2012-12-31": "1.45140", "2012-09-30": "1.58010", "2012-06-30": "1.45910", "2012-03-31": "1.39350", "2011-12-31": "1.40940", "2011-09-30": "1.37890", "2011-06-30": "1.44870", "2011-03-31": "1.34370", "2010-12-31": "1.34000", "2010-09-30": "1.22360", "2010-06-30": "1.34130", "2010-03-31": "1.21070", "2009-12-31": "1.18760", "2009-09-30": "1.20870", "2009-06-30": "1.13880", "2009-03-31": "1.11250", "2008-12-31": "1.08640", "2008-09-30": "1.11680", "2008-06-30": "1.11340", "2008-03-31": "1.47600", "2007-12-31": "1.36920", "2007-09-30": "1.34720", "2007-06-30": "1.68950", "2007-03-31": "1.55060", "2006-12-31": "1.85110", "2006-09-30": "1.85250", "2006-06-30": "1.76030", "2006-03-31": "1.39450", "2005-12-31": "1.26340", "2005-09-30": "1.05900", "2005-06-30": "1.01350", "2005-03-31": "0.99210"}, "Long-term Debt / Capital": {"2020-09-30": "0.56380", "2020-06-30": "0.57520", "2020-03-31": "0.57110", "2019-12-31": "0.57530", "2019-09-30": "0.64940", "2019-06-30": "0.66320", "2019-03-31": "0.68270", "2018-12-31": "0.63280", "2018-09-30": "0.79010", "2018-06-30": "0.81370", "2018-03-31": "0.82690", "2017-12-31": "0.82710", "2017-09-30": "0.75200", "2017-06-30": "0.77210", "2017-03-31": "0.75520", "2016-12-31": "0.70700", "2016-09-30": "0.62470", "2016-06-30": "0.60410", "2016-03-31": "0.60000", "2015-12-31": "0.59660", "2015-09-30": "0.59050", "2015-06-30": "0.56310", "2015-03-31": "0.54600", "2014-12-31": "0.48160", "2014-09-30": "0.46370", "2014-06-30": "0.38660", "2014-03-31": "0.46800", "2013-12-31": "0.37340", "2013-09-30": "0.38070", "2013-06-30": "0.38260", "2013-03-31": "0.38580", "2012-12-31": "0.36630", "2012-09-30": "0.36470", "2012-06-30": "0.36830", "2012-03-31": "0.37110", "2011-12-31": "0.37550", "2011-09-30": "0.37590", "2011-06-30": "0.37480", "2011-03-31": "0.37900", "2010-12-31": "0.37820", "2010-09-30": "0.38510", "2010-06-30": "0.41510", "2010-03-31": "0.41920", "2009-12-31": "0.42080", "2009-09-30": "0.44050", "2009-06-30": "0.44720", "2009-03-31": "0.45630", "2008-12-31": "0.44790", "2008-09-30": "0.43570", "2008-06-30": "0.24390", "2008-03-31": "0.24710", "2007-12-31": "0.24770", "2007-09-30": "0.24920", "2007-06-30": "0.23610", "2007-03-31": "0.23880", "2006-12-31": "0.23000", "2006-09-30": "0.23230", "2006-06-30": "0.23300", "2006-03-31": "0.24250", "2005-12-31": "0.24760", "2005-09-30": "0.20860", "2005-06-30": "0.20420", "2005-03-31": "0.19310"}, "Debt/Equity Ratio": {"2020-09-30": "1.29360", "2020-06-30": "1.37920", "2020-03-31": "1.37100", "2019-12-31": "1.40860", "2019-09-30": "1.86240", "2019-06-30": "1.96910", "2019-03-31": "2.15180", "2018-12-31": "1.81980", "2018-09-30": "3.91930", "2018-06-30": "4.54550", "2018-03-31": "4.89460", "2017-12-31": "5.13750", "2017-09-30": "3.23610", "2017-06-30": "3.49600", "2017-03-31": "3.10330", "2016-12-31": "2.54130", "2016-09-30": "1.67480", "2016-06-30": "1.56070", "2016-03-31": "1.50450", "2015-12-31": "1.51860", "2015-09-30": "1.49670", "2015-06-30": "1.35840", "2015-03-31": "1.20590", "2014-12-31": "1.02040", "2014-09-30": "0.92470", "2014-06-30": "0.67360", "2014-03-31": "0.94410", "2013-12-31": "0.64570", "2013-09-30": "0.65210", "2013-06-30": "0.66900", "2013-03-31": "0.68840", "2012-12-31": "0.57980", "2012-09-30": "0.57610", "2012-06-30": "0.67220", "2012-03-31": "0.59220", "2011-12-31": "0.60380", "2011-09-30": "0.60530", "2011-06-30": "0.60260", "2011-03-31": "0.61290", "2010-12-31": "0.61090", "2010-09-30": "0.68620", "2010-06-30": "0.71240", "2010-03-31": "0.77060", "2009-12-31": "0.77580", "2009-09-30": "0.78980", "2009-06-30": "0.81150", "2009-03-31": "0.84200", "2008-12-31": "0.81380", "2008-09-30": "0.77400", "2008-06-30": "0.32330", "2008-03-31": "0.32890", "2007-12-31": "0.33010", "2007-09-30": "0.33280", "2007-06-30": "0.31000", "2007-03-31": "0.34390", "2006-12-31": "0.29940", "2006-09-30": "0.30320", "2006-06-30": "0.30440", "2006-03-31": "0.32100", "2005-12-31": "0.36340", "2005-09-30": "0.26510", "2005-06-30": "0.25820", "2005-03-31": "0.24090"}, "Gross Margin": {"2020-09-30": "40.58210", "2020-06-30": "44.46220", "2020-03-31": "39.04630", "2019-12-31": "30.05390", "2019-09-30": "40.89280", "2019-06-30": "41.06120", "2019-03-31": "40.16900", "2018-12-31": "43.84850", "2018-09-30": "41.09720", "2018-06-30": "36.98790", "2018-03-31": "36.18720", "2017-12-31": "43.07440", "2017-09-30": "41.28040", "2017-06-30": "38.47100", "2017-03-31": "37.95990", "2016-12-31": "39.22680", "2016-09-30": "42.02340", "2016-06-30": "40.92740", "2016-03-31": "36.67780", "2015-12-31": "25.04640", "2015-09-30": "43.44490", "2015-06-30": "40.75800", "2015-03-31": "38.80000", "2014-12-31": "23.39180", "2014-09-30": "42.50070", "2014-06-30": "43.60100", "2014-03-31": "40.58820", "2013-12-31": "40.58900", "2013-09-30": "45.45730", "2013-06-30": "43.84090", "2013-03-31": "38.76240", "2012-12-31": "40.42820", "2012-09-30": "47.42810", "2012-06-30": "47.34160", "2012-03-31": "38.17180", "2011-12-31": "44.39550", "2011-09-30": "46.21100", "2011-06-30": "43.39100", "2011-03-31": "35.15670", "2010-12-31": "40.88300", "2010-09-30": "41.88660", "2010-06-30": "37.64640", "2010-03-31": "27.38600", "2009-12-31": "35.11490", "2009-09-30": "36.34930", "2009-06-30": "33.99200", "2009-03-31": "26.79830", "2008-12-31": "36.15070", "2008-09-30": "39.26590", "2008-06-30": "42.17820", "2008-03-31": "34.69530", "2007-12-31": "40.49970", "2007-09-30": "43.46930", "2007-06-30": "45.42060", "2007-03-31": "34.50160", "2006-12-31": "40.73500", "2006-09-30": "43.11890", "2006-06-30": "45.16090", "2006-03-31": "35.90650", "2005-12-31": "39.29630", "2005-09-30": "42.20470", "2005-06-30": "44.12950", "2005-03-31": "37.00330"}, "Operating Margin": {"2020-09-30": "15.68020", "2020-06-30": "20.49400", "2020-03-31": "13.75020", "2019-12-31": "-0.18920", "2019-09-30": "15.46730", "2019-06-30": "20.24360", "2019-03-31": "25.40850", "2018-12-31": "18.39500", "2018-09-30": "21.14620", "2018-06-30": "19.01330", "2018-03-31": "20.52650", "2017-12-31": "19.06470", "2017-09-30": "22.98960", "2017-06-30": "21.18510", "2017-03-31": "21.71700", "2016-12-31": "21.74530", "2016-09-30": "23.37870", "2016-06-30": "21.87500", "2016-03-31": "21.32110", "2015-12-31": "22.18920", "2015-09-30": "23.11940", "2015-06-30": "18.20440", "2015-03-31": "20.60000", "2014-12-31": "16.75020", "2014-09-30": "19.83960", "2014-06-30": "22.89840", "2014-03-31": "22.15690", "2013-12-31": "20.82570", "2013-09-30": "23.13750", "2013-06-30": "23.00390", "2013-03-31": "19.80200", "2012-12-31": "21.44920", "2012-09-30": "24.12740", "2012-06-30": "23.79090", "2012-03-31": "17.83460", "2011-12-31": "23.45720", "2011-09-30": "20.89150", "2011-06-30": "20.46850", "2011-03-31": "12.45010", "2010-12-31": "22.07440", "2010-09-30": "18.53200", "2010-06-30": "13.05910", "2010-03-31": "4.33310", "2009-12-31": "6.94810", "2009-09-30": "12.48360", "2009-06-30": "8.05640", "2009-03-31": "3.40200", "2008-12-31": "8.45500", "2008-09-30": "-403.41560", "2008-06-30": "18.77010", "2008-03-31": "14.34550", "2007-12-31": "18.75070", "2007-09-30": "19.68060", "2007-06-30": "22.21990", "2007-03-31": "14.25170", "2006-12-31": "17.55130", "2006-09-30": "19.13110", "2006-06-30": "21.54120", "2006-03-31": "14.77320", "2005-12-31": "-232.95500", "2005-09-30": "18.45250", "2005-06-30": "23.02390", "2005-03-31": "14.64990"}, "EBIT Margin": {"2020-09-30": "15.68020", "2020-06-30": "20.49400", "2020-03-31": "13.75020", "2019-12-31": "-0.18920", "2019-09-30": "15.46730", "2019-06-30": "20.24360", "2019-03-31": "25.40850", "2018-12-31": "18.39500", "2018-09-30": "21.14620", "2018-06-30": "19.01330", "2018-03-31": "20.52650", "2017-12-31": "19.06470", "2017-09-30": "22.98960", "2017-06-30": "21.18510", "2017-03-31": "21.71700", "2016-12-31": "21.74530", "2016-09-30": "23.37870", "2016-06-30": "21.87500", "2016-03-31": "21.32110", "2015-12-31": "22.18920", "2015-09-30": "23.11940", "2015-06-30": "18.20440", "2015-03-31": "20.60000", "2014-12-31": "16.75020", "2014-09-30": "19.83960", "2014-06-30": "22.89840", "2014-03-31": "22.15690", "2013-12-31": "20.82570", "2013-09-30": "23.13750", "2013-06-30": "23.00390", "2013-03-31": "19.80200", "2012-12-31": "21.44920", "2012-09-30": "24.12740", "2012-06-30": "23.79090", "2012-03-31": "17.83460", "2011-12-31": "23.45720", "2011-09-30": "20.89150", "2011-06-30": "20.46850", "2011-03-31": "12.45010", "2010-12-31": "22.07440", "2010-09-30": "18.53200", "2010-06-30": "13.05910", "2010-03-31": "4.33310", "2009-12-31": "6.94810", "2009-09-30": "12.48360", "2009-06-30": "8.05640", "2009-03-31": "3.40200", "2008-12-31": "8.45500", "2008-09-30": "-403.41560", "2008-06-30": "18.77010", "2008-03-31": "14.34550", "2007-12-31": "18.75070", "2007-09-30": "19.68060", "2007-06-30": "22.21990", "2007-03-31": "14.25170", "2006-12-31": "17.55130", "2006-09-30": "19.13110", "2006-06-30": "21.54120", "2006-03-31": "14.77320", "2005-12-31": "-232.95510", "2005-09-30": "18.45250", "2005-06-30": "23.02390", "2005-03-31": "14.64990"}, "EBITDA Margin": {"2020-09-30": "", "2020-06-30": "", "2020-03-31": "", "2019-12-31": "", "2019-09-30": "", "2019-06-30": "", "2019-03-31": "", "2018-12-31": "", "2018-09-30": "", "2018-06-30": "", "2018-03-31": "", "2017-12-31": "", "2017-09-30": "", "2017-06-30": "", "2017-03-31": "", "2016-12-31": "", "2016-09-30": "", "2016-06-30": "", "2016-03-31": "", "2015-12-31": "", "2015-09-30": "", "2015-06-30": "", "2015-03-31": "", "2014-12-31": "", "2014-09-30": "", "2014-06-30": "", "2014-03-31": "", "2013-12-31": "", "2013-09-30": "", "2013-06-30": "", "2013-03-31": "", "2012-12-31": "", "2012-09-30": "", "2012-06-30": "", "2012-03-31": "", "2011-12-31": "", "2011-09-30": "", "2011-06-30": "", "2011-03-31": "", "2010-12-31": "", "2010-09-30": "", "2010-06-30": "", "2010-03-31": "", "2009-12-31": "", "2009-09-30": "", "2009-06-30": "", "2009-03-31": "", "2008-12-31": "", "2008-09-30": "", "2008-06-30": "", "2008-03-31": "", "2007-12-31": "", "2007-09-30": "", "2007-06-30": "", "2007-03-31": "", "2006-12-31": "", "2006-09-30": "", "2006-06-30": "", "2006-03-31": "", "2005-12-31": "", "2005-09-30": "", "2005-06-30": "", "2005-03-31": ""}, "Pre-Tax Profit Margin": {"2020-09-30": "10.97120", "2020-06-30": "14.93230", "2020-03-31": "9.85160", "2019-12-31": "-3.91500", "2019-09-30": "11.67510", "2019-06-30": "17.34570", "2019-03-31": "22.43660", "2018-12-31": "14.08710", "2018-09-30": "17.46860", "2018-06-30": "15.37800", "2018-03-31": "17.54850", "2017-12-31": "13.88090", "2017-09-30": "19.11070", "2017-06-30": "17.74640", "2017-03-31": "18.21720", "2016-12-31": "10.85840", "2016-09-30": "20.23350", "2016-06-30": "18.64920", "2016-03-31": "18.64550", "2015-12-31": "18.47870", "2015-09-30": "20.04910", "2015-06-30": "15.62600", "2015-03-31": "17.42860", "2014-12-31": "12.40600", "2014-09-30": "6.23700", "2014-06-30": "20.23210", "2014-03-31": "19.77590", "2013-12-31": "18.33640", "2013-09-30": "20.56330", "2013-06-30": "20.09500", "2013-03-31": "17.45050", "2012-12-31": "17.74390", "2012-09-30": "19.44270", "2012-06-30": "20.78700", "2012-03-31": "15.77980", "2011-12-31": "20.05670", "2011-09-30": "17.05800", "2011-06-30": "17.56830", "2011-03-31": "9.62960", "2010-12-31": "17.29660", "2010-09-30": "15.43830", "2010-06-30": "7.44520", "2010-03-31": "0.16990", "2009-12-31": "2.95820", "2009-09-30": "8.93730", "2009-06-30": "2.50810", "2009-03-31": "-1.11710", "2008-12-31": "4.73500", "2008-09-30": "-408.44270", "2008-06-30": "18.94100", "2008-03-31": "11.02600", "2007-12-31": "14.51000", "2007-09-30": "16.02370", "2007-06-30": "19.03760", "2007-03-31": "11.46320", "2006-12-31": "15.29270", "2006-09-30": "15.93760", "2006-06-30": "17.53610", "2006-03-31": "10.89670", "2005-12-31": "-238.60850", "2005-09-30": "13.74000", "2005-06-30": "17.61880", "2005-03-31": "10.80980"}, "Net Profit Margin": {"2020-09-30": "10.05560", "2020-06-30": "7.66530", "2020-03-31": "7.73730", "2019-12-31": "-3.75490", "2019-09-30": "9.40580", "2019-06-30": "13.67770", "2019-03-31": "27.59160", "2018-12-31": "12.26730", "2018-09-30": "14.95560", "2018-06-30": "11.54070", "2018-03-31": "13.58680", "2017-12-31": "11.47100", "2017-09-30": "18.66920", "2017-06-30": "1.78080", "2017-03-31": "-7.53810", "2016-12-31": "-3.21210", "2016-09-30": "15.49940", "2016-06-30": "14.21370", "2016-03-31": "13.18280", "2015-12-31": "9.68460", "2015-09-30": "13.07950", "2015-06-30": "10.31380", "2015-03-31": "11.25710", "2014-12-31": "17.25150", "2014-09-30": "48.67840", "2014-06-30": "13.77040", "2014-03-31": "13.10920", "2013-12-31": "14.26840", "2013-09-30": "14.96060", "2013-06-30": "14.01010", "2013-03-31": "10.96540", "2012-12-31": "16.17950", "2012-09-30": "11.97180", "2012-06-30": "12.82670", "2012-03-31": "9.56270", "2011-12-31": "11.64990", "2011-09-30": "10.04460", "2011-06-30": "11.01510", "2011-03-31": "5.75500", "2010-12-31": "8.55760", "2010-09-30": "9.61480", "2010-06-30": "4.50320", "2010-03-31": "-0.73630", "2009-12-31": "1.69490", "2009-09-30": "6.19700", "2009-06-30": "0.51230", "2009-03-31": "-1.75010", "2008-12-31": "3.85890", "2008-09-30": "-369.17380", "2008-06-30": "12.03410", "2008-03-31": "6.68560", "2007-12-31": "7.61410", "2007-09-30": "10.46200", "2007-06-30": "11.97070", "2007-03-31": "5.83680", "2006-12-31": "8.62760", "2006-09-30": "9.37910", "2006-06-30": "22.44270", "2006-03-31": "6.34610", "2005-12-31": "-241.70370", "2005-09-30": "21.01190", "2005-06-30": "21.45560", "2005-03-31": "16.96730"}, "Asset Turnover": {"2020-09-30": "0.11890", "2020-06-30": "0.12260", "2020-03-31": "0.13600", "2019-12-31": "0.13880", "2019-09-30": "0.27370", "2019-06-30": "0.29970", "2019-03-31": "0.29490", "2018-12-31": "0.37670", "2018-09-30": "0.15490", "2018-06-30": "0.17000", "2018-03-31": "0.18270", "2017-12-31": "0.80430", "2017-09-30": "0.13270", "2017-06-30": "0.14380", "2017-03-31": "0.14520", "2016-12-31": "0.14510", "2016-09-30": "0.12930", "2016-06-30": "0.12860", "2016-03-31": "0.15270", "2015-12-31": "0.11340", "2015-09-30": "0.13440", "2015-06-30": "0.13600", "2015-03-31": "0.14710", "2014-12-31": "0.10000", "2014-09-30": "0.14360", "2014-06-30": "0.12110", "2014-03-31": "0.13670", "2013-12-31": "0.12480", "2013-09-30": "0.12750", "2013-06-30": "0.13110", "2013-03-31": "0.15470", "2012-12-31": "0.09180", "2012-09-30": "0.12370", "2012-06-30": "0.12430", "2012-03-31": "0.14380", "2011-12-31": "0.12110", "2011-09-30": "0.12890", "2011-06-30": "0.13670", "2011-03-31": "0.13310", "2010-12-31": "0.12650", "2010-09-30": "0.12450", "2010-06-30": "0.12800", "2010-03-31": "0.13200", "2009-12-31": "0.12980", "2009-09-30": "0.12610", "2009-06-30": "0.11550", "2009-03-31": "0.11970", "2008-12-31": "0.13020", "2008-09-30": "0.12420", "2008-06-30": "0.08230", "2008-03-31": "0.08910", "2007-12-31": "0.09300", "2007-09-30": "0.07980", "2007-06-30": "0.07910", "2007-03-31": "0.08440", "2006-12-31": "0.08920", "2006-09-30": "0.07770", "2006-06-30": "0.08090", "2006-03-31": "0.08410", "2005-12-31": "0.08780", "2005-09-30": "0.05010", "2005-06-30": "0.05230", "2005-03-31": "0.05160"}, "Inventory Turnover Ratio": {"2020-09-30": "1.94440", "2020-06-30": "1.89710", "2020-03-31": "2.84070", "2019-12-31": "1.67110", "2019-09-30": "2.01580", "2019-06-30": "2.16450", "2019-03-31": "2.77100", "2018-12-31": "3.37920", "2018-09-30": "1.05140", "2018-06-30": "1.16420", "2018-03-31": "1.50660", "2017-12-31": "5.22050", "2017-09-30": "1.01750", "2017-06-30": "1.28460", "2017-03-31": "1.72690", "2016-12-31": "1.49820", "2016-09-30": "1.22550", "2016-06-30": "1.43630", "2016-03-31": "2.76400", "2015-12-31": "1.59060", "2015-09-30": "1.29720", "2015-06-30": "1.64970", "2015-03-31": "2.80370", "2014-12-31": "1.98920", "2014-09-30": "1.70420", "2014-06-30": "1.91280", "2014-03-31": "3.92050", "2013-12-31": "2.53500", "2013-09-30": "3.25090", "2013-06-30": "4.21380", "2013-03-31": "4.34800", "2012-12-31": "1.68450", "2012-09-30": "2.50660", "2012-06-30": "3.36470", "2012-03-31": "4.08890", "2011-12-31": "2.40270", "2011-09-30": "3.37690", "2011-06-30": "5.63890", "2011-03-31": "5.19630", "2010-12-31": "2.60320", "2010-09-30": "3.46910", "2010-06-30": "4.18080", "2010-03-31": "4.23940", "2009-12-31": "2.09240", "2009-09-30": "2.47570", "2009-06-30": "3.06000", "2009-03-31": "3.07060", "2008-12-31": "2.19210", "2008-09-30": "2.62340", "2008-06-30": "3.08680", "2008-03-31": "3.18170", "2007-12-31": "2.30120", "2007-09-30": "2.34160", "2007-06-30": "2.52470", "2007-03-31": "3.11590", "2006-12-31": "2.34120", "2006-09-30": "2.29290", "2006-06-30": "2.56800", "2006-03-31": "2.86340", "2005-12-31": "2.36560", "2005-09-30": "2.04510", "2005-06-30": "2.11840", "2005-03-31": "2.31610"}, "Receiveable Turnover": {"2020-09-30": "0.88050", "2020-06-30": "0.87900", "2020-03-31": "0.92640", "2019-12-31": "0.95350", "2019-09-30": "1.81760", "2019-06-30": "1.88220", "2019-03-31": "1.71210", "2018-12-31": "2.32810", "2018-09-30": "0.88260", "2018-06-30": "0.96360", "2018-03-31": "0.97130", "2017-12-31": "4.44080", "2017-09-30": "0.88130", "2017-06-30": "0.97510", "2017-03-31": "0.96120", "2016-12-31": "1.05200", "2016-09-30": "0.91050", "2016-06-30": "0.90680", "2016-03-31": "0.97550", "2015-12-31": "0.77530", "2015-09-30": "0.95880", "2015-06-30": "1.01040", "2015-03-31": "1.03730", "2014-12-31": "0.66130", "2014-09-30": "0.97280", "2014-06-30": "1.04630", "2014-03-31": "1.08150", "2013-12-31": "1.01860", "2013-09-30": "1.02510", "2013-06-30": "1.12370", "2013-03-31": "1.29070", "2012-12-31": "0.76770", "2012-09-30": "1.00550", "2012-06-30": "1.10600", "2012-03-31": "1.13930", "2011-12-31": "1.02450", "2011-09-30": "1.07920", "2011-06-30": "1.16430", "2011-03-31": "1.09760", "2010-12-31": "1.00430", "2010-09-30": "1.08610", "2010-06-30": "1.14210", "2010-03-31": "1.09880", "2009-12-31": "1.20640", "2009-09-30": "1.22850", "2009-06-30": "1.12290", "2009-03-31": "1.07740", "2008-12-31": "1.28260", "2008-09-30": "1.21410", "2008-06-30": "1.27200", "2008-03-31": "1.25010", "2007-12-31": "1.40360", "2007-09-30": "1.26550", "2007-06-30": "1.32780", "2007-03-31": "1.29000", "2006-12-31": "1.37500", "2006-09-30": "1.29640", "2006-06-30": "1.42060", "2006-03-31": "1.29040", "2005-12-31": "1.38660", "2005-09-30": "0.86270", "2005-06-30": "0.92820", "2005-03-31": "0.89880"}, "Days Sales In Receivables": {"2020-09-30": "102.21390", "2020-06-30": "102.39200", "2020-03-31": "97.15250", "2019-12-31": "94.38800", "2019-09-30": "49.51480", "2019-06-30": "47.81600", "2019-03-31": "52.56760", "2018-12-31": "38.65810", "2018-09-30": "101.97060", "2018-06-30": "93.40160", "2018-03-31": "92.65620", "2017-12-31": "20.26660", "2017-09-30": "102.11920", "2017-06-30": "92.29350", "2017-03-31": "93.63450", "2016-12-31": "85.54860", "2016-09-30": "98.84240", "2016-06-30": "99.25400", "2016-03-31": "92.25750", "2015-12-31": "116.08160", "2015-09-30": "93.86860", "2015-06-30": "89.07740", "2015-03-31": "86.76000", "2014-12-31": "136.09020", "2014-09-30": "92.51260", "2014-06-30": "86.01950", "2014-03-31": "83.21850", "2013-12-31": "88.36070", "2013-09-30": "87.79230", "2013-06-30": "80.08910", "2013-03-31": "69.72770", "2012-12-31": "117.23340", "2012-09-30": "89.50400", "2012-06-30": "81.37580", "2012-03-31": "78.99900", "2011-12-31": "87.84640", "2011-09-30": "83.39380", "2011-06-30": "77.30060", "2011-03-31": "82.00000", "2010-12-31": "89.61900", "2010-09-30": "82.86170", "2010-06-30": "78.80340", "2010-03-31": "81.90740", "2009-12-31": "74.60210", "2009-09-30": "73.26000", "2009-06-30": "80.14770", "2009-03-31": "83.53460", "2008-12-31": "70.17240", "2008-09-30": "74.12860", "2008-06-30": "70.75460", "2008-03-31": "71.99310", "2007-12-31": "64.12150", "2007-09-30": "71.11630", "2007-06-30": "67.78070", "2007-03-31": "69.76490", "2006-12-31": "65.45620", "2006-09-30": "69.42050", "2006-06-30": "63.35480", "2006-03-31": "69.74660", "2005-12-31": "64.90720", "2005-09-30": "104.31980", "2005-06-30": "96.95760", "2005-03-31": "100.13860"}, "ROE - Return On Equity": {"2020-09-30": "4.09310", "2020-06-30": "4.96910", "2020-03-31": "3.77930", "2019-12-31": "-2.02420", "2019-09-30": "12.70780", "2019-06-30": "20.55540", "2019-03-31": "44.86090", "2018-12-31": "19.62300", "2018-09-30": "19.41130", "2018-06-30": "18.45870", "2018-03-31": "25.76900", "2017-12-31": "103.69060", "2017-09-30": "13.96130", "2017-06-30": "15.11230", "2017-03-31": "15.73660", "2016-12-31": "7.34620", "2016-09-30": "8.71350", "2016-06-30": "6.92280", "2016-03-31": "8.06130", "2015-12-31": "7.22630", "2015-09-30": "7.24610", "2015-06-30": "5.56770", "2015-03-31": "6.15910", "2014-12-31": "2.85510", "2014-09-30": "0.95670", "2014-06-30": "4.50720", "2014-03-31": "5.45650", "2013-12-31": "4.10400", "2013-09-30": "4.45660", "2013-06-30": "4.53080", "2013-03-31": "4.92870", "2012-12-31": "2.71220", "2012-09-30": "3.74190", "2012-06-30": "4.46730", "2012-03-31": "3.93840", "2011-12-31": "4.60230", "2011-09-30": "3.41480", "2011-06-30": "3.97060", "2011-03-31": "2.06540", "2010-12-31": "3.87940", "2010-09-30": "3.32740", "2010-06-30": "1.63350", "2010-03-31": "-0.28740", "2009-12-31": "0.65750", "2009-09-30": "2.34680", "2009-06-30": "0.17890", "2009-03-31": "-0.65290", "2008-12-31": "1.58310", "2008-09-30": "-135.85000", "2008-06-30": "1.86250", "2008-03-31": "1.12750", "2007-12-31": "1.27190", "2007-09-30": "1.60490", "2007-06-30": "1.78500", "2007-03-31": "0.95030", "2006-12-31": "1.42420", "2006-09-30": "1.39200", "2006-06-30": "2.11930", "2006-03-31": "1.05980", "2005-12-31": "-42.42810", "2005-09-30": "0.63660", "2005-06-30": "0.92980", "2005-03-31": "0.54700"}, "Return On Tangible Equity": {"2020-09-30": "-13.61850", "2020-06-30": "6.23170", "2020-03-31": "-7.98810", "2019-12-31": "4.02450", "2019-09-30": "-24.07200", "2019-06-30": "-32.90670", "2019-03-31": "-57.75610", "2018-12-31": "-22.98680", "2018-09-30": "-9.65000", "2018-06-30": "-7.39510", "2018-03-31": "-9.17580", "2017-12-31": "-36.76290", "2017-09-30": "-9.26010", "2017-06-30": "-8.11690", "2017-03-31": "-9.79500", "2016-12-31": "-7.11660", "2016-09-30": "-6.97400", "2016-06-30": "-5.61160", "2016-03-31": "-6.73880", "2015-12-31": "-21.55500", "2015-09-30": "-6.28230", "2015-06-30": "-4.95740", "2015-03-31": "-6.28490", "2014-12-31": "-3.46930", "2014-09-30": "-1.46020", "2014-06-30": "-12.03920", "2014-03-31": "-7.10880", "2013-12-31": "-16.41250", "2013-09-30": "-8.05160", "2013-06-30": "-7.98460", "2013-03-31": "-8.16870", "2012-12-31": "-5.68910", "2012-09-30": "-8.02080", "2012-06-30": "-9.05990", "2012-03-31": "-7.60470", "2011-12-31": "-8.79630", "2011-09-30": "-6.41120", "2011-06-30": "-7.52240", "2011-03-31": "-3.70710", "2010-12-31": "-7.15220", "2010-09-30": "-5.61540", "2010-06-30": "-2.43540", "2010-03-31": "0.41070", "2009-12-31": "-0.92630", "2009-09-30": "-3.06690", "2009-06-30": "-0.21730", "2009-03-31": "0.77010", "2008-12-31": "-1.90230", "2008-09-30": "185.88090", "2008-06-30": "-5.01070", "2008-03-31": "-3.60610", "2007-12-31": "-3.86780", "2007-09-30": "-4.18770", "2007-06-30": "-6.08090", "2007-03-31": "-3.25510", "2006-12-31": "-5.85260", "2006-09-30": "-5.20270", "2006-06-30": "-7.69880", "2006-03-31": "-3.09430", "2005-12-31": "124.51200", "2005-09-30": "-2.91870", "2005-06-30": "-4.60640", "2005-03-31": "-2.87470"}, "ROA - Return On Assets": {"2020-09-30": "1.21340", "2020-06-30": "1.41240", "2020-03-31": "1.04190", "2019-12-31": "-0.54320", "2019-09-30": "2.62300", "2019-06-30": "4.09900", "2019-03-31": "8.10380", "2018-12-31": "4.63180", "2018-09-30": "2.31630", "2018-06-30": "1.96220", "2018-03-31": "2.48170", "2017-12-31": "9.84020", "2017-09-30": "1.74940", "2017-06-30": "1.75250", "2017-03-31": "1.97200", "2016-12-31": "1.11810", "2016-09-30": "1.95400", "2016-06-30": "1.61210", "2016-03-31": "1.88080", "2015-12-31": "1.69160", "2015-09-30": "1.75750", "2015-06-30": "1.40310", "2015-03-31": "1.65640", "2014-12-31": "0.83140", "2014-09-30": "0.30700", "2014-06-30": "1.58840", "2014-03-31": "1.76910", "2013-12-31": "1.55000", "2013-09-30": "1.66440", "2013-06-30": "1.69310", "2013-03-31": "1.77320", "2012-12-31": "1.04660", "2012-09-30": "1.45880", "2012-06-30": "1.68780", "2012-03-31": "1.49280", "2011-12-31": "1.73910", "2011-09-30": "1.29430", "2011-06-30": "1.50600", "2011-03-31": "0.76600", "2010-12-31": "1.45740", "2010-09-30": "1.19670", "2010-06-30": "0.57660", "2010-03-31": "-0.09720", "2009-12-31": "0.21990", "2009-09-30": "0.78160", "2009-06-30": "0.05920", "2009-03-31": "-0.20940", "2008-12-31": "0.50260", "2008-09-30": "-45.86130", "2008-06-30": "0.99010", "2008-03-31": "0.59540", "2007-12-31": "0.67550", "2007-09-30": "0.82770", "2007-06-30": "0.94630", "2007-03-31": "0.49280", "2006-12-31": "0.77000", "2006-09-30": "0.74420", "2006-06-30": "1.13720", "2006-03-31": "0.55170", "2005-12-31": "-21.43320", "2005-09-30": "0.38160", "2005-06-30": "0.56560", "2005-03-31": "0.33650"}, "ROI - Return On Investment": {"2020-09-30": "1.78550", "2020-06-30": "2.11070", "2020-03-31": "1.62090", "2019-12-31": "-0.85970", "2019-09-30": "4.45490", "2019-06-30": "6.92320", "2019-03-31": "14.23360", "2018-12-31": "7.20550", "2018-09-30": "4.07380", "2018-06-30": "3.43910", "2018-03-31": "4.46170", "2017-12-31": "17.92520", "2017-09-30": "3.46200", "2017-06-30": "3.44470", "2017-03-31": "3.85240", "2016-12-31": "2.15230", "2016-09-30": "3.27020", "2016-06-30": "2.74040", "2016-03-31": "3.22420", "2015-12-31": "2.91540", "2015-09-30": "2.96760", "2015-06-30": "2.43240", "2015-03-31": "2.79630", "2014-12-31": "1.48000", "2014-09-30": "0.51300", "2014-06-30": "2.76460", "2014-03-31": "2.90290", "2013-12-31": "2.57140", "2013-09-30": "2.76020", "2013-06-30": "2.79740", "2013-03-31": "3.02710", "2012-12-31": "1.71870", "2012-09-30": "2.37710", "2012-06-30": "2.82180", "2012-03-31": "2.47710", "2011-12-31": "2.87410", "2011-09-30": "2.13130", "2011-06-30": "2.48240", "2011-03-31": "1.28270", "2010-12-31": "2.41230", "2010-09-30": "2.04600", "2010-06-30": "0.95550", "2010-03-31": "-0.16690", "2009-12-31": "0.38080", "2009-09-30": "1.31310", "2009-06-30": "0.09890", "2009-03-31": "-0.35500", "2008-12-31": "0.87400", "2008-09-30": "-76.65370", "2008-06-30": "1.40830", "2008-03-31": "0.84890", "2007-12-31": "0.95690", "2007-09-30": "1.20490", "2007-06-30": "1.36350", "2007-03-31": "0.72340", "2006-12-31": "1.09660", "2006-09-30": "1.06870", "2006-06-30": "1.62560", "2006-03-31": "0.80270", "2005-12-31": "-31.92290", "2005-09-30": "0.50380", "2005-06-30": "0.73990", "2005-03-31": "0.44130"}, "Book Value Per Share": {"2020-09-30": "24.74840", "2020-06-30": "23.62010", "2020-03-31": "21.98540", "2019-12-31": "21.60810", "2019-09-30": "13.47200", "2019-06-30": "12.67470", "2019-03-31": "11.62830", "2018-12-31": "17.13380", "2018-09-30": "6.70400", "2018-06-30": "5.74800", "2018-03-31": "5.20470", "2017-12-31": "5.16450", "2017-09-30": "7.48500", "2017-06-30": "6.51860", "2017-03-31": "7.08850", "2016-12-31": "8.95390", "2016-09-30": "12.23800", "2016-06-30": "12.08070", "2016-03-31": "12.07710", "2015-12-31": "12.01510", "2015-09-30": "12.40300", "2015-06-30": "12.32030", "2015-03-31": "12.92320", "2014-12-31": "13.74750", "2014-09-30": "14.47310", "2014-06-30": "16.27020", "2014-03-31": "14.72520", "2013-12-31": "16.72150", "2013-09-30": "16.09150", "2013-06-30": "15.86940", "2013-03-31": "15.32460", "2012-12-31": "16.21110", "2012-09-30": "16.15230", "2012-06-30": "15.78470", "2012-03-31": "15.41450", "2011-12-31": "15.21970", "2011-09-30": "15.08840", "2011-06-30": "14.89220", "2011-03-31": "14.51040", "2010-12-31": "14.42140", "2010-09-30": "14.01850", "2010-06-30": "13.51830", "2010-03-31": "13.33640", "2009-12-31": "13.36600", "2009-09-30": "13.10940", "2009-06-30": "12.76140", "2009-03-31": "12.60180", "2008-12-31": "12.81650", "2008-09-30": "13.67340", "2008-06-30": "32.67840", "2008-03-31": "32.40650", "2007-12-31": "31.95770", "2007-09-30": "31.56360", "2007-06-30": "31.36110", "2007-03-31": "30.97840", "2006-12-31": "30.61230", "2006-09-30": "29.98920", "2006-06-30": "30.19880", "2006-03-31": "28.96270", "2005-12-31": "28.91710", "2005-09-30": "51.99020", "2005-06-30": "51.56560", "2005-03-31": "51.03750"}, "Operating Cash Flow Per Share": {"2020-09-30": 2.285, "2020-06-30": 1.2876, "2020-03-31": "0.57790", "2019-12-31": -0.7439, "2019-09-30": 0.8103, "2019-06-30": 0.4214, "2019-03-31": "1.50570", "2018-12-31": 2.4646, "2018-09-30": 0.376, "2018-06-30": 0.88, "2018-03-31": "1.85750", "2017-12-31": 1.3387, "2017-09-30": 0.1432, "2017-06-30": 0.5594, "2017-03-31": "1.72840", "2016-12-31": 0.8329, "2016-09-30": 0.1788, "2016-06-30": 0.534, "2016-03-31": "2.21550", "2015-12-31": 1.5635, "2015-09-30": -0.4562, "2015-06-30": 0.9193, "2015-03-31": "0.82410", "2014-12-31": 1.7404, "2014-09-30": -0.5417, "2014-06-30": 0.239, "2014-03-31": "0.83500", "2013-12-31": 0.8657, "2013-09-30": 0.4516, "2013-06-30": 0.7642, "2013-03-31": "0.92010", "2012-12-31": 0.4981, "2012-09-30": 0.3529, "2012-06-30": 0.9347, "2012-03-31": "0.96850", "2011-12-31": 0.0794, "2011-09-30": 0.1653, "2011-06-30": 1.0336, "2011-03-31": "1.29000", "2010-12-31": 0.232, "2010-09-30": 0.4628, "2010-06-30": 0.7682, "2010-03-31": "1.03700", "2009-12-31": 0.5459, "2009-09-30": 0.2477, "2009-06-30": 0.6132, "2009-03-31": "-0.03200", "2008-12-31": 0.6504, "2008-09-30": 0.1482, "2008-06-30": 0.8822, "2008-03-31": "1.52390", "2007-12-31": 0.3769, "2007-09-30": 0.5525, "2007-06-30": 0.9892, "2007-03-31": "1.10840", "2006-12-31": 0.193, "2006-09-30": 0.5158, "2006-06-30": 0.893, "2006-03-31": "0.84490", "2005-12-31": 0.7278, "2005-09-30": 1.3313, "2005-06-30": 1.3053, "2005-03-31": "1.11450"}, "Free Cash Flow Per Share": {"2020-09-30": 2.1543, "2020-06-30": 1.1564, "2020-03-31": "0.49510", "2019-12-31": -0.9092, "2019-09-30": 0.6337, "2019-06-30": 0.2998, "2019-03-31": "1.39710", "2018-12-31": 2.1591, "2018-09-30": 0.2774, "2018-06-30": 0.795, "2018-03-31": "1.77980", "2017-12-31": 1.0643, "2017-09-30": 0.0332, "2017-06-30": 0.4585, "2017-03-31": "1.66350", "2016-12-31": 0.6443, "2016-09-30": 0.0816, "2016-06-30": 0.4556, "2016-03-31": "2.14220", "2015-12-31": 1.4287, "2015-09-30": -0.5782, "2015-06-30": 0.86, "2015-03-31": "0.79050", "2014-12-31": 1.6301, "2014-09-30": -0.6299, "2014-06-30": 0.1669, "2014-03-31": "0.78830", "2013-12-31": 0.7072, "2013-09-30": 0.3794, "2013-06-30": 0.7085, "2013-03-31": "0.86680", "2012-12-31": 0.4065, "2012-09-30": 0.2681, "2012-06-30": 0.8601, "2012-03-31": "0.91600", "2011-12-31": -0.0552, "2011-09-30": 0.0786, "2011-06-30": 0.9542, "2011-03-31": "1.23090", "2010-12-31": 0.1009, "2010-09-30": 0.3722, "2010-06-30": 0.6846, "2010-03-31": "0.97630", "2009-12-31": 0.433, "2009-09-30": 0.1818, "2009-06-30": 0.5189, "2009-03-31": "-0.14250", "2008-12-31": 0.4637, "2008-09-30": -0.0463, "2008-06-30": 0.6874, "2008-03-31": "1.39210", "2007-12-31": 0.1495, "2007-09-30": 0.4133, "2007-06-30": 0.8303, "2007-03-31": "0.98410", "2006-12-31": -0.0648, "2006-09-30": 0.4101, "2006-06-30": 0.8063, "2006-03-31": "0.78450", "2005-12-31": 0.5606, "2005-09-30": 1.2377, "2005-06-30": 1.2236, "2005-03-31": "1.04290"}}, "revenue": {"ViacomCBS Annual Revenue (Millions of US $)": {"2019": "$27,812", "2018": "$27,250", "2017": "$26,535", "2016": "$13,166", "2015": "$12,671", "2014": "$12,519", "2013": "$14,005", "2012": "$12,820", "2011": "$13,637", "2010": "$13,466", "2009": "$13,015", "2008": "$13,950", "2007": "$14,073", "2006": "$14,320", "2005": "$14,113"}, "ViacomCBS Quarterly Revenue (Millions of US $)": {"2020-09-30": "$6,116", "2020-06-30": "$6,275", "2020-03-31": "$6,669", "2019-12-31": "$6,871", "2019-09-30": "$6,698", "2019-06-30": "$7,143", "2019-03-31": "$7,100", "2018-12-31": "$16,760", "2018-09-30": "$3,263", "2018-06-30": "$3,466", "2018-03-31": "$3,761", "2017-12-31": "$16,764", "2017-09-30": "$3,171", "2017-06-30": "$3,257", "2017-03-31": "$3,343", "2016-12-31": "$3,518", "2016-09-30": "$3,084", "2016-06-30": "$2,976", "2016-03-31": "$3,588", "2015-12-31": "$2,695", "2015-09-30": "$3,257", "2015-06-30": "$3,219", "2015-03-31": "$3,500", "2014-12-31": "$2,394", "2014-09-30": "$3,367", "2014-06-30": "$3,188", "2014-03-31": "$3,570", "2013-12-31": "$3,294", "2013-09-30": "$3,302", "2013-06-30": "$3,369", "2013-03-31": "$4,040", "2012-12-31": "$2,429", "2012-09-30": "$3,266", "2012-06-30": "$3,329", "2012-03-31": "$3,796", "2011-12-31": "$3,176", "2011-09-30": "$3,365", "2011-06-30": "$3,586", "2011-03-31": "$3,510", "2010-12-31": "$3,307", "2010-09-30": "$3,297", "2010-06-30": "$3,331", "2010-03-31": "$3,531", "2009-12-31": "$3,499", "2009-09-30": "$3,350", "2009-06-30": "$3,006", "2009-03-31": "$3,160", "2008-12-31": "$3,527", "2008-09-30": "$3,376", "2008-06-30": "$3,394", "2008-03-31": "$3,654", "2007-12-31": "$3,759", "2007-09-30": "$3,281", "2007-06-30": "$3,375", "2007-03-31": "$3,658", "2006-12-31": "$3,883", "2006-09-30": "$3,379", "2006-06-30": "$3,483", "2006-03-31": "$3,575", "2005-12-31": "$3,780", "2005-09-30": "$3,372", "2005-06-30": "$3,513", "2005-03-31": "$3,448"}}, "gross-profit": {"ViacomCBS Annual Gross Profit (Millions of US $)": {"2019": "$10,589", "2018": "$11,333", "2017": "$11,052", "2016": "$5,210", "2015": "$4,760", "2014": "$4,830", "2013": "$5,881", "2012": "$5,556", "2011": "$5,755", "2010": "$4,954", "2009": "$4,315", "2008": "$5,300", "2007": "$5,744", "2006": "$5,895", "2005": "$5,735"}, "ViacomCBS Quarterly Gross Profit (Millions of US $)": {"2020-09-30": "$2,482", "2020-06-30": "$2,790", "2020-03-31": "$2,604", "2019-12-31": "$2,065", "2019-09-30": "$2,739", "2019-06-30": "$2,933", "2019-03-31": "$2,852", "2018-12-31": "$7,349", "2018-09-30": "$1,341", "2018-06-30": "$1,282", "2018-03-31": "$1,361", "2017-12-31": "$7,221", "2017-09-30": "$1,309", "2017-06-30": "$1,253", "2017-03-31": "$1,269", "2016-12-31": "$1,380", "2016-09-30": "$1,296", "2016-06-30": "$1,218", "2016-03-31": "$1,316", "2015-12-31": "$675", "2015-09-30": "$1,415", "2015-06-30": "$1,312", "2015-03-31": "$1,358", "2014-12-31": "$560", "2014-09-30": "$1,431", "2014-06-30": "$1,390", "2014-03-31": "$1,449", "2013-12-31": "$1,337", "2013-09-30": "$1,501", "2013-06-30": "$1,477", "2013-03-31": "$1,566", "2012-12-31": "$982", "2012-09-30": "$1,549", "2012-06-30": "$1,576", "2012-03-31": "$1,449", "2011-12-31": "$1,410", "2011-09-30": "$1,555", "2011-06-30": "$1,556", "2011-03-31": "$1,234", "2010-12-31": "$1,352", "2010-09-30": "$1,381", "2010-06-30": "$1,254", "2010-03-31": "$967", "2009-12-31": "$1,229", "2009-09-30": "$1,218", "2009-06-30": "$1,022", "2009-03-31": "$847", "2008-12-31": "$1,275", "2008-09-30": "$1,326", "2008-06-30": "$1,431", "2008-03-31": "$1,268", "2007-12-31": "$1,522", "2007-09-30": "$1,426", "2007-06-30": "$1,533", "2007-03-31": "$1,262", "2006-12-31": "$1,582", "2006-09-30": "$1,457", "2006-06-30": "$1,573", "2006-03-31": "$1,284", "2005-12-31": "$1,485", "2005-09-30": "$1,423", "2005-06-30": "$1,550", "2005-03-31": "$1,276"}}, "operating-income": {"ViacomCBS Annual Operating Income (Millions of US $)": {"2019": "$4,273", "2018": "$5,204", "2017": "$5,341", "2016": "$2,902", "2015": "$2,658", "2014": "$2,590", "2013": "$3,025", "2012": "$2,778", "2011": "$2,619", "2010": "$1,929", "2009": "$1,011", "2008": "$-12,159", "2007": "$2,622", "2006": "$2,606", "2005": "$-6,870"}, "ViacomCBS Quarterly Operating Income (Millions of US $)": {"2020-09-30": "$959", "2020-06-30": "$1,286", "2020-03-31": "$917", "2019-12-31": "$-13", "2019-09-30": "$1,036", "2019-06-30": "$1,446", "2019-03-31": "$1,804", "2018-12-31": "$3,083", "2018-09-30": "$690", "2018-06-30": "$659", "2018-03-31": "$772", "2017-12-31": "$3,196", "2017-09-30": "$729", "2017-06-30": "$690", "2017-03-31": "$726", "2016-12-31": "$765", "2016-09-30": "$721", "2016-06-30": "$651", "2016-03-31": "$765", "2015-12-31": "$598", "2015-09-30": "$753", "2015-06-30": "$586", "2015-03-31": "$721", "2014-12-31": "$401", "2014-09-30": "$668", "2014-06-30": "$730", "2014-03-31": "$791", "2013-12-31": "$686", "2013-09-30": "$764", "2013-06-30": "$775", "2013-03-31": "$800", "2012-12-31": "$521", "2012-09-30": "$788", "2012-06-30": "$792", "2012-03-31": "$677", "2011-12-31": "$745", "2011-09-30": "$703", "2011-06-30": "$734", "2011-03-31": "$437", "2010-12-31": "$730", "2010-09-30": "$611", "2010-06-30": "$435", "2010-03-31": "$153", "2009-12-31": "$243", "2009-09-30": "$418", "2009-06-30": "$242", "2009-03-31": "$108", "2008-12-31": "$298", "2008-09-30": "$-13,618", "2008-06-30": "$637", "2008-03-31": "$524", "2007-12-31": "$705", "2007-09-30": "$646", "2007-06-30": "$750", "2007-03-31": "$521", "2006-12-31": "$682", "2006-09-30": "$646", "2006-06-30": "$750", "2006-03-31": "$528", "2005-12-31": "$-8,806", "2005-09-30": "$622", "2005-06-30": "$809", "2005-03-31": "$505"}}, "ebitda": {"ViacomCBS Annual EBITDA (Millions of US $)": {"2019": "$17,270", "2018": "$17,232", "2017": "$16,695", "2016": "$3,127", "2015": "$2,893", "2014": "$2,840", "2013": "$3,315", "2012": "$3,096", "2011": "$3,127", "2010": "$2,445", "2009": "$1,602", "2008": "$-11,622", "2007": "$3,083", "2006": "$3,051", "2005": "$-6,421"}, "ViacomCBS Quarterly EBITDA (Millions of US $)": {"2020-09-30": "$1,057", "2020-06-30": "$1,410", "2020-03-31": "$1,030", "2019-12-31": "$12,661", "2019-09-30": "$1,144", "2019-06-30": "$1,555", "2019-03-31": "$1,910", "2018-12-31": "$14,943", "2018-09-30": "$746", "2018-06-30": "$715", "2018-03-31": "$828", "2017-12-31": "$14,384", "2017-09-30": "$784", "2017-06-30": "$746", "2017-03-31": "$781", "2016-12-31": "$822", "2016-09-30": "$775", "2016-06-30": "$708", "2016-03-31": "$822", "2015-12-31": "$634", "2015-09-30": "$818", "2015-06-30": "$652", "2015-03-31": "$789", "2014-12-31": "$441", "2014-09-30": "$736", "2014-06-30": "$801", "2014-03-31": "$862", "2013-12-31": "$759", "2013-09-30": "$834", "2013-06-30": "$806", "2013-03-31": "$916", "2012-12-31": "$485", "2012-09-30": "$904", "2012-06-30": "$911", "2012-03-31": "$796", "2011-12-31": "$841", "2011-09-30": "$837", "2011-06-30": "$873", "2011-03-31": "$576", "2010-12-31": "$822", "2010-09-30": "$750", "2010-06-30": "$579", "2010-03-31": "$294", "2009-12-31": "$399", "2009-09-30": "$566", "2009-06-30": "$387", "2009-03-31": "$250", "2008-12-31": "$454", "2008-09-30": "$-13,478", "2008-06-30": "$760", "2008-03-31": "$642", "2007-12-31": "$829", "2007-09-30": "$758", "2007-06-30": "$859", "2007-03-31": "$637", "2006-12-31": "$800", "2006-09-30": "$756", "2006-06-30": "$859", "2006-03-31": "$636", "2005-12-31": "$-8,681", "2005-09-30": "$731", "2005-06-30": "$903", "2005-03-31": "$626"}}, "net-income": {"ViacomCBS Annual Net Income (Millions of US $)": {"2019": "$3,308", "2018": "$3,455", "2017": "$2,321", "2016": "$1,261", "2015": "$1,413", "2014": "$2,959", "2013": "$1,879", "2012": "$1,574", "2011": "$1,305", "2010": "$724", "2009": "$227", "2008": "$-11,673", "2007": "$1,247", "2006": "$1,661", "2005": "$-7,089"}, "ViacomCBS Quarterly Net Income (Millions of US $)": {"2020-09-30": "$615", "2020-06-30": "$481", "2020-03-31": "$516", "2019-12-31": "$-258", "2019-09-30": "$630", "2019-06-30": "$977", "2019-03-31": "$1,959", "2018-12-31": "$2,056", "2018-09-30": "$488", "2018-06-30": "$400", "2018-03-31": "$511", "2017-12-31": "$1,923", "2017-09-30": "$592", "2017-06-30": "$58", "2017-03-31": "$-252", "2016-12-31": "$-113", "2016-09-30": "$478", "2016-06-30": "$423", "2016-03-31": "$473", "2015-12-31": "$261", "2015-09-30": "$426", "2015-06-30": "$332", "2015-03-31": "$394", "2014-12-31": "$413", "2014-09-30": "$1,639", "2014-06-30": "$439", "2014-03-31": "$468", "2013-12-31": "$470", "2013-09-30": "$494", "2013-06-30": "$472", "2013-03-31": "$443", "2012-12-31": "$393", "2012-09-30": "$391", "2012-06-30": "$427", "2012-03-31": "$363", "2011-12-31": "$370", "2011-09-30": "$338", "2011-06-30": "$395", "2011-03-31": "$202", "2010-12-31": "$283", "2010-09-30": "$317", "2010-06-30": "$150", "2010-03-31": "$-26", "2009-12-31": "$59", "2009-09-30": "$208", "2009-06-30": "$15", "2009-03-31": "$-55", "2008-12-31": "$136", "2008-09-30": "$-12,462", "2008-06-30": "$408", "2008-03-31": "$244", "2007-12-31": "$286", "2007-09-30": "$343", "2007-06-30": "$404", "2007-03-31": "$214", "2006-12-31": "$335", "2006-09-30": "$317", "2006-06-30": "$782", "2006-03-31": "$227", "2005-12-31": "$-9,136", "2005-09-30": "$709", "2005-06-30": "$754", "2005-03-31": "$585"}}, "eps-earnings-per-share-diluted": {"ViacomCBS Annual EPS": {"2019": "$5.36", "2018": "$5.56", "2017": "$3.59", "2016": "$2.81", "2015": "$2.89", "2014": "$5.27", "2013": "$3.01", "2012": "$2.39", "2011": "$1.92", "2010": "$1.04", "2009": "$0.33", "2008": "$-17.43", "2007": "$1.73", "2006": "$2.15", "2005": "$-8.98"}, "ViacomCBS Quarterly EPS": {"2020-09-30": "$1.00", "2020-06-30": "$0.78", "2020-03-31": "$0.84", "2019-12-31": "$-0.42", "2019-09-30": "$1.02", "2019-06-30": "$1.58", "2019-03-31": "$3.18", "2018-12-31": "$1.90", "2018-09-30": "$1.29", "2018-06-30": "$1.05", "2018-03-31": "$1.32", "2017-12-31": "$2.60", "2017-09-30": "$1.46", "2017-06-30": "$0.14", "2017-03-31": "$-0.61", "2016-12-31": "$-0.21", "2016-09-30": "$1.07", "2016-06-30": "$0.93", "2016-03-31": "$1.02", "2015-12-31": "$0.56", "2015-09-30": "$0.88", "2015-06-30": "$0.67", "2015-03-31": "$0.78", "2014-12-31": "$0.70", "2014-09-30": "$3.03", "2014-06-30": "$0.76", "2014-03-31": "$0.78", "2013-12-31": "$0.76", "2013-09-30": "$0.80", "2013-06-30": "$0.76", "2013-03-31": "$0.69", "2012-12-31": "$0.60", "2012-09-30": "$0.60", "2012-06-30": "$0.65", "2012-03-31": "$0.54", "2011-12-31": "$0.55", "2011-09-30": "$0.50", "2011-06-30": "$0.58", "2011-03-31": "$0.29", "2010-12-31": "$0.40", "2010-09-30": "$0.46", "2010-06-30": "$0.22", "2010-03-31": "$-0.04", "2009-12-31": "$0.09", "2009-09-30": "$0.30", "2009-06-30": "$0.02", "2009-03-31": "$-0.08", "2008-12-31": "$0.18", "2008-09-30": "$-18.58", "2008-06-30": "$0.61", "2008-03-31": "$0.36", "2007-12-31": "$0.42", "2007-09-30": "$0.48", "2007-06-30": "$0.55", "2007-03-31": "$0.28", "2006-12-31": "$0.42", "2006-09-30": "$0.41", "2006-06-30": "$1.02", "2006-03-31": "$0.30", "2005-12-31": "$-11.54", "2005-09-30": "$0.90", "2005-06-30": "$0.94", "2005-03-31": "$0.72"}}, "shares-outstanding": {"ViacomCBS Annual Shares Outstanding (Millions of Shares)": {"2019": "617", "2018": "621", "2017": "647", "2016": "448", "2015": "489", "2014": "561", "2013": "624", "2012": "659", "2011": "681", "2010": "694", "2009": "683", "2008": "670", "2007": "722", "2006": "772", "2005": "790"}, "ViacomCBS Quarterly Shares Outstanding (Millions of Shares)": {"2020-09-30": "618", "2020-06-30": "617", "2020-03-31": "616", "2019-12-31": "617", "2019-09-30": "617", "2019-06-30": "617", "2019-03-31": "617", "2018-12-31": "621", "2018-09-30": "379", "2018-06-30": "381", "2018-03-31": "386", "2017-12-31": "647", "2017-09-30": "406", "2017-06-30": "410", "2017-03-31": "416", "2016-12-31": "448", "2016-09-30": "446", "2016-06-30": "455", "2016-03-31": "464", "2015-12-31": "489", "2015-09-30": "484", "2015-06-30": "495", "2015-03-31": "506", "2014-12-31": "561", "2014-09-30": "541", "2014-06-30": "581", "2014-03-31": "600", "2013-12-31": "624", "2013-09-30": "618", "2013-06-30": "624", "2013-03-31": "638", "2012-12-31": "659", "2012-09-30": "656", "2012-06-30": "661", "2012-03-31": "667", "2011-12-31": "681", "2011-09-30": "675", "2011-06-30": "686", "2011-03-31": "693", "2010-12-31": "694", "2010-09-30": "694", "2010-06-30": "693", "2010-03-31": "676", "2009-12-31": "683", "2009-09-30": "685", "2009-06-30": "680", "2009-03-31": "672", "2008-12-31": "670", "2008-09-30": "671", "2008-06-30": "674", "2008-03-31": "674", "2007-12-31": "722", "2007-09-30": "715", "2007-06-30": "729", "2007-03-31": "765", "2006-12-31": "772", "2006-09-30": "774", "2006-06-30": "770", "2006-03-31": "767", "2005-12-31": "790", "2005-09-30": "789", "2005-06-30": "805", "2005-03-31": "818"}}, "total-assets": {"ViacomCBS Annual Total Assets (Millions of US $)": {"2019": "$49,519", "2018": "$44,497", "2017": "$20,843", "2016": "$24,238", "2015": "$23,765", "2014": "$23,935", "2013": "$26,387", "2012": "$26,466", "2011": "$26,220", "2010": "$26,143", "2009": "$26,962", "2008": "$27,081", "2007": "$40,430", "2006": "$43,509", "2005": "$43,030"}, "ViacomCBS Quarterly Total Assets (Millions of US $)": {"2020-09-30": "$51,425", "2020-06-30": "$51,188", "2020-03-31": "$49,045", "2019-12-31": "$49,519", "2019-09-30": "$24,476", "2019-06-30": "$23,835", "2019-03-31": "$24,075", "2018-12-31": "$44,497", "2018-09-30": "$21,068", "2018-06-30": "$20,385", "2018-03-31": "$20,591", "2017-12-31": "$20,843", "2017-09-30": "$23,894", "2017-06-30": "$22,653", "2017-03-31": "$23,022", "2016-12-31": "$24,238", "2016-09-30": "$23,848", "2016-06-30": "$23,138", "2016-03-31": "$23,501", "2015-12-31": "$23,765", "2015-09-30": "$24,239", "2015-06-30": "$23,662", "2015-03-31": "$23,786", "2014-12-31": "$23,935", "2014-09-30": "$23,455", "2014-06-30": "$26,316", "2014-03-31": "$26,115", "2013-12-31": "$26,387", "2013-09-30": "$25,895", "2013-06-30": "$25,693", "2013-03-31": "$26,111", "2012-12-31": "$26,466", "2012-09-30": "$26,392", "2012-06-30": "$26,781", "2012-03-31": "$26,393", "2011-12-31": "$26,220", "2011-09-30": "$26,114", "2011-06-30": "$26,229", "2011-03-31": "$26,372", "2010-12-31": "$26,143", "2010-09-30": "$26,489", "2010-06-30": "$26,014", "2010-03-31": "$26,756", "2009-12-31": "$26,962", "2009-09-30": "$26,561", "2009-06-30": "$26,026", "2009-03-31": "$26,406", "2008-12-31": "$27,081", "2008-09-30": "$27,174", "2008-06-30": "$41,248", "2008-03-31": "$41,031", "2007-12-31": "$40,430", "2007-09-30": "$41,102", "2007-06-30": "$42,692", "2007-03-31": "$43,326", "2006-12-31": "$43,509", "2006-09-30": "$43,486", "2006-06-30": "$43,070", "2006-03-31": "$42,503", "2005-12-31": "$43,030", "2005-09-30": "$67,315", "2005-06-30": "$67,198", "2005-03-31": "$66,867"}}, "cash-on-hand": {"ViacomCBS Annual Cash on Hand (Millions of US $)": {"2019": "$632", "2018": "$856", "2017": "$285", "2016": "$598", "2015": "$317", "2014": "$428", "2013": "$368", "2012": "$708", "2011": "$660", "2010": "$480", "2009": "$717", "2008": "$420", "2007": "$1,347", "2006": "$3,075", "2005": "$1,655"}, "ViacomCBS Quarterly Cash on Hand (Millions of US $)": {"2020-09-30": "$3,086", "2020-06-30": "$2,288", "2020-03-31": "$589", "2019-12-31": "$632", "2019-09-30": "$196", "2019-06-30": "$216", "2019-03-31": "$500", "2018-12-31": "$856", "2018-09-30": "$182", "2018-06-30": "$252", "2018-03-31": "$147", "2017-12-31": "$285", "2017-09-30": "$144", "2017-06-30": "$170", "2017-03-31": "$163", "2016-12-31": "$598", "2016-09-30": "$179", "2016-06-30": "$176", "2016-03-31": "$411", "2015-12-31": "$317", "2015-09-30": "$133", "2015-06-30": "$320", "2015-03-31": "$331", "2014-12-31": "$428", "2014-09-30": "$178", "2014-06-30": "$261", "2014-03-31": "$311", "2013-12-31": "$368", "2013-09-30": "$226", "2013-06-30": "$282", "2013-03-31": "$409", "2012-12-31": "$708", "2012-09-30": "$947", "2012-06-30": "$1,888", "2012-03-31": "$794", "2011-12-31": "$660", "2011-09-30": "$947", "2011-06-30": "$1,346", "2011-03-31": "$972", "2010-12-31": "$480", "2010-09-30": "$1,072", "2010-06-30": "$838", "2010-03-31": "$873", "2009-12-31": "$717", "2009-09-30": "$474", "2009-06-30": "$342", "2009-03-31": "$240", "2008-12-31": "$420", "2008-09-30": "$553", "2008-06-30": "$814", "2008-03-31": "$2,259", "2007-12-31": "$1,347", "2007-09-30": "$1,226", "2007-06-30": "$2,797", "2007-03-31": "$3,379", "2006-12-31": "$3,075", "2006-09-30": "$3,177", "2006-06-30": "$3,062", "2006-03-31": "$1,287", "2005-12-31": "$1,655", "2005-09-30": "$811", "2005-06-30": "$666", "2005-03-31": "$467"}}, "long-term-debt": {"ViacomCBS Annual Long Term Debt (Millions of US $)": {"2019": "$18,002", "2018": "$18,100", "2017": "$9,464", "2016": "$8,902", "2015": "$8,226", "2014": "$6,476", "2013": "$5,940", "2012": "$5,904", "2011": "$5,958", "2010": "$5,973", "2009": "$6,553", "2008": "$6,975", "2007": "$7,069", "2006": "$7,027", "2005": "$7,153"}, "ViacomCBS Quarterly Long Term Debt (Millions of US $)": {"2020-09-30": "$19,703", "2020-06-30": "$19,704", "2020-03-31": "$18,005", "2019-12-31": "$18,002", "2019-09-30": "$9,359", "2019-06-30": "$9,359", "2019-03-31": "$9,358", "2018-12-31": "$18,100", "2018-09-30": "$9,465", "2018-06-30": "$9,464", "2018-03-31": "$9,470", "2017-12-31": "$9,464", "2017-09-30": "$9,080", "2017-06-30": "$8,898", "2017-03-31": "$8,900", "2016-12-31": "$8,902", "2016-09-30": "$8,902", "2016-06-30": "$8,223", "2016-03-31": "$8,226", "2015-12-31": "$8,226", "2015-09-30": "$8,476", "2015-06-30": "$7,686", "2015-03-31": "$7,693", "2014-12-31": "$6,476", "2014-09-30": "$6,508", "2014-06-30": "$5,846", "2014-03-31": "$7,448", "2013-12-31": "$5,940", "2013-09-30": "$5,944", "2013-06-30": "$5,949", "2013-03-31": "$5,901", "2012-12-31": "$5,904", "2012-09-30": "$5,907", "2012-06-30": "$5,900", "2012-03-31": "$5,902", "2011-12-31": "$5,958", "2011-09-30": "$5,961", "2011-06-30": "$5,964", "2011-03-31": "$5,968", "2010-12-31": "$5,973", "2010-09-30": "$5,967", "2010-06-30": "$6,516", "2010-03-31": "$6,528", "2009-12-31": "$6,553", "2009-09-30": "$6,964", "2009-06-30": "$6,964", "2009-03-31": "$7,109", "2008-12-31": "$6,975", "2008-09-30": "$7,084", "2008-06-30": "$7,073", "2008-03-31": "$7,112", "2007-12-31": "$7,069", "2007-09-30": "$7,036", "2007-06-30": "$6,996", "2007-03-31": "$7,048", "2006-12-31": "$7,027", "2006-09-30": "$7,033", "2006-06-30": "$7,019", "2006-03-31": "$7,085", "2005-12-31": "$7,153", "2005-09-30": "$10,635", "2005-06-30": "$10,492", "2005-03-31": "$9,845"}}, "total-liabilities": {"ViacomCBS Annual Total Liabilities (Millions of US $)": {"2019": "$36,230", "2018": "$33,994", "2017": "$18,865", "2016": "$20,549", "2015": "$18,202", "2014": "$16,965", "2013": "$16,421", "2012": "$16,253", "2011": "$16,312", "2010": "$16,322", "2009": "$17,943", "2008": "$18,484", "2007": "$18,958", "2006": "$19,986", "2005": "$21,293"}, "ViacomCBS Quarterly Total Liabilities (Millions of US $)": {"2020-09-30": "$36,180", "2020-06-30": "$36,638", "2020-03-31": "$35,524", "2019-12-31": "$36,230", "2019-09-30": "$19,424", "2019-06-30": "$19,082", "2019-03-31": "$19,726", "2018-12-31": "$33,994", "2018-09-30": "$18,554", "2018-06-30": "$18,218", "2018-03-31": "$18,608", "2017-12-31": "$18,865", "2017-09-30": "$20,900", "2017-06-30": "$20,026", "2017-03-31": "$20,137", "2016-12-31": "$20,549", "2016-09-30": "$18,500", "2016-06-30": "$17,750", "2016-03-31": "$18,018", "2015-12-31": "$18,202", "2015-09-30": "$18,360", "2015-06-30": "$17,699", "2015-03-31": "$17,389", "2014-12-31": "$16,965", "2014-09-30": "$15,929", "2014-06-30": "$17,042", "2014-03-31": "$17,648", "2013-12-31": "$16,421", "2013-09-30": "$16,224", "2013-06-30": "$16,092", "2013-03-31": "$16,717", "2012-12-31": "$16,253", "2012-09-30": "$16,103", "2012-06-30": "$16,663", "2012-03-31": "$16,389", "2011-12-31": "$16,312", "2011-09-30": "$16,216", "2011-06-30": "$16,281", "2011-03-31": "$16,592", "2010-12-31": "$16,322", "2010-09-30": "$16,962", "2010-06-30": "$16,831", "2010-03-31": "$17,710", "2009-12-31": "$17,943", "2009-09-30": "$17,714", "2009-06-30": "$17,416", "2009-03-31": "$17,936", "2008-12-31": "$18,484", "2008-09-30": "$18,000", "2008-06-30": "$19,321", "2008-03-31": "$19,364", "2007-12-31": "$18,958", "2007-09-30": "$19,904", "2007-06-30": "$20,059", "2007-03-31": "$20,860", "2006-12-31": "$19,986", "2006-09-30": "$20,238", "2006-06-30": "$19,958", "2006-03-31": "$20,376", "2005-12-31": "$21,293", "2005-09-30": "$26,960", "2005-06-30": "$26,317", "2005-03-31": "$25,731"}}, "total-share-holder-equity": {"ViacomCBS Annual Share Holder Equity (Millions of US $)": {"2019": "$13,289", "2018": "$10,503", "2017": "$1,978", "2016": "$3,689", "2015": "$5,563", "2014": "$6,970", "2013": "$9,966", "2012": "$10,213", "2011": "$9,908", "2010": "$9,821", "2009": "$9,019", "2008": "$8,597", "2007": "$21,472", "2006": "$23,523", "2005": "$21,737"}, "ViacomCBS Quarterly Share Holder Equity (Millions of US $)": {"2020-09-30": "$15,245", "2020-06-30": "$14,550", "2020-03-31": "$13,521", "2019-12-31": "$13,289", "2019-09-30": "$5,052", "2019-06-30": "$4,753", "2019-03-31": "$4,349", "2018-12-31": "$10,503", "2018-09-30": "$2,514", "2018-06-30": "$2,167", "2018-03-31": "$1,983", "2017-12-31": "$1,978", "2017-09-30": "$2,994", "2017-06-30": "$2,627", "2017-03-31": "$2,885", "2016-12-31": "$3,689", "2016-09-30": "$5,348", "2016-06-30": "$5,388", "2016-03-31": "$5,483", "2015-12-31": "$5,563", "2015-09-30": "$5,879", "2015-06-30": "$5,963", "2015-03-31": "$6,397", "2014-12-31": "$6,970", "2014-09-30": "$7,526", "2014-06-30": "$9,274", "2014-03-31": "$8,467", "2013-12-31": "$9,966", "2013-09-30": "$9,671", "2013-06-30": "$9,601", "2013-03-31": "$9,394", "2012-12-31": "$10,213", "2012-09-30": "$10,289", "2012-06-30": "$10,118", "2012-03-31": "$10,004", "2011-12-31": "$9,908", "2011-09-30": "$9,898", "2011-06-30": "$9,948", "2011-03-31": "$9,780", "2010-12-31": "$9,821", "2010-09-30": "$9,527", "2010-06-30": "$9,183", "2010-03-31": "$9,046", "2009-12-31": "$9,019", "2009-09-30": "$8,846", "2009-06-30": "$8,610", "2009-03-31": "$8,470", "2008-12-31": "$8,597", "2008-09-30": "$9,174", "2008-06-30": "$21,927", "2008-03-31": "$21,667", "2007-12-31": "$21,472", "2007-09-30": "$21,198", "2007-06-30": "$22,633", "2007-03-31": "$22,466", "2006-12-31": "$23,523", "2006-09-30": "$23,248", "2006-06-30": "$23,111", "2006-03-31": "$22,128", "2005-12-31": "$21,737", "2005-09-30": "$40,355", "2005-06-30": "$40,881", "2005-03-31": "$41,136"}}, "profit-margins": {"current": "5.22%"}, "gross margin": {"2020-09-30": "38.34%", "2020-06-30": "38.46%", "2020-03-31": "37.77%", "2019-12-31": "38.07%", "2019-09-30": "42.10%", "2019-06-30": "42.24%", "2019-03-31": "41.92%", "2018-12-31": "41.59%", "2018-09-30": "41.11%", "2018-06-30": "41.13%", "2018-03-31": "41.35%", "2017-12-31": "41.65%", "2017-09-30": "39.21%", "2017-06-30": "39.37%", "2017-03-31": "39.96%", "2016-12-31": "39.57%", "2016-09-30": "36.50%", "2016-06-30": "36.94%", "2016-03-31": "36.98%", "2015-12-31": "37.57%", "2015-09-30": "37.55%", "2015-06-30": "37.35%", "2015-03-31": "38.07%", "2014-12-31": "38.58%", "2014-09-30": "41.78%", "2014-06-30": "42.51%", "2014-03-31": "42.59%", "2013-12-31": "41.99%", "2013-09-30": "42.05%", "2013-06-30": "42.54%", "2013-03-31": "43.42%", "2012-12-31": "43.34%", "2012-09-30": "44.11%", "2012-06-30": "43.83%", "2012-03-31": "42.88%", "2011-12-31": "42.20%", "2011-09-30": "41.38%", "2011-06-30": "40.31%", "2011-03-31": "38.83%", "2010-12-31": "36.79%", "2010-09-30": "35.37%", "2010-06-30": "34.05%", "2010-03-31": "33.14%", "2009-12-31": "33.16%", "2009-09-30": "33.44%", "2009-06-30": "34.20%", "2009-03-31": "36.26%", "2008-12-31": "37.99%", "2008-09-30": "39.11%", "2008-06-30": "40.08%", "2008-03-31": "40.86%", "2007-12-31": "40.81%", "2007-09-30": "40.87%", "2007-06-30": "40.81%", "2007-03-31": "40.78%", "2006-12-31": "41.17%", "2006-09-30": "40.79%", "2006-06-30": "40.57%", "2006-03-31": "40.32%", "2005-12-31": "40.63%"}, "operating margin": {"2020-09-30": "12.14%", "2020-06-30": "12.17%", "2020-03-31": "12.37%", "2019-12-31": "15.36%", "2019-09-30": "19.55%", "2019-06-30": "20.50%", "2019-03-31": "20.39%", "2018-12-31": "19.10%", "2018-09-30": "19.51%", "2018-06-30": "19.72%", "2018-03-31": "19.99%", "2017-12-31": "20.13%", "2017-09-30": "21.90%", "2017-06-30": "21.98%", "2017-03-31": "22.16%", "2016-12-31": "22.04%", "2016-09-30": "22.16%", "2016-06-30": "22.11%", "2016-03-31": "21.18%", "2015-12-31": "20.98%", "2015-09-30": "19.89%", "2015-06-30": "19.04%", "2015-03-31": "20.24%", "2014-12-31": "20.69%", "2014-09-30": "21.42%", "2014-06-30": "22.25%", "2014-03-31": "22.28%", "2013-12-31": "21.60%", "2013-09-30": "21.77%", "2013-06-30": "22.01%", "2013-03-31": "22.21%", "2012-12-31": "21.67%", "2012-09-30": "22.13%", "2012-06-30": "21.34%", "2012-03-31": "20.53%", "2011-12-31": "19.21%", "2011-09-30": "18.91%", "2011-06-30": "18.34%", "2011-03-31": "16.46%", "2010-12-31": "14.32%", "2010-09-30": "10.56%", "2010-06-30": "9.11%", "2010-03-31": "7.89%", "2009-12-31": "7.76%", "2009-09-30": "8.17%", "2009-06-30": "-99.25%", "2009-03-31": "-93.45%", "2008-12-31": "-87.16%", "2008-09-30": "-82.86%", "2008-06-30": "17.83%", "2008-03-31": "18.66%", "2007-12-31": "18.63%", "2007-09-30": "18.31%", "2007-06-30": "18.18%", "2007-03-31": "18.04%", "2006-12-31": "18.20%", "2006-09-30": "-48.41%", "2006-06-30": "-48.60%", "2006-03-31": "-48.08%", "2005-12-31": "-48.68%"}, "ebitda margin": {"2020-09-30": "62.31%", "2020-06-30": "61.27%", "2020-03-31": "59.86%", "2019-12-31": "62.10%", "2019-09-30": "51.86%", "2019-06-30": "55.90%", "2019-03-31": "59.87%", "2018-12-31": "63.24%", "2018-09-30": "61.18%", "2018-06-30": "61.52%", "2018-03-31": "62.12%", "2017-12-31": "62.92%", "2017-09-30": "23.58%", "2017-06-30": "23.66%", "2017-03-31": "23.88%", "2016-12-31": "23.75%", "2016-09-30": "23.81%", "2016-06-30": "23.83%", "2016-03-31": "22.93%", "2015-12-31": "22.83%", "2015-09-30": "21.83%", "2015-06-30": "20.98%", "2015-03-31": "22.23%", "2014-12-31": "22.69%", "2014-09-30": "23.53%", "2014-06-30": "24.38%", "2014-03-31": "24.09%", "2013-12-31": "23.67%", "2013-09-30": "23.14%", "2013-06-30": "23.74%", "2013-03-31": "24.62%", "2012-12-31": "24.15%", "2012-09-30": "25.44%", "2012-06-30": "24.77%", "2012-03-31": "24.04%", "2011-12-31": "22.93%", "2011-09-30": "22.57%", "2011-06-30": "22.05%", "2011-03-31": "20.28%", "2010-12-31": "18.16%", "2010-09-30": "14.80%", "2010-06-30": "13.41%", "2010-03-31": "12.30%", "2009-12-31": "12.31%", "2009-09-30": "12.70%", "2009-06-30": "-94.78%", "2009-03-31": "-89.28%", "2008-12-31": "-83.31%", "2008-09-30": "-79.30%", "2008-06-30": "21.22%", "2008-03-31": "21.95%", "2007-12-31": "21.91%", "2007-09-30": "21.51%", "2007-06-30": "21.35%", "2007-03-31": "21.19%", "2006-12-31": "21.31%", "2006-09-30": "-45.23%", "2006-06-30": "-45.43%", "2006-03-31": "-45.02%", "2005-12-31": "-45.50%"}, "pre tax profit margin": {"2020-09-30": "7.70%", "2020-06-30": "7.95%", "2020-03-31": "8.80%", "2019-12-31": "12.03%", "2019-09-30": "15.85%", "2019-06-30": "16.82%", "2019-03-31": "16.53%", "2018-12-31": "15.13%", "2018-09-30": "15.01%", "2018-06-30": "15.19%", "2018-03-31": "15.48%", "2017-12-31": "15.53%", "2017-09-30": "16.37%", "2017-06-30": "16.61%", "2017-03-31": "16.79%", "2016-12-31": "16.94%", "2016-09-30": "19.01%", "2016-06-30": "18.98%", "2016-03-31": "18.21%", "2015-12-31": "17.87%", "2015-09-30": "16.68%", "2015-06-30": "12.98%", "2015-03-31": "14.15%", "2014-12-31": "14.84%", "2014-09-30": "16.13%", "2014-06-30": "19.72%", "2014-03-31": "19.70%", "2013-12-31": "19.03%", "2013-09-30": "18.96%", "2013-06-30": "18.68%", "2013-03-31": "18.85%", "2012-12-31": "18.39%", "2012-09-30": "18.89%", "2012-06-30": "18.31%", "2012-03-31": "17.52%", "2011-12-31": "15.98%", "2011-09-30": "15.35%", "2011-06-30": "14.96%", "2011-03-31": "12.40%", "2010-12-31": "9.91%", "2010-09-30": "6.35%", "2010-06-30": "4.79%", "2010-03-31": "3.62%", "2009-12-31": "3.40%", "2009-09-30": "3.88%", "2009-06-30": "-103.92%", "2009-03-31": "-96.70%", "2008-12-31": "-90.14%", "2008-09-30": "-86.00%", "2008-06-30": "15.03%", "2008-03-31": "15.05%", "2007-12-31": "15.16%", "2007-09-30": "15.37%", "2007-06-30": "15.36%", "2007-03-31": "15.02%", "2006-12-31": "14.90%", "2006-09-30": "-52.61%", "2006-06-30": "-53.17%", "2006-03-31": "-53.00%", "2005-12-31": "-53.60%"}, "net profit margin": {"2020-09-30": "5.22%", "2020-06-30": "5.16%", "2020-03-31": "6.81%", "2019-12-31": "11.89%", "2019-09-30": "14.91%", "2019-06-30": "15.99%", "2019-03-31": "16.03%", "2018-12-31": "12.68%", "2018-09-30": "12.19%", "2018-06-30": "12.61%", "2018-03-31": "11.44%", "2017-12-31": "8.75%", "2017-09-30": "2.14%", "2017-06-30": "1.30%", "2017-03-31": "4.15%", "2016-12-31": "9.58%", "2016-09-30": "13.25%", "2016-06-30": "12.65%", "2016-03-31": "11.69%", "2015-12-31": "11.15%", "2015-09-30": "12.65%", "2015-06-30": "22.26%", "2015-03-31": "23.17%", "2014-12-31": "23.64%", "2014-09-30": "22.48%", "2014-06-30": "14.01%", "2014-03-31": "14.07%", "2013-12-31": "13.42%", "2013-09-30": "13.71%", "2013-06-30": "12.97%", "2013-03-31": "12.66%", "2012-12-31": "12.28%", "2012-09-30": "11.43%", "2012-06-30": "10.96%", "2012-03-31": "10.53%", "2011-12-31": "9.57%", "2011-09-30": "8.85%", "2011-06-30": "8.74%", "2011-03-31": "7.08%", "2010-12-31": "5.38%", "2010-09-30": "3.66%", "2010-06-30": "2.85%", "2010-03-31": "1.91%", "2009-12-31": "1.74%", "2009-09-30": "2.33%", "2009-06-30": "-94.62%", "2009-03-31": "-88.97%", "2008-12-31": "-83.68%", "2008-09-30": "-81.25%", "2008-06-30": "9.09%", "2008-03-31": "9.08%", "2007-12-31": "8.86%", "2007-09-30": "9.13%", "2007-06-30": "8.88%", "2007-03-31": "11.44%", "2006-12-31": "11.60%", "2006-09-30": "-54.93%", "2006-06-30": "-52.20%", "2006-03-31": "-52.29%", "2005-12-31": "-50.22%"}, "pe ratio": {"current": "12.69", "2021-02-05": "24.56", "2020-09-30": "12.64", "2020-06-30": "11.21", "2020-03-31": "5.60", "2019-12-31": "6.94", "2019-09-30": "5.00", "2019-06-30": "5.82", "2019-03-31": "5.60", "2018-12-31": "8.02", "2018-09-30": "15.19", "2018-06-30": "14.14", "2018-03-31": "17.04", "2017-12-31": "61.76", "2017-09-30": "73.79", "2017-06-30": "173.70", "2017-03-31": "56.67", "2016-12-31": "21.23", "2016-09-30": "14.08", "2016-06-30": "14.74", "2016-03-31": "16.11", "2015-12-31": "14.89", "2015-09-30": "11.60", "2015-06-30": "9.52", "2015-03-31": "10.20", "2014-12-31": "9.29", "2014-09-30": "9.00", "2014-06-30": "17.93", "2014-03-31": "17.80", "2013-12-31": "18.87", "2013-09-30": "17.22", "2013-06-30": "16.37", "2013-03-31": "16.27", "2012-12-31": "14.06", "2012-09-30": "13.66", "2012-06-30": "12.84", "2012-03-31": "13.66", "2011-12-31": "12.32", "2011-09-30": "9.94", "2011-06-30": "14.16", "2011-03-31": "15.63", "2010-12-31": "15.60", "2010-09-30": "18.62", "2010-06-30": "19.38", "2010-03-31": "32.07", "2009-12-31": "36.11", "2009-09-30": "23.14", "2009-06-30": "0.00", "2009-03-31": "0.00", "2008-12-31": "0.00", "2008-09-30": "0.00", "2008-06-30": "8.10", "2008-03-31": "9.36", "2007-12-31": "11.95", "2007-09-30": "13.61", "2007-06-30": "14.88", "2007-03-31": "10.59", "2006-12-31": "10.62"}, "price sales": {"2021-02-05": "1.29", "2020-09-30": "0.66", "2020-06-30": "0.53", "2020-03-31": "0.31", "2019-12-31": "0.89", "2019-09-30": "0.63", "2019-06-30": "0.81", "2019-03-31": "0.80", "2018-12-31": "0.76", "2018-09-30": "1.01", "2018-06-30": "1.00", "2018-03-31": "0.93", "2017-12-31": "1.11", "2017-09-30": "1.70", "2017-06-30": "1.92", "2017-03-31": "2.18", "2016-12-31": "2.02", "2016-09-30": "1.88", "2016-06-30": "1.88", "2016-03-31": "1.90", "2015-12-31": "1.67", "2015-09-30": "1.48", "2015-06-30": "2.10", "2015-03-31": "2.39", "2014-12-31": "2.27", "2014-09-30": "2.09", "2014-06-30": "2.52", "2014-03-31": "2.51", "2013-12-31": "2.54", "2013-09-30": "2.36", "2013-06-30": "2.13", "2013-03-31": "2.06", "2012-12-31": "1.73", "2012-09-30": "1.57", "2012-06-30": "1.41", "2012-03-31": "1.44", "2011-12-31": "1.19", "2011-09-30": "0.88", "2011-06-30": "1.24", "2011-03-31": "1.11", "2010-12-31": "0.84", "2010-09-30": "0.68", "2010-06-30": "0.55", "2010-03-31": "0.60", "2009-12-31": "0.62", "2009-09-30": "0.53", "2009-06-30": "0.30", "2009-03-31": "0.16", "2008-12-31": "0.32", "2008-09-30": "0.56", "2008-06-30": "0.75", "2008-03-31": "0.85", "2007-12-31": "1.08", "2007-09-30": "1.25", "2007-06-30": "1.32", "2007-03-31": "1.21", "2006-12-31": "1.23"}, "price book": {"current": "2.18", "2021-02-05": "2.18", "2020-09-30": "1.12", "2020-06-30": "0.97", "2020-03-31": "0.62", "2019-12-31": "1.87", "2019-09-30": "2.86", "2019-06-30": "3.75", "2019-03-31": "3.87", "2018-12-31": "2.41", "2018-09-30": "8.06", "2018-06-30": "9.18", "2018-03-31": "9.23", "2017-12-31": "10.64", "2017-09-30": "7.20", "2017-06-30": "9.06", "2017-03-31": "9.03", "2016-12-31": "6.54", "2016-09-30": "4.11", "2016-06-30": "4.12", "2016-03-31": "4.16", "2015-12-31": "3.57", "2015-09-30": "2.92", "2015-06-30": "4.07", "2015-03-31": "4.23", "2014-12-31": "3.62", "2014-09-30": "3.32", "2014-06-30": "3.42", "2014-03-31": "3.75", "2013-12-31": "3.40", "2013-09-30": "3.05", "2013-06-30": "2.73", "2013-03-31": "2.70", "2012-12-31": "2.07", "2012-09-30": "1.98", "2012-06-30": "1.82", "2012-03-31": "1.92", "2011-12-31": "1.55", "2011-09-30": "1.17", "2011-06-30": "1.65", "2011-03-31": "1.49", "2010-12-31": "1.14", "2010-09-30": "0.97", "2010-06-30": "0.82", "2010-03-31": "0.89", "2009-12-31": "0.89", "2009-09-30": "0.78", "2009-06-30": "0.46", "2009-03-31": "0.25", "2008-12-31": "0.53", "2008-09-30": "0.84", "2008-06-30": "0.46", "2008-03-31": "0.52", "2007-12-31": "0.65", "2007-09-30": "0.75", "2007-06-30": "0.79", "2007-03-31": "0.73", "2006-12-31": "0.75", "2006-09-30": "0.69", "2006-06-30": "0.65", "2006-03-31": "0.60"}, "price fcf": {"2021-02-05": "", "2020-09-30": "$2.90", "2020-06-30": "$1.38", "2020-03-31": "$0.52", "2019-12-31": "$1.42", "2019-09-30": "$4.49", "2019-06-30": "$4.13", "2019-03-31": "$4.63", "2018-12-31": "$5.01", "2018-09-30": "$3.92", "2018-06-30": "$3.67", "2018-03-31": "$3.34", "2017-12-31": "$3.22", "2017-09-30": "$2.80", "2017-06-30": "$2.85", "2017-03-31": "$2.85", "2016-12-31": "$3.32", "2016-09-30": "$4.11", "2016-06-30": "$3.45", "2016-03-31": "$3.85", "2015-12-31": "$2.50", "2015-09-30": "$2.70", "2015-06-30": "$2.65", "2015-03-31": "$1.96", "2014-12-31": "$1.96", "2014-09-30": "$1.03", "2014-06-30": "$2.04", "2014-03-31": "$2.58", "2013-12-31": "$2.66", "2013-09-30": "$2.36", "2013-06-30": "$2.25", "2013-03-31": "$2.40", "2012-12-31": "$2.45", "2012-09-30": "$1.99", "2012-06-30": "$1.80", "2012-03-31": "$1.89", "2011-12-31": "$2.21", "2011-09-30": "$2.36", "2011-06-30": "$2.66", "2011-03-31": "$2.39", "2010-12-31": "$2.13", "2010-09-30": "$2.47", "2010-06-30": "$2.28", "2010-03-31": "$2.11", "2009-12-31": "$0.99", "2009-09-30": "$1.02", "2009-06-30": "$0.79", "2009-03-31": "$0.96", "2008-12-31": "$2.50", "2008-09-30": "$2.18", "2008-06-30": "$2.64", "2008-03-31": "$2.79", "2007-12-31": "$2.38", "2007-09-30": "$2.16", "2007-06-30": "$2.16", "2007-03-31": "$2.14", "2006-12-31": "$1.94"}, "net worth": {"value": "$33.36B"}, "current ratio": {"current": "1.70", "2020-09-30": "1.70", "2020-06-30": "1.56", "2020-03-31": "1.22", "2019-12-31": "1.32", "2019-09-30": "1.52", "2019-06-30": "1.65", "2019-03-31": "1.50", "2018-12-31": "1.43", "2018-09-30": "1.51", "2018-06-30": "1.60", "2018-03-31": "1.52", "2017-12-31": "1.58", "2017-09-30": "1.55", "2017-06-30": "1.76", "2017-03-31": "1.64", "2016-12-31": "1.64", "2016-09-30": "1.76", "2016-06-30": "1.65", "2016-03-31": "1.64", "2015-12-31": "1.61", "2015-09-30": "1.62", "2015-06-30": "1.51", "2015-03-31": "1.69", "2014-12-31": "1.36", "2014-09-30": "1.59", "2014-06-30": "1.62", "2014-03-31": "1.25", "2013-12-31": "1.28", "2013-09-30": "1.30", "2013-06-30": "1.25", "2013-03-31": "1.18", "2012-12-31": "1.45", "2012-09-30": "1.58", "2012-06-30": "1.46", "2012-03-31": "1.39", "2011-12-31": "1.41", "2011-09-30": "1.38", "2011-06-30": "1.45", "2011-03-31": "1.34", "2010-12-31": "1.34", "2010-09-30": "1.22", "2010-06-30": "1.34", "2010-03-31": "1.21", "2009-12-31": "1.19", "2009-09-30": "1.21", "2009-06-30": "1.14", "2009-03-31": "1.11", "2008-12-31": "1.09", "2008-09-30": "1.12", "2008-06-30": "1.11", "2008-03-31": "1.48", "2007-12-31": "1.37", "2007-09-30": "1.35", "2007-06-30": "1.69", "2007-03-31": "1.55", "2006-12-31": "1.85", "2006-09-30": "1.85", "2006-06-30": "1.76", "2006-03-31": "1.40", "2005-12-31": "1.26", "2005-09-30": "1.06", "2005-06-30": "1.01", "2005-03-31": "0.99"}, "quick ratio": {"2020-09-30": "1.45", "2020-06-30": "1.33", "2020-03-31": "1.05", "2019-12-31": "1.00", "2019-09-30": "1.05", "2019-06-30": "1.14", "2019-03-31": "1.16", "2018-12-31": "1.09", "2018-09-30": "1.06", "2018-06-30": "1.10", "2018-03-31": "1.13", "2017-12-31": "1.12", "2017-09-30": "1.10", "2017-06-30": "1.28", "2017-03-31": "1.29", "2016-12-31": "1.25", "2016-09-30": "1.29", "2016-06-30": "1.25", "2016-03-31": "1.39", "2015-12-31": "1.26", "2015-09-30": "1.21", "2015-06-30": "1.18", "2015-03-31": "1.44", "2014-12-31": "1.13", "2014-09-30": "1.26", "2014-06-30": "1.34", "2014-03-31": "1.11", "2013-12-31": "1.09", "2013-09-30": "1.16", "2013-06-30": "1.13", "2013-03-31": "1.06", "2012-12-31": "1.23", "2012-09-30": "1.39", "2012-06-30": "1.34", "2012-03-31": "1.26", "2011-12-31": "1.22", "2011-09-30": "1.24", "2011-06-30": "1.36", "2011-03-31": "1.24", "2010-12-31": "1.15", "2010-09-30": "1.11", "2010-06-30": "1.21", "2010-03-31": "1.08", "2009-12-31": "0.96", "2009-09-30": "1.01", "2009-06-30": "0.98", "2009-03-31": "0.94", "2008-12-31": "0.87", "2008-09-30": "0.95", "2008-06-30": "0.98", "2008-03-31": "1.32", "2007-12-31": "1.15", "2007-09-30": "1.16", "2007-06-30": "1.52", "2007-03-31": "1.41", "2006-12-31": "1.63", "2006-09-30": "1.66", "2006-06-30": "1.59", "2006-03-31": "1.21", "2005-12-31": "1.08", "2005-09-30": "0.92", "2005-06-30": "0.87", "2005-03-31": "0.85"}, "debt equity ratio": {"current": "1.29", "2020-09-30": "2.37", "2020-06-30": "2.52", "2020-03-31": "2.63", "2019-12-31": "2.73", "2019-09-30": "3.85", "2019-06-30": "4.02", "2019-03-31": "4.54", "2018-12-31": "3.24", "2018-09-30": "7.38", "2018-06-30": "8.41", "2018-03-31": "9.38", "2017-12-31": "9.54", "2017-09-30": "6.98", "2017-06-30": "7.62", "2017-03-31": "6.98", "2016-12-31": "5.57", "2016-09-30": "3.46", "2016-06-30": "3.29", "2016-03-31": "3.29", "2015-12-31": "3.27", "2015-09-30": "3.12", "2015-06-30": "2.97", "2015-03-31": "2.72", "2014-12-31": "2.43", "2014-09-30": "2.12", "2014-06-30": "1.84", "2014-03-31": "2.08", "2013-12-31": "1.65", "2013-09-30": "1.68", "2013-06-30": "1.68", "2013-03-31": "1.78", "2012-12-31": "1.59", "2012-09-30": "1.57", "2012-06-30": "1.65", "2012-03-31": "1.64", "2011-12-31": "1.65", "2011-09-30": "1.64", "2011-06-30": "1.64", "2011-03-31": "1.70", "2010-12-31": "1.66", "2010-09-30": "1.78", "2010-06-30": "1.83", "2010-03-31": "1.96", "2009-12-31": "1.99", "2009-09-30": "2.00", "2009-06-30": "2.02", "2009-03-31": "2.12", "2008-12-31": "2.15", "2008-09-30": "1.96", "2008-06-30": "0.88", "2008-03-31": "0.89", "2007-12-31": "0.88", "2007-09-30": "0.94", "2007-06-30": "0.89", "2007-03-31": "0.93", "2006-12-31": "0.85", "2006-09-30": "0.87", "2006-06-30": "0.86", "2006-03-31": "0.92", "2005-12-31": "0.98", "2005-09-30": "0.67", "2005-06-30": "0.64", "2005-03-31": "0.63"}, "return on equity": {"2020-09-30": "9.57%", "2020-06-30": "11.80%", "2020-03-31": "20.37%", "2019-12-31": "48.22%", "2019-09-30": "91.20%", "2019-06-30": "99.10%", "2019-03-31": "100.40%", "2018-12-31": "80.50%", "2018-09-30": "153.76%", "2018-06-30": "150.23%", "2018-03-31": "128.74%", "2017-12-31": "88.55%", "2017-09-30": "9.35%", "2017-06-30": "4.70%", "2017-03-31": "12.39%", "2016-12-31": "25.34%", "2016-09-30": "30.02%", "2016-06-30": "28.38%", "2016-03-31": "26.07%", "2015-12-31": "23.75%", "2015-09-30": "24.83%", "2015-06-30": "41.38%", "2015-03-31": "38.25%", "2014-12-31": "36.72%", "2014-09-30": "34.24%", "2014-06-30": "20.02%", "2014-03-31": "20.20%", "2013-12-31": "19.46%", "2013-09-30": "18.54%", "2013-06-30": "17.21%", "2013-03-31": "16.53%", "2012-12-31": "15.50%", "2012-09-30": "15.39%", "2012-06-30": "15.01%", "2012-03-31": "14.75%", "2011-12-31": "13.20%", "2011-09-30": "12.35%", "2011-06-30": "12.25%", "2011-03-31": "9.94%", "2010-12-31": "7.71%", "2010-09-30": "5.44%", "2010-06-30": "4.33%", "2010-03-31": "2.88%", "2009-12-31": "2.60%", "2009-09-30": "3.52%", "2009-06-30": "-141.93%", "2009-03-31": "-99.43%", "2008-12-31": "-76.10%", "2008-09-30": "-62.09%", "2008-06-30": "5.94%", "2008-03-31": "5.87%", "2007-12-31": "5.68%", "2007-09-30": "5.77%", "2007-06-30": "5.53%", "2007-03-31": "7.14%", "2006-12-31": "7.22%", "2006-09-30": "-34.62%", "2006-06-30": "-27.65%", "2006-03-31": "-23.81%", "2005-12-31": "-19.67%"}, "return on assets": {"2020-09-30": "2.69%", "2020-06-30": "3.14%", "2020-03-31": "5.08%", "2019-12-31": "10.85%", "2019-09-30": "19.24%", "2019-06-30": "19.32%", "2019-03-31": "17.83%", "2018-12-31": "12.97%", "2018-09-30": "16.03%", "2018-06-30": "15.99%", "2018-03-31": "14.02%", "2017-12-31": "10.27%", "2017-09-30": "1.22%", "2017-06-30": "0.73%", "2017-03-31": "2.27%", "2016-12-31": "5.32%", "2016-09-30": "6.94%", "2016-06-30": "6.69%", "2016-03-31": "6.27%", "2015-12-31": "5.92%", "2015-09-30": "6.55%", "2015-06-30": "11.72%", "2015-03-31": "11.84%", "2014-12-31": "11.86%", "2014-09-30": "11.80%", "2014-06-30": "7.15%", "2014-03-31": "7.32%", "2013-12-31": "7.22%", "2013-09-30": "6.92%", "2013-06-30": "6.49%", "2013-03-31": "6.26%", "2012-12-31": "5.94%", "2012-09-30": "5.86%", "2012-06-30": "5.68%", "2012-03-31": "5.59%", "2011-12-31": "4.97%", "2011-09-30": "4.65%", "2011-06-30": "4.55%", "2011-03-31": "3.63%", "2010-12-31": "2.75%", "2010-09-30": "1.88%", "2010-06-30": "1.47%", "2010-03-31": "0.96%", "2009-12-31": "0.86%", "2009-09-30": "1.15%", "2009-06-30": "-46.36%", "2009-03-31": "-39.29%", "2008-12-31": "-34.20%", "2008-09-30": "-30.75%", "2008-06-30": "3.13%", "2008-03-31": "3.09%", "2007-12-31": "2.98%", "2007-09-30": "3.04%", "2007-06-30": "2.94%", "2007-03-31": "3.80%", "2006-12-31": "3.85%", "2006-09-30": "-18.15%", "2006-06-30": "-15.15%", "2006-03-31": "-13.54%", "2005-12-31": "-11.60%"}, "return on investments": {"2020-09-30": "9.54%", "2020-06-30": "11.57%", "2020-03-31": "14.83%", "2019-12-31": "23.25%", "2019-09-30": "41.61%", "2019-06-30": "41.07%", "2019-03-31": "37.84%", "2018-12-31": "32.70%", "2018-09-30": "45.73%", "2018-06-30": "45.97%", "2018-03-31": "46.35%", "2017-12-31": "45.62%", "2017-09-30": "24.26%", "2017-06-30": "23.15%", "2017-03-31": "21.92%", "2016-12-31": "21.43%", "2016-09-30": "19.76%", "2016-06-30": "19.96%", "2016-03-31": "19.47%", "2015-12-31": "19.03%", "2015-09-30": "17.72%", "2015-06-30": "17.21%", "2015-03-31": "17.78%", "2014-12-31": "17.70%", "2014-09-30": "18.86%", "2014-06-30": "19.00%", "2014-03-31": "19.15%", "2013-12-31": "19.40%", "2013-09-30": "18.28%", "2013-06-30": "18.27%", "2013-03-31": "18.24%", "2012-12-31": "17.30%", "2012-09-30": "18.77%", "2012-06-30": "18.33%", "2012-03-31": "18.00%", "2011-12-31": "16.53%", "2011-09-30": "16.45%", "2011-06-30": "15.96%", "2011-03-31": "14.11%", "2010-12-31": "12.33%", "2010-09-30": "9.25%", "2010-06-30": "7.97%", "2010-03-31": "6.76%", "2009-12-31": "6.46%", "2009-09-30": "6.81%", "2009-06-30": "-82.38%", "2009-03-31": "-65.84%", "2008-12-31": "-54.28%", "2008-09-30": "-45.83%", "2008-06-30": "8.77%", "2008-03-31": "9.12%", "2007-12-31": "9.05%", "2007-09-30": "8.82%", "2007-06-30": "8.67%", "2007-03-31": "8.63%", "2006-12-31": "8.67%", "2006-09-30": "-23.23%", "2006-06-30": "-19.84%", "2006-03-31": "-17.07%", "2005-12-31": "-15.08%"}, "return on tangible equity": {"2020-09-30": "-89.36%", "2020-06-30": "-132.08%", "2020-03-31": "-39.86%", "2019-12-31": "-84.29%", "2019-09-30": "-125.07%", "2019-06-30": "-107.61%", "2019-03-31": "-85.98%", "2018-12-31": "-55.28%", "2018-09-30": "-61.48%", "2018-06-30": "-65.04%", "2018-03-31": "-60.02%", "2017-12-31": "-47.32%", "2017-09-30": "-6.39%", "2017-06-30": "-3.42%", "2017-03-31": "-9.85%", "2016-12-31": "-21.29%", "2016-09-30": "-30.06%", "2016-06-30": "-28.98%", "2016-03-31": "-27.25%", "2015-12-31": "-26.15%", "2015-09-30": "-24.57%", "2015-06-30": "-47.02%", "2015-03-31": "-56.55%", "2014-12-31": "-57.35%", "2014-09-30": "-69.36%", "2014-06-30": "-42.01%", "2014-03-31": "-38.48%", "2013-12-31": "-39.64%", "2013-09-30": "-33.78%", "2013-06-30": "-32.70%", "2013-03-31": "-32.55%", "2012-12-31": "-31.74%", "2012-09-30": "-30.78%", "2012-06-30": "-29.05%", "2012-03-31": "-28.07%", "2011-12-31": "-24.67%", "2011-09-30": "-22.87%", "2011-06-30": "-22.09%", "2011-03-31": "-16.86%", "2010-12-31": "-12.34%", "2010-09-30": "-8.15%", "2010-06-30": "-6.09%", "2010-03-31": "-3.85%", "2009-12-31": "-3.31%", "2009-09-30": "-4.31%", "2009-06-30": "175.86%", "2009-03-31": "164.06%", "2008-12-31": "162.22%", "2008-09-30": "160.66%", "2008-06-30": "-17.02%", "2008-03-31": "-17.86%", "2007-12-31": "-17.57%", "2007-09-30": "-19.16%", "2007-06-30": "-20.20%", "2007-03-31": "-26.51%", "2006-12-31": "-25.67%", "2006-09-30": "113.32%", "2006-06-30": "98.42%", "2006-03-31": "92.96%", "2005-12-31": "87.81%"}, "dividend yield history": {"last payout": "$0.96", "last yield": "1.78%"}}