{"ticker": "VICI", "price": {"title": "VICI Properties Historical Annual Stock Price Data", "value": 26.95, "historical": {"2020": {"Average Stock Price": "22.2504", "Year Open": "25.2800", "Year High": "28.1500", "Year Low": "11.2000", "Year Close": "25.5000", "Annual % Change": "-0.20%"}, "2019": {"Average Stock Price": "22.3811", "Year Open": "18.4800", "Year High": "25.5500", "Year Low": "18.4800", "Year Close": "25.5500", "Annual % Change": "36.05%"}, "2018": {"Average Stock Price": "20.2116", "Year Open": "21.0100", "Year High": "22.1300", "Year Low": "17.8500", "Year Close": "18.7800", "Annual % Change": "0.00%"}}}, "market cap": {"value": "$14.46B"}, "income statement": {"Revenue": {"2019-12-31": "894.79800", "2018-12-31": "897.97700", "2017-12-31": "187.60900"}, "Cost Of Goods Sold": {"2019-12-31": "", "2018-12-31": "", "2017-12-31": ""}, "Gross Profit": {"2019-12-31": "894.79800", "2018-12-31": "897.97700", "2017-12-31": "187.60900"}, "Research And Development Expenses": {"2019-12-31": "", "2018-12-31": "", "2017-12-31": ""}, "SG&A Expenses": {"2019-12-31": "24.56900", "2018-12-31": "24.42900", "2017-12-31": "9.93900"}, "Other Operating Income Or Expenses": {"2019-12-31": "-23.89900", "2018-12-31": "-111.90800", "2017-12-31": "-32.72300"}, "Operating Expenses": {"2019-12-31": "52.29900", "2018-12-31": "140.02300", "2017-12-31": "43.41300"}, "Operating Income": {"2019-12-31": "842.49900", "2018-12-31": "757.95400", "2017-12-31": "144.19600"}, "Total Non-Operating Income/Expense": {"2019-12-31": "-286.51300", "2018-12-31": "-224.39600", "2017-12-31": "-101.56000"}, "Pre-Tax Income": {"2019-12-31": "555.98600", "2018-12-31": "533.55800", "2017-12-31": "42.63600"}, "Income Taxes": {"2019-12-31": "1.70500", "2018-12-31": "1.44100", "2017-12-31": "-1.90100"}, "Income After Taxes": {"2019-12-31": "554.28100", "2018-12-31": "532.11700", "2017-12-31": "44.53700"}, "Other Income": {"2019-12-31": "", "2018-12-31": "", "2017-12-31": ""}, "Income From Continuous Operations": {"2019-12-31": "554.28100", "2018-12-31": "532.11700", "2017-12-31": "44.53700"}, "Income From Discontinued Operations": {"2019-12-31": "", "2018-12-31": "", "2017-12-31": ""}, "Net Income": {"2019-12-31": "545.96400", "2018-12-31": "523.61900", "2017-12-31": "42.66200"}, "EBITDA": {"2019-12-31": "879.36400", "2018-12-31": "767.61600", "2017-12-31": "145.10300"}, "EBIT": {"2019-12-31": "842.49900", "2018-12-31": "757.95400", "2017-12-31": "144.19600"}, "Basic Shares Outstanding": {"2019-12-31": "435.07110", "2018-12-31": "367.22640", "2017-12-31": "227.82880"}, "Shares Outstanding": {"2019-12-31": "439.15290", "2018-12-31": "367.31690", "2017-12-31": "227.98550"}, "Basic EPS": {"2019-12-31": "1.25000", "2018-12-31": "1.43000", "2017-12-31": "0.19000"}, "EPS - Earnings Per Share": {"2019-12-31": "1.24000", "2018-12-31": "1.43000", "2017-12-31": "0.19000"}}, "income statement, quarterly": {"Revenue": {"2020-09-30": "339.65300", "2020-06-30": "257.90200", "2020-03-31": "255.00100", "2019-12-31": "237.53700", "2019-09-30": "222.51300", "2019-06-30": "220.74600", "2019-03-31": "214.00200", "2018-12-31": "226.03900", "2018-09-30": "232.68700", "2018-06-30": "220.97500", "2018-03-31": "218.27600", "2017-12-31": ""}, "Cost Of Goods Sold": {"2020-09-30": "", "2020-06-30": "", "2020-03-31": "", "2019-12-31": "", "2019-09-30": "", "2019-06-30": "", "2019-03-31": "", "2018-12-31": "", "2018-09-30": "", "2018-06-30": "", "2018-03-31": "", "2017-12-31": ""}, "Gross Profit": {"2020-09-30": "339.65300", "2020-06-30": "257.90200", "2020-03-31": "255.00100", "2019-12-31": "237.53700", "2019-09-30": "222.51300", "2019-06-30": "220.74600", "2019-03-31": "214.00200", "2018-12-31": "226.03900", "2018-09-30": "232.68700", "2018-06-30": "220.97500", "2018-03-31": "218.27600", "2017-12-31": ""}, "Research And Development Expenses": {"2020-09-30": "", "2020-06-30": "", "2020-03-31": "", "2019-12-31": "", "2019-09-30": "", "2019-06-30": "", "2019-03-31": "", "2018-12-31": "", "2018-09-30": "", "2018-06-30": "", "2018-03-31": "", "2017-12-31": ""}, "SG&A Expenses": {"2020-09-30": "8.04700", "2020-06-30": "7.49800", "2020-03-31": "7.01500", "2019-12-31": "5.10900", "2019-09-30": "6.71700", "2019-06-30": "6.51800", "2019-03-31": "6.22500", "2018-12-31": "4.28300", "2018-09-30": "5.67800", "2018-06-30": "7.16000", "2018-03-31": "7.30800", "2017-12-31": ""}, "Other Operating Income Or Expenses": {"2020-09-30": "-191.01300", "2020-06-30": "59.44500", "2020-03-31": "-159.09800", "2019-12-31": "-4.78700", "2019-09-30": "-6.41600", "2019-06-30": "-7.71500", "2019-03-31": "-4.98100", "2018-12-31": "-25.14500", "2018-09-30": "-41.98000", "2018-06-30": "-23.44500", "2018-03-31": "-21.33800", "2017-12-31": ""}, "Operating Expenses": {"2020-09-30": "199.97000", "2020-06-30": "-50.73400", "2020-03-31": "166.98000", "2019-12-31": "10.77900", "2019-09-30": "14.13300", "2019-06-30": "15.25100", "2019-03-31": "12.13600", "2018-12-31": "30.35700", "2018-09-30": "48.58700", "2018-06-30": "31.52700", "2018-03-31": "29.55200", "2017-12-31": ""}, "Operating Income": {"2020-09-30": "139.68300", "2020-06-30": "308.63600", "2020-03-31": "88.02100", "2019-12-31": "226.75800", "2019-09-30": "208.38000", "2019-06-30": "205.49500", "2019-03-31": "201.86600", "2018-12-31": "195.68200", "2018-09-30": "184.10000", "2018-06-30": "189.44800", "2018-03-31": "188.72400", "2017-12-31": ""}, "Total Non-Operating Income/Expense": {"2020-09-30": "256.16700", "2020-06-30": "-76.68400", "2020-03-31": "-109.63200", "2019-12-31": "-125.43800", "2019-09-30": "-61.84100", "2019-06-30": "-50.81500", "2019-03-31": "-48.41900", "2018-12-31": "-50.49400", "2018-09-30": "-52.02400", "2018-06-30": "-47.64100", "2018-03-31": "-74.23700", "2017-12-31": ""}, "Pre-Tax Income": {"2020-09-30": "395.85000", "2020-06-30": "231.95200", "2020-03-31": "-21.61100", "2019-12-31": "101.32000", "2019-09-30": "146.53900", "2019-06-30": "154.68000", "2019-03-31": "153.44700", "2018-12-31": "145.18800", "2018-09-30": "132.07600", "2018-06-30": "141.80700", "2018-03-31": "114.48700", "2017-12-31": ""}, "Income Taxes": {"2020-09-30": "-0.36800", "2020-06-30": "0.30900", "2020-03-31": "0.45400", "2019-12-31": "0.60700", "2019-09-30": "0.02400", "2019-06-30": "0.55300", "2019-03-31": "0.52100", "2018-12-31": "0.55700", "2018-09-30": "0.05200", "2018-06-30": "0.44800", "2018-03-31": "0.38400", "2017-12-31": ""}, "Income After Taxes": {"2020-09-30": "396.21800", "2020-06-30": "231.64300", "2020-03-31": "-22.06500", "2019-12-31": "100.71300", "2019-09-30": "146.51500", "2019-06-30": "154.12700", "2019-03-31": "152.92600", "2018-12-31": "144.63100", "2018-09-30": "132.02400", "2018-06-30": "141.35900", "2018-03-31": "114.10300", "2017-12-31": ""}, "Other Income": {"2020-09-30": "", "2020-06-30": "", "2020-03-31": "", "2019-12-31": "", "2019-09-30": "", "2019-06-30": "", "2019-03-31": "", "2018-12-31": "", "2018-09-30": "", "2018-06-30": "", "2018-03-31": "", "2017-12-31": ""}, "Income From Continuous Operations": {"2020-09-30": "396.21800", "2020-06-30": "231.64300", "2020-03-31": "-22.06500", "2019-12-31": "100.71300", "2019-09-30": "146.51500", "2019-06-30": "154.12700", "2019-03-31": "152.92600", "2018-12-31": "144.63100", "2018-09-30": "132.02400", "2018-06-30": "141.35900", "2018-03-31": "114.10300", "2017-12-31": ""}, "Income From Discontinued Operations": {"2020-09-30": "", "2020-06-30": "", "2020-03-31": "", "2019-12-31": "", "2019-09-30": "", "2019-06-30": "", "2019-03-31": "", "2018-12-31": "", "2018-09-30": "", "2018-06-30": "", "2018-03-31": "", "2017-12-31": ""}, "Net Income": {"2020-09-30": "398.27400", "2020-06-30": "229.40200", "2020-03-31": "-24.01200", "2019-12-31": "98.63100", "2019-09-30": "144.43500", "2019-06-30": "152.04900", "2019-03-31": "150.84900", "2018-12-31": "142.54100", "2018-09-30": "129.91200", "2018-06-30": "139.04400", "2018-03-31": "112.12200", "2017-12-31": ""}, "EBITDA": {"2020-09-30": "144.96100", "2020-06-30": "314.68600", "2020-03-31": "95.18700", "2019-12-31": "242.49500", "2019-09-30": "224.19600", "2019-06-30": "208.41200", "2019-03-31": "204.26100", "2018-12-31": "198.11000", "2018-09-30": "186.52400", "2018-06-30": "191.85800", "2018-03-31": "191.12400", "2017-12-31": ""}, "EBIT": {"2020-09-30": "139.68300", "2020-06-30": "308.63600", "2020-03-31": "88.02100", "2019-12-31": "226.75800", "2019-09-30": "208.38000", "2019-06-30": "205.49500", "2019-03-31": "201.86600", "2018-12-31": "195.68200", "2018-09-30": "184.10000", "2018-06-30": "189.44800", "2018-03-31": "188.72400", "2017-12-31": ""}, "Basic Shares Outstanding": {"2020-09-30": "533.40800", "2020-06-30": "489.01200", "2020-03-31": "465.17700", "2019-12-31": "435.07110", "2019-09-30": "460.66600", "2019-06-30": "412.31000", "2019-03-31": "405.73400", "2018-12-31": "367.22640", "2018-09-30": "369.93500", "2018-06-30": "369.93300", "2018-03-31": "342.90100", "2017-12-31": ""}, "Shares Outstanding": {"2020-09-30": "536.18000", "2020-06-30": "489.21300", "2020-03-31": "465.17700", "2019-12-31": "439.15290", "2019-09-30": "465.77200", "2019-06-30": "412.82100", "2019-03-31": "406.03500", "2018-12-31": "367.31690", "2018-09-30": "370.12700", "2018-06-30": "369.99200", "2018-03-31": "343.05700", "2017-12-31": ""}, "Basic EPS": {"2020-09-30": "0.75000", "2020-06-30": "0.47000", "2020-03-31": "-0.05000", "2019-12-31": "0.20000", "2019-09-30": "0.31000", "2019-06-30": "0.37000", "2019-03-31": "0.37000", "2018-12-31": "0.37000", "2018-09-30": "0.35000", "2018-06-30": "0.38000", "2018-03-31": "0.33000", "2017-12-31": ""}, "EPS - Earnings Per Share": {"2020-09-30": "0.74000", "2020-06-30": "0.47000", "2020-03-31": "-0.05000", "2019-12-31": "0.19000", "2019-09-30": "0.31000", "2019-06-30": "0.37000", "2019-03-31": "0.37000", "2018-12-31": "0.37000", "2018-09-30": "0.35000", "2018-06-30": "0.38000", "2018-03-31": "0.33000", "2017-12-31": "0.00000"}}, "balance sheet": {"Cash On Hand": {"2019-12-31": "2342.73600", "2018-12-31": "2301.77100", "2017-12-31": "1381.40600"}, "Receivables": {"2019-12-31": "", "2018-12-31": "", "2017-12-31": ""}, "Inventory": {"2019-12-31": "", "2018-12-31": "", "2017-12-31": ""}, "Pre-Paid Expenses": {"2019-12-31": "", "2018-12-31": "", "2017-12-31": ""}, "Other Current Assets": {"2019-12-31": "", "2018-12-31": "", "2017-12-31": ""}, "Total Current Assets": {"2019-12-31": "2342.73600", "2018-12-31": "2301.77100", "2017-12-31": "1381.40600"}, "Property, Plant, And Equipment": {"2019-12-31": "", "2018-12-31": "", "2017-12-31": "74.30000"}, "Long-Term Investments": {"2019-12-31": "", "2018-12-31": "", "2017-12-31": ""}, "Goodwill And Intangible Assets": {"2019-12-31": "", "2018-12-31": "", "2017-12-31": ""}, "Other Long-Term Assets": {"2019-12-31": "10922.88000", "2018-12-31": "9031.59700", "2017-12-31": "8284.00600"}, "Total Long-Term Assets": {"2019-12-31": "10922.88000", "2018-12-31": "9031.59700", "2017-12-31": "8358.30600"}, "Total Assets": {"2019-12-31": "13265.62000", "2018-12-31": "11333.37000", "2017-12-31": "9739.71200"}, "Total Current Liabilities": {"2019-12-31": "20.15300", "2018-12-31": "14.18400", "2017-12-31": "21.59500"}, "Long Term Debt": {"2019-12-31": "4791.56300", "2018-12-31": "4122.26400", "2017-12-31": "4785.75600"}, "Other Non-Current Liabilities": {"2019-12-31": "404.91400", "2018-12-31": "295.89800", "2017-12-31": "155.99700"}, "Total Long Term Liabilities": {"2019-12-31": "5196.47700", "2018-12-31": "4418.16200", "2017-12-31": "4941.75300"}, "Total Liabilities": {"2019-12-31": "5216.63000", "2018-12-31": "4432.34600", "2017-12-31": "4963.34800"}, "Common Stock Net": {"2019-12-31": "4.61000", "2018-12-31": "4.04700", "2017-12-31": "3.00300"}, "Retained Earnings (Accumulated Deficit)": {"2019-12-31": "208.06900", "2018-12-31": "187.09600", "2017-12-31": "42.66200"}, "Comprehensive Income": {"2019-12-31": "-65.07800", "2018-12-31": "-22.12400", "2017-12-31": ""}, "Other Share Holders Equity": {"2019-12-31": "", "2018-12-31": "", "2017-12-31": ""}, "Share Holder Equity": {"2019-12-31": "8048.98900", "2018-12-31": "6901.02200", "2017-12-31": "4776.36400"}, "Total Liabilities And Share Holders Equity": {"2019-12-31": "13265.62000", "2018-12-31": "11333.37000", "2017-12-31": "9739.71200"}}, "balance sheet, quarterly": {"Cash On Hand": {"2020-09-30": "322.22000", "2020-06-30": "4861.90500", "2020-03-31": "3552.45300", "2019-12-31": "2342.73600", "2019-09-30": "1987.64600", "2019-06-30": "2512.50700", "2019-03-31": "2160.88900", "2018-12-31": "2301.77100", "2018-09-30": "1541.64800", "2018-06-30": "2178.45400", "2018-03-31": "2116.02300", "2017-12-31": ""}, "Receivables": {"2020-09-30": "", "2020-06-30": "", "2020-03-31": "", "2019-12-31": "", "2019-09-30": "", "2019-06-30": "", "2019-03-31": "", "2018-12-31": "", "2018-09-30": "", "2018-06-30": "", "2018-03-31": "", "2017-12-31": ""}, "Inventory": {"2020-09-30": "", "2020-06-30": "", "2020-03-31": "", "2019-12-31": "", "2019-09-30": "", "2019-06-30": "", "2019-03-31": "", "2018-12-31": "", "2018-09-30": "", "2018-06-30": "", "2018-03-31": "", "2017-12-31": ""}, "Pre-Paid Expenses": {"2020-09-30": "", "2020-06-30": "", "2020-03-31": "", "2019-12-31": "", "2019-09-30": "", "2019-06-30": "", "2019-03-31": "", "2018-12-31": "", "2018-09-30": "", "2018-06-30": "", "2018-03-31": "", "2017-12-31": ""}, "Other Current Assets": {"2020-09-30": "", "2020-06-30": "", "2020-03-31": "", "2019-12-31": "", "2019-09-30": "", "2019-06-30": "", "2019-03-31": "", "2018-12-31": "", "2018-09-30": "", "2018-06-30": "", "2018-03-31": "", "2017-12-31": ""}, "Total Current Assets": {"2020-09-30": "322.22000", "2020-06-30": "4861.90500", "2020-03-31": "3552.45300", "2019-12-31": "2342.73600", "2019-09-30": "1987.64600", "2019-06-30": "2512.50700", "2019-03-31": "2160.88900", "2018-12-31": "2301.77100", "2018-09-30": "1541.64800", "2018-06-30": "2178.45400", "2018-03-31": "2116.02300", "2017-12-31": ""}, "Property, Plant, And Equipment": {"2020-09-30": "", "2020-06-30": "", "2020-03-31": "", "2019-12-31": "", "2019-09-30": "", "2019-06-30": "", "2019-03-31": "71.77500", "2018-12-31": "", "2018-09-30": "72.28700", "2018-06-30": "73.02900", "2018-03-31": "73.73900", "2017-12-31": ""}, "Long-Term Investments": {"2020-09-30": "", "2020-06-30": "", "2020-03-31": "", "2019-12-31": "", "2019-09-30": "", "2019-06-30": "", "2019-03-31": "", "2018-12-31": "", "2018-09-30": "", "2018-06-30": "", "2018-03-31": "", "2017-12-31": ""}, "Goodwill And Intangible Assets": {"2020-09-30": "", "2020-06-30": "", "2020-03-31": "", "2019-12-31": "", "2019-09-30": "", "2019-06-30": "", "2019-03-31": "", "2018-12-31": "", "2018-09-30": "", "2018-06-30": "", "2018-03-31": "", "2017-12-31": ""}, "Other Long-Term Assets": {"2020-09-30": "16529.61000", "2020-06-30": "11415.73000", "2020-03-31": "11354.76000", "2019-12-31": "10922.88000", "2019-09-30": "10593.82000", "2019-06-30": "10009.54000", "2019-03-31": "9216.00700", "2018-12-31": "9031.59700", "2018-09-30": "8954.56500", "2018-06-30": "8313.22000", "2018-03-31": "8296.47700", "2017-12-31": ""}, "Total Long-Term Assets": {"2020-09-30": "16529.61000", "2020-06-30": "11415.73000", "2020-03-31": "11354.76000", "2019-12-31": "10922.88000", "2019-09-30": "10593.82000", "2019-06-30": "10009.54000", "2019-03-31": "9287.78200", "2018-12-31": "9031.59700", "2018-09-30": "9026.85300", "2018-06-30": "8386.24900", "2018-03-31": "8370.21600", "2017-12-31": ""}, "Total Assets": {"2020-09-30": "16851.83000", "2020-06-30": "16277.63000", "2020-03-31": "14907.21000", "2019-12-31": "13265.62000", "2019-09-30": "12581.47000", "2019-06-30": "12522.05000", "2019-03-31": "11448.67000", "2018-12-31": "11333.37000", "2018-09-30": "10568.50000", "2018-06-30": "10564.70000", "2018-03-31": "10486.24000", "2017-12-31": "0.00000"}, "Total Current Liabilities": {"2020-09-30": "47.10600", "2020-06-30": "48.82800", "2020-03-31": "51.16200", "2019-12-31": "20.15300", "2019-09-30": "23.94500", "2019-06-30": "13.96500", "2019-03-31": "24.70200", "2018-12-31": "14.18400", "2018-09-30": "23.67200", "2018-06-30": "14.25400", "2018-03-31": "34.60800", "2017-12-31": ""}, "Long Term Debt": {"2020-09-30": "6761.83200", "2020-06-30": "6758.13200", "2020-03-31": "6754.48500", "2019-12-31": "4791.56300", "2019-09-30": "4125.47300", "2019-06-30": "4124.44800", "2019-03-31": "4123.35000", "2018-12-31": "4122.26400", "2018-09-30": "4121.15300", "2018-06-30": "4120.14100", "2018-03-31": "4119.26300", "2017-12-31": ""}, "Other Non-Current Liabilities": {"2020-09-30": "673.35300", "2020-06-30": "396.26300", "2020-03-31": "377.53500", "2019-12-31": "404.91400", "2019-09-30": "357.97900", "2019-06-30": "311.21000", "2019-03-31": "254.73100", "2018-12-31": "295.89800", "2018-09-30": "212.39900", "2018-06-30": "253.64700", "2018-03-31": "193.75000", "2017-12-31": ""}, "Total Long Term Liabilities": {"2020-09-30": "7435.18500", "2020-06-30": "7154.39500", "2020-03-31": "7132.02000", "2019-12-31": "5196.47700", "2019-09-30": "4483.45200", "2019-06-30": "4435.65800", "2019-03-31": "4378.08100", "2018-12-31": "4418.16200", "2018-09-30": "4337.55600", "2018-06-30": "4377.50600", "2018-03-31": "4316.73100", "2017-12-31": ""}, "Total Liabilities": {"2020-09-30": "7482.29100", "2020-06-30": "7203.22300", "2020-03-31": "7183.18200", "2019-12-31": "5216.63000", "2019-09-30": "4507.39700", "2019-06-30": "4449.62300", "2019-03-31": "4402.78300", "2018-12-31": "4432.34600", "2018-09-30": "4361.22800", "2018-06-30": "4391.76000", "2018-03-31": "4351.33900", "2017-12-31": ""}, "Common Stock Net": {"2020-09-30": "5.36700", "2020-06-30": "5.33700", "2020-03-31": "4.68600", "2019-12-31": "4.61000", "2019-09-30": "4.61000", "2019-06-30": "4.61000", "2019-03-31": "4.11000", "2018-12-31": "4.04700", "2018-09-30": "3.70200", "2018-06-30": "3.70100", "2018-03-31": "3.70100", "2017-12-31": ""}, "Retained Earnings (Accumulated Deficit)": {"2020-09-30": "29.33800", "2020-06-30": "-191.83500", "2020-03-31": "-262.47000", "2019-12-31": "208.06900", "2019-09-30": "246.58700", "2019-06-30": "239.30100", "2019-03-31": "219.79100", "2018-12-31": "187.09600", "2018-09-30": "160.91500", "2018-06-30": "137.44400", "2018-03-31": "95.56300", "2017-12-31": ""}, "Comprehensive Income": {"2020-09-30": "-104.25800", "2020-06-30": "-117.26500", "2020-03-31": "-118.21600", "2019-12-31": "-65.07800", "2019-09-30": "-77.11600", "2019-06-30": "-70.00300", "2019-03-31": "-39.31500", "2018-12-31": "-22.12400", "2018-09-30": "5.46500", "2018-06-30": "-4.64000", "2018-03-31": "", "2017-12-31": ""}, "Other Share Holders Equity": {"2020-09-30": "", "2020-06-30": "", "2020-03-31": "", "2019-12-31": "", "2019-09-30": "", "2019-06-30": "", "2019-03-31": "", "2018-12-31": "", "2018-09-30": "", "2018-06-30": "", "2018-03-31": "", "2017-12-31": ""}, "Share Holder Equity": {"2020-09-30": "9369.53900", "2020-06-30": "9074.41100", "2020-03-31": "7724.03100", "2019-12-31": "8048.98900", "2019-09-30": "8074.06900", "2019-06-30": "8072.42300", "2019-03-31": "7045.88800", "2018-12-31": "6901.02200", "2018-09-30": "6207.27300", "2018-06-30": "6172.94300", "2018-03-31": "6134.90000", "2017-12-31": ""}, "Total Liabilities And Share Holders Equity": {"2020-09-30": "16851.83000", "2020-06-30": "16277.63000", "2020-03-31": "14907.21000", "2019-12-31": "13265.62000", "2019-09-30": "12581.47000", "2019-06-30": "12522.05000", "2019-03-31": "11448.67000", "2018-12-31": "11333.37000", "2018-09-30": "10568.50000", "2018-06-30": "10564.70000", "2018-03-31": "10486.24000", "2017-12-31": ""}}, "cash flow statement": {"Net Income/Loss": {"2019-12-31": "554.28100", "2018-12-31": "532.11700", "2017-12-31": "44.53700"}, "Total Depreciation And Amortization - Cash Flow": {"2019-12-31": "36.86500", "2018-12-31": "9.66200", "2017-12-31": "0.90700"}, "Other Non-Cash Items": {"2019-12-31": "63.60500", "2018-12-31": "-8.03600", "2017-12-31": "-0.52700"}, "Total Non-Cash Items": {"2019-12-31": "100.47000", "2018-12-31": "1.62600", "2017-12-31": "0.38000"}, "Change In Accounts Receivable": {"2019-12-31": "", "2018-12-31": "", "2017-12-31": ""}, "Change In Inventories": {"2019-12-31": "", "2018-12-31": "", "2017-12-31": ""}, "Change In Accounts Payable": {"2019-12-31": "", "2018-12-31": "", "2017-12-31": ""}, "Change In Assets/Liabilities": {"2019-12-31": "21.43900", "2018-12-31": "-22.25000", "2017-12-31": "52.47900"}, "Total Change In Assets/Liabilities": {"2019-12-31": "27.40800", "2018-12-31": "-29.66100", "2017-12-31": "84.52300"}, "Cash Flow From Operating Activities": {"2019-12-31": "682.15900", "2018-12-31": "504.08200", "2017-12-31": "129.44000"}, "Net Change In Property, Plant, And Equipment": {"2019-12-31": "-1.68000", "2018-12-31": "-0.71300", "2017-12-31": "-0.05100"}, "Net Change In Intangible Assets": {"2019-12-31": "", "2018-12-31": "", "2017-12-31": ""}, "Net Acquisitions/Divestitures": {"2019-12-31": "", "2018-12-31": "", "2017-12-31": ""}, "Net Change In Short-term Investments": {"2019-12-31": "-440.35300", "2018-12-31": "-942.31100", "2017-12-31": ""}, "Net Change In Long-Term Investments": {"2019-12-31": "-910.64810", "2018-12-31": "-350.07300", "2017-12-31": "-1136.20000"}, "Net Change In Investments - Total": {"2019-12-31": "-1351.00100", "2018-12-31": "-1292.38400", "2017-12-31": "-1136.20000"}, "Investing Activities - Other": {"2019-12-31": "-8.69800", "2018-12-31": "152.22000", "2017-12-31": ""}, "Cash Flow From Investing Activities": {"2019-12-31": "-1361.37900", "2018-12-31": "-1140.87700", "2017-12-31": "-1136.25100"}, "Net Long-Term Debt": {"2019-12-31": "586.45610", "2018-12-31": "-390.05800", "2017-12-31": "142.57810"}, "Net Current Debt": {"2019-12-31": "", "2018-12-31": "-300.00000", "2017-12-31": ""}, "Debt Issuance/Retirement Net - Total": {"2019-12-31": "586.45610", "2018-12-31": "-690.05800", "2017-12-31": "142.57810"}, "Net Common Equity Issued/Repurchased": {"2019-12-31": "1164.30700", "2018-12-31": "2001.49300", "2017-12-31": "963.78200"}, "Net Total Equity Issued/Repurchased": {"2019-12-31": "1164.30700", "2018-12-31": "2001.49300", "2017-12-31": "963.78200"}, "Total Common And Preferred Stock Dividends Paid": {"2019-12-31": "-503.95800", "2018-12-31": "-262.68200", "2017-12-31": ""}, "Financial Activities - Other": {"2019-12-31": "-64.13900", "2018-12-31": "-10.91700", "2017-12-31": "42.08600"}, "Cash Flow From Financial Activities": {"2019-12-31": "1182.66600", "2018-12-31": "1037.83600", "2017-12-31": "1148.44600"}, "Net Cash Flow": {"2019-12-31": "503.44600", "2018-12-31": "401.04100", "2017-12-31": "141.63500"}, "Stock-Based Compensation": {"2019-12-31": "5.22300", "2018-12-31": "2.34200", "2017-12-31": "1.38500"}, "Common Stock Dividends Paid": {"2019-12-31": "-503.95800", "2018-12-31": "-262.68200", "2017-12-31": ""}}, "cash flow statement, quarterly": {"Net Income/Loss": {"2020-09-30": 396.218, "2020-06-30": 231.643, "2020-03-31": "-22.06500", "2019-12-31": 100.713, "2019-09-30": 146.515, "2019-06-30": 154.127, "2019-03-31": "152.92600", "2018-12-31": 144.63, "2018-09-30": 132.024, "2018-06-30": 141.36, "2018-03-31": "114.10300", "2017-12-31": 44.53}, "Total Depreciation And Amortization - Cash Flow": {"2020-09-30": 5.278, "2020-06-30": 6.05, "2020-03-31": "7.16600", "2019-12-31": 15.737, "2019-09-30": 15.816, "2019-06-30": 2.917, "2019-03-31": "2.39500", "2018-12-31": 2.428, "2018-09-30": 2.424, "2018-06-30": 2.41, "2018-03-31": "2.40000", "2017-12-31": 0.9}, "Other Non-Cash Items": {"2020-09-30": -173.834, "2020-06-30": -60.167, "2020-03-31": "192.84100", "2019-12-31": 62.079, "2019-09-30": 3.898, "2019-06-30": -0.911, "2019-03-31": "-1.46100", "2018-12-31": -5.773, "2018-09-30": -0.052, "2018-06-30": -12.728, "2018-03-31": "10.51700", "2017-12-31": 0}, "Total Non-Cash Items": {"2020-09-30": -168.556, "2020-06-30": -54.117, "2020-03-31": "200.00700", "2019-12-31": 77.816, "2019-09-30": 19.714, "2019-06-30": 2.006, "2019-03-31": "0.93400", "2018-12-31": -3.345, "2018-09-30": 2.372, "2018-06-30": -10.318, "2018-03-31": "12.91700", "2017-12-31": 0.9}, "Change In Accounts Receivable": {"2020-09-30": 0, "2020-06-30": 0, "2020-03-31": "", "2019-12-31": 0, "2019-09-30": 0, "2019-06-30": 0, "2019-03-31": "", "2018-12-31": 0, "2018-09-30": 0, "2018-06-30": 0, "2018-03-31": "", "2017-12-31": 0}, "Change In Inventories": {"2020-09-30": 0, "2020-06-30": 0, "2020-03-31": "", "2019-12-31": 0, "2019-09-30": 0, "2019-06-30": 0, "2019-03-31": "", "2018-12-31": 0, "2018-09-30": 0, "2018-06-30": 0, "2018-03-31": "", "2017-12-31": 0}, "Change In Accounts Payable": {"2020-09-30": 0, "2020-06-30": 0, "2020-03-31": "", "2019-12-31": 0, "2019-09-30": 0, "2019-06-30": 0, "2019-03-31": "", "2018-12-31": 0, "2018-09-30": 0, "2018-06-30": 0, "2018-03-31": "", "2017-12-31": 0}, "Change In Assets/Liabilities": {"2020-09-30": -4.916, "2020-06-30": 5.859, "2020-03-31": "-71.50500", "2019-12-31": 70.223, "2019-09-30": -1.952, "2019-06-30": 1.904, "2019-03-31": "-48.73600", "2018-12-31": 43.768, "2018-09-30": -61.96, "2018-06-30": 4.271, "2018-03-31": "-8.32900", "2017-12-31": 0}, "Total Change In Assets/Liabilities": {"2020-09-30": -6.638, "2020-06-30": 3.525, "2020-03-31": "-40.49600", "2019-12-31": 66.431, "2019-09-30": 8.028, "2019-06-30": -8.833, "2019-03-31": "-38.21800", "2018-12-31": 34.28, "2018-09-30": -52.542, "2018-06-30": -6.862, "2018-03-31": "-4.53700", "2017-12-31": 84.52}, "Cash Flow From Operating Activities": {"2020-09-30": 221.024, "2020-06-30": 181.051, "2020-03-31": "137.44600", "2019-12-31": 244.96, "2019-09-30": 174.257, "2019-06-30": 147.3, "2019-03-31": "115.64200", "2018-12-31": 175.565, "2018-09-30": 81.854, "2018-06-30": 124.18, "2018-03-31": "122.48300", "2017-12-31": 129.44}, "Net Change In Property, Plant, And Equipment": {"2020-09-30": 30.785, "2020-06-30": -0.858, "2020-03-31": "-1.32900", "2019-12-31": -0.295, "2019-09-30": -0.948, "2019-06-30": -0.29, "2019-03-31": "-0.14700", "2018-12-31": -0.155, "2018-09-30": -0.001, "2018-06-30": -0.212, "2018-03-31": "-0.34500", "2017-12-31": 0}, "Net Change In Intangible Assets": {"2020-09-30": 0, "2020-06-30": 0, "2020-03-31": "", "2019-12-31": 0, "2019-09-30": 0, "2019-06-30": 0, "2019-03-31": "", "2018-12-31": 0, "2018-09-30": 0, "2018-06-30": 0, "2018-03-31": "", "2017-12-31": 0}, "Net Acquisitions/Divestitures": {"2020-09-30": 0, "2020-06-30": 0, "2020-03-31": "", "2019-12-31": 0, "2019-09-30": 0, "2019-06-30": 0, "2019-03-31": "", "2018-12-31": 0, "2018-09-30": 0, "2018-06-30": 0, "2018-03-31": "", "2017-12-31": 0}, "Net Change In Short-term Investments": {"2020-09-30": -19.973, "2020-06-30": 0, "2020-03-31": "", "2019-12-31": 0, "2019-09-30": -342.767, "2019-06-30": -72.803, "2019-03-31": "-24.78300", "2018-12-31": -520.877, "2018-09-30": -381.528, "2018-06-30": -39.906, "2018-03-31": "", "2017-12-31": 0}, "Net Change In Long-Term Investments": {"2020-09-30": -1407.26, "2020-06-30": 0, "2020-03-31": "59.47400", "2019-12-31": 1.4669, "2019-09-30": -462.229, "2019-06-30": -374.141, "2019-03-31": "-75.74500", "2018-12-31": 56.964, "2018-09-30": -407.037, "2018-06-30": 0, "2018-03-31": "", "2017-12-31": 0}, "Net Change In Investments - Total": {"2020-09-30": -1427.233, "2020-06-30": 0, "2020-03-31": "59.47400", "2019-12-31": 1.467, "2019-09-30": -804.996, "2019-06-30": -446.944, "2019-03-31": "-100.52800", "2018-12-31": -463.913, "2018-09-30": -788.565, "2018-06-30": -39.906, "2018-03-31": "", "2017-12-31": -1136.25}, "Investing Activities - Other": {"2020-09-30": -2319.47, "2020-06-30": 0.006, "2020-03-31": "-897.72400", "2019-12-31": -6.694, "2019-09-30": -0.899, "2019-06-30": -0.62, "2019-03-31": "-0.48500", "2018-12-31": 155.662, "2018-09-30": -3.442, "2018-06-30": 0, "2018-03-31": "", "2017-12-31": 0}, "Cash Flow From Investing Activities": {"2020-09-30": -3715.918, "2020-06-30": -0.852, "2020-03-31": "-839.57900", "2019-12-31": -5.522, "2019-09-30": -806.843, "2019-06-30": -447.854, "2019-03-31": "-101.16000", "2018-12-31": -308.406, "2018-09-30": -792.008, "2018-06-30": -40.118, "2018-03-31": "-0.34500", "2017-12-31": -1136.25}, "Net Long-Term Debt": {"2020-09-30": 55.401, "2020-06-30": 0, "2020-03-31": "1962.46200", "2019-12-31": 586.4561, "2019-09-30": 0, "2019-06-30": 0, "2019-03-31": "", "2018-12-31": 0, "2018-09-30": 0, "2018-06-30": 0, "2018-03-31": "-390.05800", "2017-12-31": 0}, "Net Current Debt": {"2020-09-30": 0, "2020-06-30": 0, "2020-03-31": "", "2019-12-31": 0, "2019-09-30": 0, "2019-06-30": 0, "2019-03-31": "", "2018-12-31": 0, "2018-09-30": 0, "2018-06-30": 0, "2018-03-31": "-300.00000", "2017-12-31": 0}, "Debt Issuance/Retirement Net - Total": {"2020-09-30": 55.401, "2020-06-30": 0, "2020-03-31": "1962.46200", "2019-12-31": 586.4561, "2019-09-30": 0, "2019-06-30": 0, "2019-03-31": "", "2018-12-31": 0, "2018-09-30": 0, "2018-06-30": 0, "2018-03-31": "-690.05800", "2017-12-31": 142.57}, "Net Common Equity Issued/Repurchased": {"2020-09-30": 63.031, "2020-06-30": 1276.799, "2020-03-31": "199.71200", "2019-12-31": -0.053, "2019-09-30": -0.648, "2019-06-30": 1036.923, "2019-03-31": "128.08500", "2018-12-31": 694.374, "2018-09-30": 0, "2018-06-30": 0, "2018-03-31": "1307.11900", "2017-12-31": 0}, "Net Total Equity Issued/Repurchased": {"2020-09-30": 63.031, "2020-06-30": 1276.799, "2020-03-31": "199.71200", "2019-12-31": -0.053, "2019-09-30": -0.648, "2019-06-30": 1036.923, "2019-03-31": "128.08500", "2018-12-31": 694.374, "2018-09-30": 0, "2018-06-30": 0, "2018-03-31": "1307.11900", "2017-12-31": 963.78}, "Total Common And Preferred Stock Dividends Paid": {"2020-09-30": -158.651, "2020-06-30": -139.396, "2020-03-31": "-137.13300", "2019-12-31": -137.099, "2019-09-30": -132.441, "2019-06-30": -118.077, "2019-03-31": "-116.34100", "2018-12-31": -106.386, "2018-09-30": -97.018, "2018-06-30": -59.278, "2018-03-31": "", "2017-12-31": 0}, "Financial Activities - Other": {"2020-09-30": -1.366, "2020-06-30": -8.15, "2020-03-31": "-53.71700", "2019-12-31": -50.359, "2019-09-30": -4.367, "2019-06-30": -7.382, "2019-03-31": "-2.03100", "2018-12-31": -1.981, "2018-09-30": -2.095, "2018-06-30": -2.259, "2018-03-31": "-4.58200", "2017-12-31": 42.08}, "Cash Flow From Financial Activities": {"2020-09-30": -41.585, "2020-06-30": 1129.253, "2020-03-31": "1971.32400", "2019-12-31": 398.945, "2019-09-30": -137.456, "2019-06-30": 911.464, "2019-03-31": "9.71300", "2018-12-31": 586.007, "2018-09-30": -99.113, "2018-06-30": -61.537, "2018-03-31": "612.47900", "2017-12-31": 1148.44}, "Net Cash Flow": {"2020-09-30": -3536.479, "2020-06-30": 1309.452, "2020-03-31": "1269.19100", "2019-12-31": 638.383, "2019-09-30": -770.042, "2019-06-30": 610.91, "2019-03-31": "24.19500", "2018-12-31": 453.166, "2018-09-30": -809.267, "2018-06-30": 22.525, "2018-03-31": "734.61700", "2017-12-31": 141.63}, "Stock-Based Compensation": {"2020-09-30": 2.014, "2020-06-30": 2.011, "2020-03-31": "1.35000", "2019-12-31": 1.402, "2019-09-30": 1.404, "2019-06-30": 1.366, "2019-03-31": "1.05100", "2018-12-31": 0.86, "2018-09-30": 0.623, "2018-06-30": 0.468, "2018-03-31": "0.39100", "2017-12-31": 0}, "Common Stock Dividends Paid": {"2020-09-30": -158.651, "2020-06-30": -139.396, "2020-03-31": "-137.13300", "2019-12-31": -137.099, "2019-09-30": -132.441, "2019-06-30": -118.077, "2019-03-31": "-116.34100", "2018-12-31": -106.386, "2018-09-30": -97.018, "2018-06-30": -59.278, "2018-03-31": "0.00000", "2017-12-31": 0}}, "financial ratios": {"Current Ratio": {"2019-12-31": "", "2018-12-31": "", "2017-12-31": ""}, "Long-term Debt / Capital": {"2019-12-31": "0.37320", "2018-12-31": "0.37400", "2017-12-31": "0.50050"}, "Debt/Equity Ratio": {"2019-12-31": "0.59530", "2018-12-31": "0.59730", "2017-12-31": "1.00200"}, "Gross Margin": {"2019-12-31": "", "2018-12-31": "", "2017-12-31": ""}, "Operating Margin": {"2019-12-31": "94.15520", "2018-12-31": "84.40680", "2017-12-31": "76.85980"}, "EBIT Margin": {"2019-12-31": "94.15520", "2018-12-31": "84.40680", "2017-12-31": "76.85980"}, "EBITDA Margin": {"2019-12-31": "98.27510", "2018-12-31": "85.48280", "2017-12-31": "77.34330"}, "Pre-Tax Profit Margin": {"2019-12-31": "62.13540", "2018-12-31": "59.41780", "2017-12-31": "22.72600"}, "Net Profit Margin": {"2019-12-31": "61.01530", "2018-12-31": "58.31100", "2017-12-31": "22.73990"}, "Asset Turnover": {"2019-12-31": "0.06750", "2018-12-31": "0.07920", "2017-12-31": "0.01930"}, "Inventory Turnover Ratio": {"2019-12-31": "", "2018-12-31": "", "2017-12-31": ""}, "Receiveable Turnover": {"2019-12-31": "", "2018-12-31": "", "2017-12-31": ""}, "Days Sales In Receivables": {"2019-12-31": "", "2018-12-31": "", "2017-12-31": ""}, "ROE - Return On Equity": {"2019-12-31": "6.88630", "2018-12-31": "7.71070", "2017-12-31": "0.93240"}, "Return On Tangible Equity": {"2019-12-31": "6.88630", "2018-12-31": "7.71070", "2017-12-31": "0.93240"}, "ROA - Return On Assets": {"2019-12-31": "4.17830", "2018-12-31": "4.69510", "2017-12-31": "0.45730"}, "ROI - Return On Investment": {"2019-12-31": "4.31660", "2018-12-31": "4.82720", "2017-12-31": "0.46580"}, "Book Value Per Share": {"2019-12-31": "17.45970", "2018-12-31": "17.05090", "2017-12-31": "15.90640"}, "Operating Cash Flow Per Share": {"2019-12-31": 0.1811, "2018-12-31": 0.8045, "2017-12-31": 0.5678}, "Free Cash Flow Per Share": {"2019-12-31": 0.1791, "2018-12-31": 0.8029, "2017-12-31": 0.5675}}, "financial ratios, quarterly": {"Current Ratio": {"2020-09-30": "", "2020-06-30": "", "2020-03-31": "", "2019-12-31": "", "2019-09-30": "", "2019-06-30": "", "2019-03-31": "", "2018-12-31": "", "2018-09-30": "", "2018-06-30": "", "2018-03-31": "", "2017-12-31": ""}, "Long-term Debt / Capital": {"2020-09-30": "0.41920", "2020-06-30": "0.42690", "2020-03-31": "0.46650", "2019-12-31": "0.37320", "2019-09-30": "0.33820", "2019-06-30": "0.33820", "2019-03-31": "0.36920", "2018-12-31": "0.37400", "2018-09-30": "0.39900", "2018-06-30": "0.40030", "2018-03-31": "0.40170", "2017-12-31": ""}, "Debt/Equity Ratio": {"2020-09-30": "0.72170", "2020-06-30": "0.74470", "2020-03-31": "0.87450", "2019-12-31": "0.59530", "2019-09-30": "0.51100", "2019-06-30": "0.51090", "2019-03-31": "0.58520", "2018-12-31": "0.59730", "2018-09-30": "0.66390", "2018-06-30": "0.66750", "2018-03-31": "0.67140", "2017-12-31": ""}, "Gross Margin": {"2020-09-30": "", "2020-06-30": "", "2020-03-31": "", "2019-12-31": "", "2019-09-30": "", "2019-06-30": "", "2019-03-31": "", "2018-12-31": "", "2018-09-30": "", "2018-06-30": "", "2018-03-31": "", "2017-12-31": ""}, "Operating Margin": {"2020-09-30": "41.12520", "2020-06-30": "119.67180", "2020-03-31": "34.51790", "2019-12-31": "95.46220", "2019-09-30": "93.64850", "2019-06-30": "93.09120", "2019-03-31": "94.32900", "2018-12-31": "86.57000", "2018-09-30": "79.11920", "2018-06-30": "85.73280", "2018-03-31": "86.46120", "2017-12-31": ""}, "EBIT Margin": {"2020-09-30": "41.12520", "2020-06-30": "119.67180", "2020-03-31": "34.51790", "2019-12-31": "95.46220", "2019-09-30": "93.64850", "2019-06-30": "93.09120", "2019-03-31": "94.32900", "2018-12-31": "86.57000", "2018-09-30": "79.11920", "2018-06-30": "85.73280", "2018-03-31": "86.46120", "2017-12-31": ""}, "EBITDA Margin": {"2020-09-30": "", "2020-06-30": "", "2020-03-31": "", "2019-12-31": "", "2019-09-30": "", "2019-06-30": "", "2019-03-31": "", "2018-12-31": "", "2018-09-30": "", "2018-06-30": "", "2018-03-31": "", "2017-12-31": ""}, "Pre-Tax Profit Margin": {"2020-09-30": "116.54540", "2020-06-30": "89.93800", "2020-03-31": "-8.47490", "2019-12-31": "42.65440", "2019-09-30": "65.85640", "2019-06-30": "70.07150", "2019-03-31": "71.70350", "2018-12-31": "64.23140", "2018-09-30": "56.76120", "2018-06-30": "64.17330", "2018-03-31": "52.45060", "2017-12-31": ""}, "Net Profit Margin": {"2020-09-30": "117.25910", "2020-06-30": "88.94930", "2020-03-31": "-9.41640", "2019-12-31": "41.52240", "2019-09-30": "64.91080", "2019-06-30": "68.87960", "2019-03-31": "70.48950", "2018-12-31": "63.06040", "2018-09-30": "55.83120", "2018-06-30": "62.92300", "2018-03-31": "51.36710", "2017-12-31": ""}, "Asset Turnover": {"2020-09-30": "0.02020", "2020-06-30": "0.01580", "2020-03-31": "0.01710", "2019-12-31": "0.01790", "2019-09-30": "0.01770", "2019-06-30": "0.01760", "2019-03-31": "0.01870", "2018-12-31": "0.01990", "2018-09-30": "0.02200", "2018-06-30": "0.02090", "2018-03-31": "0.02080", "2017-12-31": ""}, "Inventory Turnover Ratio": {"2020-09-30": "", "2020-06-30": "", "2020-03-31": "", "2019-12-31": "", "2019-09-30": "", "2019-06-30": "", "2019-03-31": "", "2018-12-31": "", "2018-09-30": "", "2018-06-30": "", "2018-03-31": "", "2017-12-31": ""}, "Receiveable Turnover": {"2020-09-30": "", "2020-06-30": "", "2020-03-31": "", "2019-12-31": "", "2019-09-30": "", "2019-06-30": "", "2019-03-31": "", "2018-12-31": "", "2018-09-30": "", "2018-06-30": "", "2018-03-31": "", "2017-12-31": ""}, "Days Sales In Receivables": {"2020-09-30": "", "2020-06-30": "", "2020-03-31": "", "2019-12-31": "", "2019-09-30": "", "2019-06-30": "", "2019-03-31": "", "2018-12-31": "", "2018-09-30": "", "2018-06-30": "", "2018-03-31": "", "2017-12-31": ""}, "ROE - Return On Equity": {"2020-09-30": "4.22880", "2020-06-30": "2.55270", "2020-03-31": "-0.28570", "2019-12-31": "1.25130", "2019-09-30": "1.81460", "2019-06-30": "1.90930", "2019-03-31": "2.17040", "2018-12-31": "2.09580", "2018-09-30": "2.12690", "2018-06-30": "2.29000", "2018-03-31": "1.85990", "2017-12-31": ""}, "Return On Tangible Equity": {"2020-09-30": "4.22880", "2020-06-30": "2.55270", "2020-03-31": "-0.28570", "2019-12-31": "1.25130", "2019-09-30": "1.81460", "2019-06-30": "1.90930", "2019-03-31": "2.17040", "2018-12-31": "2.09580", "2018-09-30": "2.12690", "2018-06-30": "2.29000", "2018-03-31": "1.85990", "2017-12-31": ""}, "ROA - Return On Assets": {"2020-09-30": "2.35120", "2020-06-30": "1.42310", "2020-03-31": "-0.14800", "2019-12-31": "0.75920", "2019-09-30": "1.16450", "2019-06-30": "1.23080", "2019-03-31": "1.33580", "2018-12-31": "1.27620", "2018-09-30": "1.24920", "2018-06-30": "1.33800", "2018-03-31": "1.08810", "2017-12-31": ""}, "ROI - Return On Investment": {"2020-09-30": "2.45620", "2020-06-30": "1.46310", "2020-03-31": "-0.15240", "2019-12-31": "0.78430", "2019-09-30": "1.20100", "2019-06-30": "1.26370", "2019-03-31": "1.36920", "2018-12-31": "1.31210", "2018-09-30": "1.27830", "2018-06-30": "1.37330", "2018-03-31": "1.11270", "2017-12-31": ""}, "Book Value Per Share": {"2020-09-30": "17.45870", "2020-06-30": "17.00390", "2020-03-31": "16.48260", "2019-12-31": "17.45970", "2019-09-30": "17.51400", "2019-06-30": "17.51050", "2019-03-31": "17.14450", "2018-12-31": "17.05090", "2018-09-30": "16.76610", "2018-06-30": "16.67690", "2018-03-31": "16.57500", "2017-12-31": ""}, "Operating Cash Flow Per Share": {"2020-09-30": 0.3552, "2020-06-30": 0.3555, "2020-03-31": "0.29550", "2019-12-31": 0.6147, "2019-09-30": 0.3018, "2019-06-30": 0.3521, "2019-03-31": "0.28480", "2018-12-31": 0.4847, "2018-09-30": 0.2209, "2018-06-30": 0.3097, "2018-03-31": "0.35700", "2017-12-31": 0}, "Free Cash Flow Per Share": {"2020-09-30": 0.413, "2020-06-30": 0.354, "2020-03-31": "0.29260", "2019-12-31": 0.6138, "2019-09-30": 0.2998, "2019-06-30": 0.3515, "2019-03-31": "0.28440", "2018-12-31": 0.4843, "2018-09-30": 0.2209, "2018-06-30": 0.3092, "2018-03-31": "0.35600", "2017-12-31": 0}}, "revenue": {"VICI Properties Annual Revenue (Millions of US $)": {"2019": "$895", "2018": "$898", "2017": "$188"}, "VICI Properties Quarterly Revenue (Millions of US $)": {"2020-09-30": "$340", "2020-06-30": "$258", "2020-03-31": "$255", "2019-12-31": "$238", "2019-09-30": "$223", "2019-06-30": "$221", "2019-03-31": "$214", "2018-12-31": "$226", "2018-09-30": "$233", "2018-06-30": "$221", "2018-03-31": "$218", "2017-12-31": ""}}, "gross-profit": {"VICI Properties Annual Gross Profit (Millions of US $)": {"2019": "$895", "2018": "$898", "2017": "$188"}, "VICI Properties Quarterly Gross Profit (Millions of US $)": {"2020-09-30": "$340", "2020-06-30": "$258", "2020-03-31": "$255", "2019-12-31": "$238", "2019-09-30": "$223", "2019-06-30": "$221", "2019-03-31": "$214", "2018-12-31": "$226", "2018-09-30": "$233", "2018-06-30": "$221", "2018-03-31": "$218", "2017-12-31": ""}}, "operating-income": {"VICI Properties Annual Operating Income (Millions of US $)": {"2019": "$842", "2018": "$758", "2017": "$144"}, "VICI Properties Quarterly Operating Income (Millions of US $)": {"2020-09-30": "$140", "2020-06-30": "$309", "2020-03-31": "$88", "2019-12-31": "$227", "2019-09-30": "$208", "2019-06-30": "$205", "2019-03-31": "$202", "2018-12-31": "$196", "2018-09-30": "$184", "2018-06-30": "$189", "2018-03-31": "$189", "2017-12-31": ""}}, "ebitda": {"VICI Properties Annual EBITDA (Millions of US $)": {"2019": "$879", "2018": "$768", "2017": "$145"}, "VICI Properties Quarterly EBITDA (Millions of US $)": {"2020-09-30": "$145", "2020-06-30": "$315", "2020-03-31": "$95", "2019-12-31": "$242", "2019-09-30": "$224", "2019-06-30": "$208", "2019-03-31": "$204", "2018-12-31": "$198", "2018-09-30": "$187", "2018-06-30": "$192", "2018-03-31": "$191", "2017-12-31": ""}}, "net-income": {"VICI Properties Annual Net Income (Millions of US $)": {"2019": "$546", "2018": "$524", "2017": "$43"}, "VICI Properties Quarterly Net Income (Millions of US $)": {"2020-09-30": "$398", "2020-06-30": "$229", "2020-03-31": "$-24", "2019-12-31": "$99", "2019-09-30": "$144", "2019-06-30": "$152", "2019-03-31": "$151", "2018-12-31": "$143", "2018-09-30": "$130", "2018-06-30": "$139", "2018-03-31": "$112", "2017-12-31": ""}}, "eps-earnings-per-share-diluted": {"VICI Properties Annual EPS": {"2019": "$1.24", "2018": "$1.43", "2017": "$0.19"}, "VICI Properties Quarterly EPS": {"2020-09-30": "$0.74", "2020-06-30": "$0.47", "2020-03-31": "$-0.05", "2019-12-31": "$0.19", "2019-09-30": "$0.31", "2019-06-30": "$0.37", "2019-03-31": "$0.37", "2018-12-31": "$0.37", "2018-09-30": "$0.35", "2018-06-30": "$0.38", "2018-03-31": "$0.33", "2017-12-31": "$0.00"}}, "shares-outstanding": {"VICI Properties Annual Shares Outstanding (Millions of Shares)": {"2019": "439", "2018": "367", "2017": "228"}, "VICI Properties Quarterly Shares Outstanding (Millions of Shares)": {"2020-09-30": "536", "2020-06-30": "489", "2020-03-31": "465", "2019-12-31": "439", "2019-09-30": "466", "2019-06-30": "413", "2019-03-31": "406", "2018-12-31": "367", "2018-09-30": "370", "2018-06-30": "370", "2018-03-31": "343", "2017-12-31": ""}}, "total-assets": {"VICI Properties Annual Total Assets (Millions of US $)": {"2019": "$13,266", "2018": "$11,333", "2017": "$9,740"}, "VICI Properties Quarterly Total Assets (Millions of US $)": {"2020-09-30": "$16,852", "2020-06-30": "$16,278", "2020-03-31": "$14,907", "2019-12-31": "$13,266", "2019-09-30": "$12,581", "2019-06-30": "$12,522", "2019-03-31": "$11,449", "2018-12-31": "$11,333", "2018-09-30": "$10,569", "2018-06-30": "$10,565", "2018-03-31": "$10,486", "2017-12-31": "$0"}}, "cash-on-hand": {"VICI Properties Annual Cash on Hand (Millions of US $)": {"2019": "$2,343", "2018": "$2,302", "2017": "$1,381"}, "VICI Properties Quarterly Cash on Hand (Millions of US $)": {"2020-09-30": "$322", "2020-06-30": "$4,862", "2020-03-31": "$3,552", "2019-12-31": "$2,343", "2019-09-30": "$1,988", "2019-06-30": "$2,513", "2019-03-31": "$2,161", "2018-12-31": "$2,302", "2018-09-30": "$1,542", "2018-06-30": "$2,178", "2018-03-31": "$2,116", "2017-12-31": ""}}, "long-term-debt": {"VICI Properties Annual Long Term Debt (Millions of US $)": {"2019": "$4,792", "2018": "$4,122", "2017": "$4,786"}, "VICI Properties Quarterly Long Term Debt (Millions of US $)": {"2020-09-30": "$6,762", "2020-06-30": "$6,758", "2020-03-31": "$6,754", "2019-12-31": "$4,792", "2019-09-30": "$4,125", "2019-06-30": "$4,124", "2019-03-31": "$4,123", "2018-12-31": "$4,122", "2018-09-30": "$4,121", "2018-06-30": "$4,120", "2018-03-31": "$4,119", "2017-12-31": ""}}, "total-liabilities": {"VICI Properties Annual Total Liabilities (Millions of US $)": {"2019": "$5,217", "2018": "$4,432", "2017": "$4,963"}, "VICI Properties Quarterly Total Liabilities (Millions of US $)": {"2020-09-30": "$7,482", "2020-06-30": "$7,203", "2020-03-31": "$7,183", "2019-12-31": "$5,217", "2019-09-30": "$4,507", "2019-06-30": "$4,450", "2019-03-31": "$4,403", "2018-12-31": "$4,432", "2018-09-30": "$4,361", "2018-06-30": "$4,392", "2018-03-31": "$4,351", "2017-12-31": ""}}, "total-share-holder-equity": {"VICI Properties Annual Share Holder Equity (Millions of US $)": {"2019": "$8,049", "2018": "$6,901", "2017": "$4,776"}, "VICI Properties Quarterly Share Holder Equity (Millions of US $)": {"2020-09-30": "$9,370", "2020-06-30": "$9,074", "2020-03-31": "$7,724", "2019-12-31": "$8,049", "2019-09-30": "$8,074", "2019-06-30": "$8,072", "2019-03-31": "$7,046", "2018-12-31": "$6,901", "2018-09-30": "$6,207", "2018-06-30": "$6,173", "2018-03-31": "$6,135", "2017-12-31": ""}}, "profit-margins": {"current": "64.43%"}, "gross margin": {"2020-09-30": "100.00%", "2020-06-30": "100.00%", "2020-03-31": "100.00%", "2019-12-31": "100.00%", "2019-09-30": "100.00%", "2019-06-30": "100.00%", "2019-03-31": "100.00%", "2018-12-31": "100.00%"}, "operating margin": {"2020-09-30": "70.03%", "2020-06-30": "85.42%", "2020-03-31": "77.69%", "2019-12-31": "93.97%", "2019-09-30": "91.74%", "2019-06-30": "88.03%", "2019-03-31": "86.24%", "2018-12-31": "84.41%"}, "ebitda margin": {"2020-09-30": "73.05%", "2020-06-30": "89.94%", "2020-03-31": "82.07%", "2019-12-31": "97.99%", "2019-09-30": "94.34%", "2019-06-30": "89.15%", "2019-03-31": "87.36%", "2018-12-31": "85.52%"}, "pre tax profit margin": {"2020-09-30": "64.80%", "2020-06-30": "47.02%", "2020-03-31": "40.66%", "2019-12-31": "62.05%", "2019-09-30": "67.87%", "2019-06-30": "65.44%", "2019-03-31": "63.98%", "2018-12-31": "59.35%"}, "net profit margin": {"2020-09-30": "64.34%", "2020-06-30": "46.00%", "2020-03-31": "39.59%", "2019-12-31": "60.94%", "2019-09-30": "66.74%", "2019-06-30": "64.43%", "2019-03-31": "62.98%", "2018-12-31": "58.35%"}, "pe ratio": {"current": "17.50", "2021-02-05": "19.67", "2020-09-30": "16.84", "2020-06-30": "20.91", "2020-03-31": "19.01", "2019-12-31": "19.10", "2019-09-30": "14.85", "2019-06-30": "13.87", "2019-03-31": "13.50", "2018-12-31": "11.75"}, "price sales": {"2021-02-05": "11.98", "2020-09-30": "10.26", "2020-06-30": "9.39", "2020-03-31": "7.60", "2019-12-31": "11.57", "2019-09-30": "9.78", "2019-06-30": "8.78", "2019-03-31": "8.38", "2018-12-31": "6.78"}, "price book": {"current": "1.54", "2021-02-05": "1.54", "2020-09-30": "1.32", "2020-06-30": "1.16", "2020-03-31": "0.97", "2019-12-31": "1.38", "2019-09-30": "1.20", "2019-06-30": "1.16", "2019-03-31": "1.16", "2018-12-31": "0.99", "2018-09-30": "1.14", "2018-06-30": "1.08", "2018-03-31": "0.95"}, "price fcf": {"2021-02-05": "", "2020-09-30": "$1.67", "2020-06-30": "$1.56", "2020-03-31": "$1.56", "2019-12-31": "$1.55", "2019-09-30": "$1.42", "2019-06-30": "$1.34", "2019-03-31": "$1.30", "2018-12-31": "$1.37"}, "net worth": {"value": "$14.46B"}, "current ratio": {"2020-09-30": "6.84", "2020-06-30": "99.57", "2020-03-31": "69.44", "2019-12-31": "116.25", "2019-09-30": "83.01", "2019-06-30": "179.92", "2019-03-31": "87.48", "2018-12-31": "162.28", "2018-09-30": "65.13", "2018-06-30": "152.83", "2018-03-31": "61.14", "2017-12-31": "0.00"}, "quick ratio": {"2020-09-30": "0.00", "2020-06-30": "0.00", "2020-03-31": "0.00", "2019-12-31": "0.00", "2019-09-30": "0.00", "2019-06-30": "0.00", "2019-03-31": "0.00", "2018-12-31": "0.00", "2018-09-30": "0.00", "2018-06-30": "0.00", "2018-03-31": "0.00", "2017-12-31": "0.00"}, "debt equity ratio": {"current": "0.72", "2020-09-30": "0.80", "2020-06-30": "0.79", "2020-03-31": "0.93", "2019-12-31": "0.65", "2019-09-30": "0.56", "2019-06-30": "0.55", "2019-03-31": "0.63", "2018-12-31": "0.64", "2018-09-30": "0.70", "2018-06-30": "0.71", "2018-03-31": "0.71", "2017-12-31": "0.00"}, "return on equity": {"2020-09-30": "8.21%", "2020-06-30": "5.44%", "2020-03-31": "4.65%", "2019-12-31": "6.99%", "2019-09-30": "7.84%", "2019-06-30": "8.16%", "2019-03-31": "8.55%", "2018-12-31": "8.25%"}, "return on assets": {"2020-09-30": "4.58%", "2020-06-30": "3.14%", "2020-03-31": "2.79%", "2019-12-31": "4.38%", "2019-09-30": "4.93%", "2019-06-30": "5.02%", "2019-03-31": "5.13%", "2018-12-31": "4.88%"}, "return on investments": {"2020-09-30": "5.15%", "2020-06-30": "6.01%", "2020-03-31": "5.63%", "2019-12-31": "6.96%", "2019-09-30": "6.96%", "2019-06-30": "7.04%", "2019-03-31": "7.20%", "2018-12-31": "7.24%"}, "return on tangible equity": {"2020-09-30": "8.21%", "2020-06-30": "5.44%", "2020-03-31": "4.65%", "2019-12-31": "6.99%", "2019-09-30": "7.84%", "2019-06-30": "8.16%", "2019-03-31": "8.55%", "2018-12-31": "8.25%"}, "dividend yield history": {"last payout": "$1.32", "last yield": "4.90%"}}