{"ticker": "VIRT", "price": {"title": "Virtu Financial Historical Annual Stock Price Data", "value": 27.64, "historical": {"2020": {"Average Stock Price": "22.5504", "Year Open": "16.2800", "Year High": "27.7400", "Year Low": "15.1900", "Year Close": "25.1700", "Annual % Change": "57.41%"}, "2019": {"Average Stock Price": "21.3466", "Year Open": "25.9900", "Year High": "27.3600", "Year Low": "15.7000", "Year Close": "15.9900", "Annual % Change": "-37.93%"}, "2018": {"Average Stock Price": "26.2920", "Year Open": "18.3500", "Year High": "37.4000", "Year Low": "18.3500", "Year Close": "25.7600", "Annual % Change": "40.77%"}, "2017": {"Average Stock Price": "16.6641", "Year Open": "16.0500", "Year High": "18.9000", "Year Low": "13.3500", "Year Close": "18.3000", "Annual % Change": "14.73%"}, "2016": {"Average Stock Price": "18.0610", "Year Open": "22.2300", "Year High": "23.9000", "Year Low": "12.5500", "Year Close": "15.9500", "Annual % Change": "-29.55%"}, "2015": {"Average Stock Price": "22.8277", "Year Open": "22.1800", "Year High": "25.2600", "Year Low": "20.2300", "Year Close": "22.6400", "Annual % Change": "0.00%"}}}, "market cap": {"value": "$5.35B"}, "income statement": {"Revenue": {"2019-12-31": "1530.08200", "2018-12-31": "1878.71800", "2017-12-31": "1027.98200", "2016-12-31": "702.27200", "2015-12-31": "796.21300", "2014-12-31": "723.05300", "2013-12-31": "664.50500", "2012-12-31": "615.62800"}, "Cost Of Goods Sold": {"2019-12-31": "284.76800", "2018-12-31": "301.77900", "2017-12-31": "256.92600", "2016-12-31": "221.21400", "2015-12-31": "232.46900", "2014-12-31": "230.96500", "2013-12-31": "195.14600", "2012-12-31": "200.58700"}, "Gross Profit": {"2019-12-31": "1245.31400", "2018-12-31": "1576.93900", "2017-12-31": "771.05600", "2016-12-31": "481.05800", "2015-12-31": "563.74400", "2014-12-31": "492.08800", "2013-12-31": "469.35900", "2012-12-31": "415.04100"}, "Research And Development Expenses": {"2019-12-31": "", "2018-12-31": "", "2017-12-31": "", "2016-12-31": "", "2015-12-31": "", "2014-12-31": "", "2013-12-31": "", "2012-12-31": ""}, "SG&A Expenses": {"2019-12-31": "735.45500", "2018-12-31": "469.93200", "2017-12-31": "396.38800", "2016-12-31": "179.65400", "2015-12-31": "182.66400", "2014-12-31": "187.26200", "2013-12-31": "170.25700", "2012-12-31": "147.04600"}, "Other Operating Income Or Expenses": {"2019-12-31": "-331.56300", "2018-12-31": "-181.55300", "2017-12-31": "-106.73700", "2016-12-31": "-35.34200", "2015-12-31": "-78.88800", "2014-12-31": "-33.53300", "2013-12-31": "-41.37300", "2012-12-31": "-40.30300"}, "Operating Expenses": {"2019-12-31": "1646.06400", "2018-12-31": "1182.35500", "2017-12-31": "914.81800", "2016-12-31": "522.68100", "2015-12-31": "580.28400", "2014-12-31": "529.49500", "2013-12-31": "476.90500", "2012-12-31": "526.30000"}, "Operating Income": {"2019-12-31": "-115.98190", "2018-12-31": "696.36300", "2017-12-31": "113.16410", "2016-12-31": "179.59100", "2015-12-31": "215.92900", "2014-12-31": "193.55800", "2013-12-31": "187.60000", "2012-12-31": "89.32800"}, "Total Non-Operating Income/Expense": {"2019-12-31": "", "2018-12-31": "", "2017-12-31": "", "2016-12-31": "", "2015-12-31": "", "2014-12-31": "", "2013-12-31": "", "2012-12-31": ""}, "Pre-Tax Income": {"2019-12-31": "-115.98200", "2018-12-31": "696.36300", "2017-12-31": "113.16400", "2016-12-31": "179.59100", "2015-12-31": "215.92900", "2014-12-31": "193.55800", "2013-12-31": "187.60000", "2012-12-31": "89.32800"}, "Income Taxes": {"2019-12-31": "-12.27700", "2018-12-31": "76.17100", "2017-12-31": "94.26600", "2016-12-31": "21.25100", "2015-12-31": "18.43900", "2014-12-31": "3.50100", "2013-12-31": "5.39700", "2012-12-31": "1.76800"}, "Income After Taxes": {"2019-12-31": "-103.70500", "2018-12-31": "620.19200", "2017-12-31": "18.89800", "2016-12-31": "158.34000", "2015-12-31": "197.49000", "2014-12-31": "190.05700", "2013-12-31": "182.20300", "2012-12-31": "87.56000"}, "Other Income": {"2019-12-31": "", "2018-12-31": "", "2017-12-31": "", "2016-12-31": "", "2015-12-31": "", "2014-12-31": "", "2013-12-31": "", "2012-12-31": ""}, "Income From Continuous Operations": {"2019-12-31": "-103.70500", "2018-12-31": "620.19200", "2017-12-31": "18.89800", "2016-12-31": "158.34000", "2015-12-31": "197.49000", "2014-12-31": "190.05700", "2013-12-31": "182.20300", "2012-12-31": "87.56000"}, "Income From Discontinued Operations": {"2019-12-31": "", "2018-12-31": "", "2017-12-31": "", "2016-12-31": "", "2015-12-31": "", "2014-12-31": "", "2013-12-31": "", "2012-12-31": ""}, "Net Income": {"2019-12-31": "-58.59500", "2018-12-31": "289.44100", "2017-12-31": "2.93900", "2016-12-31": "32.98000", "2015-12-31": "20.88700", "2014-12-31": "190.05700", "2013-12-31": "182.20300", "2012-12-31": "87.56000"}, "EBITDA": {"2019-12-31": "231.15010", "2018-12-31": "946.51800", "2017-12-31": "284.21310", "2016-12-31": "273.33100", "2015-12-31": "303.94700", "2014-12-31": "272.62700", "2013-12-31": "261.59000", "2012-12-31": "231.97000"}, "EBIT": {"2019-12-31": "42.05710", "2018-12-31": "838.17700", "2017-12-31": "205.15710", "2016-12-31": "236.14800", "2015-12-31": "268.35200", "2014-12-31": "240.64100", "2013-12-31": "232.79600", "2012-12-31": "138.06300"}, "Basic Shares Outstanding": {"2019-12-31": "113.91810", "2018-12-31": "100.87580", "2017-12-31": "62.57920", "2016-12-31": "38.53910", "2015-12-31": "34.96430", "2014-12-31": "", "2013-12-31": "", "2012-12-31": ""}, "Shares Outstanding": {"2019-12-31": "113.91810", "2018-12-31": "102.08910", "2017-12-31": "62.57920", "2016-12-31": "38.53910", "2015-12-31": "35.33960", "2014-12-31": "", "2013-12-31": "", "2012-12-31": ""}, "Basic EPS": {"2019-12-31": "-0.53000", "2018-12-31": "2.82000", "2017-12-31": "0.03000", "2016-12-31": "0.83000", "2015-12-31": "0.60000", "2014-12-31": "", "2013-12-31": "", "2012-12-31": ""}, "EPS - Earnings Per Share": {"2019-12-31": "-0.53000", "2018-12-31": "2.78000", "2017-12-31": "0.03000", "2016-12-31": "0.83000", "2015-12-31": "0.59000", "2014-12-31": "0.00000", "2013-12-31": "0.00000", "2012-12-31": "0.00000"}}, "income statement, quarterly": {"Revenue": {"2020-09-30": "656.11200", "2020-06-30": "905.90300", "2020-03-31": "1004.09800", "2019-12-31": "409.65010", "2019-09-30": "382.34000", "2019-06-30": "375.10100", "2019-03-31": "362.99100", "2018-12-31": "440.41600", "2018-09-30": "295.12300", "2018-06-30": "328.12600", "2018-03-31": "815.05300", "2017-12-31": "464.52110", "2017-09-30": "271.28600", "2017-06-30": "144.88800", "2017-03-31": "147.28700", "2016-12-31": "170.64690", "2016-09-30": "164.80600", "2016-06-30": "174.18100", "2016-03-31": "192.63800", "2015-12-31": "176.90400", "2015-09-30": "215.80200", "2015-06-30": "181.97900", "2015-03-31": "221.52800", "2014-12-31": "213.56000", "2014-09-30": "173.23400", "2014-06-30": "162.97600", "2014-03-31": "173.29500", "2013-12-31": "", "2012-12-31": ""}, "Cost Of Goods Sold": {"2020-09-30": "196.44800", "2020-06-30": "203.50300", "2020-03-31": "111.53800", "2019-12-31": "22.43900", "2019-09-30": "98.78900", "2019-06-30": "99.48700", "2019-03-31": "64.05300", "2018-12-31": "71.99900", "2018-09-30": "68.63800", "2018-06-30": "73.31800", "2018-03-31": "87.82400", "2017-12-31": "86.67300", "2017-09-30": "64.58400", "2017-06-30": "52.89900", "2017-03-31": "52.77000", "2016-12-31": "53.79800", "2016-09-30": "52.11800", "2016-06-30": "55.57300", "2016-03-31": "59.72500", "2015-12-31": "53.01600", "2015-09-30": "61.81400", "2015-06-30": "56.50100", "2015-03-31": "61.13800", "2014-12-31": "66.84000", "2014-09-30": "55.86100", "2014-06-30": "53.83700", "2014-03-31": "54.43400", "2013-12-31": "", "2012-12-31": ""}, "Gross Profit": {"2020-09-30": "459.66400", "2020-06-30": "702.40000", "2020-03-31": "892.56000", "2019-12-31": "387.21110", "2019-09-30": "283.55100", "2019-06-30": "275.61400", "2019-03-31": "298.93800", "2018-12-31": "368.41700", "2018-09-30": "226.48500", "2018-06-30": "254.80800", "2018-03-31": "727.22900", "2017-12-31": "377.84810", "2017-09-30": "206.70200", "2017-06-30": "91.98900", "2017-03-31": "94.51700", "2016-12-31": "116.84890", "2016-09-30": "112.68800", "2016-06-30": "118.60800", "2016-03-31": "132.91300", "2015-12-31": "123.88800", "2015-09-30": "153.98800", "2015-06-30": "125.47800", "2015-03-31": "160.39000", "2014-12-31": "146.72000", "2014-09-30": "117.37300", "2014-06-30": "109.13900", "2014-03-31": "118.86100", "2013-12-31": "", "2012-12-31": ""}, "Research And Development Expenses": {"2020-09-30": "", "2020-06-30": "", "2020-03-31": "", "2019-12-31": "", "2019-09-30": "", "2019-06-30": "", "2019-03-31": "", "2018-12-31": "", "2018-09-30": "", "2018-06-30": "", "2018-03-31": "", "2017-12-31": "", "2017-09-30": "", "2017-06-30": "", "2017-03-31": "", "2016-12-31": "", "2016-09-30": "", "2016-06-30": "", "2016-03-31": "", "2015-12-31": "", "2015-09-30": "", "2015-06-30": "", "2015-03-31": "", "2014-12-31": "0.00000", "2014-09-30": "", "2014-06-30": "", "2014-03-31": "", "2013-12-31": "", "2012-12-31": ""}, "SG&A Expenses": {"2020-09-30": "114.52000", "2020-06-30": "198.41900", "2020-03-31": "256.18000", "2019-12-31": "194.38300", "2019-09-30": "182.85800", "2019-06-30": "171.37600", "2019-03-31": "186.83800", "2018-12-31": "118.64800", "2018-09-30": "101.33600", "2018-06-30": "108.37700", "2018-03-31": "141.57100", "2017-12-31": "142.02600", "2017-09-30": "158.19900", "2017-06-30": "51.63100", "2017-03-31": "44.53200", "2016-12-31": "45.69600", "2016-09-30": "44.26200", "2016-06-30": "44.65300", "2016-03-31": "45.19800", "2015-12-31": "44.24400", "2015-09-30": "45.70300", "2015-06-30": "39.38300", "2015-03-31": "53.33400", "2014-12-31": "74.95000", "2014-09-30": "46.47600", "2014-06-30": "50.86400", "2014-03-31": "43.19100", "2013-12-31": "", "2012-12-31": ""}, "Other Operating Income Or Expenses": {"2020-09-30": "-30.33400", "2020-06-30": "-34.93800", "2020-03-31": "-92.39700", "2019-12-31": "-141.95400", "2019-09-30": "-35.46900", "2019-06-30": "-98.57700", "2019-03-31": "-55.56300", "2018-12-31": "-40.69800", "2018-09-30": "-40.77900", "2018-06-30": "-38.76800", "2018-03-31": "-61.30800", "2017-12-31": "-44.62900", "2017-09-30": "-41.71400", "2017-06-30": "-13.38100", "2017-03-31": "-7.01300", "2016-12-31": "-12.32900", "2016-09-30": "-7.72600", "2016-06-30": "-7.59100", "2016-03-31": "-7.69600", "2015-12-31": "-11.52100", "2015-09-30": "-8.31200", "2015-06-30": "-51.45300", "2015-03-31": "-7.60200", "2014-12-31": "-7.78000", "2014-09-30": "-7.96700", "2014-06-30": "-8.96900", "2014-03-31": "-8.81700", "2013-12-31": "", "2012-12-31": ""}, "Operating Expenses": {"2020-09-30": "403.59700", "2020-06-30": "501.36800", "2020-03-31": "537.87300", "2019-12-31": "437.02100", "2019-09-30": "388.16800", "2019-06-30": "441.68000", "2019-03-31": "379.19500", "2018-12-31": "291.63600", "2018-09-30": "265.69800", "2018-06-30": "278.50400", "2018-03-31": "346.51700", "2017-12-31": "333.93600", "2017-09-30": "317.78100", "2017-06-30": "139.69600", "2017-03-31": "123.40500", "2016-12-31": "132.04600", "2016-09-30": "126.93200", "2016-06-30": "129.76700", "2016-03-31": "133.93600", "2015-12-31": "129.62600", "2015-09-30": "136.88500", "2015-06-30": "172.41700", "2015-03-31": "141.35600", "2014-12-31": "129.35000", "2014-09-30": "130.63700", "2014-06-30": "133.45000", "2014-03-31": "123.44000", "2013-12-31": "", "2012-12-31": ""}, "Operating Income": {"2020-09-30": "252.51500", "2020-06-30": "404.53500", "2020-03-31": "466.22500", "2019-12-31": "-27.37090", "2019-09-30": "-5.82800", "2019-06-30": "-66.57900", "2019-03-31": "-16.20400", "2018-12-31": "148.78000", "2018-09-30": "29.42500", "2018-06-30": "49.62200", "2018-03-31": "468.53600", "2017-12-31": "130.58510", "2017-09-30": "-46.49500", "2017-06-30": "5.19200", "2017-03-31": "23.88200", "2016-12-31": "38.60100", "2016-09-30": "37.87400", "2016-06-30": "44.41400", "2016-03-31": "58.70200", "2015-12-31": "47.27800", "2015-09-30": "78.91700", "2015-06-30": "9.56200", "2015-03-31": "80.17200", "2014-12-31": "84.21000", "2014-09-30": "42.59700", "2014-06-30": "29.52600", "2014-03-31": "49.85500", "2013-12-31": "", "2012-12-31": ""}, "Total Non-Operating Income/Expense": {"2020-09-30": "", "2020-06-30": "", "2020-03-31": "", "2019-12-31": "", "2019-09-30": "", "2019-06-30": "", "2019-03-31": "", "2018-12-31": "", "2018-09-30": "", "2018-06-30": "", "2018-03-31": "", "2017-12-31": "", "2017-09-30": "", "2017-06-30": "", "2017-03-31": "", "2016-12-31": "", "2016-09-30": "", "2016-06-30": "", "2016-03-31": "", "2015-12-31": "", "2015-09-30": "", "2015-06-30": "", "2015-03-31": "", "2014-12-31": "-12.66000", "2014-09-30": "", "2014-06-30": "", "2014-03-31": "", "2013-12-31": "", "2012-12-31": ""}, "Pre-Tax Income": {"2020-09-30": "252.51500", "2020-06-30": "404.53500", "2020-03-31": "466.22500", "2019-12-31": "-27.37100", "2019-09-30": "-5.82800", "2019-06-30": "-66.57900", "2019-03-31": "-16.20400", "2018-12-31": "148.78000", "2018-09-30": "29.42500", "2018-06-30": "49.62200", "2018-03-31": "468.53600", "2017-12-31": "130.58500", "2017-09-30": "-46.49500", "2017-06-30": "5.19200", "2017-03-31": "23.88200", "2016-12-31": "38.60100", "2016-09-30": "37.87400", "2016-06-30": "44.41400", "2016-03-31": "58.70200", "2015-12-31": "47.27800", "2015-09-30": "78.91700", "2015-06-30": "9.56200", "2015-03-31": "80.17200", "2014-12-31": "71.59000", "2014-09-30": "42.59700", "2014-06-30": "29.52600", "2014-03-31": "49.85500", "2013-12-31": "", "2012-12-31": ""}, "Income Taxes": {"2020-09-30": "52.80700", "2020-06-30": "69.25000", "2020-03-31": "77.98700", "2019-12-31": "2.04600", "2019-09-30": "-0.64400", "2019-06-30": "-11.09400", "2019-03-31": "-2.58500", "2018-12-31": "0.84200", "2018-09-30": "13.81500", "2018-06-30": "3.00000", "2018-03-31": "58.51400", "2017-12-31": "97.18400", "2017-09-30": "-6.50500", "2017-06-30": "0.77900", "2017-03-31": "2.80800", "2016-12-31": "3.92600", "2016-09-30": "4.85100", "2016-06-30": "5.12800", "2016-03-31": "7.34600", "2015-12-31": "4.33600", "2015-09-30": "9.37800", "2015-06-30": "1.99700", "2015-03-31": "2.72800", "2014-12-31": "2.68000", "2014-09-30": "1.17900", "2014-06-30": "-1.31600", "2014-03-31": "0.96600", "2013-12-31": "", "2012-12-31": ""}, "Income After Taxes": {"2020-09-30": "199.70800", "2020-06-30": "335.28500", "2020-03-31": "388.23800", "2019-12-31": "-29.41700", "2019-09-30": "-5.18400", "2019-06-30": "-55.48500", "2019-03-31": "-13.61900", "2018-12-31": "147.93800", "2018-09-30": "15.61000", "2018-06-30": "46.62200", "2018-03-31": "410.02200", "2017-12-31": "33.40100", "2017-09-30": "-39.99000", "2017-06-30": "4.41300", "2017-03-31": "21.07400", "2016-12-31": "34.67500", "2016-09-30": "33.02300", "2016-06-30": "39.28600", "2016-03-31": "51.35600", "2015-12-31": "42.94200", "2015-09-30": "69.53900", "2015-06-30": "7.56500", "2015-03-31": "77.44400", "2014-12-31": "68.91000", "2014-09-30": "41.41800", "2014-06-30": "30.84200", "2014-03-31": "48.88900", "2013-12-31": "", "2012-12-31": ""}, "Other Income": {"2020-09-30": "", "2020-06-30": "", "2020-03-31": "", "2019-12-31": "", "2019-09-30": "", "2019-06-30": "", "2019-03-31": "", "2018-12-31": "", "2018-09-30": "", "2018-06-30": "", "2018-03-31": "", "2017-12-31": "", "2017-09-30": "", "2017-06-30": "", "2017-03-31": "", "2016-12-31": "", "2016-09-30": "", "2016-06-30": "", "2016-03-31": "", "2015-12-31": "", "2015-09-30": "", "2015-06-30": "", "2015-03-31": "", "2014-12-31": "0.00000", "2014-09-30": "", "2014-06-30": "", "2014-03-31": "", "2013-12-31": "", "2012-12-31": ""}, "Income From Continuous Operations": {"2020-09-30": "199.70800", "2020-06-30": "335.28500", "2020-03-31": "388.23800", "2019-12-31": "-29.41700", "2019-09-30": "-5.18400", "2019-06-30": "-55.48500", "2019-03-31": "-13.61900", "2018-12-31": "147.93800", "2018-09-30": "15.61000", "2018-06-30": "46.62200", "2018-03-31": "410.02200", "2017-12-31": "33.40100", "2017-09-30": "-39.99000", "2017-06-30": "4.41300", "2017-03-31": "21.07400", "2016-12-31": "34.67500", "2016-09-30": "33.02300", "2016-06-30": "39.28600", "2016-03-31": "51.35600", "2015-12-31": "42.94200", "2015-09-30": "69.53900", "2015-06-30": "7.56500", "2015-03-31": "77.44400", "2014-12-31": "68.92000", "2014-09-30": "41.41800", "2014-06-30": "30.84200", "2014-03-31": "48.88900", "2013-12-31": "", "2012-12-31": ""}, "Income From Discontinued Operations": {"2020-09-30": "", "2020-06-30": "", "2020-03-31": "", "2019-12-31": "", "2019-09-30": "", "2019-06-30": "", "2019-03-31": "", "2018-12-31": "", "2018-09-30": "", "2018-06-30": "", "2018-03-31": "", "2017-12-31": "", "2017-09-30": "", "2017-06-30": "", "2017-03-31": "", "2016-12-31": "", "2016-09-30": "", "2016-06-30": "", "2016-03-31": "", "2015-12-31": "", "2015-09-30": "", "2015-06-30": "", "2015-03-31": "", "2014-12-31": "0.00000", "2014-09-30": "", "2014-06-30": "", "2014-03-31": "", "2013-12-31": "", "2012-12-31": ""}, "Net Income": {"2020-09-30": "116.70900", "2020-06-30": "199.14200", "2020-03-31": "221.06900", "2019-12-31": "-17.71900", "2019-09-30": "-4.31200", "2019-06-30": "-29.89100", "2019-03-31": "-6.67300", "2018-12-31": "80.86900", "2018-09-30": "8.61200", "2018-06-30": "25.20900", "2018-03-31": "174.75100", "2017-12-31": "10.97600", "2017-09-30": "-13.51800", "2017-06-30": "0.90100", "2017-03-31": "4.58000", "2016-12-31": "7.22800", "2016-09-30": "7.02600", "2016-06-30": "8.37800", "2016-03-31": "10.34800", "2015-12-31": "-69.33700", "2015-09-30": "12.30600", "2015-06-30": "0.47400", "2015-03-31": "77.44400", "2014-12-31": "68.92000", "2014-09-30": "41.41800", "2014-06-30": "30.84200", "2014-03-31": "48.88900", "2013-12-31": "", "2012-12-31": ""}, "EBITDA": {"2020-09-30": "326.39200", "2020-06-30": "484.22200", "2020-03-31": "548.94000", "2019-12-31": "86.31810", "2019-09-30": "68.37900", "2019-06-30": "8.05800", "2019-03-31": "68.39500", "2018-12-31": "211.51800", "2018-09-30": "89.18100", "2018-06-30": "113.86500", "2018-03-31": "531.95400", "2017-12-31": "194.65400", "2017-09-30": "14.47500", "2017-06-30": "31.89800", "2017-03-31": "43.18600", "2016-12-31": "64.85200", "2016-09-30": "61.21800", "2016-06-30": "66.77400", "2016-03-31": "80.48700", "2015-12-31": "68.59100", "2015-09-30": "100.43700", "2015-06-30": "35.08900", "2015-03-31": "99.83000", "2014-12-31": "105.10000", "2014-09-30": "63.28800", "2014-06-30": "49.66000", "2014-03-31": "67.20300", "2013-12-31": "", "2012-12-31": ""}, "EBIT": {"2020-09-30": "279.88900", "2020-06-30": "433.37600", "2020-03-31": "507.66500", "2019-12-31": "13.92910", "2019-09-30": "28.71800", "2019-06-30": "-29.75500", "2019-03-31": "29.16500", "2018-12-31": "189.39510", "2018-09-30": "61.99100", "2018-06-30": "84.63100", "2018-03-31": "502.16000", "2017-12-31": "164.12200", "2017-09-30": "-15.25300", "2017-06-30": "20.12600", "2017-03-31": "36.16200", "2016-12-31": "51.90900", "2016-09-30": "53.48900", "2016-06-30": "58.51100", "2016-03-31": "72.23900", "2015-12-31": "60.46700", "2015-09-30": "91.74400", "2015-06-30": "26.40300", "2015-03-31": "89.73800", "2014-12-31": "84.21000", "2014-09-30": "54.32500", "2014-06-30": "41.77300", "2014-03-31": "60.31800", "2013-12-31": "", "2012-12-31": ""}, "Basic Shares Outstanding": {"2020-09-30": "122.68700", "2020-06-30": "121.52800", "2020-03-31": "119.75700", "2019-12-31": "113.91810", "2019-09-30": "117.54900", "2019-06-30": "112.82800", "2019-03-31": "107.32000", "2018-12-31": "100.87580", "2018-09-30": "106.69200", "2018-06-30": "99.54300", "2018-03-31": "90.69900", "2017-12-31": "62.57920", "2017-09-30": "79.19900", "2017-06-30": "40.81420", "2017-03-31": "40.39840", "2016-12-31": "38.53910", "2016-09-30": "38.35100", "2016-06-30": "38.23100", "2016-03-31": "38.21000", "2015-12-31": "34.96430", "2015-09-30": "34.30500", "2015-06-30": "34.30500", "2015-03-31": "", "2014-12-31": "", "2014-09-30": "", "2014-06-30": "", "2014-03-31": "", "2013-12-31": "", "2012-12-31": ""}, "Shares Outstanding": {"2020-09-30": "123.77200", "2020-06-30": "122.23900", "2020-03-31": "119.78800", "2019-12-31": "113.91810", "2019-09-30": "117.54900", "2019-06-30": "112.82800", "2019-03-31": "107.32000", "2018-12-31": "102.08910", "2018-09-30": "107.12800", "2018-06-30": "101.62000", "2018-03-31": "92.40600", "2017-12-31": "62.57920", "2017-09-30": "79.19900", "2017-06-30": "40.81420", "2017-03-31": "40.39840", "2016-12-31": "38.53910", "2016-09-30": "38.35100", "2016-06-30": "38.23100", "2016-03-31": "38.48900", "2015-12-31": "35.33960", "2015-09-30": "34.73900", "2015-06-30": "34.52900", "2015-03-31": "", "2014-12-31": "", "2014-09-30": "", "2014-06-30": "", "2014-03-31": "", "2013-12-31": "", "2012-12-31": ""}, "Basic EPS": {"2020-09-30": "0.92000", "2020-06-30": "1.59000", "2020-03-31": "1.80000", "2019-12-31": "-0.15000", "2019-09-30": "-0.04000", "2019-06-30": "-0.27000", "2019-03-31": "-0.07000", "2018-12-31": "0.60000", "2018-09-30": "0.08000", "2018-06-30": "0.25000", "2018-03-31": "1.89000", "2017-12-31": "0.09000", "2017-09-30": "-0.17000", "2017-06-30": "0.01000", "2017-03-31": "0.10000", "2016-12-31": "0.17000", "2016-09-30": "0.18000", "2016-06-30": "0.21000", "2016-03-31": "0.27000", "2015-12-31": "0.23000", "2015-09-30": "0.36000", "2015-06-30": "0.01000", "2015-03-31": "", "2014-12-31": "", "2014-09-30": "", "2014-06-30": "", "2014-03-31": "", "2013-12-31": "", "2012-12-31": ""}, "EPS - Earnings Per Share": {"2020-09-30": "0.92000", "2020-06-30": "1.58000", "2020-03-31": "1.80000", "2019-12-31": "-0.15000", "2019-09-30": "-0.04000", "2019-06-30": "-0.27000", "2019-03-31": "-0.07000", "2018-12-31": "0.60000", "2018-09-30": "0.08000", "2018-06-30": "0.24000", "2018-03-31": "1.86000", "2017-12-31": "0.09000", "2017-09-30": "-0.17000", "2017-06-30": "0.01000", "2017-03-31": "0.10000", "2016-12-31": "0.18000", "2016-09-30": "0.18000", "2016-06-30": "0.21000", "2016-03-31": "0.26000", "2015-12-31": "0.23000", "2015-09-30": "0.35000", "2015-06-30": "0.01000", "2015-03-31": "0.00000", "2014-12-31": "0.00000", "2014-09-30": "0.00000", "2014-06-30": "0.00000", "2014-03-31": "0.00000", "2013-12-31": "0.00000", "2012-12-31": "0.00000"}}, "balance sheet": {"Cash On Hand": {"2019-12-31": "2845.07500", "2018-12-31": "2151.20600", "2017-12-31": "2004.05900", "2016-12-31": "401.42000", "2015-12-31": "631.51200", "2014-12-31": "592.26100", "2013-12-31": "936.72110", "2012-12-31": ""}, "Receivables": {"2019-12-31": "1422.11500", "2018-12-31": "1112.01600", "2017-12-31": "972.01800", "2016-12-31": "448.72800", "2015-12-31": "476.53600", "2014-12-31": "387.65200", "2013-12-31": "427.74100", "2012-12-31": ""}, "Inventory": {"2019-12-31": "", "2018-12-31": "", "2017-12-31": "", "2016-12-31": "", "2015-12-31": "", "2014-12-31": "", "2013-12-31": "", "2012-12-31": ""}, "Pre-Paid Expenses": {"2019-12-31": "", "2018-12-31": "", "2017-12-31": "", "2016-12-31": "", "2015-12-31": "", "2014-12-31": "", "2013-12-31": "", "2012-12-31": ""}, "Other Current Assets": {"2019-12-31": "", "2018-12-31": "", "2017-12-31": "", "2016-12-31": "", "2015-12-31": "", "2014-12-31": "", "2013-12-31": "", "2012-12-31": ""}, "Total Current Assets": {"2019-12-31": "4267.19000", "2018-12-31": "3263.22200", "2017-12-31": "2976.07700", "2016-12-31": "850.14790", "2015-12-31": "1108.04800", "2014-12-31": "979.91300", "2013-12-31": "1364.46200", "2012-12-31": ""}, "Property, Plant, And Equipment": {"2019-12-31": "116.08900", "2018-12-31": "113.32200", "2017-12-31": "137.01800", "2016-12-31": "29.66000", "2015-12-31": "37.50100", "2014-12-31": "44.64400", "2013-12-31": "37.58500", "2012-12-31": ""}, "Long-Term Investments": {"2019-12-31": "2765.69000", "2018-12-31": "2639.92100", "2017-12-31": "2712.62200", "2016-12-31": "1827.88200", "2015-12-31": "1297.21400", "2014-12-31": "1544.30800", "2013-12-31": "1803.41300", "2012-12-31": ""}, "Goodwill And Intangible Assets": {"2019-12-31": "1678.56400", "2018-12-31": "920.57200", "2017-12-31": "956.10700", "2016-12-31": "716.37100", "2015-12-31": "716.58200", "2014-12-31": "716.79300", "2013-12-31": "717.00500", "2012-12-31": "0.00000"}, "Other Long-Term Assets": {"2019-12-31": "252.64000", "2018-12-31": "243.58200", "2017-12-31": "412.42200", "2016-12-31": "74.47000", "2015-12-31": "38.84500", "2014-12-31": "32.82300", "2013-12-31": "41.10500", "2012-12-31": ""}, "Total Long-Term Assets": {"2019-12-31": "5027.65400", "2018-12-31": "4117.75600", "2017-12-31": "4343.92900", "2016-12-31": "2842.24200", "2015-12-31": "2283.88200", "2014-12-31": "2339.54500", "2013-12-31": "2599.10800", "2012-12-31": ""}, "Total Assets": {"2019-12-31": "9609.37000", "2018-12-31": "7380.97800", "2017-12-31": "7320.00600", "2016-12-31": "3692.39000", "2015-12-31": "3391.93000", "2014-12-31": "3319.45800", "2013-12-31": "3963.57000", "2012-12-31": "0.00000"}, "Total Current Liabilities": {"2019-12-31": "5827.92200", "2018-12-31": "4764.83900", "2017-12-31": "4632.84000", "2016-12-31": "2361.61700", "2015-12-31": "2122.07200", "2014-12-31": "2317.03600", "2013-12-31": "3002.55700", "2012-12-31": ""}, "Long Term Debt": {"2019-12-31": "1917.86600", "2018-12-31": "907.03700", "2017-12-31": "1388.54800", "2016-12-31": "564.95700", "2015-12-31": "493.58900", "2014-12-31": "495.72400", "2013-12-31": "507.72500", "2012-12-31": ""}, "Other Non-Current Liabilities": {"2019-12-31": "269.28200", "2018-12-31": "214.40300", "2017-12-31": "147.04000", "2016-12-31": "231.40400", "2015-12-31": "218.39900", "2014-12-31": "", "2013-12-31": "", "2012-12-31": ""}, "Total Long Term Liabilities": {"2019-12-31": "2552.51200", "2018-12-31": "1121.44000", "2017-12-31": "1535.58800", "2016-12-31": "796.36100", "2015-12-31": "711.98800", "2014-12-31": "790.15700", "2013-12-31": "757.72500", "2012-12-31": ""}, "Total Liabilities": {"2019-12-31": "8380.43400", "2018-12-31": "5886.27900", "2017-12-31": "6168.42800", "2016-12-31": "3157.97800", "2015-12-31": "2834.06000", "2014-12-31": "3107.19300", "2013-12-31": "3760.28200", "2012-12-31": "0.00000"}, "Common Stock Net": {"2019-12-31": "0.00200", "2018-12-31": "0.00200", "2017-12-31": "0.00200", "2016-12-31": "0.00100", "2015-12-31": "0.00100", "2014-12-31": "307.35300", "2013-12-31": "275.98800", "2012-12-31": "0.00000"}, "Retained Earnings (Accumulated Deficit)": {"2019-12-31": "-90.37400", "2018-12-31": "96.51300", "2017-12-31": "-62.12900", "2016-12-31": "-1.25400", "2015-12-31": "3.52500", "2014-12-31": "-91.38300", "2013-12-31": "-74.02700", "2012-12-31": ""}, "Comprehensive Income": {"2019-12-31": "-0.64700", "2018-12-31": "-0.08200", "2017-12-31": "2.99100", "2016-12-31": "-0.25200", "2015-12-31": "0.09900", "2014-12-31": "-3.70500", "2013-12-31": "1.32700", "2012-12-31": ""}, "Other Share Holders Equity": {"2019-12-31": "", "2018-12-31": "", "2017-12-31": "", "2016-12-31": "", "2015-12-31": "", "2014-12-31": "", "2013-12-31": "", "2012-12-31": "0.00000"}, "Share Holder Equity": {"2019-12-31": "1228.93600", "2018-12-31": "1494.69900", "2017-12-31": "1151.57800", "2016-12-31": "534.41200", "2015-12-31": "557.87000", "2014-12-31": "212.26500", "2013-12-31": "203.28800", "2012-12-31": "0.00000"}, "Total Liabilities And Share Holders Equity": {"2019-12-31": "9609.37000", "2018-12-31": "7380.97800", "2017-12-31": "7320.00600", "2016-12-31": "3692.39000", "2015-12-31": "3391.93000", "2014-12-31": "3319.45800", "2013-12-31": "3963.57000", "2012-12-31": "0.00000"}}, "balance sheet, quarterly": {"Cash On Hand": {"2020-09-30": "2009.21800", "2020-06-30": "2428.03400", "2020-03-31": "2202.33000", "2019-12-31": "2845.07500", "2019-09-30": "1992.56500", "2019-06-30": "1721.86200", "2019-03-31": "2076.84900", "2018-12-31": "2151.20600", "2018-09-30": "1731.73600", "2018-06-30": "1882.40200", "2018-03-31": "1869.95800", "2017-12-31": "2004.05900", "2017-09-30": "2094.64200", "2017-06-30": "1569.51300", "2017-03-31": "523.43000", "2016-12-31": "401.42000", "2016-09-30": "540.81100", "2016-06-30": "704.59600", "2016-03-31": "802.57900", "2015-12-31": "631.51200", "2015-09-30": "672.13800", "2015-06-30": "825.99800", "2015-03-31": "757.92690", "2014-12-31": "592.26100", "2014-09-30": "", "2014-06-30": "", "2014-03-31": "", "2013-12-31": "936.72000", "2012-12-31": ""}, "Receivables": {"2020-09-30": "2058.82000", "2020-06-30": "2716.78900", "2020-03-31": "3104.02100", "2019-12-31": "1422.11500", "2019-09-30": "1830.83900", "2019-06-30": "1541.74100", "2019-03-31": "1309.27000", "2018-12-31": "1112.01600", "2018-09-30": "1115.76400", "2018-06-30": "1051.92200", "2018-03-31": "1434.03900", "2017-12-31": "972.01800", "2017-09-30": "980.51800", "2017-06-30": "385.36800", "2017-03-31": "662.31300", "2016-12-31": "448.72800", "2016-09-30": "513.29200", "2016-06-30": "1349.36400", "2016-03-31": "629.91100", "2015-12-31": "476.53600", "2015-09-30": "560.71600", "2015-06-30": "691.16300", "2015-03-31": "461.18100", "2014-12-31": "387.65200", "2014-09-30": "", "2014-06-30": "", "2014-03-31": "", "2013-12-31": "427.74000", "2012-12-31": ""}, "Inventory": {"2020-09-30": "", "2020-06-30": "", "2020-03-31": "", "2019-12-31": "", "2019-09-30": "", "2019-06-30": "", "2019-03-31": "", "2018-12-31": "", "2018-09-30": "", "2018-06-30": "", "2018-03-31": "", "2017-12-31": "", "2017-09-30": "", "2017-06-30": "", "2017-03-31": "", "2016-12-31": "", "2016-09-30": "", "2016-06-30": "", "2016-03-31": "", "2015-12-31": "", "2015-09-30": "", "2015-06-30": "", "2015-03-31": "", "2014-12-31": "", "2014-09-30": "", "2014-06-30": "", "2014-03-31": "", "2013-12-31": "", "2012-12-31": ""}, "Pre-Paid Expenses": {"2020-09-30": "", "2020-06-30": "", "2020-03-31": "", "2019-12-31": "", "2019-09-30": "", "2019-06-30": "", "2019-03-31": "", "2018-12-31": "", "2018-09-30": "", "2018-06-30": "", "2018-03-31": "", "2017-12-31": "", "2017-09-30": "", "2017-06-30": "", "2017-03-31": "", "2016-12-31": "", "2016-09-30": "", "2016-06-30": "", "2016-03-31": "", "2015-12-31": "", "2015-09-30": "", "2015-06-30": "", "2015-03-31": "", "2014-12-31": "", "2014-09-30": "", "2014-06-30": "", "2014-03-31": "", "2013-12-31": "", "2012-12-31": ""}, "Other Current Assets": {"2020-09-30": "", "2020-06-30": "", "2020-03-31": "", "2019-12-31": "", "2019-09-30": "", "2019-06-30": "", "2019-03-31": "", "2018-12-31": "", "2018-09-30": "", "2018-06-30": "", "2018-03-31": "", "2017-12-31": "", "2017-09-30": "", "2017-06-30": "", "2017-03-31": "", "2016-12-31": "", "2016-09-30": "", "2016-06-30": "", "2016-03-31": "", "2015-12-31": "", "2015-09-30": "", "2015-06-30": "", "2015-03-31": "", "2014-12-31": "", "2014-09-30": "", "2014-06-30": "", "2014-03-31": "", "2013-12-31": "", "2012-12-31": ""}, "Total Current Assets": {"2020-09-30": "4068.03800", "2020-06-30": "5144.82300", "2020-03-31": "5306.35100", "2019-12-31": "4267.19000", "2019-09-30": "3823.40400", "2019-06-30": "3263.60300", "2019-03-31": "3386.11900", "2018-12-31": "3263.22200", "2018-09-30": "2847.50000", "2018-06-30": "2934.32400", "2018-03-31": "3303.99700", "2017-12-31": "2976.07700", "2017-09-30": "3075.16000", "2017-06-30": "1954.88100", "2017-03-31": "1185.74300", "2016-12-31": "850.14790", "2016-09-30": "1054.10300", "2016-06-30": "2053.96000", "2016-03-31": "1432.49000", "2015-12-31": "1108.04800", "2015-09-30": "1232.85400", "2015-06-30": "1517.16100", "2015-03-31": "1219.10800", "2014-12-31": "979.91300", "2014-09-30": "", "2014-06-30": "", "2014-03-31": "", "2013-12-31": "1364.46000", "2012-12-31": ""}, "Property, Plant, And Equipment": {"2020-09-30": "116.55000", "2020-06-30": "114.08000", "2020-03-31": "113.98700", "2019-12-31": "116.08900", "2019-09-30": "117.23600", "2019-06-30": "117.89900", "2019-03-31": "154.75400", "2018-12-31": "113.32200", "2018-09-30": "117.50100", "2018-06-30": "129.24200", "2018-03-31": "128.67500", "2017-12-31": "137.01800", "2017-09-30": "144.68600", "2017-06-30": "33.00000", "2017-03-31": "34.07100", "2016-12-31": "29.66000", "2016-09-30": "30.69700", "2016-06-30": "32.16600", "2016-03-31": "33.01700", "2015-12-31": "37.50100", "2015-09-30": "42.44200", "2015-06-30": "47.11300", "2015-03-31": "41.77500", "2014-12-31": "44.64400", "2014-09-30": "", "2014-06-30": "", "2014-03-31": "", "2013-12-31": "94.98000", "2012-12-31": ""}, "Long-Term Investments": {"2020-09-30": "2817.19700", "2020-06-30": "2641.59300", "2020-03-31": "3093.82000", "2019-12-31": "2765.69000", "2019-09-30": "2674.83600", "2019-06-30": "3105.00200", "2019-03-31": "2952.44900", "2018-12-31": "2639.92100", "2018-09-30": "2926.75300", "2018-06-30": "2773.08300", "2018-03-31": "2907.60600", "2017-12-31": "2712.62200", "2017-09-30": "2902.40000", "2017-06-30": "1390.58700", "2017-03-31": "1899.97000", "2016-12-31": "1827.88200", "2016-09-30": "1439.96800", "2016-06-30": "1675.52200", "2016-03-31": "1523.67400", "2015-12-31": "1297.21400", "2015-09-30": "1454.55800", "2015-06-30": "2057.39200", "2015-03-31": "2077.10700", "2014-12-31": "1544.30800", "2014-09-30": "", "2014-06-30": "", "2014-03-31": "", "2013-12-31": "1803.41000", "2012-12-31": ""}, "Goodwill And Intangible Assets": {"2020-09-30": "1622.24300", "2020-06-30": "1640.65200", "2020-03-31": "1659.60600", "2019-12-31": "1678.56400", "2019-09-30": "1708.63000", "2019-06-30": "1728.60900", "2019-03-31": "1746.24400", "2018-12-31": "920.57200", "2018-09-30": "926.65200", "2018-06-30": "934.13200", "2018-03-31": "940.97000", "2017-12-31": "956.10700", "2017-09-30": "1012.34600", "2017-06-30": "719.40700", "2017-03-31": "716.31810", "2016-12-31": "716.37100", "2016-09-30": "716.42300", "2016-06-30": "716.47600", "2016-03-31": "716.52910", "2015-12-31": "716.58200", "2015-09-30": "716.63400", "2015-06-30": "716.68700", "2015-03-31": "716.74100", "2014-12-31": "716.79300", "2014-09-30": "0.00000", "2014-06-30": "0.00000", "2014-03-31": "0.00000", "2013-12-31": "717.00000", "2012-12-31": "0.00000"}, "Other Long-Term Assets": {"2020-09-30": "339.16100", "2020-06-30": "257.35200", "2020-03-31": "291.47300", "2019-12-31": "252.64000", "2019-09-30": "309.91100", "2019-06-30": "295.78600", "2019-03-31": "271.92100", "2018-12-31": "243.58200", "2018-09-30": "242.03700", "2018-06-30": "219.02300", "2018-03-31": "353.39400", "2017-12-31": "412.42200", "2017-09-30": "379.94900", "2017-06-30": "77.68100", "2017-03-31": "73.92100", "2016-12-31": "74.47000", "2016-09-30": "78.50900", "2016-06-30": "38.65900", "2016-03-31": "38.42100", "2015-12-31": "38.84500", "2015-09-30": "34.67600", "2015-06-30": "34.94400", "2015-03-31": "44.77400", "2014-12-31": "32.82300", "2014-09-30": "", "2014-06-30": "", "2014-03-31": "", "2013-12-31": "41.10000", "2012-12-31": ""}, "Total Long-Term Assets": {"2020-09-30": "5087.61800", "2020-06-30": "4849.52100", "2020-03-31": "5378.67300", "2019-12-31": "5027.65400", "2019-09-30": "5058.22500", "2019-06-30": "5499.52500", "2019-03-31": "5340.43100", "2018-12-31": "4117.75600", "2018-09-30": "4391.03000", "2018-06-30": "4236.83900", "2018-03-31": "4453.93400", "2017-12-31": "4343.92900", "2017-09-30": "4664.18500", "2017-06-30": "2418.96400", "2017-03-31": "2921.61000", "2016-12-31": "2842.24200", "2016-09-30": "2459.31800", "2016-06-30": "2651.31500", "2016-03-31": "2502.87900", "2015-12-31": "2283.88200", "2015-09-30": "2409.09200", "2015-06-30": "3019.55900", "2015-03-31": "2880.39700", "2014-12-31": "2339.54500", "2014-09-30": "", "2014-06-30": "", "2014-03-31": "", "2013-12-31": "2656.49000", "2012-12-31": ""}, "Total Assets": {"2020-09-30": "9442.72500", "2020-06-30": "10288.88000", "2020-03-31": "10987.35000", "2019-12-31": "9609.37000", "2019-09-30": "9186.74500", "2019-06-30": "9081.39700", "2019-03-31": "9076.97300", "2018-12-31": "7380.97800", "2018-09-30": "7238.53000", "2018-06-30": "7171.16300", "2018-03-31": "7757.93100", "2017-12-31": "7320.00600", "2017-09-30": "7739.34500", "2017-06-30": "4373.84500", "2017-03-31": "4107.35300", "2016-12-31": "3692.39000", "2016-09-30": "3513.42100", "2016-06-30": "4705.27500", "2016-03-31": "3935.36900", "2015-12-31": "3391.93000", "2015-09-30": "3641.94600", "2015-06-30": "4536.72000", "2015-03-31": "4099.50500", "2014-12-31": "3319.45800", "2014-09-30": "0.00000", "2014-06-30": "0.00000", "2014-03-31": "0.00000", "2013-12-31": "3963.57000", "2012-12-31": "0.00000"}, "Total Current Liabilities": {"2020-09-30": "5412.46700", "2020-06-30": "6259.75400", "2020-03-31": "6936.46400", "2019-12-31": "5827.92200", "2019-09-30": "5323.58000", "2019-06-30": "5152.94700", "2019-03-31": "5053.44400", "2018-12-31": "4764.83900", "2018-09-30": "4750.62800", "2018-06-30": "4502.16600", "2018-03-31": "5030.95200", "2017-12-31": "4632.84000", "2017-09-30": "4906.63700", "2017-06-30": "1996.40200", "2017-03-31": "2782.66000", "2016-12-31": "2361.61700", "2016-09-30": "2218.21900", "2016-06-30": "3448.38600", "2016-03-31": "2659.60300", "2015-12-31": "2122.07200", "2015-09-30": "2433.94100", "2015-06-30": "3352.06500", "2015-03-31": "3103.61800", "2014-12-31": "2317.03600", "2014-09-30": "", "2014-06-30": "", "2014-03-31": "", "2013-12-31": "3002.55000", "2012-12-31": ""}, "Long Term Debt": {"2020-09-30": "1636.82900", "2020-06-30": "1732.51600", "2020-03-31": "1915.54900", "2019-12-31": "1917.86600", "2019-09-30": "1934.35800", "2019-06-30": "1931.81100", "2019-03-31": "1977.71600", "2018-12-31": "907.03700", "2018-09-30": "904.02700", "2018-06-30": "1015.74800", "2018-03-31": "1121.46400", "2017-12-31": "1388.54800", "2017-09-30": "1434.62900", "2017-06-30": "1628.32300", "2017-03-31": "565.31700", "2016-12-31": "564.95700", "2016-09-30": "526.07700", "2016-06-30": "491.91700", "2016-03-31": "492.78200", "2015-12-31": "493.58900", "2015-09-30": "494.49800", "2015-06-30": "495.31200", "2015-03-31": "496.10000", "2014-12-31": "495.72400", "2014-09-30": "", "2014-06-30": "", "2014-03-31": "", "2013-12-31": "507.72000", "2012-12-31": ""}, "Other Non-Current Liabilities": {"2020-09-30": "255.99600", "2020-06-30": "255.99600", "2020-03-31": "255.99600", "2019-12-31": "269.28200", "2019-09-30": "256.70000", "2019-06-30": "256.70000", "2019-03-31": "214.40300", "2018-12-31": "214.40300", "2018-09-30": "199.26400", "2018-06-30": "211.62300", "2018-03-31": "147.04000", "2017-12-31": "147.04000", "2017-09-30": "232.55200", "2017-06-30": "231.63900", "2017-03-31": "229.38100", "2016-12-31": "231.40400", "2016-09-30": "226.04800", "2016-06-30": "218.39900", "2016-03-31": "218.39900", "2015-12-31": "218.39900", "2015-09-30": "184.67900", "2015-06-30": "184.67900", "2015-03-31": "", "2014-12-31": "", "2014-09-30": "", "2014-06-30": "", "2014-03-31": "", "2013-12-31": "250.00000", "2012-12-31": ""}, "Total Long Term Liabilities": {"2020-09-30": "2223.45100", "2020-06-30": "2328.11400", "2020-03-31": "2522.23200", "2019-12-31": "2552.51200", "2019-09-30": "2566.44800", "2019-06-30": "2576.58100", "2019-03-31": "2586.88300", "2018-12-31": "1121.44000", "2018-09-30": "1103.29100", "2018-06-30": "1227.37100", "2018-03-31": "1268.50400", "2017-12-31": "1535.58800", "2017-09-30": "1667.18100", "2017-06-30": "1859.96200", "2017-03-31": "794.69800", "2016-12-31": "796.36100", "2016-09-30": "752.12500", "2016-06-30": "710.31600", "2016-03-31": "711.18100", "2015-12-31": "711.98800", "2015-09-30": "679.17700", "2015-06-30": "679.99100", "2015-03-31": "790.53300", "2014-12-31": "790.15700", "2014-09-30": "", "2014-06-30": "", "2014-03-31": "", "2013-12-31": "757.72000", "2012-12-31": ""}, "Total Liabilities": {"2020-09-30": "7635.91800", "2020-06-30": "8587.86800", "2020-03-31": "9458.69600", "2019-12-31": "8380.43400", "2019-09-30": "7890.02800", "2019-06-30": "7729.52800", "2019-03-31": "7640.32700", "2018-12-31": "5886.27900", "2018-09-30": "5853.91900", "2018-06-30": "5729.53700", "2018-03-31": "6299.45600", "2017-12-31": "6168.42800", "2017-09-30": "6573.81800", "2017-06-30": "3856.36400", "2017-03-31": "3577.35800", "2016-12-31": "3157.97800", "2016-09-30": "2970.34400", "2016-06-30": "4158.70200", "2016-03-31": "3370.78400", "2015-12-31": "2834.06000", "2015-09-30": "3113.11800", "2015-06-30": "4032.05600", "2015-03-31": "3894.15100", "2014-12-31": "3107.19300", "2014-09-30": "0.00000", "2014-06-30": "0.00000", "2014-03-31": "0.00000", "2013-12-31": "3760.28000", "2012-12-31": "0.00000"}, "Common Stock Net": {"2020-09-30": "0.00200", "2020-06-30": "0.00200", "2020-03-31": "0.00200", "2019-12-31": "0.00200", "2019-09-30": "0.00200", "2019-06-30": "0.00200", "2019-03-31": "0.00200", "2018-12-31": "0.00200", "2018-09-30": "0.00200", "2018-06-30": "0.00200", "2018-03-31": "0.00200", "2017-12-31": "0.00200", "2017-09-30": "0.00200", "2017-06-30": "0.00100", "2017-03-31": "0.00100", "2016-12-31": "0.00100", "2016-09-30": "0.00100", "2016-06-30": "0.00100", "2016-03-31": "0.00100", "2015-12-31": "0.00100", "2015-09-30": "0.00100", "2015-06-30": "0.00100", "2015-03-31": "307.63100", "2014-12-31": "307.35300", "2014-09-30": "0.00000", "2014-06-30": "0.00000", "2014-03-31": "0.00000", "2013-12-31": "275.98000", "2012-12-31": "0.00000"}, "Retained Earnings (Accumulated Deficit)": {"2020-09-30": "343.81700", "2020-06-30": "259.87300", "2020-03-31": "91.29200", "2019-12-31": "-90.37400", "2019-09-30": "-40.12000", "2019-06-30": "-5.94900", "2019-03-31": "54.72300", "2018-12-31": "96.51300", "2018-09-30": "49.64700", "2018-06-30": "89.52100", "2018-03-31": "90.24200", "2017-12-31": "-62.12900", "2017-09-30": "-51.30400", "2017-06-30": "-16.05100", "2017-03-31": "-6.78800", "2016-12-31": "-1.25400", "2016-09-30": "1.16000", "2016-06-30": "3.51200", "2016-03-31": "4.49500", "2015-12-31": "3.52500", "2015-09-30": "12.78000", "2015-06-30": "0.47400", "2015-03-31": "-93.93900", "2014-12-31": "-91.38300", "2014-09-30": "", "2014-06-30": "", "2014-03-31": "", "2013-12-31": "-74.02000", "2012-12-31": ""}, "Comprehensive Income": {"2020-09-30": "-35.20300", "2020-06-30": "-39.56700", "2020-03-31": "-37.99900", "2019-12-31": "-0.64700", "2019-09-30": "-5.98600", "2019-06-30": "-1.67000", "2019-03-31": "-2.21800", "2018-12-31": "-0.08200", "2018-09-30": "0.72100", "2018-06-30": "1.09700", "2018-03-31": "4.23200", "2017-12-31": "2.99100", "2017-09-30": "2.59600", "2017-06-30": "1.44600", "2017-03-31": "-0.01700", "2016-12-31": "-0.25200", "2016-09-30": "0.60000", "2016-06-30": "0.45400", "2016-03-31": "0.80000", "2015-12-31": "0.09900", "2015-09-30": "1.31000", "2015-06-30": "0.41200", "2015-03-31": "-8.33800", "2014-12-31": "-3.70500", "2014-09-30": "", "2014-06-30": "", "2014-03-31": "", "2013-12-31": "", "2012-12-31": ""}, "Other Share Holders Equity": {"2020-09-30": "", "2020-06-30": "", "2020-03-31": "", "2019-12-31": "", "2019-09-30": "", "2019-06-30": "", "2019-03-31": "", "2018-12-31": "", "2018-09-30": "", "2018-06-30": "", "2018-03-31": "", "2017-12-31": "", "2017-09-30": "", "2017-06-30": "", "2017-03-31": "", "2016-12-31": "", "2016-09-30": "", "2016-06-30": "", "2016-03-31": "", "2015-12-31": "", "2015-09-30": "", "2015-06-30": "", "2015-03-31": "", "2014-12-31": "", "2014-09-30": "0.00000", "2014-06-30": "0.00000", "2014-03-31": "0.00000", "2013-12-31": "1.32000", "2012-12-31": "0.00000"}, "Share Holder Equity": {"2020-09-30": "1806.80700", "2020-06-30": "1701.00700", "2020-03-31": "1528.65700", "2019-12-31": "1228.93600", "2019-09-30": "1296.71700", "2019-06-30": "1351.86900", "2019-03-31": "1436.64600", "2018-12-31": "1494.69900", "2018-09-30": "1384.61100", "2018-06-30": "1441.62600", "2018-03-31": "1458.47500", "2017-12-31": "1151.57800", "2017-09-30": "1165.52700", "2017-06-30": "517.48100", "2017-03-31": "529.99500", "2016-12-31": "534.41200", "2016-09-30": "543.07700", "2016-06-30": "546.57300", "2016-03-31": "564.58500", "2015-12-31": "557.87000", "2015-09-30": "528.82800", "2015-06-30": "504.66400", "2015-03-31": "205.35400", "2014-12-31": "212.26500", "2014-09-30": "0.00000", "2014-06-30": "0.00000", "2014-03-31": "0.00000", "2013-12-31": "203.28000", "2012-12-31": "0.00000"}, "Total Liabilities And Share Holders Equity": {"2020-09-30": "9442.72500", "2020-06-30": "10288.88000", "2020-03-31": "10987.35000", "2019-12-31": "9609.37000", "2019-09-30": "9186.74500", "2019-06-30": "9081.39700", "2019-03-31": "9076.97300", "2018-12-31": "7380.97800", "2018-09-30": "7238.53000", "2018-06-30": "7171.16300", "2018-03-31": "7757.93100", "2017-12-31": "7320.00600", "2017-09-30": "7739.34500", "2017-06-30": "4373.84500", "2017-03-31": "4107.35300", "2016-12-31": "3692.39000", "2016-09-30": "3513.42100", "2016-06-30": "4705.27500", "2016-03-31": "3935.36900", "2015-12-31": "3391.93000", "2015-09-30": "3641.94600", "2015-06-30": "4536.72000", "2015-03-31": "4099.50500", "2014-12-31": "3319.45800", "2014-09-30": "0.00000", "2014-06-30": "0.00000", "2014-03-31": "0.00000", "2013-12-31": "3963.57000", "2012-12-31": "0.00000"}}, "cash flow statement": {"Net Income/Loss": {"2019-12-31": "-103.70500", "2018-12-31": "620.19200", "2017-12-31": "18.89800", "2016-12-31": "158.34000", "2015-12-31": "197.49000", "2014-12-31": "190.05700", "2013-12-31": "182.20300", "2012-12-31": "87.56000"}, "Total Depreciation And Amortization - Cash Flow": {"2019-12-31": "189.09300", "2018-12-31": "108.34100", "2017-12-31": "79.05600", "2016-12-31": "37.18300", "2015-12-31": "35.59500", "2014-12-31": "31.98600", "2013-12-31": "28.79400", "2012-12-31": "93.90700"}, "Other Non-Cash Items": {"2019-12-31": "120.36900", "2018-12-31": "-268.11200", "2017-12-31": "43.60000", "2016-12-31": "35.53700", "2015-12-31": "73.46100", "2014-12-31": "12.40800", "2013-12-31": "25.67100", "2012-12-31": "12.82400"}, "Total Non-Cash Items": {"2019-12-31": "309.46200", "2018-12-31": "-159.77100", "2017-12-31": "122.65600", "2016-12-31": "72.72000", "2015-12-31": "109.05600", "2014-12-31": "44.39400", "2013-12-31": "54.46500", "2012-12-31": "106.73100"}, "Change In Accounts Receivable": {"2019-12-31": "140.71000", "2018-12-31": "-129.43100", "2017-12-31": "26.14500", "2016-12-31": "27.80800", "2015-12-31": "-88.88400", "2014-12-31": "40.08900", "2013-12-31": "-61.59800", "2012-12-31": "199.93500"}, "Change In Inventories": {"2019-12-31": "-132.17600", "2018-12-31": "322.58400", "2017-12-31": "87.50200", "2016-12-31": "-54.12800", "2015-12-31": "72.85500", "2014-12-31": "-186.01300", "2013-12-31": "-83.37700", "2012-12-31": "88.99400"}, "Change In Accounts Payable": {"2019-12-31": "107.26600", "2018-12-31": "-148.76400", "2017-12-31": "-516.37600", "2016-12-31": "209.37400", "2015-12-31": "-199.59900", "2014-12-31": "155.97400", "2013-12-31": "277.72100", "2012-12-31": "-214.45500"}, "Change In Assets/Liabilities": {"2019-12-31": "-152.78600", "2018-12-31": "209.78500", "2017-12-31": "551.74900", "2016-12-31": "-174.51500", "2015-12-31": "169.36200", "2014-12-31": "28.19800", "2013-12-31": "-110.05300", "2012-12-31": "-108.31900"}, "Total Change In Assets/Liabilities": {"2019-12-31": "-36.98600", "2018-12-31": "254.17400", "2017-12-31": "149.02010", "2016-12-31": "8.53900", "2015-12-31": "-46.26600", "2014-12-31": "38.24800", "2013-12-31": "22.69300", "2012-12-31": "-33.84500"}, "Cash Flow From Operating Activities": {"2019-12-31": "168.77100", "2018-12-31": "714.59500", "2017-12-31": "290.57400", "2016-12-31": "239.59900", "2015-12-31": "260.28000", "2014-12-31": "272.69900", "2013-12-31": "259.36100", "2012-12-31": "160.44600"}, "Net Change In Property, Plant, And Equipment": {"2019-12-31": "-57.81200", "2018-12-31": "-47.94900", "2017-12-31": "-33.09000", "2016-12-31": "-20.26300", "2015-12-31": "-24.29900", "2014-12-31": "-36.15900", "2013-12-31": "-32.01600", "2012-12-31": "-27.05600"}, "Net Change In Intangible Assets": {"2019-12-31": "", "2018-12-31": "", "2017-12-31": "", "2016-12-31": "", "2015-12-31": "", "2014-12-31": "", "2013-12-31": "", "2012-12-31": ""}, "Net Acquisitions/Divestitures": {"2019-12-31": "-835.58100", "2018-12-31": "400.19200", "2017-12-31": "-804.92600", "2016-12-31": "", "2015-12-31": "", "2014-12-31": "", "2013-12-31": "", "2012-12-31": "-1.30000"}, "Net Change In Short-term Investments": {"2019-12-31": "", "2018-12-31": "", "2017-12-31": "", "2016-12-31": "", "2015-12-31": "", "2014-12-31": "", "2013-12-31": "", "2012-12-31": ""}, "Net Change In Long-Term Investments": {"2019-12-31": "-6.25000", "2018-12-31": "-23.66900", "2017-12-31": "", "2016-12-31": "-38.75400", "2015-12-31": "", "2014-12-31": "", "2013-12-31": "", "2012-12-31": ""}, "Net Change In Investments - Total": {"2019-12-31": "-6.25000", "2018-12-31": "-23.66900", "2017-12-31": "", "2016-12-31": "-38.75400", "2015-12-31": "", "2014-12-31": "", "2013-12-31": "", "2012-12-31": ""}, "Investing Activities - Other": {"2019-12-31": "", "2018-12-31": "0.60000", "2017-12-31": "", "2016-12-31": "", "2015-12-31": "", "2014-12-31": "", "2013-12-31": "", "2012-12-31": ""}, "Cash Flow From Investing Activities": {"2019-12-31": "-899.64300", "2018-12-31": "329.17400", "2017-12-31": "-838.01600", "2016-12-31": "-59.01700", "2015-12-31": "-24.29900", "2014-12-31": "-36.15900", "2013-12-31": "-32.01600", "2012-12-31": "-28.35600"}, "Net Long-Term Debt": {"2019-12-31": "1492.50000", "2018-12-31": "", "2017-12-31": "634.04900", "2016-12-31": "75.75300", "2015-12-31": "-2.91400", "2014-12-31": "-7.28600", "2013-12-31": "247.07500", "2012-12-31": "-48.00000"}, "Net Current Debt": {"2019-12-31": "-460.06500", "2018-12-31": "-515.00000", "2017-12-31": "-249.47300", "2016-12-31": "-23.82500", "2015-12-31": "45.00000", "2014-12-31": "-72.80000", "2013-12-31": "-7.20000", "2012-12-31": "54.00000"}, "Debt Issuance/Retirement Net - Total": {"2019-12-31": "1032.43500", "2018-12-31": "-515.00000", "2017-12-31": "384.57600", "2016-12-31": "51.92800", "2015-12-31": "42.08600", "2014-12-31": "-80.08600", "2013-12-31": "239.87500", "2012-12-31": "6.00000"}, "Net Common Equity Issued/Repurchased": {"2019-12-31": "-15.51800", "2018-12-31": "1.37000", "2017-12-31": "722.14800", "2016-12-31": "-7.34300", "2015-12-31": "43.27400", "2014-12-31": "-0.91600", "2013-12-31": "-0.57300", "2012-12-31": "-0.35200"}, "Net Total Equity Issued/Repurchased": {"2019-12-31": "-15.51800", "2018-12-31": "1.37000", "2017-12-31": "722.14800", "2016-12-31": "-7.34300", "2015-12-31": "43.27400", "2014-12-31": "-0.91600", "2013-12-31": "-0.57300", "2012-12-31": "-0.35200"}, "Total Common And Preferred Stock Dividends Paid": {"2019-12-31": "-112.41400", "2018-12-31": "-100.32900", "2017-12-31": "-63.81400", "2016-12-31": "-37.75900", "2015-12-31": "-17.36200", "2014-12-31": "", "2013-12-31": "", "2012-12-31": ""}, "Financial Activities - Other": {"2019-12-31": "-134.92300", "2018-12-31": "-221.52300", "2017-12-31": "-153.11300", "2016-12-31": "-168.06300", "2015-12-31": "-212.35300", "2014-12-31": "-140.65200", "2013-12-31": "-441.99700", "2012-12-31": "-134.40800"}, "Cash Flow From Financial Activities": {"2019-12-31": "769.58000", "2018-12-31": "-835.48200", "2017-12-31": "889.79700", "2016-12-31": "-161.23700", "2015-12-31": "-144.35500", "2014-12-31": "-221.65400", "2013-12-31": "-202.69500", "2012-12-31": "-128.76000"}, "Net Cash Flow": {"2019-12-31": "37.23300", "2018-12-31": "203.16000", "2017-12-31": "351.47200", "2016-12-31": "18.18000", "2015-12-31": "87.37100", "2014-12-31": "9.85400", "2013-12-31": "26.03200", "2012-12-31": "3.87800"}, "Stock-Based Compensation": {"2019-12-31": "71.72800", "2018-12-31": "31.93400", "2017-12-31": "26.25900", "2016-12-31": "22.86600", "2015-12-31": "61.87800", "2014-12-31": "14.23400", "2013-12-31": "13.44100", "2012-12-31": "8.39800"}, "Common Stock Dividends Paid": {"2019-12-31": "-112.41400", "2018-12-31": "-100.32900", "2017-12-31": "-63.81400", "2016-12-31": "-37.75900", "2015-12-31": "-17.36200", "2014-12-31": "", "2013-12-31": "", "2012-12-31": ""}}, "cash flow statement, quarterly": {"Net Income/Loss": {"2020-09-30": 199.705, "2020-06-30": 335.285, "2020-03-31": "388.23800", "2019-12-31": -29.417, "2019-09-30": -5.184, "2019-06-30": -55.485, "2019-03-31": "-13.61900", "2018-12-31": 147.937, "2018-09-30": 15.61, "2018-06-30": 46.623, "2018-03-31": "410.02200", "2017-12-31": 33.401, "2017-09-30": -39.99, "2017-06-30": 4.413, "2017-03-31": "21.07400", "2016-12-31": 34.675, "2016-09-30": 33.023, "2016-06-30": 39.286, "2016-03-31": "51.35600", "2015-12-31": 42.942, "2015-09-30": 69.539, "2015-06-30": 7.565, "2015-03-31": "77.44400", "2014-12-31": 68.901, "2014-09-30": 41.418, "2014-06-30": 30.842, "2014-03-31": "48.88900", "2013-12-31": 94.64, "2012-12-31": 87.56}, "Total Depreciation And Amortization - Cash Flow": {"2020-09-30": 46.503, "2020-06-30": 50.846, "2020-03-31": "41.27500", "2019-12-31": 72.389, "2019-09-30": 39.661, "2019-06-30": 37.813, "2019-03-31": "39.23000", "2018-12-31": 22.123, "2018-09-30": 27.19, "2018-06-30": 29.234, "2018-03-31": "29.79400", "2017-12-31": 30.532, "2017-09-30": 29.728, "2017-06-30": 11.772, "2017-03-31": "7.02400", "2016-12-31": 12.943, "2016-09-30": 7.729, "2016-06-30": 8.263, "2016-03-31": "8.24800", "2015-12-31": 8.124, "2015-09-30": 8.693, "2015-06-30": 8.686, "2015-03-31": "10.09200", "2014-12-31": 8.245, "2014-09-30": 8.963, "2014-06-30": 7.887, "2014-03-31": "6.88500", "2013-12-31": -65.11, "2012-12-31": 93.9}, "Other Non-Cash Items": {"2020-09-30": -68.314, "2020-06-30": 33.426, "2020-03-31": "21.54300", "2019-12-31": 9.217, "2019-09-30": 26.987, "2019-06-30": 45.037, "2019-03-31": "39.12800", "2018-12-31": 0.472, "2018-09-30": 15.885, "2018-06-30": 20.999, "2018-03-31": "-305.46800", "2017-12-31": 32.472, "2017-09-30": 2.047, "2017-06-30": 1.339, "2017-03-31": "7.74200", "2016-12-31": 17.591, "2016-09-30": 5.795, "2016-06-30": 5.802, "2016-03-31": "6.34900", "2015-12-31": 10.271, "2015-09-30": 4.491, "2015-06-30": 50.383, "2015-03-31": "8.31600", "2014-12-31": 2.329, "2014-09-30": 3.098, "2014-06-30": 1.951, "2014-03-31": "5.03000", "2013-12-31": 0, "2012-12-31": 0}, "Total Non-Cash Items": {"2020-09-30": -21.811, "2020-06-30": 84.272, "2020-03-31": "62.81800", "2019-12-31": 81.606, "2019-09-30": 66.648, "2019-06-30": 82.85, "2019-03-31": "78.35800", "2018-12-31": 22.595, "2018-09-30": 43.075, "2018-06-30": 50.233, "2018-03-31": "-275.67400", "2017-12-31": 63.004, "2017-09-30": 31.775, "2017-06-30": 13.111, "2017-03-31": "14.76600", "2016-12-31": 30.534, "2016-09-30": 13.524, "2016-06-30": 14.065, "2016-03-31": "14.59700", "2015-12-31": 18.395, "2015-09-30": 13.184, "2015-06-30": 59.069, "2015-03-31": "18.40800", "2014-12-31": -1.834, "2014-09-30": 12.061, "2014-06-30": 9.838, "2014-03-31": "11.91500", "2013-12-31": -65.11, "2012-12-31": 93.9}, "Change In Accounts Receivable": {"2020-09-30": 657.969, "2020-06-30": 387.232, "2020-03-31": "-1681.90600", "2019-12-31": 408.724, "2019-09-30": -278.531, "2019-06-30": -232.471, "2019-03-31": "242.98800", "2018-12-31": -3.772, "2018-09-30": -45.755, "2018-06-30": 382.118, "2018-03-31": "-462.02200", "2017-12-31": 4.904, "2017-09-30": -42.119, "2017-06-30": 276.945, "2017-03-31": "-213.58500", "2016-12-31": 64.564, "2016-09-30": 41.785, "2016-06-30": 74.834, "2016-03-31": "-153.37500", "2015-12-31": 84.18, "2015-09-30": 130.447, "2015-06-30": -229.982, "2015-03-31": "-73.52900", "2014-12-31": 226.566, "2014-09-30": 17.602, "2014-06-30": 103.113, "2014-03-31": "-307.19200", "2013-12-31": 0, "2012-12-31": 0}, "Change In Inventories": {"2020-09-30": -7.135, "2020-06-30": -173.248, "2020-03-31": "140.86500", "2019-12-31": 91.688, "2019-09-30": -72.495, "2019-06-30": 28.472, "2019-03-31": "-179.84100", "2018-12-31": 211.161, "2018-09-30": -60.688, "2018-06-30": -122.544, "2018-03-31": "294.65500", "2017-12-31": 4.007, "2017-09-30": 25.728, "2017-06-30": -5.244, "2017-03-31": "63.01100", "2016-12-31": -84.937, "2016-09-30": -313.286, "2016-06-30": 363.814, "2016-03-31": "-19.71900", "2015-12-31": -183.802, "2015-09-30": 62.12, "2015-06-30": -98.506, "2015-03-31": "293.04300", "2014-12-31": -109.387, "2014-09-30": -267.159, "2014-06-30": -44.335, "2014-03-31": "234.86800", "2013-12-31": 0, "2012-12-31": 0}, "Change In Accounts Payable": {"2020-09-30": -524.866, "2020-06-30": 10.246, "2020-03-31": "298.47700", "2019-12-31": -197.799, "2019-09-30": 356.004, "2019-06-30": -319.297, "2019-03-31": "268.35800", "2018-12-31": -384.902, "2018-09-30": 204.73, "2018-06-30": 98.825, "2018-03-31": "-67.41700", "2017-12-31": -122.812, "2017-09-30": -95.49, "2017-06-30": -191.784, "2017-03-31": "-106.29000", "2016-12-31": 390.722, "2016-09-30": 691.48, "2016-06-30": -822.182, "2016-03-31": "-50.64600", "2015-12-31": 158.55, "2015-09-30": -240.405, "2015-06-30": -157.626, "2015-03-31": "39.88200", "2014-12-31": 107.043, "2014-09-30": 219.576, "2014-06-30": 48.324, "2014-03-31": "-218.96900", "2013-12-31": 0, "2012-12-31": 0}, "Change In Assets/Liabilities": {"2020-09-30": -319.5409, "2020-06-30": 74.1509, "2020-03-31": "572.84700", "2019-12-31": 160.191, "2019-09-30": -35.339, "2019-06-30": 328.575, "2019-03-31": "-606.21300", "2018-12-31": 408.065, "2018-09-30": -153.758, "2018-06-30": -263.965, "2018-03-31": "219.44300", "2017-12-31": 92.299, "2017-09-30": 253.474, "2017-06-30": -47.135, "2017-03-31": "253.11100", "2016-12-31": -383.101, "2016-09-30": -364.841, "2016-06-30": 364.172, "2016-03-31": "209.25500", "2015-12-31": -101.978, "2015-09-30": 24.187, "2015-06-30": 520.148, "2015-03-31": "-272.99500", "2014-12-31": -185.432, "2014-09-30": 25.287, "2014-06-30": -136.368, "2014-03-31": "324.71100", "2013-12-31": 0, "2012-12-31": 0}, "Total Change In Assets/Liabilities": {"2020-09-30": -193.573, "2020-06-30": 298.3809, "2020-03-31": "-669.71700", "2019-12-31": 462.804, "2019-09-30": -30.361, "2019-06-30": -194.721, "2019-03-31": "-274.70800", "2018-12-31": 230.552, "2018-09-30": -55.471, "2018-06-30": 94.434, "2018-03-31": "-15.34100", "2017-12-31": -21.6018, "2017-09-30": 141.5929, "2017-06-30": 32.782, "2017-03-31": "-3.75300", "2016-12-31": -12.752, "2016-09-30": 55.138, "2016-06-30": -19.362, "2016-03-31": "-14.48500", "2015-12-31": -43.05, "2015-09-30": -23.651, "2015-06-30": 34.034, "2015-03-31": "-13.59900", "2014-12-31": 38.782, "2014-09-30": -4.694, "2014-06-30": -29.266, "2014-03-31": "33.41800", "2013-12-31": 56.53, "2012-12-31": -33.84}, "Cash Flow From Operating Activities": {"2020-09-30": -15.679, "2020-06-30": 717.938, "2020-03-31": "-218.66100", "2019-12-31": 514.993, "2019-09-30": 31.103, "2019-06-30": -167.356, "2019-03-31": "-209.96900", "2018-12-31": 401.084, "2018-09-30": 3.214, "2018-06-30": 191.29, "2018-03-31": "119.00700", "2017-12-31": 74.803, "2017-09-30": 133.378, "2017-06-30": 50.306, "2017-03-31": "32.08700", "2016-12-31": 52.457, "2016-09-30": 101.685, "2016-06-30": 33.989, "2016-03-31": "51.46800", "2015-12-31": 18.287, "2015-09-30": 59.072, "2015-06-30": 100.668, "2015-03-31": "82.25300", "2014-12-31": 118.269, "2014-09-30": 48.785, "2014-06-30": 11.414, "2014-03-31": "94.22200", "2013-12-31": 98.92, "2012-12-31": 160.44}, "Net Change In Property, Plant, And Equipment": {"2020-09-30": -17.203, "2020-06-30": -13.116, "2020-03-31": "-18.86100", "2019-12-31": -15.073, "2019-09-30": -16.936, "2019-06-30": -14.896, "2019-03-31": "-10.90700", "2018-12-31": -10.803, "2018-09-30": -10.662, "2018-06-30": -14.963, "2018-03-31": "-11.52100", "2017-12-31": -11.229, "2017-09-30": -11.691, "2017-06-30": -4.311, "2017-03-31": "-5.85900", "2016-12-31": -5.286, "2016-09-30": -5.184, "2016-06-30": -6.503, "2016-03-31": "-3.29000", "2015-12-31": -3.691, "2015-09-30": -2.83, "2015-06-30": -11.462, "2015-03-31": "-6.31600", "2014-12-31": -8.488, "2014-09-30": -12.954, "2014-06-30": -6.711, "2014-03-31": "-7.99700", "2013-12-31": -4.96, "2012-12-31": -27.05}, "Net Change In Intangible Assets": {"2020-09-30": 0, "2020-06-30": 0, "2020-03-31": "", "2019-12-31": 0, "2019-09-30": 0, "2019-06-30": 0, "2019-03-31": "", "2018-12-31": 0, "2018-09-30": 0, "2018-06-30": 0, "2018-03-31": "", "2017-12-31": 0, "2017-09-30": 0, "2017-06-30": 0, "2017-03-31": "", "2016-12-31": 0, "2016-09-30": 0, "2016-06-30": 0, "2016-03-31": "", "2015-12-31": 0, "2015-09-30": 0, "2015-06-30": 0, "2015-03-31": "", "2014-12-31": 0, "2014-09-30": 0, "2014-06-30": 0, "2014-03-31": "", "2013-12-31": 0, "2012-12-31": 0}, "Net Acquisitions/Divestitures": {"2020-09-30": 60.592, "2020-06-30": 0, "2020-03-31": "", "2019-12-31": 0, "2019-09-30": 0, "2019-06-30": 0, "2019-03-31": "-835.58100", "2018-12-31": 0, "2018-09-30": 0, "2018-06-30": 0, "2018-03-31": "400.19200", "2017-12-31": -0.329, "2017-09-30": -798.893, "2017-06-30": -5.704, "2017-03-31": "", "2016-12-31": 0, "2016-09-30": 0, "2016-06-30": 0, "2016-03-31": "", "2015-12-31": 0, "2015-09-30": 0, "2015-06-30": 0, "2015-03-31": "", "2014-12-31": 0, "2014-09-30": 0, "2014-06-30": 0, "2014-03-31": "", "2013-12-31": 1.3, "2012-12-31": -1.3}, "Net Change In Short-term Investments": {"2020-09-30": 0, "2020-06-30": 0, "2020-03-31": "", "2019-12-31": 0, "2019-09-30": 0, "2019-06-30": 0, "2019-03-31": "", "2018-12-31": 0, "2018-09-30": 0, "2018-06-30": 0, "2018-03-31": "", "2017-12-31": 0, "2017-09-30": 0, "2017-06-30": 0, "2017-03-31": "", "2016-12-31": 0, "2016-09-30": 0, "2016-06-30": 0, "2016-03-31": "", "2015-12-31": 0, "2015-09-30": 0, "2015-06-30": 0, "2015-03-31": "", "2014-12-31": 0, "2014-09-30": 0, "2014-06-30": 0, "2014-03-31": "", "2013-12-31": 0, "2012-12-31": 0}, "Net Change In Long-Term Investments": {"2020-09-30": -3.252, "2020-06-30": -3.566, "2020-03-31": "-1.15000", "2019-12-31": -1.75, "2019-09-30": -1.5, "2019-06-30": -1.5, "2019-03-31": "-1.50000", "2018-12-31": -23.669, "2018-09-30": 0, "2018-06-30": 0, "2018-03-31": "", "2017-12-31": 0, "2017-09-30": 0, "2017-06-30": 0, "2017-03-31": "", "2016-12-31": 0, "2016-09-30": -38.754, "2016-06-30": 0, "2016-03-31": "", "2015-12-31": 0, "2015-09-30": 0, "2015-06-30": 0, "2015-03-31": "", "2014-12-31": 0, "2014-09-30": 0, "2014-06-30": 0, "2014-03-31": "", "2013-12-31": 0, "2012-12-31": 0}, "Net Change In Investments - Total": {"2020-09-30": -3.252, "2020-06-30": -3.566, "2020-03-31": "-1.15000", "2019-12-31": -1.75, "2019-09-30": -1.5, "2019-06-30": -1.5, "2019-03-31": "-1.50000", "2018-12-31": -23.669, "2018-09-30": 0, "2018-06-30": 0, "2018-03-31": "", "2017-12-31": 0, "2017-09-30": 0, "2017-06-30": 0, "2017-03-31": "", "2016-12-31": 0, "2016-09-30": -38.754, "2016-06-30": 0, "2016-03-31": "", "2015-12-31": 0, "2015-09-30": 0, "2015-06-30": 0, "2015-03-31": "", "2014-12-31": 0, "2014-09-30": 0, "2014-06-30": 0, "2014-03-31": "", "2013-12-31": 0, "2012-12-31": 0}, "Investing Activities - Other": {"2020-09-30": 0, "2020-06-30": 0, "2020-03-31": "", "2019-12-31": 0, "2019-09-30": 0, "2019-06-30": 0, "2019-03-31": "", "2018-12-31": 0, "2018-09-30": 0.6, "2018-06-30": 0, "2018-03-31": "", "2017-12-31": 0, "2017-09-30": 0, "2017-06-30": 0, "2017-03-31": "", "2016-12-31": 0, "2016-09-30": 0, "2016-06-30": 0, "2016-03-31": "", "2015-12-31": 0, "2015-09-30": 0, "2015-06-30": 0, "2015-03-31": "", "2014-12-31": 0, "2014-09-30": 0, "2014-06-30": 0, "2014-03-31": "", "2013-12-31": 0, "2012-12-31": 0}, "Cash Flow From Investing Activities": {"2020-09-30": 40.137, "2020-06-30": -16.682, "2020-03-31": "-20.01100", "2019-12-31": -16.823, "2019-09-30": -18.436, "2019-06-30": -16.396, "2019-03-31": "-847.98800", "2018-12-31": -34.472, "2018-09-30": -10.062, "2018-06-30": -14.963, "2018-03-31": "388.67100", "2017-12-31": -11.558, "2017-09-30": -810.584, "2017-06-30": -10.015, "2017-03-31": "-5.85900", "2016-12-31": -5.286, "2016-09-30": -43.938, "2016-06-30": -6.503, "2016-03-31": "-3.29000", "2015-12-31": -3.691, "2015-09-30": -2.83, "2015-06-30": -11.462, "2015-03-31": "-6.31600", "2014-12-31": -8.488, "2014-09-30": -12.954, "2014-06-30": -6.711, "2014-03-31": "-7.99700", "2013-12-31": -3.66, "2012-12-31": -28.35}, "Net Long-Term Debt": {"2020-09-30": -99.944, "2020-06-30": -188.556, "2020-03-31": "", "2019-12-31": 450, "2019-09-30": 0, "2019-06-30": -50, "2019-03-31": "1092.50000", "2018-12-31": 500, "2018-09-30": -115.154, "2018-06-30": -108.846, "2018-03-31": "-276.00000", "2017-12-31": 206.473, "2017-09-30": -680.987, "2017-06-30": 1109.913, "2017-03-31": "-1.35000", "2016-12-31": 46.5, "2016-09-30": 31.803, "2016-06-30": -1.275, "2016-03-31": "-1.27500", "2015-12-31": -1.275, "2015-09-30": -1.275, "2015-06-30": -0.364, "2015-03-31": "", "2014-12-31": -3.461, "2014-09-30": -1.275, "2014-06-30": -1.275, "2014-03-31": "-1.27500", "2013-12-31": 0, "2012-12-31": 0}, "Net Current Debt": {"2020-09-30": 98.7, "2020-06-30": -408.212, "2020-03-31": "358.90000", "2019-12-31": -523.813, "2019-09-30": -52.497, "2019-06-30": -11.371, "2019-03-31": "127.61600", "2018-12-31": -500, "2018-09-30": -30, "2018-06-30": 22.5, "2018-03-31": "-7.50000", "2017-12-31": -239.473, "2017-09-30": 2, "2017-06-30": -9, "2017-03-31": "-3.00000", "2016-12-31": 3.575, "2016-09-30": -50.4, "2016-06-30": 36, "2016-03-31": "-13.00000", "2015-12-31": 17, "2015-09-30": 28, "2015-06-30": 0, "2015-03-31": "", "2014-12-31": -52, "2014-09-30": -8, "2014-06-30": 25, "2014-03-31": "-37.80000", "2013-12-31": -61.2, "2012-12-31": 54}, "Debt Issuance/Retirement Net - Total": {"2020-09-30": -1.244, "2020-06-30": -596.768, "2020-03-31": "358.90000", "2019-12-31": -73.813, "2019-09-30": -52.497, "2019-06-30": -61.371, "2019-03-31": "1220.11600", "2018-12-31": 0, "2018-09-30": -145.154, "2018-06-30": -86.346, "2018-03-31": "-283.50000", "2017-12-31": -33, "2017-09-30": -678.987, "2017-06-30": 1100.913, "2017-03-31": "-4.35000", "2016-12-31": 50.075, "2016-09-30": -18.597, "2016-06-30": 34.725, "2016-03-31": "-14.27500", "2015-12-31": 15.725, "2015-09-30": 26.725, "2015-06-30": -0.364, "2015-03-31": "", "2014-12-31": 17.345, "2014-09-30": -9.275, "2014-06-30": 23.725, "2014-03-31": "-39.07500", "2013-12-31": 295.07, "2012-12-31": -48}, "Net Common Equity Issued/Repurchased": {"2020-09-30": 1.186, "2020-06-30": 7.332, "2020-03-31": "-6.59500", "2019-12-31": -3.913, "2019-09-30": -1.167, "2019-06-30": -2.492, "2019-03-31": "-7.94600", "2018-12-31": -8.24, "2018-09-30": -21.56, "2018-06-30": 32.038, "2018-03-31": "-0.86800", "2017-12-31": -13.678, "2017-09-30": 735.826, "2017-06-30": 0.441, "2017-03-31": "-0.44100", "2016-12-31": -6.637, "2016-09-30": 0.294, "2016-06-30": -0.5, "2016-03-31": "-0.50000", "2015-12-31": -5.842, "2015-09-30": 0, "2015-06-30": 49.713, "2015-03-31": "-0.59700", "2014-12-31": -0.234, "2014-09-30": -0.638, "2014-06-30": 0, "2014-03-31": "-0.04400", "2013-12-31": 0, "2012-12-31": 0}, "Net Total Equity Issued/Repurchased": {"2020-09-30": 1.186, "2020-06-30": 7.332, "2020-03-31": "-6.59500", "2019-12-31": -3.913, "2019-09-30": -1.167, "2019-06-30": -2.492, "2019-03-31": "-7.94600", "2018-12-31": -8.24, "2018-09-30": -21.56, "2018-06-30": 32.038, "2018-03-31": "-0.86800", "2017-12-31": -13.678, "2017-09-30": 735.826, "2017-06-30": 0.441, "2017-03-31": "-0.44100", "2016-12-31": -6.637, "2016-09-30": 0.294, "2016-06-30": -0.5, "2016-03-31": "-0.50000", "2015-12-31": -5.842, "2015-09-30": 0, "2015-06-30": 49.713, "2015-03-31": "-0.59700", "2014-12-31": -0.228, "2014-09-30": -0.638, "2014-06-30": 0, "2014-03-31": "-0.04400", "2013-12-31": -0.22, "2012-12-31": -0.35}, "Total Common And Preferred Stock Dividends Paid": {"2020-09-30": -30.347, "2020-06-30": -30.201, "2020-03-31": "-29.60200", "2019-12-31": -28.818, "2019-09-30": -28.692, "2019-06-30": -28.592, "2019-03-31": "-26.31200", "2018-12-31": -26.002, "2018-09-30": -26.016, "2018-06-30": -25.931, "2018-03-31": "-22.38000", "2017-12-31": -21.801, "2017-09-30": -21.735, "2017-06-30": -10.164, "2017-03-31": "-10.11400", "2016-12-31": -9.642, "2016-09-30": -9.378, "2016-06-30": -9.361, "2016-03-31": "-9.37800", "2015-12-31": -17.362, "2015-09-30": 0, "2015-06-30": 0, "2015-03-31": "", "2014-12-31": 0, "2014-09-30": 0, "2014-06-30": 0, "2014-03-31": "", "2013-12-31": 0, "2012-12-31": 0}, "Financial Activities - Other": {"2020-09-30": -83.918, "2020-06-30": -145.249, "2020-03-31": "-41.71400", "2019-12-31": -21.686, "2019-09-30": -25.448, "2019-06-30": -15.572, "2019-03-31": "-72.21700", "2018-12-31": -10.842, "2018-09-30": -43.89, "2018-06-30": -67.753, "2018-03-31": "-99.03800", "2017-12-31": -21.875, "2017-09-30": -85.676, "2017-06-30": -17.006, "2017-03-31": "-28.55600", "2016-12-31": -42.603, "2016-09-30": -33.941, "2016-06-30": -50.279, "2016-03-31": "-41.24000", "2015-12-31": -0.57, "2015-09-30": -52.003, "2015-06-30": -79.78, "2015-03-31": "-80.00000", "2014-12-31": -14.998, "2014-09-30": -35, "2014-06-30": -45.652, "2014-03-31": "-45.00000", "2013-12-31": -307.59, "2012-12-31": -134.4}, "Cash Flow From Financial Activities": {"2020-09-30": -114.323, "2020-06-30": -764.886, "2020-03-31": "280.98900", "2019-12-31": -128.23, "2019-09-30": -107.804, "2019-06-30": -108.027, "2019-03-31": "1113.64100", "2018-12-31": -45.084, "2018-09-30": -236.62, "2018-06-30": -147.992, "2018-03-31": "-405.78600", "2017-12-31": -90.354, "2017-09-30": -50.572, "2017-06-30": 1074.184, "2017-03-31": "-43.46100", "2016-12-31": -8.807, "2016-09-30": -61.622, "2016-06-30": -25.415, "2016-03-31": "-65.39300", "2015-12-31": -8.049, "2015-09-30": -25.278, "2015-06-30": -30.431, "2015-03-31": "-80.59700", "2014-12-31": -70.691, "2014-09-30": -44.913, "2014-06-30": -21.927, "2014-03-31": "-84.11900", "2013-12-31": -73.93, "2012-12-31": -128.76}, "Net Cash Flow": {"2020-09-30": -82.053, "2020-06-30": -57.186, "2020-03-31": "31.92100", "2019-12-31": 378.461, "2019-09-30": -102.742, "2019-06-30": -290.766, "2019-03-31": "52.28000", "2018-12-31": 320.114, "2018-09-30": -244.134, "2018-06-30": 22.759, "2018-03-31": "104.42100", "2017-12-31": -26.292, "2017-09-30": -725.115, "2017-06-30": 1119.327, "2017-03-31": "-16.44800", "2016-12-31": 35.416, "2016-09-30": -3.356, "2016-06-30": 0.841, "2016-03-31": "-14.72100", "2015-12-31": 1.697, "2015-09-30": 34.56, "2015-06-30": 60.407, "2015-03-31": "-9.29300", "2014-12-31": 37.733, "2014-09-30": -12.602, "2014-06-30": -17.435, "2014-03-31": "2.15400", "2013-12-31": 22.16, "2012-12-31": 3.87}, "Stock-Based Compensation": {"2020-09-30": 0.498, "2020-06-30": 14.755, "2020-03-31": "22.25700", "2019-12-31": 16.038, "2019-09-30": 18.401, "2019-06-30": 15.399, "2019-03-31": "21.89000", "2018-12-31": 9.397, "2018-09-30": 7.786, "2018-06-30": 5.629, "2018-03-31": "9.12200", "2017-12-31": 15.335, "2017-09-30": 3.675, "2017-06-30": 3.431, "2017-03-31": "3.81800", "2016-12-31": 13.426, "2016-09-30": 3.212, "2016-06-30": 3.126, "2016-03-31": "3.10200", "2015-12-31": 2.641, "2015-09-30": 5.708, "2015-06-30": 48.154, "2015-03-31": "5.37500", "2014-12-31": 3.187, "2014-09-30": 5.527, "2014-06-30": 0.733, "2014-03-31": "4.78700", "2013-12-31": 0, "2012-12-31": 0}, "Common Stock Dividends Paid": {"2020-09-30": -30.347, "2020-06-30": -30.201, "2020-03-31": "-29.60200", "2019-12-31": -28.818, "2019-09-30": -28.692, "2019-06-30": -28.592, "2019-03-31": "-26.31200", "2018-12-31": -26.002, "2018-09-30": -26.016, "2018-06-30": -25.931, "2018-03-31": "-22.38000", "2017-12-31": -21.801, "2017-09-30": -21.735, "2017-06-30": -10.164, "2017-03-31": "-10.11400", "2016-12-31": -9.642, "2016-09-30": -9.378, "2016-06-30": -9.361, "2016-03-31": "-9.37800", "2015-12-31": -17.362, "2015-09-30": 0, "2015-06-30": 0, "2015-03-31": "", "2014-12-31": 0, "2014-09-30": 0, "2014-06-30": 0, "2014-03-31": "", "2013-12-31": 0, "2012-12-31": 0}}, "financial ratios": {"Current Ratio": {"2019-12-31": "0.73220", "2018-12-31": "0.68490", "2017-12-31": "0.64240", "2016-12-31": "0.36000", "2015-12-31": "0.52220", "2014-12-31": "0.42290", "2013-12-31": "0.45440", "2012-12-31": ""}, "Long-term Debt / Capital": {"2019-12-31": "0.60950", "2018-12-31": "0.37770", "2017-12-31": "0.54660", "2016-12-31": "0.51390", "2015-12-31": "0.46940", "2014-12-31": "0.70020", "2013-12-31": "0.71410", "2012-12-31": ""}, "Debt/Equity Ratio": {"2019-12-31": "5.23230", "2018-12-31": "3.21770", "2017-12-31": "4.29530", "2016-12-31": "4.04430", "2015-12-31": "3.66090", "2014-12-31": "9.57870", "2013-12-31": "14.26120", "2012-12-31": ""}, "Gross Margin": {"2019-12-31": "81.38870", "2018-12-31": "83.93700", "2017-12-31": "75.00680", "2016-12-31": "68.50020", "2015-12-31": "70.80320", "2014-12-31": "68.05700", "2013-12-31": "70.63290", "2012-12-31": "67.41750"}, "Operating Margin": {"2019-12-31": "-7.58010", "2018-12-31": "37.06590", "2017-12-31": "11.00840", "2016-12-31": "25.57290", "2015-12-31": "27.11950", "2014-12-31": "26.76950", "2013-12-31": "28.23160", "2012-12-31": "14.51010"}, "EBIT Margin": {"2019-12-31": "2.74870", "2018-12-31": "44.61430", "2017-12-31": "19.95730", "2016-12-31": "33.62630", "2015-12-31": "33.70350", "2014-12-31": "33.28120", "2013-12-31": "35.03300", "2012-12-31": "22.42640"}, "EBITDA Margin": {"2019-12-31": "15.10700", "2018-12-31": "50.38110", "2017-12-31": "27.64770", "2016-12-31": "38.92100", "2015-12-31": "38.17410", "2014-12-31": "37.70500", "2013-12-31": "39.36620", "2012-12-31": "37.68020"}, "Pre-Tax Profit Margin": {"2019-12-31": "-7.58010", "2018-12-31": "37.06590", "2017-12-31": "11.00840", "2016-12-31": "25.57290", "2015-12-31": "27.11950", "2014-12-31": "26.76960", "2013-12-31": "28.23150", "2012-12-31": "14.51010"}, "Net Profit Margin": {"2019-12-31": "-3.82950", "2018-12-31": "15.40630", "2017-12-31": "0.28590", "2016-12-31": "4.69620", "2015-12-31": "2.62330", "2014-12-31": "26.28540", "2013-12-31": "27.41940", "2012-12-31": "14.22290"}, "Asset Turnover": {"2019-12-31": "0.15920", "2018-12-31": "0.25450", "2017-12-31": "0.14040", "2016-12-31": "0.19020", "2015-12-31": "0.23470", "2014-12-31": "0.21780", "2013-12-31": "0.16770", "2012-12-31": ""}, "Inventory Turnover Ratio": {"2019-12-31": "", "2018-12-31": "", "2017-12-31": "", "2016-12-31": "", "2015-12-31": "", "2014-12-31": "", "2013-12-31": "", "2012-12-31": ""}, "Receiveable Turnover": {"2019-12-31": "1.07590", "2018-12-31": "1.68950", "2017-12-31": "1.05760", "2016-12-31": "1.56500", "2015-12-31": "1.67080", "2014-12-31": "1.86520", "2013-12-31": "1.55350", "2012-12-31": ""}, "Days Sales In Receivables": {"2019-12-31": "339.24450", "2018-12-31": "216.04410", "2017-12-31": "345.12920", "2016-12-31": "233.22260", "2015-12-31": "218.45370", "2014-12-31": "195.68830", "2013-12-31": "234.95000", "2012-12-31": ""}, "ROE - Return On Equity": {"2019-12-31": "-8.43860", "2018-12-31": "41.49280", "2017-12-31": "1.64110", "2016-12-31": "29.62880", "2015-12-31": "35.40070", "2014-12-31": "89.53760", "2013-12-31": "89.62800", "2012-12-31": ""}, "Return On Tangible Equity": {"2019-12-31": "23.06470", "2018-12-31": "108.02340", "2017-12-31": "9.66800", "2016-12-31": "-87.01950", "2015-12-31": "-124.43280", "2014-12-31": "-37.67030", "2013-12-31": "-35.46760", "2012-12-31": ""}, "ROA - Return On Assets": {"2019-12-31": "-1.07920", "2018-12-31": "8.40260", "2017-12-31": "0.25820", "2016-12-31": "4.28830", "2015-12-31": "5.82240", "2014-12-31": "5.72550", "2013-12-31": "4.59690", "2012-12-31": ""}, "ROI - Return On Investment": {"2019-12-31": "-3.29560", "2018-12-31": "25.82270", "2017-12-31": "0.74400", "2016-12-31": "14.40280", "2015-12-31": "18.78250", "2014-12-31": "26.84460", "2013-12-31": "25.62580", "2012-12-31": ""}, "Book Value Per Share": {"2019-12-31": "6.42630", "2018-12-31": "7.88270", "2017-12-31": "6.14870", "2016-12-31": "3.83350", "2015-12-31": "4.01930", "2014-12-31": "2.08470", "2013-12-31": "2.00430", "2012-12-31": ""}, "Operating Cash Flow Per Share": {"2019-12-31": -5.5182, "2018-12-31": 2.3564, "2017-12-31": -1.5737, "2016-12-31": -1.1481, "2015-12-31": 7.3651, "2014-12-31": 0, "2013-12-31": 0, "2012-12-31": 0}, "Free Cash Flow Per Share": {"2019-12-31": -5.556, "2018-12-31": 2.4155, "2017-12-31": -1.5768, "2016-12-31": -0.9862, "2015-12-31": 6.6775, "2014-12-31": 0, "2013-12-31": 0, "2012-12-31": 0}}, "financial ratios, quarterly": {"Current Ratio": {"2020-09-30": "0.75160", "2020-06-30": "0.82190", "2020-03-31": "0.76500", "2019-12-31": "0.73220", "2019-09-30": "0.71820", "2019-06-30": "0.63330", "2019-03-31": "0.67010", "2018-12-31": "0.68490", "2018-09-30": "0.59940", "2018-06-30": "0.65180", "2018-03-31": "0.65670", "2017-12-31": "0.64240", "2017-09-30": "0.62670", "2017-06-30": "0.97920", "2017-03-31": "0.42610", "2016-12-31": "0.36000", "2016-09-30": "0.47520", "2016-06-30": "0.59560", "2016-03-31": "0.53860", "2015-12-31": "0.52220", "2015-09-30": "0.50650", "2015-06-30": "0.45260", "2015-03-31": "0.39280", "2014-12-31": "0.42290", "2014-09-30": "", "2014-06-30": "", "2014-03-31": "", "2013-12-31": "", "2012-12-31": ""}, "Long-term Debt / Capital": {"2020-09-30": "0.47530", "2020-06-30": "0.50460", "2020-03-31": "0.55620", "2019-12-31": "0.60950", "2019-09-30": "0.59870", "2019-06-30": "0.58830", "2019-03-31": "0.57920", "2018-12-31": "0.37770", "2018-09-30": "0.39500", "2018-06-30": "0.41330", "2018-03-31": "0.43470", "2017-12-31": "0.54660", "2017-09-30": "0.55170", "2017-06-30": "0.75880", "2017-03-31": "0.51610", "2016-12-31": "0.51390", "2016-09-30": "0.49200", "2016-06-30": "0.47370", "2016-03-31": "0.46600", "2015-12-31": "0.46940", "2015-09-30": "0.48320", "2015-06-30": "0.49530", "2015-03-31": "0.70720", "2014-12-31": "0.70020", "2014-09-30": "", "2014-06-30": "", "2014-03-31": "", "2013-12-31": "", "2012-12-31": ""}, "Debt/Equity Ratio": {"2020-09-30": "3.16790", "2020-06-30": "3.54460", "2020-03-31": "4.29680", "2019-12-31": "5.23230", "2019-09-30": "4.35970", "2019-06-30": "4.34160", "2019-03-31": "3.85760", "2018-12-31": "3.21770", "2018-09-30": "3.19080", "2018-06-30": "3.14560", "2018-03-31": "3.55870", "2017-12-31": "4.29530", "2017-09-30": "4.45230", "2017-06-30": "5.98190", "2017-03-31": "5.06570", "2016-12-31": "4.04430", "2016-09-30": "4.31650", "2016-06-30": "6.29300", "2016-03-31": "4.65310", "2015-12-31": "3.66090", "2015-09-30": "4.67470", "2015-06-30": "6.25760", "2015-03-31": "13.42190", "2014-12-31": "9.57870", "2014-09-30": "", "2014-06-30": "", "2014-03-31": "", "2013-12-31": "", "2012-12-31": ""}, "Gross Margin": {"2020-09-30": "70.05880", "2020-06-30": "77.53590", "2020-03-31": "88.89170", "2019-12-31": "94.52240", "2019-09-30": "74.16200", "2019-06-30": "73.47730", "2019-03-31": "82.35410", "2018-12-31": "83.65210", "2018-09-30": "76.74260", "2018-06-30": "77.65550", "2018-03-31": "89.22480", "2017-12-31": "81.34140", "2017-09-30": "76.19340", "2017-06-30": "63.48970", "2017-03-31": "64.17200", "2016-12-31": "68.47410", "2016-09-30": "68.37620", "2016-06-30": "68.09470", "2016-03-31": "68.99630", "2015-12-31": "70.03120", "2015-09-30": "71.35620", "2015-06-30": "68.95190", "2015-03-31": "72.40170", "2014-12-31": "68.70200", "2014-09-30": "67.75400", "2014-06-30": "66.96630", "2014-03-31": "68.58880", "2013-12-31": "", "2012-12-31": ""}, "Operating Margin": {"2020-09-30": "38.48660", "2020-06-30": "44.65550", "2020-03-31": "46.43220", "2019-12-31": "-6.68150", "2019-09-30": "-1.52430", "2019-06-30": "-17.74960", "2019-03-31": "-4.46400", "2018-12-31": "33.78170", "2018-09-30": "9.97040", "2018-06-30": "15.12290", "2018-03-31": "57.48530", "2017-12-31": "28.11180", "2017-09-30": "-17.13870", "2017-06-30": "3.58350", "2017-03-31": "16.21460", "2016-12-31": "22.62040", "2016-09-30": "22.98100", "2016-06-30": "25.49880", "2016-03-31": "30.47270", "2015-12-31": "26.72520", "2015-09-30": "36.56920", "2015-06-30": "5.25450", "2015-03-31": "36.19050", "2014-12-31": "39.43160", "2014-09-30": "24.58930", "2014-06-30": "18.11680", "2014-03-31": "28.76890", "2013-12-31": "", "2012-12-31": ""}, "EBIT Margin": {"2020-09-30": "42.65870", "2020-06-30": "47.83910", "2020-03-31": "50.55930", "2019-12-31": "3.40020", "2019-09-30": "7.51110", "2019-06-30": "-7.93250", "2019-03-31": "8.03460", "2018-12-31": "43.00370", "2018-09-30": "21.00510", "2018-06-30": "25.79220", "2018-03-31": "61.61070", "2017-12-31": "35.33150", "2017-09-30": "-5.62250", "2017-06-30": "13.89070", "2017-03-31": "24.55210", "2016-12-31": "30.41900", "2016-09-30": "32.45570", "2016-06-30": "33.59210", "2016-03-31": "37.49990", "2015-12-31": "34.18070", "2015-09-30": "42.51310", "2015-06-30": "14.50880", "2015-03-31": "40.50870", "2014-12-31": "39.43160", "2014-09-30": "31.35930", "2014-06-30": "25.63140", "2014-03-31": "34.80660", "2013-12-31": "", "2012-12-31": ""}, "EBITDA Margin": {"2020-09-30": "", "2020-06-30": "", "2020-03-31": "", "2019-12-31": "", "2019-09-30": "", "2019-06-30": "", "2019-03-31": "", "2018-12-31": "", "2018-09-30": "", "2018-06-30": "", "2018-03-31": "", "2017-12-31": "", "2017-09-30": "", "2017-06-30": "", "2017-03-31": "", "2016-12-31": "", "2016-09-30": "", "2016-06-30": "", "2016-03-31": "", "2015-12-31": "", "2015-09-30": "", "2015-06-30": "", "2015-03-31": "", "2014-12-31": "", "2014-09-30": "", "2014-06-30": "", "2014-03-31": "", "2013-12-31": "", "2012-12-31": ""}, "Pre-Tax Profit Margin": {"2020-09-30": "38.48660", "2020-06-30": "44.65540", "2020-03-31": "46.43220", "2019-12-31": "-6.68160", "2019-09-30": "-1.52430", "2019-06-30": "-17.74960", "2019-03-31": "-4.46400", "2018-12-31": "33.78170", "2018-09-30": "9.97040", "2018-06-30": "15.12290", "2018-03-31": "57.48530", "2017-12-31": "28.11180", "2017-09-30": "-17.13870", "2017-06-30": "3.58350", "2017-03-31": "16.21460", "2016-12-31": "22.62040", "2016-09-30": "22.98100", "2016-06-30": "25.49880", "2016-03-31": "30.47270", "2015-12-31": "26.72520", "2015-09-30": "36.56920", "2015-06-30": "5.25450", "2015-03-31": "36.19050", "2014-12-31": "33.52220", "2014-09-30": "24.58930", "2014-06-30": "18.11680", "2014-03-31": "28.76890", "2013-12-31": "", "2012-12-31": ""}, "Net Profit Margin": {"2020-09-30": "17.78800", "2020-06-30": "21.98270", "2020-03-31": "22.01670", "2019-12-31": "-4.32540", "2019-09-30": "-1.12780", "2019-06-30": "-7.96880", "2019-03-31": "-1.83830", "2018-12-31": "18.36200", "2018-09-30": "2.91810", "2018-06-30": "7.68270", "2018-03-31": "21.44050", "2017-12-31": "2.36290", "2017-09-30": "-4.98290", "2017-06-30": "0.62190", "2017-03-31": "3.10960", "2016-12-31": "4.23560", "2016-09-30": "4.26320", "2016-06-30": "4.80990", "2016-03-31": "5.37170", "2015-12-31": "-39.19470", "2015-09-30": "5.70240", "2015-06-30": "0.26050", "2015-03-31": "34.95900", "2014-12-31": "32.27200", "2014-09-30": "23.90870", "2014-06-30": "18.92430", "2014-03-31": "28.21140", "2013-12-31": "", "2012-12-31": ""}, "Asset Turnover": {"2020-09-30": "0.06950", "2020-06-30": "0.08800", "2020-03-31": "0.09140", "2019-12-31": "0.04260", "2019-09-30": "0.04160", "2019-06-30": "0.04130", "2019-03-31": "0.04000", "2018-12-31": "0.05970", "2018-09-30": "0.04080", "2018-06-30": "0.04580", "2018-03-31": "0.10510", "2017-12-31": "0.06350", "2017-09-30": "0.03510", "2017-06-30": "0.03310", "2017-03-31": "0.03590", "2016-12-31": "0.04620", "2016-09-30": "0.04690", "2016-06-30": "0.03700", "2016-03-31": "0.04900", "2015-12-31": "0.05220", "2015-09-30": "0.05930", "2015-06-30": "0.04010", "2015-03-31": "0.05400", "2014-12-31": "0.06430", "2014-09-30": "", "2014-06-30": "", "2014-03-31": "", "2013-12-31": "", "2012-12-31": ""}, "Inventory Turnover Ratio": {"2020-09-30": "", "2020-06-30": "", "2020-03-31": "", "2019-12-31": "", "2019-09-30": "", "2019-06-30": "", "2019-03-31": "", "2018-12-31": "", "2018-09-30": "", "2018-06-30": "", "2018-03-31": "", "2017-12-31": "", "2017-09-30": "", "2017-06-30": "", "2017-03-31": "", "2016-12-31": "", "2016-09-30": "", "2016-06-30": "", "2016-03-31": "", "2015-12-31": "", "2015-09-30": "", "2015-06-30": "", "2015-03-31": "", "2014-12-31": "", "2014-09-30": "", "2014-06-30": "", "2014-03-31": "", "2013-12-31": "", "2012-12-31": ""}, "Receiveable Turnover": {"2020-09-30": "0.31870", "2020-06-30": "0.33340", "2020-03-31": "0.32350", "2019-12-31": "0.28810", "2019-09-30": "0.20880", "2019-06-30": "0.24330", "2019-03-31": "0.27720", "2018-12-31": "0.39610", "2018-09-30": "0.26450", "2018-06-30": "0.31190", "2018-03-31": "0.56840", "2017-12-31": "0.47790", "2017-09-30": "0.27670", "2017-06-30": "0.37600", "2017-03-31": "0.22240", "2016-12-31": "0.38030", "2016-09-30": "0.32110", "2016-06-30": "0.12910", "2016-03-31": "0.30580", "2015-12-31": "0.37120", "2015-09-30": "0.38490", "2015-06-30": "0.26330", "2015-03-31": "0.48030", "2014-12-31": "0.55090", "2014-09-30": "", "2014-06-30": "", "2014-03-31": "", "2013-12-31": "", "2012-12-31": ""}, "Days Sales In Receivables": {"2020-09-30": "282.41190", "2020-06-30": "269.90860", "2020-03-31": "278.22170", "2019-12-31": "312.43830", "2019-09-30": "430.96590", "2019-06-30": "369.91820", "2019-03-31": "324.62050", "2018-12-31": "227.24300", "2018-09-30": "340.26070", "2018-06-30": "288.52630", "2018-03-31": "158.34980", "2017-12-31": "188.32650", "2017-09-30": "325.29000", "2017-06-30": "239.37880", "2017-03-31": "404.70760", "2016-12-31": "236.66130", "2016-09-30": "280.30700", "2016-06-30": "697.22170", "2016-03-31": "294.29290", "2015-12-31": "242.43790", "2015-09-30": "233.84600", "2015-06-30": "341.82340", "2015-03-31": "187.36360", "2014-12-31": "163.36710", "2014-09-30": "", "2014-06-30": "", "2014-03-31": "", "2013-12-31": "", "2012-12-31": ""}, "ROE - Return On Equity": {"2020-09-30": "11.05310", "2020-06-30": "19.71100", "2020-03-31": "25.39730", "2019-12-31": "-2.39370", "2019-09-30": "-0.39980", "2019-06-30": "-4.10430", "2019-03-31": "-0.94800", "2018-12-31": "9.89750", "2018-09-30": "1.12740", "2018-06-30": "3.23400", "2018-03-31": "28.11310", "2017-12-31": "2.90050", "2017-09-30": "-3.43110", "2017-06-30": "0.85280", "2017-03-31": "3.97630", "2016-12-31": "6.48840", "2016-09-30": "6.08070", "2016-06-30": "7.18770", "2016-03-31": "9.09620", "2015-12-31": "7.69750", "2015-09-30": "13.14960", "2015-06-30": "1.49900", "2015-03-31": "37.71240", "2014-12-31": "32.46890", "2014-09-30": "", "2014-06-30": "", "2014-03-31": "", "2013-12-31": "", "2012-12-31": ""}, "Return On Tangible Equity": {"2020-09-30": "108.20550", "2020-06-30": "555.52390", "2020-03-31": "-296.47870", "2019-12-31": "6.54250", "2019-09-30": "1.25850", "2019-06-30": "14.72770", "2019-03-31": "4.39890", "2018-12-31": "25.76750", "2018-09-30": "3.40860", "2018-06-30": "9.18670", "2018-03-31": "79.23050", "2017-12-31": "17.08750", "2017-09-30": "-26.10630", "2017-06-30": "-2.18550", "2017-03-31": "-11.31050", "2016-12-31": "-19.05650", "2016-09-30": "-19.05030", "2016-06-30": "-23.12260", "2016-03-31": "-33.79930", "2015-12-31": "-27.05650", "2015-09-30": "-37.02710", "2015-06-30": "-3.56800", "2015-03-31": "-15.14390", "2014-12-31": "-13.66030", "2014-09-30": "", "2014-06-30": "", "2014-03-31": "", "2013-12-31": "", "2012-12-31": ""}, "ROA - Return On Assets": {"2020-09-30": "2.11490", "2020-06-30": "3.25870", "2020-03-31": "3.53350", "2019-12-31": "-0.30610", "2019-09-30": "-0.05640", "2019-06-30": "-0.61100", "2019-03-31": "-0.15000", "2018-12-31": "2.00430", "2018-09-30": "0.21570", "2018-06-30": "0.65010", "2018-03-31": "5.28520", "2017-12-31": "0.45630", "2017-09-30": "-0.51670", "2017-06-30": "0.10090", "2017-03-31": "0.51310", "2016-12-31": "0.93910", "2016-09-30": "0.93990", "2016-06-30": "0.83490", "2016-03-31": "1.30500", "2015-12-31": "1.26600", "2015-09-30": "1.90940", "2015-06-30": "0.16680", "2015-03-31": "1.88910", "2014-12-31": "2.07620", "2014-09-30": "", "2014-06-30": "", "2014-03-31": "", "2013-12-31": "", "2012-12-31": ""}, "ROI - Return On Investment": {"2020-09-30": "5.79930", "2020-06-30": "9.76500", "2020-03-31": "11.27220", "2019-12-31": "-0.93480", "2019-09-30": "-0.16040", "2019-06-30": "-1.68970", "2019-03-31": "-0.39890", "2018-12-31": "6.15960", "2018-09-30": "0.68210", "2018-06-30": "1.89720", "2018-03-31": "15.89270", "2017-12-31": "1.31490", "2017-09-30": "-1.53800", "2017-06-30": "0.20570", "2017-03-31": "1.92400", "2016-12-31": "3.15410", "2016-09-30": "3.08870", "2016-06-30": "3.78300", "2016-03-31": "4.85700", "2015-12-31": "4.08400", "2015-09-30": "6.79540", "2015-06-30": "0.75650", "2015-03-31": "11.04050", "2014-12-31": "9.73460", "2014-09-30": "", "2014-06-30": "", "2014-03-31": "", "2013-12-31": "", "2012-12-31": ""}, "Book Value Per Share": {"2020-09-30": "9.34040", "2020-06-30": "8.80920", "2020-03-31": "7.93440", "2019-12-31": "6.42630", "2019-09-30": "6.79930", "2019-06-30": "7.09480", "2019-03-31": "7.54760", "2018-12-31": "7.88270", "2018-09-30": "7.30970", "2018-06-30": "7.57430", "2018-03-31": "7.75000", "2017-12-31": "6.14870", "2017-09-30": "6.22570", "2017-06-30": "3.71330", "2017-03-31": "3.80310", "2016-12-31": "3.83350", "2016-09-30": "3.91330", "2016-06-30": "3.93870", "2016-03-31": "4.06930", "2015-12-31": "4.01930", "2015-09-30": "3.81970", "2015-06-30": "3.64520", "2015-03-31": "2.01700", "2014-12-31": "2.08470", "2014-09-30": "", "2014-06-30": "", "2014-03-31": "", "2013-12-31": "", "2012-12-31": ""}, "Operating Cash Flow Per Share": {"2020-09-30": -0.1772, "2020-06-30": 5.9098, "2020-03-31": "-1.82540", "2019-12-31": 4.4268, "2019-09-30": 0.399, "2019-06-30": -1.3878, "2019-03-31": "-1.95650", "2018-12-31": 4.0732, "2018-09-30": -0.127, "2018-06-30": 1.7656, "2018-03-31": "1.28790", "2017-12-31": 1.9189, "2017-09-30": 0.7057, "2017-06-30": 1.2244, "2017-03-31": "0.79430", "2016-12-31": 1.3373, "2016-09-30": 2.6444, "2016-06-30": 0.8981, "2016-03-31": "1.33720", "2015-12-31": 0.3991, "2015-09-30": 1.6684, "2015-06-30": 5.2976, "2015-03-31": "", "2014-12-31": 0, "2014-09-30": 0, "2014-06-30": 0, "2014-03-31": "", "2013-12-31": 0, "2012-12-31": 0}, "Free Cash Flow Per Share": {"2020-09-30": -0.313, "2020-06-30": 5.8057, "2020-03-31": "-1.98290", "2019-12-31": 4.2829, "2019-09-30": 0.264, "2019-06-30": -1.5148, "2019-03-31": "-2.05810", "2018-12-31": 3.9502, "2018-09-30": -0.2131, "2018-06-30": 1.6297, "2018-03-31": "1.16320", "2017-12-31": 1.6661, "2017-09-30": 0.6788, "2017-06-30": 1.1204, "2017-03-31": "0.64920", "2016-12-31": 1.2021, "2016-09-30": 2.5101, "2016-06-30": 0.7274, "2016-03-31": "1.25170", "2015-12-31": 0.3047, "2015-09-30": 1.5901, "2015-06-30": 4.7827, "2015-03-31": "", "2014-12-31": 0, "2014-09-30": 0, "2014-06-30": 0, "2014-03-31": "", "2013-12-31": 0, "2012-12-31": 0}}, "revenue": {"Virtu Financial Annual Revenue (Millions of US $)": {"2019": "$1,530", "2018": "$1,879", "2017": "$1,028", "2016": "$702", "2015": "$796", "2014": "$723", "2013": "$665", "2012": "$616"}, "Virtu Financial Quarterly Revenue (Millions of US $)": {"2020-09-30": "$656", "2020-06-30": "$906", "2020-03-31": "$1,004", "2019-12-31": "$410", "2019-09-30": "$382", "2019-06-30": "$375", "2019-03-31": "$363", "2018-12-31": "$440", "2018-09-30": "$295", "2018-06-30": "$328", "2018-03-31": "$815", "2017-12-31": "$465", "2017-09-30": "$271", "2017-06-30": "$145", "2017-03-31": "$147", "2016-12-31": "$171", "2016-09-30": "$165", "2016-06-30": "$174", "2016-03-31": "$193", "2015-12-31": "$177", "2015-09-30": "$216", "2015-06-30": "$182", "2015-03-31": "$222", "2014-12-31": "$214", "2014-09-30": "$173", "2014-06-30": "$163", "2014-03-31": "$173", "2013-12-31": "", "2012-12-31": ""}}, "gross-profit": {"Virtu Financial Annual Gross Profit (Millions of US $)": {"2019": "$1,245", "2018": "$1,577", "2017": "$771", "2016": "$481", "2015": "$564", "2014": "$492", "2013": "$469", "2012": "$415"}, "Virtu Financial Quarterly Gross Profit (Millions of US $)": {"2020-09-30": "$460", "2020-06-30": "$702", "2020-03-31": "$893", "2019-12-31": "$387", "2019-09-30": "$284", "2019-06-30": "$276", "2019-03-31": "$299", "2018-12-31": "$368", "2018-09-30": "$226", "2018-06-30": "$255", "2018-03-31": "$727", "2017-12-31": "$378", "2017-09-30": "$207", "2017-06-30": "$92", "2017-03-31": "$95", "2016-12-31": "$117", "2016-09-30": "$113", "2016-06-30": "$119", "2016-03-31": "$133", "2015-12-31": "$124", "2015-09-30": "$154", "2015-06-30": "$125", "2015-03-31": "$160", "2014-12-31": "$147", "2014-09-30": "$117", "2014-06-30": "$109", "2014-03-31": "$119", "2013-12-31": "", "2012-12-31": ""}}, "operating-income": {"Virtu Financial Annual Operating Income (Millions of US $)": {"2019": "$-116", "2018": "$696", "2017": "$113", "2016": "$180", "2015": "$216", "2014": "$194", "2013": "$188", "2012": "$89"}, "Virtu Financial Quarterly Operating Income (Millions of US $)": {"2020-09-30": "$253", "2020-06-30": "$405", "2020-03-31": "$466", "2019-12-31": "$-27", "2019-09-30": "$-6", "2019-06-30": "$-67", "2019-03-31": "$-16", "2018-12-31": "$149", "2018-09-30": "$29", "2018-06-30": "$50", "2018-03-31": "$469", "2017-12-31": "$131", "2017-09-30": "$-46", "2017-06-30": "$5", "2017-03-31": "$24", "2016-12-31": "$39", "2016-09-30": "$38", "2016-06-30": "$44", "2016-03-31": "$59", "2015-12-31": "$47", "2015-09-30": "$79", "2015-06-30": "$10", "2015-03-31": "$80", "2014-12-31": "$84", "2014-09-30": "$43", "2014-06-30": "$30", "2014-03-31": "$50", "2013-12-31": "", "2012-12-31": ""}}, "ebitda": {"Virtu Financial Annual EBITDA (Millions of US $)": {"2019": "$231", "2018": "$947", "2017": "$284", "2016": "$273", "2015": "$304", "2014": "$273", "2013": "$262", "2012": "$232"}, "Virtu Financial Quarterly EBITDA (Millions of US $)": {"2020-09-30": "$326", "2020-06-30": "$484", "2020-03-31": "$549", "2019-12-31": "$86", "2019-09-30": "$68", "2019-06-30": "$8", "2019-03-31": "$68", "2018-12-31": "$212", "2018-09-30": "$89", "2018-06-30": "$114", "2018-03-31": "$532", "2017-12-31": "$195", "2017-09-30": "$14", "2017-06-30": "$32", "2017-03-31": "$43", "2016-12-31": "$65", "2016-09-30": "$61", "2016-06-30": "$67", "2016-03-31": "$80", "2015-12-31": "$69", "2015-09-30": "$100", "2015-06-30": "$35", "2015-03-31": "$100", "2014-12-31": "$105", "2014-09-30": "$63", "2014-06-30": "$50", "2014-03-31": "$67", "2013-12-31": "", "2012-12-31": ""}}, "net-income": {"Virtu Financial Annual Net Income (Millions of US $)": {"2019": "$-59", "2018": "$289", "2017": "$3", "2016": "$33", "2015": "$21", "2014": "$190", "2013": "$182", "2012": "$88"}, "Virtu Financial Quarterly Net Income (Millions of US $)": {"2020-09-30": "$117", "2020-06-30": "$199", "2020-03-31": "$221", "2019-12-31": "$-18", "2019-09-30": "$-4", "2019-06-30": "$-30", "2019-03-31": "$-7", "2018-12-31": "$81", "2018-09-30": "$9", "2018-06-30": "$25", "2018-03-31": "$175", "2017-12-31": "$11", "2017-09-30": "$-14", "2017-06-30": "$1", "2017-03-31": "$5", "2016-12-31": "$7", "2016-09-30": "$7", "2016-06-30": "$8", "2016-03-31": "$10", "2015-12-31": "$-69", "2015-09-30": "$12", "2015-06-30": "$0", "2015-03-31": "$77", "2014-12-31": "$69", "2014-09-30": "$41", "2014-06-30": "$31", "2014-03-31": "$49", "2013-12-31": "", "2012-12-31": ""}}, "eps-earnings-per-share-diluted": {"Virtu Financial Annual EPS": {"2019": "$-0.53", "2018": "$2.78", "2017": "$0.03", "2016": "$0.83", "2015": "$0.59", "2014": "$0.00", "2013": "$0.00", "2012": "$0.00"}, "Virtu Financial Quarterly EPS": {"2020-09-30": "$0.92", "2020-06-30": "$1.58", "2020-03-31": "$1.80", "2019-12-31": "$-0.15", "2019-09-30": "$-0.04", "2019-06-30": "$-0.27", "2019-03-31": "$-0.07", "2018-12-31": "$0.60", "2018-09-30": "$0.08", "2018-06-30": "$0.24", "2018-03-31": "$1.86", "2017-12-31": "$0.09", "2017-09-30": "$-0.17", "2017-06-30": "$0.01", "2017-03-31": "$0.10", "2016-12-31": "$0.18", "2016-09-30": "$0.18", "2016-06-30": "$0.21", "2016-03-31": "$0.26", "2015-12-31": "$0.23", "2015-09-30": "$0.35", "2015-06-30": "$0.01", "2015-03-31": "$0.00", "2014-12-31": "$0.00", "2014-09-30": "$0.00", "2014-06-30": "$0.00", "2014-03-31": "$0.00", "2013-12-31": "$0.00", "2012-12-31": "$0.00"}}, "shares-outstanding": {"Virtu Financial Annual Shares Outstanding (Millions of Shares)": {"2019": "114", "2018": "102", "2017": "63", "2016": "39", "2015": "35", "2014": "", "2013": "", "2012": ""}, "Virtu Financial Quarterly Shares Outstanding (Millions of Shares)": {"2020-09-30": "124", "2020-06-30": "122", "2020-03-31": "120", "2019-12-31": "114", "2019-09-30": "118", "2019-06-30": "113", "2019-03-31": "107", "2018-12-31": "102", "2018-09-30": "107", "2018-06-30": "102", "2018-03-31": "92", "2017-12-31": "63", "2017-09-30": "79", "2017-06-30": "41", "2017-03-31": "40", "2016-12-31": "39", "2016-09-30": "38", "2016-06-30": "38", "2016-03-31": "38", "2015-12-31": "35", "2015-09-30": "35", "2015-06-30": "35", "2015-03-31": "", "2014-12-31": "", "2014-09-30": "", "2014-06-30": "", "2014-03-31": "", "2013-12-31": "", "2012-12-31": ""}}, "total-assets": {"Virtu Financial Annual Total Assets (Millions of US $)": {"2019": "$9,609", "2018": "$7,381", "2017": "$7,320", "2016": "$3,692", "2015": "$3,392", "2014": "$3,319", "2013": "$3,964", "2012": "$0"}, "Virtu Financial Quarterly Total Assets (Millions of US $)": {"2020-09-30": "$9,443", "2020-06-30": "$10,289", "2020-03-31": "$10,987", "2019-12-31": "$9,609", "2019-09-30": "$9,187", "2019-06-30": "$9,081", "2019-03-31": "$9,077", "2018-12-31": "$7,381", "2018-09-30": "$7,239", "2018-06-30": "$7,171", "2018-03-31": "$7,758", "2017-12-31": "$7,320", "2017-09-30": "$7,739", "2017-06-30": "$4,374", "2017-03-31": "$4,107", "2016-12-31": "$3,692", "2016-09-30": "$3,513", "2016-06-30": "$4,705", "2016-03-31": "$3,935", "2015-12-31": "$3,392", "2015-09-30": "$3,642", "2015-06-30": "$4,537", "2015-03-31": "$4,100", "2014-12-31": "$3,319", "2014-09-30": "$0", "2014-06-30": "$0", "2014-03-31": "$0", "2013-12-31": "$3,964", "2012-12-31": "$0"}}, "cash-on-hand": {"Virtu Financial Annual Cash on Hand (Millions of US $)": {"2019": "$2,845", "2018": "$2,151", "2017": "$2,004", "2016": "$401", "2015": "$632", "2014": "$592", "2013": "$937", "2012": "$"}, "Virtu Financial Quarterly Cash on Hand (Millions of US $)": {"2020-09-30": "$2,009", "2020-06-30": "$2,428", "2020-03-31": "$2,202", "2019-12-31": "$2,845", "2019-09-30": "$1,993", "2019-06-30": "$1,722", "2019-03-31": "$2,077", "2018-12-31": "$2,151", "2018-09-30": "$1,732", "2018-06-30": "$1,882", "2018-03-31": "$1,870", "2017-12-31": "$2,004", "2017-09-30": "$2,095", "2017-06-30": "$1,570", "2017-03-31": "$523", "2016-12-31": "$401", "2016-09-30": "$541", "2016-06-30": "$705", "2016-03-31": "$803", "2015-12-31": "$632", "2015-09-30": "$672", "2015-06-30": "$826", "2015-03-31": "$758", "2014-12-31": "$592", "2014-09-30": "", "2014-06-30": "", "2014-03-31": "", "2013-12-31": "$937", "2012-12-31": ""}}, "long-term-debt": {"Virtu Financial Annual Long Term Debt (Millions of US $)": {"2019": "$1,918", "2018": "$907", "2017": "$1,389", "2016": "$565", "2015": "$494", "2014": "$496", "2013": "$508", "2012": "$"}, "Virtu Financial Quarterly Long Term Debt (Millions of US $)": {"2020-09-30": "$1,637", "2020-06-30": "$1,733", "2020-03-31": "$1,916", "2019-12-31": "$1,918", "2019-09-30": "$1,934", "2019-06-30": "$1,932", "2019-03-31": "$1,978", "2018-12-31": "$907", "2018-09-30": "$904", "2018-06-30": "$1,016", "2018-03-31": "$1,121", "2017-12-31": "$1,389", "2017-09-30": "$1,435", "2017-06-30": "$1,628", "2017-03-31": "$565", "2016-12-31": "$565", "2016-09-30": "$526", "2016-06-30": "$492", "2016-03-31": "$493", "2015-12-31": "$494", "2015-09-30": "$494", "2015-06-30": "$495", "2015-03-31": "$496", "2014-12-31": "$496", "2014-09-30": "", "2014-06-30": "", "2014-03-31": "", "2013-12-31": "$508", "2012-12-31": ""}}, "total-liabilities": {"Virtu Financial Annual Total Liabilities (Millions of US $)": {"2019": "$8,380", "2018": "$5,886", "2017": "$6,168", "2016": "$3,158", "2015": "$2,834", "2014": "$3,107", "2013": "$3,760", "2012": "$0"}, "Virtu Financial Quarterly Total Liabilities (Millions of US $)": {"2020-09-30": "$7,636", "2020-06-30": "$8,588", "2020-03-31": "$9,459", "2019-12-31": "$8,380", "2019-09-30": "$7,890", "2019-06-30": "$7,730", "2019-03-31": "$7,640", "2018-12-31": "$5,886", "2018-09-30": "$5,854", "2018-06-30": "$5,730", "2018-03-31": "$6,299", "2017-12-31": "$6,168", "2017-09-30": "$6,574", "2017-06-30": "$3,856", "2017-03-31": "$3,577", "2016-12-31": "$3,158", "2016-09-30": "$2,970", "2016-06-30": "$4,159", "2016-03-31": "$3,371", "2015-12-31": "$2,834", "2015-09-30": "$3,113", "2015-06-30": "$4,032", "2015-03-31": "$3,894", "2014-12-31": "$3,107", "2014-09-30": "$0", "2014-06-30": "$0", "2014-03-31": "$0", "2013-12-31": "$3,760", "2012-12-31": "$0"}}, "total-share-holder-equity": {"Virtu Financial Annual Share Holder Equity (Millions of US $)": {"2019": "$1,229", "2018": "$1,495", "2017": "$1,152", "2016": "$534", "2015": "$558", "2014": "$212", "2013": "$203", "2012": "$0"}, "Virtu Financial Quarterly Share Holder Equity (Millions of US $)": {"2020-09-30": "$1,807", "2020-06-30": "$1,701", "2020-03-31": "$1,529", "2019-12-31": "$1,229", "2019-09-30": "$1,297", "2019-06-30": "$1,352", "2019-03-31": "$1,437", "2018-12-31": "$1,495", "2018-09-30": "$1,385", "2018-06-30": "$1,442", "2018-03-31": "$1,458", "2017-12-31": "$1,152", "2017-09-30": "$1,166", "2017-06-30": "$517", "2017-03-31": "$530", "2016-12-31": "$534", "2016-09-30": "$543", "2016-06-30": "$547", "2016-03-31": "$565", "2015-12-31": "$558", "2015-09-30": "$529", "2015-06-30": "$505", "2015-03-31": "$205", "2014-12-31": "$212", "2014-09-30": "$0", "2014-06-30": "$0", "2014-03-31": "$0", "2013-12-31": "$203", "2012-12-31": "$0"}}, "profit-margins": {"current": "17.49%"}, "gross margin": {"2020-09-30": "82.06%", "2020-06-30": "83.86%", "2020-03-31": "84.75%", "2019-12-31": "81.44%", "2019-09-30": "78.65%", "2019-06-30": "79.36%", "2019-03-31": "80.50%", "2018-12-31": "83.92%", "2018-09-30": "83.34%", "2018-06-30": "83.40%", "2018-03-31": "82.78%", "2017-12-31": "75.10%", "2017-09-30": "69.62%", "2017-06-30": "66.40%", "2017-03-31": "67.58%", "2016-12-31": "68.56%", "2016-09-30": "68.97%", "2016-06-30": "69.74%", "2016-03-31": "69.79%", "2015-12-31": "70.64%", "2015-09-30": "70.26%", "2015-06-30": "69.41%", "2015-03-31": "69.04%", "2014-12-31": "68.05%"}, "operating margin": {"2020-09-30": "36.86%", "2020-06-30": "31.01%", "2020-03-31": "16.86%", "2019-12-31": "-7.58%", "2019-09-30": "3.85%", "2019-06-30": "6.45%", "2019-03-31": "14.87%", "2018-12-31": "37.11%", "2018-09-30": "35.68%", "2018-06-30": "32.14%", "2018-03-31": "32.96%", "2017-12-31": "11.09%", "2017-09-30": "3.00%", "2017-06-30": "16.88%", "2017-03-31": "22.07%", "2016-12-31": "25.60%", "2016-09-30": "26.52%", "2016-06-30": "30.13%", "2016-03-31": "25.39%", "2015-12-31": "27.10%", "2015-09-30": "30.34%", "2015-06-30": "27.43%", "2015-03-31": "30.70%", "2014-12-31": "28.63%"}, "ebitda margin": {"2020-09-30": "48.56%", "2020-06-30": "43.93%", "2020-03-31": "32.75%", "2019-12-31": "15.03%", "2019-09-30": "22.82%", "2019-06-30": "25.59%", "2019-03-31": "33.87%", "2018-12-31": "50.43%", "2018-09-30": "48.87%", "2018-06-30": "45.50%", "2018-03-31": "45.58%", "2017-12-31": "27.63%", "2017-09-30": "20.98%", "2017-06-30": "32.01%", "2017-03-31": "35.92%", "2016-12-31": "38.83%", "2016-09-30": "39.07%", "2016-06-30": "41.58%", "2016-03-31": "36.98%", "2015-12-31": "38.14%", "2015-09-30": "40.77%", "2015-06-30": "38.31%", "2015-03-31": "41.19%", "2014-12-31": "39.42%"}, "pre tax profit margin": {"2020-09-30": "36.86%", "2020-06-30": "31.01%", "2020-03-31": "16.86%", "2019-12-31": "-7.58%", "2019-09-30": "3.85%", "2019-06-30": "6.45%", "2019-03-31": "14.87%", "2018-12-31": "37.11%", "2018-09-30": "35.68%", "2018-06-30": "32.14%", "2018-03-31": "32.96%", "2017-12-31": "11.09%", "2017-09-30": "3.00%", "2017-06-30": "16.88%", "2017-03-31": "22.07%", "2016-12-31": "25.60%", "2016-09-30": "26.52%", "2016-06-30": "30.13%", "2016-03-31": "25.39%", "2015-12-31": "27.10%", "2015-09-30": "28.90%", "2015-06-30": "25.92%", "2015-03-31": "29.15%", "2014-12-31": "26.97%"}, "net profit margin": {"2020-09-30": "17.44%", "2020-06-30": "14.73%", "2020-03-31": "7.78%", "2019-12-31": "-3.86%", "2019-09-30": "2.56%", "2019-06-30": "3.60%", "2019-03-31": "7.57%", "2018-12-31": "15.44%", "2018-09-30": "11.56%", "2018-06-30": "10.48%", "2018-03-31": "10.20%", "2017-12-31": "0.29%", "2017-09-30": "-0.14%", "2017-06-30": "3.18%", "2017-03-31": "4.11%", "2016-12-31": "4.55%", "2016-09-30": "-6.21%", "2016-06-30": "-5.13%", "2016-03-31": "-6.12%", "2015-12-31": "2.51%", "2015-09-30": "18.94%", "2015-06-30": "23.64%", "2015-03-31": "28.24%", "2014-12-31": "26.28%"}, "pe ratio": {"current": "5.70", "2021-02-05": "6.66", "2020-09-30": "5.49", "2020-06-30": "7.25", "2020-03-31": "15.08", "2019-12-31": "0.00", "2019-09-30": "41.78", "2019-06-30": "41.47", "2019-03-31": "21.93", "2018-12-31": "8.07", "2018-09-30": "7.60", "2018-06-30": "10.87", "2018-03-31": "14.96", "2017-12-31": "74.08", "2017-09-30": "88.86", "2017-06-30": "29.97", "2017-03-31": "20.15", "2016-12-31": "15.26", "2016-09-30": "14.08", "2016-06-30": "13.98", "2016-03-31": "21.18"}, "price sales": {"2021-02-05": "1.12", "2020-09-30": "0.92", "2020-06-30": "1.02", "2020-03-31": "1.09", "2019-12-31": "1.13", "2019-09-30": "1.08", "2019-06-30": "1.47", "2019-03-31": "1.60", "2018-12-31": "1.23", "2018-09-30": "0.84", "2018-06-30": "1.05", "2018-03-31": "1.28", "2017-12-31": "0.90", "2017-09-30": "0.94", "2017-06-30": "0.96", "2017-03-31": "0.86", "2016-12-31": "0.73", "2016-09-30": "0.66", "2016-06-30": "0.71", "2016-03-31": "0.83"}, "price book": {"current": "2.96", "2021-02-05": "2.96", "2020-09-30": "2.44", "2020-06-30": "2.63", "2020-03-31": "2.55", "2019-12-31": "2.38", "2019-09-30": "2.27", "2019-06-30": "2.86", "2019-03-31": "2.91", "2018-12-31": "2.99", "2018-09-30": "2.56", "2018-06-30": "3.17", "2018-03-31": "3.82", "2017-12-31": "2.65", "2017-09-30": "2.28", "2017-06-30": "4.12", "2017-03-31": "3.81", "2016-12-31": "3.50", "2016-09-30": "3.17", "2016-06-30": "3.73", "2016-03-31": "4.37", "2015-12-31": "4.48", "2015-09-30": "4.72", "2015-06-30": "5.02"}, "price fcf": {"2021-02-05": "", "2020-09-30": "$7.79", "2020-06-30": "$8.37", "2020-03-31": "$1.05", "2019-12-31": "$0.97", "2019-09-30": "$0.64", "2019-06-30": "$0.16", "2019-03-31": "$3.31", "2018-12-31": "$6.53", "2018-09-30": "$4.25", "2018-06-30": "$5.14", "2018-03-31": "$4.63", "2017-12-31": "$4.11", "2017-09-30": "$3.65", "2017-06-30": "$5.48", "2017-03-31": "$5.09", "2016-12-31": "$5.69", "2016-09-30": "$4.79", "2016-06-30": "$3.87", "2016-03-31": "$7.93"}, "net worth": {"value": "$5.35B"}, "current ratio": {"current": "0.75", "2020-09-30": "0.75", "2020-06-30": "0.82", "2020-03-31": "0.77", "2019-12-31": "0.73", "2019-09-30": "0.72", "2019-06-30": "0.63", "2019-03-31": "0.67", "2018-12-31": "0.69", "2018-09-30": "0.60", "2018-06-30": "0.65", "2018-03-31": "0.66", "2017-12-31": "0.64", "2017-09-30": "0.63", "2017-06-30": "0.98", "2017-03-31": "0.43", "2016-12-31": "0.36", "2016-09-30": "0.48", "2016-06-30": "0.60", "2016-03-31": "0.54", "2015-12-31": "0.52", "2015-09-30": "0.51", "2015-06-30": "0.45", "2015-03-31": "0.39", "2014-12-31": "0.42", "2014-09-30": "0.00", "2014-06-30": "0.00", "2014-03-31": "0.00", "2013-12-31": "0.45", "2012-12-31": "0.00"}, "quick ratio": {"2020-09-30": "0.00", "2020-06-30": "0.00", "2020-03-31": "0.00", "2019-12-31": "0.00", "2019-09-30": "0.00", "2019-06-30": "0.00", "2019-03-31": "0.00", "2018-12-31": "0.00", "2018-09-30": "0.00", "2018-06-30": "0.00", "2018-03-31": "0.00", "2017-12-31": "0.00", "2017-09-30": "0.00", "2017-06-30": "0.00", "2017-03-31": "0.00", "2016-12-31": "0.00", "2016-09-30": "0.00", "2016-06-30": "0.00", "2016-03-31": "0.00", "2015-12-31": "0.00", "2015-09-30": "0.00", "2015-06-30": "0.00", "2015-03-31": "0.00", "2014-12-31": "0.00", "2014-09-30": "0.00", "2014-06-30": "0.00", "2014-03-31": "0.00", "2013-12-31": "0.00", "2012-12-31": "0.00"}, "debt equity ratio": {"current": "0.91", "2020-09-30": "4.23", "2020-06-30": "5.05", "2020-03-31": "6.19", "2019-12-31": "6.82", "2019-09-30": "6.09", "2019-06-30": "5.72", "2019-03-31": "5.32", "2018-12-31": "3.94", "2018-09-30": "4.23", "2018-06-30": "3.97", "2018-03-31": "4.32", "2017-12-31": "5.36", "2017-09-30": "5.64", "2017-06-30": "7.45", "2017-03-31": "6.75", "2016-12-31": "5.91", "2016-09-30": "5.47", "2016-06-30": "7.61", "2016-03-31": "5.97", "2015-12-31": "5.08", "2015-09-30": "5.89", "2015-06-30": "7.99", "2015-03-31": "18.96", "2014-12-31": "14.64", "2014-09-30": "0.00", "2014-06-30": "0.00", "2014-03-31": "0.00", "2013-12-31": "18.50", "2012-12-31": "0.00"}, "return on equity": {"2020-09-30": "33.13%", "2020-06-30": "27.66%", "2020-03-31": "12.50%", "2019-12-31": "-4.44%", "2019-09-30": "2.87%", "2019-06-30": "3.74%", "2019-03-31": "7.50%", "2018-12-31": "20.07%", "2018-09-30": "16.19%", "2018-06-30": "15.10%", "2018-03-31": "16.12%", "2017-12-31": "0.36%", "2017-09-30": "-0.15%", "2017-06-30": "3.77%", "2017-03-31": "5.01%", "2016-12-31": "5.85%", "2016-09-30": "-7.95%", "2016-06-30": "-7.09%", "2016-03-31": "-8.72%", "2015-12-31": "4.45%", "2015-09-30": "43.56%", "2015-06-30": "81.13%", "2015-03-31": "209.11%", "2014-12-31": "358.49%"}, "return on assets": {"2020-09-30": "5.15%", "2020-06-30": "3.97%", "2020-03-31": "1.74%", "2019-12-31": "-0.64%", "2019-09-30": "0.46%", "2019-06-30": "0.65%", "2019-03-31": "1.40%", "2018-12-31": "3.93%", "2018-09-30": "2.98%", "2018-06-30": "2.63%", "2018-03-31": "2.54%", "2017-12-31": "0.05%", "2017-09-30": "-0.02%", "2017-06-30": "0.51%", "2017-03-31": "0.67%", "2016-12-31": "0.81%", "2016-09-30": "-1.13%", "2016-06-30": "-1.00%", "2016-03-31": "-1.21%", "2015-12-31": "0.51%", "2015-09-30": "4.05%", "2015-06-30": "6.26%", "2015-03-31": "11.75%", "2014-12-31": "22.90%"}, "return on investments": {"2020-09-30": "32.58%", "2020-06-30": "25.29%", "2020-03-31": "11.17%", "2019-12-31": "-3.55%", "2019-09-30": "1.95%", "2019-06-30": "3.34%", "2019-03-31": "8.03%", "2018-12-31": "28.66%", "2018-09-30": "27.53%", "2018-06-30": "23.74%", "2018-03-31": "22.66%", "2017-12-31": "5.44%", "2017-09-30": "1.27%", "2017-06-30": "7.84%", "2017-03-31": "13.49%", "2016-12-31": "16.89%", "2016-09-30": "17.84%", "2016-06-30": "21.97%", "2016-03-31": "18.88%", "2015-12-31": "22.89%", "2015-09-30": "29.49%", "2015-06-30": "36.03%", "2015-03-31": "67.28%", "2014-12-31": "116.95%"}, "return on tangible equity": {"2020-09-30": "-617.86%", "2020-06-30": "-170.63%", "2020-03-31": "-49.34%", "2019-12-31": "15.24%", "2019-09-30": "-30.48%", "2019-06-30": "61.45%", "2019-03-31": "35.15%", "2018-12-31": "56.39%", "2018-09-30": "52.44%", "2018-06-30": "57.39%", "2018-03-31": "104.22%", "2017-12-31": "-30.00%", "2017-09-30": "0.96%", "2017-06-30": "-10.77%", "2017-03-31": "-15.19%", "2016-12-31": "-18.91%", "2016-09-30": "26.91%", "2016-06-30": "23.32%", "2016-03-31": "26.44%", "2015-12-31": "-7.48%", "2015-09-30": "-44.63%", "2015-06-30": "-60.91%", "2015-03-31": "-85.83%", "2014-12-31": "-150.50%"}, "dividend yield history": {"last payout": "$0.96", "last yield": "3.47%"}}