{"ticker": "V", "price": {"title": "Visa Historical Annual Stock Price Data", "value": 208.77, "historical": {"2020": {"Average Stock Price": "193.9521", "Year Open": "191.1200", "Year High": "218.7300", "Year Low": "135.7400", "Year Close": "218.7300", "Annual % Change": "16.41%"}, "2019": {"Average Stock Price": "166.8117", "Year Open": "132.9200", "Year High": "189.3900", "Year Low": "128.1300", "Year Close": "187.9000", "Annual % Change": "42.41%"}, "2018": {"Average Stock Price": "132.6294", "Year Open": "114.5100", "Year High": "150.7900", "Year Low": "113.8600", "Year Close": "131.9400", "Annual % Change": "15.72%"}, "2017": {"Average Stock Price": "97.7190", "Year Open": "79.5000", "Year High": "114.3500", "Year Low": "79.5000", "Year Close": "114.0200", "Annual % Change": "46.14%"}, "2016": {"Average Stock Price": "77.9033", "Year Open": "75.7000", "Year High": "83.3600", "Year Low": "67.7700", "Year Close": "78.0200", "Annual % Change": "0.61%"}, "2015": {"Average Stock Price": "70.7501", "Year Open": "66.2550", "Year High": "80.4600", "Year Low": "61.5900", "Year Close": "77.5500", "Annual % Change": "18.31%"}, "2014": {"Average Stock Price": "55.4572", "Year Open": "55.2525", "Year High": "66.9075", "Year Low": "49.1575", "Year Close": "65.5500", "Annual % Change": "17.75%"}, "2013": {"Average Stock Price": "45.1237", "Year Open": "38.8450", "Year High": "55.6700", "Year Low": "38.6925", "Year Close": "55.6700", "Annual % Change": "46.91%"}, "2012": {"Average Stock Price": "31.4078", "Year Open": "25.7475", "Year High": "38.1150", "Year Low": "24.7775", "Year Close": "37.8950", "Annual % Change": "49.30%"}, "2011": {"Average Stock Price": "20.7150", "Year Open": "17.6300", "Year High": "25.7875", "Year Low": "17.2800", "Year Close": "25.3825", "Annual % Change": "44.26%"}, "2010": {"Average Stock Price": "19.8082", "Year Open": "22.0350", "Year High": "24.1475", "Year Low": "16.3700", "Year Close": "17.5950", "Annual % Change": "-19.53%"}, "2009": {"Average Stock Price": "16.4837", "Year Open": "13.3600", "Year High": "22.2425", "Year Low": "10.6050", "Year Close": "21.8650", "Annual % Change": "66.75%"}, "2008": {"Average Stock Price": "16.8488", "Year Open": "14.1250", "Year High": "22.1250", "Year Low": "11.5950", "Year Close": "13.1125", "Annual % Change": "0.00%"}}}, "market cap": {"value": "$407.58B"}, "income statement": {"Revenue": {"2020-09-30": "21846.00000", "2019-09-30": "22977.00000", "2018-09-30": "20609.00000", "2017-09-30": "18358.00000", "2016-09-30": "15082.00000", "2015-09-30": "13880.00000", "2014-09-30": "12702.00000", "2013-09-30": "11778.00000", "2012-09-30": "10421.00000", "2011-09-30": "9188.00000", "2010-09-30": "8065.00000", "2009-09-30": "6911.00000", "2008-09-30": "6263.00000", "2007-09-30": "3590.00000", "2006-09-30": "2948.00000", "2005-09-30": "2664.60500"}, "Cost Of Goods Sold": {"2020-09-30": "", "2019-09-30": "", "2018-09-30": "", "2017-09-30": "", "2016-09-30": "", "2015-09-30": "", "2014-09-30": "", "2013-09-30": "", "2012-09-30": "", "2011-09-30": "", "2010-09-30": "", "2009-09-30": "", "2008-09-30": "", "2007-09-30": "", "2006-09-30": "", "2005-09-30": ""}, "Gross Profit": {"2020-09-30": "21846.00000", "2019-09-30": "22977.00000", "2018-09-30": "20609.00000", "2017-09-30": "18358.00000", "2016-09-30": "15082.00000", "2015-09-30": "13880.00000", "2014-09-30": "12702.00000", "2013-09-30": "11778.00000", "2012-09-30": "10421.00000", "2011-09-30": "9188.00000", "2010-09-30": "8065.00000", "2009-09-30": "6911.00000", "2008-09-30": "6263.00000", "2007-09-30": "3590.00000", "2006-09-30": "2948.00000", "2005-09-30": "2664.60500"}, "Research And Development Expenses": {"2020-09-30": "", "2019-09-30": "", "2018-09-30": "", "2017-09-30": "", "2016-09-30": "", "2015-09-30": "", "2014-09-30": "", "2013-09-30": "", "2012-09-30": "", "2011-09-30": "", "2010-09-30": "", "2009-09-30": "", "2008-09-30": "", "2007-09-30": "", "2006-09-30": "", "2005-09-30": ""}, "SG&A Expenses": {"2020-09-30": "6260.00000", "2019-09-30": "6199.00000", "2018-09-30": "5749.00000", "2017-09-30": "5019.00000", "2016-09-30": "4280.00000", "2015-09-30": "3834.00000", "2014-09-30": "3610.00000", "2013-09-30": "3671.00000", "2012-09-30": "3435.00000", "2011-09-30": "3080.00000", "2010-09-30": "2831.00000", "2009-09-30": "2752.00000", "2008-09-30": "2985.00000", "2007-09-30": "1838.00000", "2006-09-30": "1685.00000", "2005-09-30": "1572.60600"}, "Other Operating Income Or Expenses": {"2020-09-30": "-738.00000", "2019-09-30": "-1121.00000", "2018-09-30": "-1293.00000", "2017-09-30": "-639.00000", "2016-09-30": "-2417.00000", "2015-09-30": "-488.00000", "2014-09-30": "-960.00000", "2013-09-30": "-471.00000", "2012-09-30": "-4514.00000", "2011-09-30": "-364.00000", "2010-09-30": "-380.00000", "2009-09-30": "-395.00000", "2008-09-30": "-1809.00000", "2007-09-30": "-3075.00000", "2006-09-30": "-395.00000", "2005-09-30": "-639.07700"}, "Operating Expenses": {"2020-09-30": "7765.00000", "2019-09-30": "7976.00000", "2018-09-30": "7655.00000", "2017-09-30": "6214.00000", "2016-09-30": "7199.00000", "2015-09-30": "4816.00000", "2014-09-30": "5005.00000", "2013-09-30": "4539.00000", "2012-09-30": "8282.00000", "2011-09-30": "3732.00000", "2010-09-30": "3476.00000", "2009-09-30": "3373.00000", "2008-09-30": "5031.00000", "2007-09-30": "5039.00000", "2006-09-30": "2218.00000", "2005-09-30": "2211.68300"}, "Operating Income": {"2020-09-30": "14081.00000", "2019-09-30": "15001.00000", "2018-09-30": "12954.00000", "2017-09-30": "12144.00000", "2016-09-30": "7883.00000", "2015-09-30": "9064.00000", "2014-09-30": "7697.00000", "2013-09-30": "7239.00000", "2012-09-30": "2139.00000", "2011-09-30": "5456.00000", "2010-09-30": "4589.00000", "2009-09-30": "3538.00000", "2008-09-30": "1232.00000", "2007-09-30": "-1449.00000", "2006-09-30": "730.00000", "2005-09-30": "452.92190"}, "Total Non-Operating Income/Expense": {"2020-09-30": "-291.00000", "2019-09-30": "-117.00000", "2018-09-30": "-148.00000", "2017-09-30": "-450.00000", "2016-09-30": "129.00000", "2015-09-30": "-69.00000", "2014-09-30": "27.00000", "2013-09-30": "18.00000", "2012-09-30": "68.00000", "2011-09-30": "200.00000", "2010-09-30": "49.00000", "2009-09-30": "462.00000", "2008-09-30": "104.00000", "2007-09-30": "62.00000", "2006-09-30": "-8.00000", "2005-09-30": "3.32300"}, "Pre-Tax Income": {"2020-09-30": "13790.00000", "2019-09-30": "14884.00000", "2018-09-30": "12806.00000", "2017-09-30": "11694.00000", "2016-09-30": "8012.00000", "2015-09-30": "8995.00000", "2014-09-30": "7724.00000", "2013-09-30": "7257.00000", "2012-09-30": "2207.00000", "2011-09-30": "5656.00000", "2010-09-30": "4638.00000", "2009-09-30": "4000.00000", "2008-09-30": "1336.00000", "2007-09-30": "-1387.00000", "2006-09-30": "722.00000", "2005-09-30": "456.24500"}, "Income Taxes": {"2020-09-30": "2924.00000", "2019-09-30": "2804.00000", "2018-09-30": "2505.00000", "2017-09-30": "4995.00000", "2016-09-30": "2021.00000", "2015-09-30": "2667.00000", "2014-09-30": "2286.00000", "2013-09-30": "2277.00000", "2012-09-30": "65.00000", "2011-09-30": "2010.00000", "2010-09-30": "1674.00000", "2009-09-30": "1648.00000", "2008-09-30": "532.00000", "2007-09-30": "-316.00000", "2006-09-30": "251.00000", "2005-09-30": "183.29600"}, "Income After Taxes": {"2020-09-30": "10866.00000", "2019-09-30": "12080.00000", "2018-09-30": "10301.00000", "2017-09-30": "6699.00000", "2016-09-30": "5991.00000", "2015-09-30": "6328.00000", "2014-09-30": "5438.00000", "2013-09-30": "4980.00000", "2012-09-30": "2142.00000", "2011-09-30": "3646.00000", "2010-09-30": "2964.00000", "2009-09-30": "2352.00000", "2008-09-30": "804.00000", "2007-09-30": "-1071.00000", "2006-09-30": "471.00000", "2005-09-30": "272.94900"}, "Other Income": {"2020-09-30": "", "2019-09-30": "", "2018-09-30": "", "2017-09-30": "", "2016-09-30": "", "2015-09-30": "", "2014-09-30": "", "2013-09-30": "", "2012-09-30": "", "2011-09-30": "", "2010-09-30": "", "2009-09-30": "", "2008-09-30": "", "2007-09-30": "", "2006-09-30": "", "2005-09-30": ""}, "Income From Continuous Operations": {"2020-09-30": "10866.00000", "2019-09-30": "12080.00000", "2018-09-30": "10301.00000", "2017-09-30": "6699.00000", "2016-09-30": "5991.00000", "2015-09-30": "6328.00000", "2014-09-30": "5438.00000", "2013-09-30": "4980.00000", "2012-09-30": "2142.00000", "2011-09-30": "3646.00000", "2010-09-30": "2964.00000", "2009-09-30": "2352.00000", "2008-09-30": "804.00000", "2007-09-30": "-1076.00000", "2006-09-30": "455.00000", "2005-09-30": "264.70100"}, "Income From Discontinued Operations": {"2020-09-30": "", "2019-09-30": "", "2018-09-30": "", "2017-09-30": "", "2016-09-30": "", "2015-09-30": "", "2014-09-30": "", "2013-09-30": "", "2012-09-30": "", "2011-09-30": "", "2010-09-30": "", "2009-09-30": "", "2008-09-30": "", "2007-09-30": "", "2006-09-30": "", "2005-09-30": ""}, "Net Income": {"2020-09-30": "10866.00000", "2019-09-30": "12080.00000", "2018-09-30": "10301.00000", "2017-09-30": "6699.00000", "2016-09-30": "5991.00000", "2015-09-30": "6328.00000", "2014-09-30": "5438.00000", "2013-09-30": "4980.00000", "2012-09-30": "2144.00000", "2011-09-30": "3650.00000", "2010-09-30": "2966.00000", "2009-09-30": "2353.00000", "2008-09-30": "804.00000", "2007-09-30": "-1076.00000", "2006-09-30": "455.00000", "2005-09-30": "360.44500"}, "EBITDA": {"2020-09-30": "14811.00000", "2019-09-30": "15485.00000", "2018-09-30": "13556.00000", "2017-09-30": "12700.00000", "2016-09-30": "8385.00000", "2015-09-30": "9558.00000", "2014-09-30": "10724.00000", "2013-09-30": "9957.00000", "2012-09-30": "4627.00000", "2011-09-30": "7624.00000", "2010-09-30": "6414.00000", "2009-09-30": "4998.00000", "2008-09-30": "2630.00000", "2007-09-30": "-823.00000", "2006-09-30": "1465.00000", "2005-09-30": "1161.22700"}, "EBIT": {"2020-09-30": "14081.00000", "2019-09-30": "15001.00000", "2018-09-30": "12954.00000", "2017-09-30": "12144.00000", "2016-09-30": "7883.00000", "2015-09-30": "9064.00000", "2014-09-30": "7697.00000", "2013-09-30": "7239.00000", "2012-09-30": "2139.00000", "2011-09-30": "5456.00000", "2010-09-30": "4589.00000", "2009-09-30": "3538.00000", "2008-09-30": "1232.00000", "2007-09-30": "-1449.00000", "2006-09-30": "730.00000", "2005-09-30": "452.92190"}, "Basic Shares Outstanding": {"2020-09-30": "1953.00000", "2019-09-30": "1999.00000", "2018-09-30": "2049.00000", "2017-09-30": "2104.00000", "2016-09-30": "2170.00000", "2015-09-30": "2221.00000", "2014-09-30": "2264.00000", "2013-09-30": "2353.00000", "2012-09-30": "3240.00000", "2011-09-30": "3296.00000", "2010-09-30": "3356.00000", "2009-09-30": "3376.00000", "2008-09-30": "3452.00000", "2007-09-30": "", "2006-09-30": "", "2005-09-30": ""}, "Shares Outstanding": {"2020-09-30": "2479.00000", "2019-09-30": "2529.00000", "2018-09-30": "2586.00000", "2017-09-30": "2654.00000", "2016-09-30": "2678.00000", "2015-09-30": "2724.00000", "2014-09-30": "2794.00000", "2013-09-30": "2897.00000", "2012-09-30": "3856.00000", "2011-09-30": "4088.00000", "2010-09-30": "4384.00000", "2009-09-30": "4608.00000", "2008-09-30": "5576.00000", "2007-09-30": "", "2006-09-30": "", "2005-09-30": ""}, "Basic EPS": {"2020-09-30": "5.56000", "2019-09-30": "6.04000", "2018-09-30": "5.03000", "2017-09-30": "3.18000", "2016-09-30": "2.76000", "2015-09-30": "2.85000", "2014-09-30": "2.40000", "2013-09-30": "2.12000", "2012-09-30": "0.66250", "2011-09-30": "1.10750", "2010-09-30": "0.88500", "2009-09-30": "0.69750", "2008-09-30": "0.23250", "2007-09-30": "", "2006-09-30": "", "2005-09-30": ""}, "EPS - Earnings Per Share": {"2020-09-30": "4.40000", "2019-09-30": "4.78000", "2018-09-30": "3.98000", "2017-09-30": "2.52000", "2016-09-30": "2.24000", "2015-09-30": "2.32000", "2014-09-30": "1.95000", "2013-09-30": "1.72000", "2012-09-30": "0.55500", "2011-09-30": "0.89280", "2010-09-30": "0.67750", "2009-09-30": "0.51000", "2008-09-30": "0.14500", "2007-09-30": "0.00000", "2006-09-30": "0.00000", "2005-09-30": "0.00000"}}, "income statement, quarterly": {"Revenue": {"2020-12-31": "5687.00000", "2020-09-30": "5101.00000", "2020-06-30": "4837.00000", "2020-03-31": "5854.00000", "2019-12-31": "6054.00000", "2019-09-30": "6137.00000", "2019-06-30": "5840.00000", "2019-03-31": "5494.00000", "2018-12-31": "5506.00000", "2018-09-30": "5434.00000", "2018-06-30": "5240.00000", "2018-03-31": "5073.00000", "2017-12-31": "4862.00000", "2017-09-30": "4855.00000", "2017-06-30": "4565.00000", "2017-03-31": "4477.00000", "2016-12-31": "4461.00000", "2016-09-30": "4261.00000", "2016-06-30": "3630.00000", "2016-03-31": "3626.00000", "2015-12-31": "3565.00000", "2015-09-30": "3571.00000", "2015-06-30": "3518.00000", "2015-03-31": "3409.00000", "2014-12-31": "3382.00000", "2014-09-30": "3229.00000", "2014-06-30": "3155.00000", "2014-03-31": "3163.00000", "2013-12-31": "3155.00000", "2013-09-30": "2973.00000", "2013-06-30": "3001.00000", "2013-03-31": "2958.00000", "2012-12-31": "2846.00000", "2012-09-30": "2731.00000", "2012-06-30": "2565.00000", "2012-03-31": "2578.00000", "2011-12-31": "2547.00000", "2011-09-30": "2383.00000", "2011-06-30": "2322.00000", "2011-03-31": "2245.00000", "2010-12-31": "2238.00000", "2010-09-30": "2117.00000", "2010-06-30": "2029.00000", "2010-03-31": "1959.00000", "2009-12-31": "1960.00000", "2009-09-30": "1879.00000", "2009-06-30": "1646.00000", "2009-03-31": "1647.00000", "2008-12-31": "1739.00000", "2008-09-30": "1709.00000", "2008-06-30": "1613.00000", "2008-03-31": "1453.00000", "2007-12-31": "1488.00000", "2007-09-30": "991.00000", "2007-06-30": "941.00000", "2007-03-31": "813.00000", "2006-12-31": "845.00000"}, "Cost Of Goods Sold": {"2020-12-31": "", "2020-09-30": "", "2020-06-30": "", "2020-03-31": "", "2019-12-31": "", "2019-09-30": "", "2019-06-30": "", "2019-03-31": "", "2018-12-31": "", "2018-09-30": "", "2018-06-30": "", "2018-03-31": "", "2017-12-31": "", "2017-09-30": "", "2017-06-30": "", "2017-03-31": "", "2016-12-31": "", "2016-09-30": "", "2016-06-30": "", "2016-03-31": "", "2015-12-31": "", "2015-09-30": "", "2015-06-30": "", "2015-03-31": "", "2014-12-31": "", "2014-09-30": "", "2014-06-30": "", "2014-03-31": "", "2013-12-31": "", "2013-09-30": "", "2013-06-30": "", "2013-03-31": "", "2012-12-31": "", "2012-09-30": "", "2012-06-30": "", "2012-03-31": "", "2011-12-31": "", "2011-09-30": "", "2011-06-30": "", "2011-03-31": "", "2010-12-31": "", "2010-09-30": "", "2010-06-30": "", "2010-03-31": "", "2009-12-31": "", "2009-09-30": "", "2009-06-30": "", "2009-03-31": "", "2008-12-31": "", "2008-09-30": "", "2008-06-30": "", "2008-03-31": "", "2007-12-31": "", "2007-09-30": "", "2007-06-30": "", "2007-03-31": "", "2006-12-31": ""}, "Gross Profit": {"2020-12-31": "5687.00000", "2020-09-30": "5101.00000", "2020-06-30": "4837.00000", "2020-03-31": "5854.00000", "2019-12-31": "6054.00000", "2019-09-30": "6137.00000", "2019-06-30": "5840.00000", "2019-03-31": "5494.00000", "2018-12-31": "5506.00000", "2018-09-30": "5434.00000", "2018-06-30": "5240.00000", "2018-03-31": "5073.00000", "2017-12-31": "4862.00000", "2017-09-30": "4855.00000", "2017-06-30": "4565.00000", "2017-03-31": "4477.00000", "2016-12-31": "4461.00000", "2016-09-30": "4261.00000", "2016-06-30": "3630.00000", "2016-03-31": "3626.00000", "2015-12-31": "3565.00000", "2015-09-30": "3571.00000", "2015-06-30": "3518.00000", "2015-03-31": "3409.00000", "2014-12-31": "3382.00000", "2014-09-30": "3229.00000", "2014-06-30": "3155.00000", "2014-03-31": "3163.00000", "2013-12-31": "3155.00000", "2013-09-30": "2973.00000", "2013-06-30": "3001.00000", "2013-03-31": "2958.00000", "2012-12-31": "2846.00000", "2012-09-30": "2731.00000", "2012-06-30": "2565.00000", "2012-03-31": "2578.00000", "2011-12-31": "2547.00000", "2011-09-30": "2383.00000", "2011-06-30": "2322.00000", "2011-03-31": "2245.00000", "2010-12-31": "2238.00000", "2010-09-30": "2117.00000", "2010-06-30": "2029.00000", "2010-03-31": "1959.00000", "2009-12-31": "1960.00000", "2009-09-30": "1879.00000", "2009-06-30": "1646.00000", "2009-03-31": "1647.00000", "2008-12-31": "1739.00000", "2008-09-30": "1709.00000", "2008-06-30": "1613.00000", "2008-03-31": "1453.00000", "2007-12-31": "1488.00000", "2007-09-30": "991.00000", "2007-06-30": "941.00000", "2007-03-31": "813.00000", "2006-12-31": "845.00000"}, "Research And Development Expenses": {"2020-12-31": "", "2020-09-30": "", "2020-06-30": "", "2020-03-31": "", "2019-12-31": "", "2019-09-30": "", "2019-06-30": "", "2019-03-31": "", "2018-12-31": "", "2018-09-30": "", "2018-06-30": "", "2018-03-31": "", "2017-12-31": "", "2017-09-30": "", "2017-06-30": "", "2017-03-31": "", "2016-12-31": "", "2016-09-30": "", "2016-06-30": "", "2016-03-31": "", "2015-12-31": "", "2015-09-30": "", "2015-06-30": "", "2015-03-31": "", "2014-12-31": "", "2014-09-30": "", "2014-06-30": "", "2014-03-31": "", "2013-12-31": "", "2013-09-30": "", "2013-06-30": "", "2013-03-31": "", "2012-12-31": "", "2012-09-30": "", "2012-06-30": "", "2012-03-31": "", "2011-12-31": "", "2011-09-30": "", "2011-06-30": "", "2011-03-31": "", "2010-12-31": "", "2010-09-30": "", "2010-06-30": "", "2010-03-31": "", "2009-12-31": "", "2009-09-30": "", "2009-06-30": "", "2009-03-31": "", "2008-12-31": "", "2008-09-30": "", "2008-06-30": "", "2008-03-31": "", "2007-12-31": "", "2007-09-30": "", "2007-06-30": "", "2007-03-31": "", "2006-12-31": ""}, "SG&A Expenses": {"2020-12-31": "1472.00000", "2020-09-30": "1570.00000", "2020-06-30": "1468.00000", "2020-03-31": "1547.00000", "2019-12-31": "1675.00000", "2019-09-30": "1667.00000", "2019-06-30": "1582.00000", "2019-03-31": "1500.00000", "2018-12-31": "1450.00000", "2018-09-30": "1670.00000", "2018-06-30": "1434.00000", "2018-03-31": "1415.00000", "2017-12-31": "1230.00000", "2017-09-30": "1327.00000", "2017-06-30": "1251.00000", "2017-03-31": "1386.00000", "2016-12-31": "1055.00000", "2016-09-30": "1333.00000", "2016-06-30": "1082.00000", "2016-03-31": "944.00000", "2015-12-31": "921.00000", "2015-09-30": "1024.00000", "2015-06-30": "1009.00000", "2015-03-31": "891.00000", "2014-12-31": "910.00000", "2014-09-30": "984.00000", "2014-06-30": "899.00000", "2014-03-31": "888.00000", "2013-12-31": "839.00000", "2013-09-30": "994.00000", "2013-06-30": "956.00000", "2013-03-31": "880.00000", "2012-12-31": "841.00000", "2012-09-30": "1007.00000", "2012-06-30": "888.00000", "2012-03-31": "789.00000", "2011-12-31": "751.00000", "2011-09-30": "837.00000", "2011-06-30": "812.00000", "2011-03-31": "706.00000", "2010-12-31": "725.00000", "2010-09-30": "811.00000", "2010-06-30": "726.00000", "2010-03-31": "675.00000", "2009-12-31": "619.00000", "2009-09-30": "837.00000", "2009-06-30": "669.00000", "2009-03-31": "618.00000", "2008-12-31": "628.00000", "2008-09-30": "871.00000", "2008-06-30": "774.00000", "2008-03-31": "675.00000", "2007-12-31": "665.00000", "2007-09-30": "560.00000", "2007-06-30": "464.00000", "2007-03-31": "404.00000", "2006-12-31": "410.00000"}, "Other Operating Income Or Expenses": {"2020-12-31": "-174.00000", "2020-09-30": "-193.00000", "2020-06-30": "-173.00000", "2020-03-31": "-191.00000", "2019-12-31": "-181.00000", "2019-09-30": "-563.00000", "2019-06-30": "-185.00000", "2019-03-31": "-193.00000", "2018-12-31": "-180.00000", "2018-09-30": "-195.00000", "2018-06-30": "-769.00000", "2018-03-31": "-169.00000", "2017-12-31": "-160.00000", "2017-09-30": "-169.00000", "2017-06-30": "-158.00000", "2017-03-31": "-152.00000", "2016-12-31": "-160.00000", "2016-09-30": "-162.00000", "2016-06-30": "-2000.00000", "2016-03-31": "-127.00000", "2015-12-31": "-128.00000", "2015-09-30": "-145.00000", "2015-06-30": "-117.00000", "2015-03-31": "-112.00000", "2014-12-31": "-114.00000", "2014-09-30": "-581.00000", "2014-06-30": "-127.00000", "2014-03-31": "-120.00000", "2013-12-31": "-132.00000", "2013-09-30": "-122.00000", "2013-06-30": "-116.00000", "2013-03-31": "-120.00000", "2012-12-31": "-113.00000", "2012-09-30": "-113.00000", "2012-06-30": "-4200.00000", "2012-03-31": "-103.00000", "2011-12-31": "-98.00000", "2011-09-30": "-107.00000", "2011-06-30": "-91.00000", "2011-03-31": "-86.00000", "2010-12-31": "-80.00000", "2010-09-30": "-115.00000", "2010-06-30": "-103.00000", "2010-03-31": "-100.00000", "2009-12-31": "-62.00000", "2009-09-30": "-112.00000", "2009-06-30": "-98.00000", "2009-03-31": "-92.00000", "2008-12-31": "-93.00000", "2008-09-30": "-1222.00000", "2008-06-30": "-134.00000", "2008-03-31": "-370.00000", "2007-12-31": "-83.00000", "2007-09-30": "-2724.00000", "2007-06-30": "-115.00000", "2007-03-31": "-110.00000", "2006-12-31": "-126.00000"}, "Operating Expenses": {"2020-12-31": "1843.00000", "2020-09-30": "1959.00000", "2020-06-30": "1838.00000", "2020-03-31": "1930.00000", "2019-12-31": "2038.00000", "2019-09-30": "2402.00000", "2019-06-30": "1932.00000", "2019-03-31": "1853.00000", "2018-12-31": "1789.00000", "2018-09-30": "2028.00000", "2018-06-30": "2355.00000", "2018-03-31": "1737.00000", "2017-12-31": "1535.00000", "2017-09-30": "1643.00000", "2017-06-30": "1541.00000", "2017-03-31": "1669.00000", "2016-12-31": "1361.00000", "2016-09-30": "1636.00000", "2016-06-30": "3202.00000", "2016-03-31": "1192.00000", "2015-12-31": "1169.00000", "2015-09-30": "1288.00000", "2015-06-30": "1256.00000", "2015-03-31": "1128.00000", "2014-12-31": "1144.00000", "2014-09-30": "1677.00000", "2014-06-30": "1135.00000", "2014-03-31": "1115.00000", "2013-12-31": "1078.00000", "2013-09-30": "1222.00000", "2013-06-30": "1173.00000", "2013-03-31": "1098.00000", "2012-12-31": "1046.00000", "2012-09-30": "1209.00000", "2012-06-30": "5172.00000", "2012-03-31": "972.00000", "2011-12-31": "929.00000", "2011-09-30": "1021.00000", "2011-06-30": "977.00000", "2011-03-31": "862.00000", "2010-12-31": "872.00000", "2010-09-30": "1004.00000", "2010-06-30": "892.00000", "2010-03-31": "837.00000", "2009-12-31": "743.00000", "2009-09-30": "1010.00000", "2009-06-30": "824.00000", "2009-03-31": "766.00000", "2008-12-31": "773.00000", "2008-09-30": "2152.00000", "2008-06-30": "965.00000", "2008-03-31": "1104.00000", "2007-12-31": "810.00000", "2007-09-30": "3354.00000", "2007-06-30": "607.00000", "2007-03-31": "542.00000", "2006-12-31": "536.00000"}, "Operating Income": {"2020-12-31": "3844.00000", "2020-09-30": "3142.00000", "2020-06-30": "2999.00000", "2020-03-31": "3924.00000", "2019-12-31": "4016.00000", "2019-09-30": "3735.00000", "2019-06-30": "3908.00000", "2019-03-31": "3641.00000", "2018-12-31": "3717.00000", "2018-09-30": "3406.00000", "2018-06-30": "2885.00000", "2018-03-31": "3336.00000", "2017-12-31": "3327.00000", "2017-09-30": "3212.00000", "2017-06-30": "3024.00000", "2017-03-31": "2808.00000", "2016-12-31": "3100.00000", "2016-09-30": "2625.00000", "2016-06-30": "428.00000", "2016-03-31": "2434.00000", "2015-12-31": "2396.00000", "2015-09-30": "2283.00000", "2015-06-30": "2262.00000", "2015-03-31": "2281.00000", "2014-12-31": "2238.00000", "2014-09-30": "1552.00000", "2014-06-30": "2020.00000", "2014-03-31": "2048.00000", "2013-12-31": "2077.00000", "2013-09-30": "1751.00000", "2013-06-30": "1828.00000", "2013-03-31": "1860.00000", "2012-12-31": "1800.00000", "2012-09-30": "1522.00000", "2012-06-30": "-2607.00000", "2012-03-31": "1606.00000", "2011-12-31": "1618.00000", "2011-09-30": "1362.00000", "2011-06-30": "1345.00000", "2011-03-31": "1383.00000", "2010-12-31": "1366.00000", "2010-09-30": "1113.00000", "2010-06-30": "1137.00000", "2010-03-31": "1122.00000", "2009-12-31": "1217.00000", "2009-09-30": "869.00000", "2009-06-30": "822.00000", "2009-03-31": "881.00000", "2008-12-31": "966.00000", "2008-09-30": "-443.00000", "2008-06-30": "648.00000", "2008-03-31": "349.00000", "2007-12-31": "678.00000", "2007-09-30": "-2363.00000", "2007-06-30": "334.00000", "2007-03-31": "271.00000", "2006-12-31": "309.00000"}, "Total Non-Operating Income/Expense": {"2020-12-31": "-96.00000", "2020-09-30": "-87.00000", "2020-06-30": "-67.00000", "2020-03-31": "-95.00000", "2019-12-31": "-42.00000", "2019-09-30": "-24.00000", "2019-06-30": "-42.00000", "2019-03-31": "36.00000", "2018-12-31": "-87.00000", "2018-09-30": "132.00000", "2018-06-30": "-73.00000", "2018-03-31": "-119.00000", "2017-12-31": "-88.00000", "2017-09-30": "-113.00000", "2017-06-30": "-110.00000", "2017-03-31": "-106.00000", "2016-12-31": "-121.00000", "2016-09-30": "-115.00000", "2016-06-30": "-6.00000", "2016-03-31": "7.00000", "2015-12-31": "243.00000", "2015-09-30": "", "2015-06-30": "-94.00000", "2015-03-31": "1.00000", "2014-12-31": "24.00000", "2014-09-30": "-2.00000", "2014-06-30": "10.00000", "2014-03-31": "13.00000", "2013-12-31": "6.00000", "2013-09-30": "15.00000", "2013-06-30": "5.00000", "2013-03-31": "-3.00000", "2012-12-31": "1.00000", "2012-09-30": "66.00000", "2012-06-30": "", "2012-03-31": "3.00000", "2011-12-31": "-1.00000", "2011-09-30": "-8.00000", "2011-06-30": "198.00000", "2011-03-31": "-6.00000", "2010-12-31": "16.00000", "2010-09-30": "82.00000", "2010-06-30": "-15.00000", "2010-03-31": "-9.00000", "2009-12-31": "-9.00000", "2009-09-30": "-6.00000", "2009-06-30": "475.00000", "2009-03-31": "6.00000", "2008-12-31": "-13.00000", "2008-09-30": "12.00000", "2008-06-30": "66.00000", "2008-03-31": "21.00000", "2007-12-31": "5.00000", "2007-09-30": "12.00000", "2007-06-30": "19.00000", "2007-03-31": "17.00000", "2006-12-31": "14.00000"}, "Pre-Tax Income": {"2020-12-31": "3748.00000", "2020-09-30": "3055.00000", "2020-06-30": "2932.00000", "2020-03-31": "3829.00000", "2019-12-31": "3974.00000", "2019-09-30": "3711.00000", "2019-06-30": "3866.00000", "2019-03-31": "3677.00000", "2018-12-31": "3630.00000", "2018-09-30": "3538.00000", "2018-06-30": "2812.00000", "2018-03-31": "3217.00000", "2017-12-31": "3239.00000", "2017-09-30": "3099.00000", "2017-06-30": "2914.00000", "2017-03-31": "2702.00000", "2016-12-31": "2979.00000", "2016-09-30": "2510.00000", "2016-06-30": "422.00000", "2016-03-31": "2441.00000", "2015-12-31": "2639.00000", "2015-09-30": "2283.00000", "2015-06-30": "2168.00000", "2015-03-31": "2282.00000", "2014-12-31": "2262.00000", "2014-09-30": "1550.00000", "2014-06-30": "2030.00000", "2014-03-31": "2061.00000", "2013-12-31": "2083.00000", "2013-09-30": "1766.00000", "2013-06-30": "1833.00000", "2013-03-31": "1857.00000", "2012-12-31": "1801.00000", "2012-09-30": "1588.00000", "2012-06-30": "-2607.00000", "2012-03-31": "1609.00000", "2011-12-31": "1617.00000", "2011-09-30": "1354.00000", "2011-06-30": "1543.00000", "2011-03-31": "1377.00000", "2010-12-31": "1382.00000", "2010-09-30": "1195.00000", "2010-06-30": "1122.00000", "2010-03-31": "1113.00000", "2009-12-31": "1208.00000", "2009-09-30": "863.00000", "2009-06-30": "1297.00000", "2009-03-31": "887.00000", "2008-12-31": "953.00000", "2008-09-30": "-431.00000", "2008-06-30": "714.00000", "2008-03-31": "370.00000", "2007-12-31": "683.00000", "2007-09-30": "-2351.00000", "2007-06-30": "353.00000", "2007-03-31": "288.00000", "2006-12-31": "323.00000"}, "Income Taxes": {"2020-12-31": "622.00000", "2020-09-30": "918.00000", "2020-06-30": "559.00000", "2020-03-31": "745.00000", "2019-12-31": "702.00000", "2019-09-30": "686.00000", "2019-06-30": "765.00000", "2019-03-31": "700.00000", "2018-12-31": "653.00000", "2018-09-30": "693.00000", "2018-06-30": "483.00000", "2018-03-31": "612.00000", "2017-12-31": "717.00000", "2017-09-30": "959.00000", "2017-06-30": "855.00000", "2017-03-31": "2272.00000", "2016-12-31": "909.00000", "2016-09-30": "579.00000", "2016-06-30": "10.00000", "2016-03-31": "734.00000", "2015-12-31": "698.00000", "2015-09-30": "771.00000", "2015-06-30": "471.00000", "2015-03-31": "732.00000", "2014-12-31": "693.00000", "2014-09-30": "477.00000", "2014-06-30": "670.00000", "2014-03-31": "463.00000", "2013-12-31": "676.00000", "2013-09-30": "574.00000", "2013-06-30": "608.00000", "2013-03-31": "587.00000", "2012-12-31": "508.00000", "2012-09-30": "-74.00000", "2012-06-30": "-768.00000", "2012-03-31": "317.00000", "2011-12-31": "590.00000", "2011-09-30": "476.00000", "2011-06-30": "539.00000", "2011-03-31": "497.00000", "2010-12-31": "498.00000", "2010-09-30": "422.00000", "2010-06-30": "406.00000", "2010-03-31": "401.00000", "2009-12-31": "445.00000", "2009-09-30": "349.00000", "2009-06-30": "568.00000", "2009-03-31": "352.00000", "2008-12-31": "379.00000", "2008-09-30": "-75.00000", "2008-06-30": "292.00000", "2008-03-31": "56.00000", "2007-12-31": "259.00000", "2007-09-30": "-667.00000", "2007-06-30": "126.00000", "2007-03-31": "106.00000", "2006-12-31": "119.00000"}, "Income After Taxes": {"2020-12-31": "3126.00000", "2020-09-30": "2137.00000", "2020-06-30": "2373.00000", "2020-03-31": "3084.00000", "2019-12-31": "3272.00000", "2019-09-30": "3025.00000", "2019-06-30": "3101.00000", "2019-03-31": "2977.00000", "2018-12-31": "2977.00000", "2018-09-30": "2845.00000", "2018-06-30": "2329.00000", "2018-03-31": "2605.00000", "2017-12-31": "2522.00000", "2017-09-30": "2140.00000", "2017-06-30": "2059.00000", "2017-03-31": "430.00000", "2016-12-31": "2070.00000", "2016-09-30": "1931.00000", "2016-06-30": "412.00000", "2016-03-31": "1707.00000", "2015-12-31": "1941.00000", "2015-09-30": "1512.00000", "2015-06-30": "1697.00000", "2015-03-31": "1550.00000", "2014-12-31": "1569.00000", "2014-09-30": "1073.00000", "2014-06-30": "1360.00000", "2014-03-31": "1598.00000", "2013-12-31": "1407.00000", "2013-09-30": "1192.00000", "2013-06-30": "1225.00000", "2013-03-31": "1270.00000", "2012-12-31": "1293.00000", "2012-09-30": "1662.00000", "2012-06-30": "-1839.00000", "2012-03-31": "1292.00000", "2011-12-31": "1027.00000", "2011-09-30": "878.00000", "2011-06-30": "1004.00000", "2011-03-31": "880.00000", "2010-12-31": "884.00000", "2010-09-30": "773.00000", "2010-06-30": "716.00000", "2010-03-31": "712.00000", "2009-12-31": "763.00000", "2009-09-30": "514.00000", "2009-06-30": "729.00000", "2009-03-31": "535.00000", "2008-12-31": "574.00000", "2008-09-30": "-356.00000", "2008-06-30": "422.00000", "2008-03-31": "314.00000", "2007-12-31": "424.00000", "2007-09-30": "-1684.00000", "2007-06-30": "227.00000", "2007-03-31": "182.00000", "2006-12-31": "204.00000"}, "Other Income": {"2020-12-31": "", "2020-09-30": "", "2020-06-30": "", "2020-03-31": "", "2019-12-31": "", "2019-09-30": "", "2019-06-30": "", "2019-03-31": "", "2018-12-31": "", "2018-09-30": "", "2018-06-30": "", "2018-03-31": "", "2017-12-31": "", "2017-09-30": "", "2017-06-30": "", "2017-03-31": "", "2016-12-31": "", "2016-09-30": "", "2016-06-30": "", "2016-03-31": "", "2015-12-31": "", "2015-09-30": "", "2015-06-30": "", "2015-03-31": "", "2014-12-31": "", "2014-09-30": "", "2014-06-30": "", "2014-03-31": "", "2013-12-31": "", "2013-09-30": "", "2013-06-30": "", "2013-03-31": "", "2012-12-31": "", "2012-09-30": "", "2012-06-30": "", "2012-03-31": "", "2011-12-31": "", "2011-09-30": "", "2011-06-30": "", "2011-03-31": "", "2010-12-31": "", "2010-09-30": "", "2010-06-30": "", "2010-03-31": "", "2009-12-31": "", "2009-09-30": "", "2009-06-30": "", "2009-03-31": "", "2008-12-31": "", "2008-09-30": "", "2008-06-30": "", "2008-03-31": "", "2007-12-31": "", "2007-09-30": "", "2007-06-30": "", "2007-03-31": "", "2006-12-31": ""}, "Income From Continuous Operations": {"2020-12-31": "3126.00000", "2020-09-30": "2137.00000", "2020-06-30": "2373.00000", "2020-03-31": "3084.00000", "2019-12-31": "3272.00000", "2019-09-30": "3025.00000", "2019-06-30": "3101.00000", "2019-03-31": "2977.00000", "2018-12-31": "2977.00000", "2018-09-30": "2845.00000", "2018-06-30": "2329.00000", "2018-03-31": "2605.00000", "2017-12-31": "2522.00000", "2017-09-30": "2140.00000", "2017-06-30": "2059.00000", "2017-03-31": "430.00000", "2016-12-31": "2070.00000", "2016-09-30": "1931.00000", "2016-06-30": "412.00000", "2016-03-31": "1707.00000", "2015-12-31": "1941.00000", "2015-09-30": "1512.00000", "2015-06-30": "1697.00000", "2015-03-31": "1550.00000", "2014-12-31": "1569.00000", "2014-09-30": "1073.00000", "2014-06-30": "1360.00000", "2014-03-31": "1598.00000", "2013-12-31": "1407.00000", "2013-09-30": "1192.00000", "2013-06-30": "1225.00000", "2013-03-31": "1270.00000", "2012-12-31": "1293.00000", "2012-09-30": "1662.00000", "2012-06-30": "-1839.00000", "2012-03-31": "1292.00000", "2011-12-31": "1027.00000", "2011-09-30": "878.00000", "2011-06-30": "1004.00000", "2011-03-31": "880.00000", "2010-12-31": "884.00000", "2010-09-30": "773.00000", "2010-06-30": "716.00000", "2010-03-31": "712.00000", "2009-12-31": "763.00000", "2009-09-30": "514.00000", "2009-06-30": "729.00000", "2009-03-31": "535.00000", "2008-12-31": "574.00000", "2008-09-30": "-356.00000", "2008-06-30": "422.00000", "2008-03-31": "314.00000", "2007-12-31": "424.00000", "2007-09-30": "-1684.00000", "2007-06-30": "223.00000", "2007-03-31": "180.00000", "2006-12-31": "205.00000"}, "Income From Discontinued Operations": {"2020-12-31": "", "2020-09-30": "", "2020-06-30": "", "2020-03-31": "", "2019-12-31": "", "2019-09-30": "", "2019-06-30": "", "2019-03-31": "", "2018-12-31": "", "2018-09-30": "", "2018-06-30": "", "2018-03-31": "", "2017-12-31": "", "2017-09-30": "", "2017-06-30": "", "2017-03-31": "", "2016-12-31": "", "2016-09-30": "", "2016-06-30": "", "2016-03-31": "", "2015-12-31": "", "2015-09-30": "", "2015-06-30": "", "2015-03-31": "", "2014-12-31": "", "2014-09-30": "", "2014-06-30": "", "2014-03-31": "", "2013-12-31": "", "2013-09-30": "", "2013-06-30": "", "2013-03-31": "", "2012-12-31": "", "2012-09-30": "", "2012-06-30": "", "2012-03-31": "", "2011-12-31": "", "2011-09-30": "", "2011-06-30": "", "2011-03-31": "", "2010-12-31": "", "2010-09-30": "", "2010-06-30": "", "2010-03-31": "", "2009-12-31": "", "2009-09-30": "", "2009-06-30": "", "2009-03-31": "", "2008-12-31": "", "2008-09-30": "", "2008-06-30": "", "2008-03-31": "", "2007-12-31": "", "2007-09-30": "", "2007-06-30": "", "2007-03-31": "", "2006-12-31": ""}, "Net Income": {"2020-12-31": "3126.00000", "2020-09-30": "2137.00000", "2020-06-30": "2373.00000", "2020-03-31": "3084.00000", "2019-12-31": "3272.00000", "2019-09-30": "3025.00000", "2019-06-30": "3101.00000", "2019-03-31": "2977.00000", "2018-12-31": "2977.00000", "2018-09-30": "2845.00000", "2018-06-30": "2329.00000", "2018-03-31": "2605.00000", "2017-12-31": "2522.00000", "2017-09-30": "2140.00000", "2017-06-30": "2059.00000", "2017-03-31": "430.00000", "2016-12-31": "2070.00000", "2016-09-30": "1931.00000", "2016-06-30": "412.00000", "2016-03-31": "1707.00000", "2015-12-31": "1941.00000", "2015-09-30": "1512.00000", "2015-06-30": "1697.00000", "2015-03-31": "1550.00000", "2014-12-31": "1569.00000", "2014-09-30": "1073.00000", "2014-06-30": "1360.00000", "2014-03-31": "1598.00000", "2013-12-31": "1407.00000", "2013-09-30": "1192.00000", "2013-06-30": "1225.00000", "2013-03-31": "1270.00000", "2012-12-31": "1293.00000", "2012-09-30": "1662.00000", "2012-06-30": "-1839.00000", "2012-03-31": "1292.00000", "2011-12-31": "1029.00000", "2011-09-30": "880.00000", "2011-06-30": "1005.00000", "2011-03-31": "881.00000", "2010-12-31": "884.00000", "2010-09-30": "774.00000", "2010-06-30": "716.00000", "2010-03-31": "713.00000", "2009-12-31": "763.00000", "2009-09-30": "514.00000", "2009-06-30": "729.00000", "2009-03-31": "536.00000", "2008-12-31": "574.00000", "2008-09-30": "-356.00000", "2008-06-30": "422.00000", "2008-03-31": "314.00000", "2007-12-31": "424.00000", "2007-09-30": "-1684.00000", "2007-06-30": "223.00000", "2007-03-31": "180.00000", "2006-12-31": "205.00000"}, "EBITDA": {"2020-12-31": "4041.00000", "2020-09-30": "3301.00000", "2020-06-30": "3196.00000", "2020-03-31": "4116.00000", "2019-12-31": "4198.00000", "2019-09-30": "3735.00000", "2019-06-30": "4073.00000", "2019-03-31": "3801.00000", "2018-12-31": "3876.00000", "2018-09-30": "-431.00000", "2018-06-30": "4411.00000", "2018-03-31": "4778.00000", "2017-12-31": "4798.00000", "2017-09-30": "140.00000", "2017-06-30": "4303.00000", "2017-03-31": "3970.00000", "2016-12-31": "4287.00000", "2016-09-30": "350.00000", "2016-06-30": "1387.00000", "2016-03-31": "3344.00000", "2015-12-31": "3304.00000", "2015-09-30": "343.00000", "2015-06-30": "3062.00000", "2015-03-31": "3082.00000", "2014-12-31": "3071.00000", "2014-09-30": "2432.00000", "2014-06-30": "2767.00000", "2014-03-31": "2742.00000", "2013-12-31": "2783.00000", "2013-09-30": "2537.00000", "2013-06-30": "2450.00000", "2013-03-31": "2525.00000", "2012-12-31": "2445.00000", "2012-09-30": "2174.00000", "2012-06-30": "-1909.00000", "2012-03-31": "2183.00000", "2011-12-31": "2179.00000", "2011-09-30": "2015.00000", "2011-06-30": "1867.00000", "2011-03-31": "1904.00000", "2010-12-31": "1838.00000", "2010-09-30": "1612.00000", "2010-06-30": "1593.00000", "2010-03-31": "1556.00000", "2009-12-31": "1653.00000", "2009-09-30": "1256.00000", "2009-06-30": "1223.00000", "2009-03-31": "1232.00000", "2008-12-31": "1287.00000", "2008-09-30": "-85.00000", "2008-06-30": "979.00000", "2008-03-31": "745.00000", "2007-12-31": "991.00000", "2007-09-30": "-2665.36000", "2007-06-30": "476.00000", "2007-03-31": "439.00000", "2006-12-31": "438.00000"}, "EBIT": {"2020-12-31": "3844.00000", "2020-09-30": "3142.00000", "2020-06-30": "2999.00000", "2020-03-31": "3924.00000", "2019-12-31": "4016.00000", "2019-09-30": "3735.00000", "2019-06-30": "3908.00000", "2019-03-31": "3641.00000", "2018-12-31": "3717.00000", "2018-09-30": "3406.00000", "2018-06-30": "2885.00000", "2018-03-31": "3336.00000", "2017-12-31": "3327.00000", "2017-09-30": "3212.00000", "2017-06-30": "3024.00000", "2017-03-31": "2808.00000", "2016-12-31": "3100.00000", "2016-09-30": "2625.00000", "2016-06-30": "428.00000", "2016-03-31": "2434.00000", "2015-12-31": "2396.00000", "2015-09-30": "2283.00000", "2015-06-30": "2262.00000", "2015-03-31": "2281.00000", "2014-12-31": "2238.00000", "2014-09-30": "1552.00000", "2014-06-30": "2020.00000", "2014-03-31": "2048.00000", "2013-12-31": "2077.00000", "2013-09-30": "1751.00000", "2013-06-30": "1828.00000", "2013-03-31": "1860.00000", "2012-12-31": "1800.00000", "2012-09-30": "1522.00000", "2012-06-30": "-2607.00000", "2012-03-31": "1606.00000", "2011-12-31": "1618.00000", "2011-09-30": "1362.00000", "2011-06-30": "1345.00000", "2011-03-31": "1383.00000", "2010-12-31": "1366.00000", "2010-09-30": "1113.00000", "2010-06-30": "1137.00000", "2010-03-31": "1122.00000", "2009-12-31": "1217.00000", "2009-09-30": "869.00000", "2009-06-30": "822.00000", "2009-03-31": "881.00000", "2008-12-31": "966.00000", "2008-09-30": "-443.00000", "2008-06-30": "648.00000", "2008-03-31": "349.00000", "2007-12-31": "678.00000", "2007-09-30": "-2363.00000", "2007-06-30": "334.00000", "2007-03-31": "271.00000", "2006-12-31": "309.00000"}, "Basic Shares Outstanding": {"2020-12-31": "1950.00000", "2020-09-30": "1953.00000", "2020-06-30": "1946.00000", "2020-03-31": "1959.00000", "2019-12-31": "1969.00000", "2019-09-30": "1999.00000", "2019-06-30": "1992.00000", "2019-03-31": "2005.00000", "2018-12-31": "2017.00000", "2018-09-30": "2049.00000", "2018-06-30": "2041.00000", "2018-03-31": "2055.00000", "2017-12-31": "2069.00000", "2017-09-30": "2104.00000", "2017-06-30": "2099.00000", "2017-03-31": "2114.00000", "2016-12-31": "2122.00000", "2016-09-30": "2170.00000", "2016-06-30": "2162.00000", "2016-03-31": "2173.00000", "2015-12-31": "2202.00000", "2015-09-30": "2221.00000", "2015-06-30": "2220.00000", "2015-03-31": "2228.00000", "2014-12-31": "2241.00000", "2014-09-30": "2264.00000", "2014-06-30": "2253.00000", "2014-03-31": "2274.00000", "2013-12-31": "3108.00000", "2013-09-30": "2353.00000", "2013-06-30": "3152.00000", "2013-03-31": "3188.00000", "2012-12-31": "3224.00000", "2012-09-30": "3240.00000", "2012-06-30": "3240.00000", "2012-03-31": "3244.00000", "2011-12-31": "3244.00000", "2011-09-30": "3296.00000", "2011-06-30": "3300.00000", "2011-03-31": "3320.00000", "2010-12-31": "3332.00000", "2010-09-30": "3356.00000", "2010-06-30": "3352.00000", "2010-03-31": "3356.00000", "2009-12-31": "3368.00000", "2009-09-30": "3376.00000", "2009-06-30": "3384.00000", "2009-03-31": "3380.00000", "2008-12-31": "3372.00000", "2008-09-30": "3452.00000", "2008-06-30": "3700.00000", "2008-03-31": "3308.00000", "2007-12-31": "", "2007-09-30": "", "2007-06-30": "", "2007-03-31": "", "2006-12-31": ""}, "Shares Outstanding": {"2020-12-31": "2456.00000", "2020-09-30": "2479.00000", "2020-06-30": "2470.00000", "2020-03-31": "2484.00000", "2019-12-31": "2496.00000", "2019-09-30": "2529.00000", "2019-06-30": "2522.00000", "2019-03-31": "2536.00000", "2018-12-31": "2548.00000", "2018-09-30": "2586.00000", "2018-06-30": "2578.00000", "2018-03-31": "2594.00000", "2017-12-31": "2611.00000", "2017-09-30": "2654.00000", "2017-06-30": "2644.00000", "2017-03-31": "2666.00000", "2016-12-31": "2683.00000", "2016-09-30": "2678.00000", "2016-06-30": "2649.00000", "2016-03-31": "2665.00000", "2015-12-31": "2695.00000", "2015-09-30": "2724.00000", "2015-06-30": "2713.00000", "2015-03-31": "2725.00000", "2014-12-31": "2745.00000", "2014-09-30": "2794.00000", "2014-06-30": "2782.00000", "2014-03-31": "2805.00000", "2013-12-31": "3644.00000", "2013-09-30": "2897.00000", "2013-06-30": "3696.00000", "2013-03-31": "3732.00000", "2012-12-31": "3776.00000", "2012-09-30": "3856.00000", "2012-06-30": "3828.00000", "2012-03-31": "3852.00000", "2011-12-31": "3924.00000", "2011-09-30": "4088.00000", "2011-06-30": "4032.00000", "2011-03-31": "4156.00000", "2010-12-31": "4232.00000", "2010-09-30": "4384.00000", "2010-06-30": "4328.00000", "2010-03-31": "4436.00000", "2009-12-31": "4476.00000", "2009-09-30": "4608.00000", "2009-06-30": "4620.00000", "2009-03-31": "4616.00000", "2008-12-31": "4680.00000", "2008-09-30": "5576.00000", "2008-06-30": "5016.00000", "2008-03-31": "6164.00000", "2007-12-31": "", "2007-09-30": "", "2007-06-30": "", "2007-03-31": "", "2006-12-31": ""}, "Basic EPS": {"2020-12-31": "1.60000", "2020-09-30": "1.11000", "2020-06-30": "1.22000", "2020-03-31": "1.57000", "2019-12-31": "1.66000", "2019-09-30": "1.52000", "2019-06-30": "1.56000", "2019-03-31": "1.48000", "2018-12-31": "1.48000", "2018-09-30": "1.40000", "2018-06-30": "1.14000", "2018-03-31": "1.27000", "2017-12-31": "1.22000", "2017-09-30": "1.02000", "2017-06-30": "0.98000", "2017-03-31": "0.20000", "2016-12-31": "0.98000", "2016-09-30": "0.90000", "2016-06-30": "0.19000", "2016-03-31": "0.79000", "2015-12-31": "0.88000", "2015-09-30": "0.69000", "2015-06-30": "0.76000", "2015-03-31": "0.70000", "2014-12-31": "0.70000", "2014-09-30": "0.64750", "2014-06-30": "0.60000", "2014-03-31": "0.70000", "2013-12-31": "0.45250", "2013-09-30": "0.93500", "2013-06-30": "0.38750", "2013-03-31": "0.39750", "2012-12-31": "0.40000", "2012-09-30": "0.51500", "2012-06-30": "-0.56750", "2012-03-31": "0.39750", "2011-12-31": "0.31750", "2011-09-30": "0.27250", "2011-06-30": "0.30500", "2011-03-31": "0.26500", "2010-12-31": "0.26500", "2010-09-30": "0.23250", "2010-06-30": "0.21250", "2010-03-31": "0.21250", "2009-12-31": "0.22750", "2009-09-30": "0.15500", "2009-06-30": "0.21500", "2009-03-31": "0.15750", "2008-12-31": "0.17000", "2008-09-30": "0.02250", "2008-06-30": "0.11500", "2008-03-31": "0.09500", "2007-12-31": "", "2007-09-30": "", "2007-06-30": "", "2007-03-31": "", "2006-12-31": ""}, "EPS - Earnings Per Share": {"2020-12-31": "1.27000", "2020-09-30": "0.89000", "2020-06-30": "0.96000", "2020-03-31": "1.24000", "2019-12-31": "1.31000", "2019-09-30": "1.21000", "2019-06-30": "1.23000", "2019-03-31": "1.17000", "2018-12-31": "1.17000", "2018-09-30": "1.11000", "2018-06-30": "0.90000", "2018-03-31": "1.00000", "2017-12-31": "0.97000", "2017-09-30": "0.81000", "2017-06-30": "0.78000", "2017-03-31": "0.16000", "2016-12-31": "0.77000", "2016-09-30": "0.72000", "2016-06-30": "0.16000", "2016-03-31": "0.64000", "2015-12-31": "0.72000", "2015-09-30": "0.55000", "2015-06-30": "0.63000", "2015-03-31": "0.57000", "2014-12-31": "0.57000", "2014-09-30": "0.50500", "2014-06-30": "0.49000", "2014-03-31": "0.57000", "2013-12-31": "0.38500", "2013-09-30": "0.70500", "2013-06-30": "0.33250", "2013-03-31": "0.34000", "2012-12-31": "0.34250", "2012-09-30": "0.43750", "2012-06-30": "-0.48000", "2012-03-31": "0.33500", "2011-12-31": "0.26250", "2011-09-30": "0.22030", "2011-06-30": "0.25000", "2011-03-31": "0.21250", "2010-12-31": "0.21000", "2010-09-30": "0.18250", "2010-06-30": "0.16500", "2010-03-31": "0.16000", "2009-12-31": "0.17000", "2009-09-30": "0.11500", "2009-06-30": "0.15750", "2009-03-31": "0.11500", "2008-12-31": "0.12250", "2008-09-30": "0.01000", "2008-06-30": "0.08500", "2008-03-31": "0.05000", "2007-12-31": "0.00000", "2007-09-30": "0.00000", "2007-06-30": "0.00000", "2007-03-31": "0.00000", "2006-12-31": "0.00000"}}, "balance sheet": {"Cash On Hand": {"2020-09-30": "20942.00000", "2019-09-30": "13279.00000", "2018-09-30": "13200.00000", "2017-09-30": "14469.00000", "2016-09-30": "9965.00000", "2015-09-30": "7087.00000", "2014-09-30": "5448.00000", "2013-09-30": "4304.00000", "2012-09-30": "7249.00000", "2011-09-30": "6255.00000", "2010-09-30": "5917.00000", "2009-09-30": "6097.00000", "2008-09-30": "6632.00000", "2007-09-30": "1022.00000", "2006-09-30": "930.57500", "2005-09-30": ""}, "Receivables": {"2020-09-30": "2882.00000", "2019-09-30": "4590.00000", "2018-09-30": "2790.00000", "2017-09-30": "2554.00000", "2016-09-30": "2508.00000", "2015-09-30": "1255.00000", "2014-09-30": "1608.00000", "2013-09-30": "1702.00000", "2012-09-30": "1356.00000", "2011-09-30": "972.00000", "2010-09-30": "878.00000", "2009-09-30": "1049.00000", "2008-09-30": "1473.00000", "2007-09-30": "255.00000", "2006-09-30": "258.03500", "2005-09-30": ""}, "Inventory": {"2020-09-30": "", "2019-09-30": "", "2018-09-30": "", "2017-09-30": "", "2016-09-30": "", "2015-09-30": "", "2014-09-30": "", "2013-09-30": "", "2012-09-30": "", "2011-09-30": "", "2010-09-30": "", "2009-09-30": "", "2008-09-30": "", "2007-09-30": "", "2006-09-30": "", "2005-09-30": ""}, "Pre-Paid Expenses": {"2020-09-30": "757.00000", "2019-09-30": "712.00000", "2018-09-30": "562.00000", "2017-09-30": "550.00000", "2016-09-30": "555.00000", "2015-09-30": "353.00000", "2014-09-30": "307.00000", "2013-09-30": "187.00000", "2012-09-30": "122.00000", "2011-09-30": "265.00000", "2010-09-30": "242.00000", "2009-09-30": "366.00000", "2008-09-30": "1190.00000", "2007-09-30": "271.00000", "2006-09-30": "148.05700", "2005-09-30": ""}, "Other Current Assets": {"2020-09-30": "3064.00000", "2019-09-30": "2389.00000", "2018-09-30": "1664.00000", "2017-09-30": "1450.00000", "2016-09-30": "1285.00000", "2015-09-30": "1326.00000", "2014-09-30": "1171.00000", "2013-09-30": "1148.00000", "2012-09-30": "1032.00000", "2011-09-30": "1209.00000", "2010-09-30": "1074.00000", "2009-09-30": "1026.00000", "2008-09-30": "935.00000", "2007-09-30": "164.00000", "2006-09-30": "107.59300", "2005-09-30": ""}, "Total Current Assets": {"2020-09-30": "27645.00000", "2019-09-30": "20970.00000", "2018-09-30": "18216.00000", "2017-09-30": "19023.00000", "2016-09-30": "14313.00000", "2015-09-30": "10021.00000", "2014-09-30": "9562.00000", "2013-09-30": "7822.00000", "2012-09-30": "11786.00000", "2011-09-30": "9190.00000", "2010-09-30": "8734.00000", "2009-09-30": "9241.00000", "2008-09-30": "11174.00000", "2007-09-30": "2507.00000", "2006-09-30": "1593.93100", "2005-09-30": ""}, "Property, Plant, And Equipment": {"2020-09-30": "2737.00000", "2019-09-30": "2695.00000", "2018-09-30": "2472.00000", "2017-09-30": "2253.00000", "2016-09-30": "2150.00000", "2015-09-30": "1888.00000", "2014-09-30": "1892.00000", "2013-09-30": "1732.00000", "2012-09-30": "1634.00000", "2011-09-30": "1541.00000", "2010-09-30": "1357.00000", "2009-09-30": "1204.00000", "2008-09-30": "1080.00000", "2007-09-30": "313.00000", "2006-09-30": "280.89900", "2005-09-30": ""}, "Long-Term Investments": {"2020-09-30": "231.00000", "2019-09-30": "2157.00000", "2018-09-30": "4082.00000", "2017-09-30": "1926.00000", "2016-09-30": "3931.00000", "2015-09-30": "3384.00000", "2014-09-30": "3015.00000", "2013-09-30": "2760.00000", "2012-09-30": "3283.00000", "2011-09-30": "711.00000", "2010-09-30": "24.00000", "2009-09-30": "168.00000", "2008-09-30": "244.00000", "2007-09-30": "964.00000", "2006-09-30": "701.64300", "2005-09-30": ""}, "Goodwill And Intangible Assets": {"2020-09-30": "43718.00000", "2019-09-30": "42436.00000", "2018-09-30": "42752.00000", "2017-09-30": "42958.00000", "2016-09-30": "42300.00000", "2015-09-30": "23186.00000", "2014-09-30": "23164.00000", "2013-09-30": "23032.00000", "2012-09-30": "23101.00000", "2011-09-30": "23104.00000", "2010-09-30": "22925.00000", "2009-09-30": "21091.00000", "2008-09-30": "21096.00000", "2007-09-30": "", "2006-09-30": "", "2005-09-30": ""}, "Other Long-Term Assets": {"2020-09-30": "6588.00000", "2019-09-30": "4316.00000", "2018-09-30": "1703.00000", "2017-09-30": "1817.00000", "2016-09-30": "1341.00000", "2015-09-30": "888.00000", "2014-09-30": "936.00000", "2013-09-30": "610.00000", "2012-09-30": "209.00000", "2011-09-30": "214.00000", "2010-09-30": "368.00000", "2009-09-30": "577.00000", "2008-09-30": "1387.00000", "2007-09-30": "135.00000", "2006-09-30": "149.91200", "2005-09-30": ""}, "Total Long-Term Assets": {"2020-09-30": "53274.00000", "2019-09-30": "51604.00000", "2018-09-30": "51009.00000", "2017-09-30": "48954.00000", "2016-09-30": "49722.00000", "2015-09-30": "29346.00000", "2014-09-30": "29007.00000", "2013-09-30": "28134.00000", "2012-09-30": "28227.00000", "2011-09-30": "25570.00000", "2010-09-30": "24674.00000", "2009-09-30": "23040.00000", "2008-09-30": "23807.00000", "2007-09-30": "1883.00000", "2006-09-30": "1369.98700", "2005-09-30": ""}, "Total Assets": {"2020-09-30": "80919.00000", "2019-09-30": "72574.00000", "2018-09-30": "69225.00000", "2017-09-30": "67977.00000", "2016-09-30": "64035.00000", "2015-09-30": "39367.00000", "2014-09-30": "38569.00000", "2013-09-30": "35956.00000", "2012-09-30": "40013.00000", "2011-09-30": "34760.00000", "2010-09-30": "33408.00000", "2009-09-30": "32281.00000", "2008-09-30": "34981.00000", "2007-09-30": "4390.00000", "2006-09-30": "2963.91800", "2005-09-30": "0.00000"}, "Total Current Liabilities": {"2020-09-30": "14510.00000", "2019-09-30": "13415.00000", "2018-09-30": "11305.00000", "2017-09-30": "9994.00000", "2016-09-30": "8046.00000", "2015-09-30": "5355.00000", "2014-09-30": "6006.00000", "2013-09-30": "4335.00000", "2012-09-30": "7954.00000", "2011-09-30": "3451.00000", "2010-09-30": "3498.00000", "2009-09-30": "4442.00000", "2008-09-30": "7165.00000", "2007-09-30": "3282.00000", "2006-09-30": "1392.96300", "2005-09-30": ""}, "Long Term Debt": {"2020-09-30": "21071.00000", "2019-09-30": "16729.00000", "2018-09-30": "16630.00000", "2017-09-30": "16618.00000", "2016-09-30": "15882.00000", "2015-09-30": "", "2014-09-30": "", "2013-09-30": "", "2012-09-30": "", "2011-09-30": "", "2010-09-30": "32.00000", "2009-09-30": "44.00000", "2008-09-30": "55.00000", "2007-09-30": "", "2006-09-30": "41.28000", "2005-09-30": ""}, "Other Non-Current Liabilities": {"2020-09-30": "3891.00000", "2019-09-30": "2939.00000", "2018-09-30": "2666.00000", "2017-09-30": "2625.00000", "2016-09-30": "2387.00000", "2015-09-30": "897.00000", "2014-09-30": "1005.00000", "2013-09-30": "602.00000", "2012-09-30": "371.00000", "2011-09-30": "667.00000", "2010-09-30": "683.00000", "2009-09-30": "795.00000", "2008-09-30": "2809.00000", "2007-09-30": "1571.00000", "2006-09-30": "909.02100", "2005-09-30": ""}, "Total Long Term Liabilities": {"2020-09-30": "30199.00000", "2019-09-30": "24475.00000", "2018-09-30": "23914.00000", "2017-09-30": "25223.00000", "2016-09-30": "23077.00000", "2015-09-30": "4170.00000", "2014-09-30": "5150.00000", "2013-09-30": "4751.00000", "2012-09-30": "4429.00000", "2011-09-30": "4872.00000", "2010-09-30": "4896.00000", "2009-09-30": "4646.00000", "2008-09-30": "6675.00000", "2007-09-30": "1609.00000", "2006-09-30": "988.14100", "2005-09-30": ""}, "Total Liabilities": {"2020-09-30": "44709.00000", "2019-09-30": "37890.00000", "2018-09-30": "35219.00000", "2017-09-30": "35217.00000", "2016-09-30": "31123.00000", "2015-09-30": "9525.00000", "2014-09-30": "11156.00000", "2013-09-30": "9086.00000", "2012-09-30": "12383.00000", "2011-09-30": "8323.00000", "2010-09-30": "8394.00000", "2009-09-30": "9088.00000", "2008-09-30": "13840.00000", "2007-09-30": "4891.00000", "2006-09-30": "2381.10400", "2005-09-30": ""}, "Common Stock Net": {"2020-09-30": "", "2019-09-30": "", "2018-09-30": "", "2017-09-30": "", "2016-09-30": "", "2015-09-30": "", "2014-09-30": "", "2013-09-30": "", "2012-09-30": "", "2011-09-30": "", "2010-09-30": "", "2009-09-30": "", "2008-09-30": "", "2007-09-30": "", "2006-09-30": "", "2005-09-30": ""}, "Retained Earnings (Accumulated Deficit)": {"2020-09-30": "14088.00000", "2019-09-30": "13502.00000", "2018-09-30": "11318.00000", "2017-09-30": "9508.00000", "2016-09-30": "10462.00000", "2015-09-30": "11843.00000", "2014-09-30": "9131.00000", "2013-09-30": "7974.00000", "2012-09-30": "7809.00000", "2011-09-30": "6706.00000", "2010-09-30": "4368.00000", "2009-09-30": "2219.00000", "2008-09-30": "186.00000", "2007-09-30": "-501.00000", "2006-09-30": "583.77200", "2005-09-30": ""}, "Comprehensive Income": {"2020-09-30": "354.00000", "2019-09-30": "-650.00000", "2018-09-30": "547.00000", "2017-09-30": "878.00000", "2016-09-30": "-458.00000", "2015-09-30": "-74.00000", "2014-09-30": "-17.00000", "2013-09-30": "21.00000", "2012-09-30": "-171.00000", "2011-09-30": "-176.00000", "2010-09-30": "-151.00000", "2009-09-30": "-188.00000", "2008-09-30": "-70.00000", "2007-09-30": "", "2006-09-30": "-0.95790", "2005-09-30": ""}, "Other Share Holders Equity": {"2020-09-30": "-39.00000", "2019-09-30": "-171.00000", "2018-09-30": "-7.00000", "2017-09-30": "-52.00000", "2016-09-30": "-34.00000", "2015-09-30": "", "2014-09-30": "", "2013-09-30": "", "2012-09-30": "", "2011-09-30": "", "2010-09-30": "", "2009-09-30": "", "2008-09-30": "", "2007-09-30": "", "2006-09-30": "", "2005-09-30": ""}, "Share Holder Equity": {"2020-09-30": "36210.00000", "2019-09-30": "34684.00000", "2018-09-30": "34006.00000", "2017-09-30": "32760.00000", "2016-09-30": "32912.00000", "2015-09-30": "29842.00000", "2014-09-30": "27413.00000", "2013-09-30": "26870.00000", "2012-09-30": "27630.00000", "2011-09-30": "26437.00000", "2010-09-30": "25014.00000", "2009-09-30": "23193.00000", "2008-09-30": "21141.00000", "2007-09-30": "-501.00000", "2006-09-30": "582.81400", "2005-09-30": ""}, "Total Liabilities And Share Holders Equity": {"2020-09-30": "80919.00000", "2019-09-30": "72574.00000", "2018-09-30": "69225.00000", "2017-09-30": "67977.00000", "2016-09-30": "64035.00000", "2015-09-30": "39367.00000", "2014-09-30": "38569.00000", "2013-09-30": "35956.00000", "2012-09-30": "40013.00000", "2011-09-30": "34760.00000", "2010-09-30": "33408.00000", "2009-09-30": "32281.00000", "2008-09-30": "34981.00000", "2007-09-30": "4390.00000", "2006-09-30": "2963.91800", "2005-09-30": ""}}, "balance sheet, quarterly": {"Cash On Hand": {"2020-12-31": "18935.00000", "2020-09-30": "20942.00000", "2020-06-30": "17785.00000", "2020-03-31": "13415.00000", "2019-12-31": "14304.00000", "2019-09-30": "13279.00000", "2019-06-30": "12079.00000", "2019-03-31": "12423.00000", "2018-12-31": "13246.00000", "2018-09-30": "13200.00000", "2018-06-30": "13388.00000", "2018-03-31": "12603.00000", "2017-12-31": "12434.00000", "2017-09-30": "14469.00000", "2017-06-30": "11221.00000", "2017-03-31": "8951.00000", "2016-12-31": "10549.00000", "2016-09-30": "9965.00000", "2016-06-30": "9779.00000", "2016-03-31": "20958.00000", "2015-12-31": "22406.00000", "2015-09-30": "7087.00000", "2015-06-30": "5865.00000", "2015-03-31": "5784.00000", "2014-12-31": "5978.00000", "2014-09-30": "5448.00000", "2014-06-30": "5169.00000", "2014-03-31": "4599.00000", "2013-12-31": "4139.00000", "2013-09-30": "4304.00000", "2013-06-30": "3397.00000", "2013-03-31": "2768.00000", "2012-12-31": "2834.00000", "2012-09-30": "7249.00000", "2012-06-30": "6585.00000", "2012-03-31": "7239.00000", "2011-12-31": "7093.00000", "2011-09-30": "6255.00000", "2011-06-30": "6747.00000", "2011-03-31": "6706.00000", "2010-12-31": "6551.00000", "2010-09-30": "5917.00000", "2010-06-30": "7155.00000", "2010-03-31": "6010.00000", "2009-12-31": "5618.00000", "2009-09-30": "6097.00000", "2009-06-30": "5471.00000", "2009-03-31": "5100.00000", "2008-12-31": "4880.00000", "2008-09-30": "6632.00000", "2008-06-30": "7530.00000", "2008-03-31": "7040.00000", "2007-12-31": "2427.00000", "2007-09-30": "1022.00000", "2007-06-30": "", "2007-03-31": "", "2006-12-31": ""}, "Receivables": {"2020-12-31": "3342.00000", "2020-09-30": "2882.00000", "2020-06-30": "3564.00000", "2020-03-31": "2948.00000", "2019-12-31": "4934.00000", "2019-09-30": "4590.00000", "2019-06-30": "3220.00000", "2019-03-31": "2978.00000", "2018-12-31": "4528.00000", "2018-09-30": "2790.00000", "2018-06-30": "2835.00000", "2018-03-31": "3760.00000", "2017-12-31": "2899.00000", "2017-09-30": "2554.00000", "2017-06-30": "2524.00000", "2017-03-31": "4431.00000", "2016-12-31": "2453.00000", "2016-09-30": "2508.00000", "2016-06-30": "2565.00000", "2016-03-31": "1358.00000", "2015-12-31": "1365.00000", "2015-09-30": "1255.00000", "2015-06-30": "1596.00000", "2015-03-31": "1575.00000", "2014-12-31": "1400.00000", "2014-09-30": "1608.00000", "2014-06-30": "1625.00000", "2014-03-31": "1617.00000", "2013-12-31": "1748.00000", "2013-09-30": "1702.00000", "2013-06-30": "1838.00000", "2013-03-31": "2453.00000", "2012-12-31": "3001.00000", "2012-09-30": "1356.00000", "2012-06-30": "1236.00000", "2012-03-31": "1163.00000", "2011-12-31": "1138.00000", "2011-09-30": "972.00000", "2011-06-30": "956.00000", "2011-03-31": "935.00000", "2010-12-31": "1033.00000", "2010-09-30": "878.00000", "2010-06-30": "917.00000", "2010-03-31": "1168.00000", "2009-12-31": "1272.00000", "2009-09-30": "1049.00000", "2009-06-30": "1417.00000", "2009-03-31": "1251.00000", "2008-12-31": "1123.00000", "2008-09-30": "1473.00000", "2008-06-30": "1572.00000", "2008-03-31": "1478.00000", "2007-12-31": "1501.00000", "2007-09-30": "255.00000", "2007-06-30": "", "2007-03-31": "", "2006-12-31": ""}, "Inventory": {"2020-12-31": "", "2020-09-30": "", "2020-06-30": "", "2020-03-31": "", "2019-12-31": "", "2019-09-30": "", "2019-06-30": "", "2019-03-31": "", "2018-12-31": "", "2018-09-30": "", "2018-06-30": "", "2018-03-31": "", "2017-12-31": "", "2017-09-30": "", "2017-06-30": "", "2017-03-31": "", "2016-12-31": "", "2016-09-30": "", "2016-06-30": "", "2016-03-31": "", "2015-12-31": "", "2015-09-30": "", "2015-06-30": "", "2015-03-31": "", "2014-12-31": "", "2014-09-30": "", "2014-06-30": "", "2014-03-31": "", "2013-12-31": "", "2013-09-30": "", "2013-06-30": "", "2013-03-31": "", "2012-12-31": "", "2012-09-30": "", "2012-06-30": "", "2012-03-31": "", "2011-12-31": "", "2011-09-30": "", "2011-06-30": "", "2011-03-31": "", "2010-12-31": "", "2010-09-30": "", "2010-06-30": "", "2010-03-31": "", "2009-12-31": "", "2009-09-30": "", "2009-06-30": "", "2009-03-31": "", "2008-12-31": "", "2008-09-30": "", "2008-06-30": "", "2008-03-31": "", "2007-12-31": "", "2007-09-30": "", "2007-06-30": "", "2007-03-31": "", "2006-12-31": ""}, "Pre-Paid Expenses": {"2020-12-31": "729.00000", "2020-09-30": "757.00000", "2020-06-30": "753.00000", "2020-03-31": "889.00000", "2019-12-31": "580.00000", "2019-09-30": "712.00000", "2019-06-30": "648.00000", "2019-03-31": "765.00000", "2018-12-31": "456.00000", "2018-09-30": "562.00000", "2018-06-30": "545.00000", "2018-03-31": "592.00000", "2017-12-31": "504.00000", "2017-09-30": "550.00000", "2017-06-30": "590.00000", "2017-03-31": "788.00000", "2016-12-31": "416.00000", "2016-09-30": "555.00000", "2016-06-30": "707.00000", "2016-03-31": "646.00000", "2015-12-31": "247.00000", "2015-09-30": "353.00000", "2015-06-30": "457.00000", "2015-03-31": "586.00000", "2014-12-31": "318.00000", "2014-09-30": "307.00000", "2014-06-30": "244.00000", "2014-03-31": "263.00000", "2013-12-31": "291.00000", "2013-09-30": "187.00000", "2013-06-30": "220.00000", "2013-03-31": "211.00000", "2012-12-31": "176.00000", "2012-09-30": "122.00000", "2012-06-30": "323.00000", "2012-03-31": "332.00000", "2011-12-31": "172.00000", "2011-09-30": "265.00000", "2011-06-30": "214.00000", "2011-03-31": "446.00000", "2010-12-31": "179.00000", "2010-09-30": "242.00000", "2010-06-30": "284.00000", "2010-03-31": "413.00000", "2009-12-31": "212.00000", "2009-09-30": "366.00000", "2009-06-30": "1234.00000", "2009-03-31": "339.00000", "2008-12-31": "392.00000", "2008-09-30": "1190.00000", "2008-06-30": "295.00000", "2008-03-31": "300.00000", "2007-12-31": "512.00000", "2007-09-30": "271.00000", "2007-06-30": "", "2007-03-31": "", "2006-12-31": ""}, "Other Current Assets": {"2020-12-31": "3274.00000", "2020-09-30": "3064.00000", "2020-06-30": "2909.00000", "2020-03-31": "2655.00000", "2019-12-31": "2501.00000", "2019-09-30": "2389.00000", "2019-06-30": "2358.00000", "2019-03-31": "2324.00000", "2018-12-31": "1877.00000", "2018-09-30": "1664.00000", "2018-06-30": "1723.00000", "2018-03-31": "1581.00000", "2017-12-31": "1450.00000", "2017-09-30": "1450.00000", "2017-06-30": "1383.00000", "2017-03-31": "1335.00000", "2016-12-31": "1271.00000", "2016-09-30": "1285.00000", "2016-06-30": "1323.00000", "2016-03-31": "1341.00000", "2015-12-31": "1455.00000", "2015-09-30": "1326.00000", "2015-06-30": "1316.00000", "2015-03-31": "1322.00000", "2014-12-31": "1241.00000", "2014-09-30": "1171.00000", "2014-06-30": "1157.00000", "2014-03-31": "1178.00000", "2013-12-31": "1121.00000", "2013-09-30": "1148.00000", "2013-06-30": "1057.00000", "2013-03-31": "1061.00000", "2012-12-31": "987.00000", "2012-09-30": "1032.00000", "2012-06-30": "1110.00000", "2012-03-31": "1131.00000", "2011-12-31": "1114.00000", "2011-09-30": "1209.00000", "2011-06-30": "1092.00000", "2011-03-31": "1022.00000", "2010-12-31": "1047.00000", "2010-09-30": "1074.00000", "2010-06-30": "1046.00000", "2010-03-31": "1054.00000", "2009-12-31": "1056.00000", "2009-09-30": "1026.00000", "2009-06-30": "956.00000", "2009-03-31": "885.00000", "2008-12-31": "894.00000", "2008-09-30": "935.00000", "2008-06-30": "777.00000", "2008-03-31": "727.00000", "2007-12-31": "599.00000", "2007-09-30": "164.00000", "2007-06-30": "", "2007-03-31": "", "2006-12-31": ""}, "Total Current Assets": {"2020-12-31": "26280.00000", "2020-09-30": "27645.00000", "2020-06-30": "25011.00000", "2020-03-31": "19907.00000", "2019-12-31": "22319.00000", "2019-09-30": "20970.00000", "2019-06-30": "18305.00000", "2019-03-31": "18490.00000", "2018-12-31": "20107.00000", "2018-09-30": "18216.00000", "2018-06-30": "18491.00000", "2018-03-31": "18536.00000", "2017-12-31": "17287.00000", "2017-09-30": "19023.00000", "2017-06-30": "15718.00000", "2017-03-31": "15505.00000", "2016-12-31": "14689.00000", "2016-09-30": "14313.00000", "2016-06-30": "14374.00000", "2016-03-31": "24303.00000", "2015-12-31": "25473.00000", "2015-09-30": "10021.00000", "2015-06-30": "10068.00000", "2015-03-31": "10105.00000", "2014-12-31": "9864.00000", "2014-09-30": "9562.00000", "2014-06-30": "9025.00000", "2014-03-31": "8507.00000", "2013-12-31": "7765.00000", "2013-09-30": "7822.00000", "2013-06-30": "6941.00000", "2013-03-31": "6914.00000", "2012-12-31": "7387.00000", "2012-09-30": "11786.00000", "2012-06-30": "10899.00000", "2012-03-31": "10295.00000", "2011-12-31": "9978.00000", "2011-09-30": "9190.00000", "2011-06-30": "9516.00000", "2011-03-31": "9606.00000", "2010-12-31": "9355.00000", "2010-09-30": "8734.00000", "2010-06-30": "9850.00000", "2010-03-31": "9115.00000", "2009-12-31": "8753.00000", "2009-09-30": "9241.00000", "2009-06-30": "9562.00000", "2009-03-31": "8225.00000", "2008-12-31": "8089.00000", "2008-09-30": "11174.00000", "2008-06-30": "10761.00000", "2008-03-31": "10086.00000", "2007-12-31": "5813.00000", "2007-09-30": "2507.00000", "2007-06-30": "", "2007-03-31": "", "2006-12-31": ""}, "Property, Plant, And Equipment": {"2020-12-31": "2713.00000", "2020-09-30": "2737.00000", "2020-06-30": "2746.00000", "2020-03-31": "2776.00000", "2019-12-31": "2739.00000", "2019-09-30": "2695.00000", "2019-06-30": "2549.00000", "2019-03-31": "2456.00000", "2018-12-31": "2437.00000", "2018-09-30": "2472.00000", "2018-06-30": "2387.00000", "2018-03-31": "2366.00000", "2017-12-31": "2238.00000", "2017-09-30": "2253.00000", "2017-06-30": "2202.00000", "2017-03-31": "2133.00000", "2016-12-31": "2201.00000", "2016-09-30": "2150.00000", "2016-06-30": "2136.00000", "2016-03-31": "1883.00000", "2015-12-31": "1884.00000", "2015-09-30": "1888.00000", "2015-06-30": "1847.00000", "2015-03-31": "1843.00000", "2014-12-31": "1861.00000", "2014-09-30": "1892.00000", "2014-06-30": "1772.00000", "2014-03-31": "1760.00000", "2013-12-31": "1746.00000", "2013-09-30": "1732.00000", "2013-06-30": "1689.00000", "2013-03-31": "1674.00000", "2012-12-31": "1641.00000", "2012-09-30": "1634.00000", "2012-06-30": "1581.00000", "2012-03-31": "1540.00000", "2011-12-31": "1542.00000", "2011-09-30": "1541.00000", "2011-06-30": "1510.00000", "2011-03-31": "1453.00000", "2010-12-31": "1380.00000", "2010-09-30": "1357.00000", "2010-06-30": "1185.00000", "2010-03-31": "1183.00000", "2009-12-31": "1203.00000", "2009-09-30": "1204.00000", "2009-06-30": "1170.00000", "2009-03-31": "1155.00000", "2008-12-31": "1117.00000", "2008-09-30": "1080.00000", "2008-06-30": "1048.00000", "2008-03-31": "1018.00000", "2007-12-31": "912.00000", "2007-09-30": "313.00000", "2007-06-30": "", "2007-03-31": "", "2006-12-31": ""}, "Long-Term Investments": {"2020-12-31": "161.00000", "2020-09-30": "231.00000", "2020-06-30": "547.00000", "2020-03-31": "1064.00000", "2019-12-31": "1719.00000", "2019-09-30": "2157.00000", "2019-06-30": "2918.00000", "2019-03-31": "3506.00000", "2018-12-31": "4132.00000", "2018-09-30": "4082.00000", "2018-06-30": "2835.00000", "2018-03-31": "2602.00000", "2017-12-31": "2674.00000", "2017-09-30": "1926.00000", "2017-06-30": "2117.00000", "2017-03-31": "2882.00000", "2016-12-31": "3802.00000", "2016-09-30": "3931.00000", "2016-06-30": "3762.00000", "2016-03-31": "3577.00000", "2015-12-31": "3487.00000", "2015-09-30": "3384.00000", "2015-06-30": "3300.00000", "2015-03-31": "2779.00000", "2014-12-31": "3028.00000", "2014-09-30": "3015.00000", "2014-06-30": "2798.00000", "2014-03-31": "3066.00000", "2013-12-31": "3040.00000", "2013-09-30": "2760.00000", "2013-06-30": "3189.00000", "2013-03-31": "2974.00000", "2012-12-31": "3401.00000", "2012-09-30": "3283.00000", "2012-06-30": "2923.00000", "2012-03-31": "1696.00000", "2011-12-31": "899.00000", "2011-09-30": "711.00000", "2011-06-30": "7.00000", "2011-03-31": "7.00000", "2010-12-31": "13.00000", "2010-09-30": "24.00000", "2010-06-30": "128.00000", "2010-03-31": "154.00000", "2009-12-31": "159.00000", "2009-09-30": "168.00000", "2009-06-30": "181.00000", "2009-03-31": "200.00000", "2008-12-31": "205.00000", "2008-09-30": "244.00000", "2008-06-30": "188.00000", "2008-03-31": "194.00000", "2007-12-31": "380.00000", "2007-09-30": "964.00000", "2007-06-30": "", "2007-03-31": "", "2006-12-31": ""}, "Goodwill And Intangible Assets": {"2020-12-31": "44714.00000", "2020-09-30": "43718.00000", "2020-06-30": "42979.00000", "2020-03-31": "42766.00000", "2019-12-31": "42904.00000", "2019-09-30": "42436.00000", "2019-06-30": "42585.00000", "2019-03-31": "42054.00000", "2018-12-31": "42450.00000", "2018-09-30": "42752.00000", "2018-06-30": "42832.00000", "2018-03-31": "43909.00000", "2017-12-31": "43271.00000", "2017-09-30": "42958.00000", "2017-06-30": "42331.00000", "2017-03-31": "41241.00000", "2016-12-31": "41273.00000", "2016-09-30": "42300.00000", "2016-06-30": "42122.00000", "2016-03-31": "23171.00000", "2015-12-31": "23173.00000", "2015-09-30": "23186.00000", "2015-06-30": "23200.00000", "2015-03-31": "23132.00000", "2014-12-31": "23148.00000", "2014-09-30": "23164.00000", "2014-06-30": "23168.00000", "2014-03-31": "22998.00000", "2013-12-31": "23015.00000", "2013-09-30": "23032.00000", "2013-06-30": "23049.00000", "2013-03-31": "23066.00000", "2012-12-31": "23084.00000", "2012-09-30": "23101.00000", "2012-06-30": "23118.00000", "2012-03-31": "23105.00000", "2011-12-31": "23122.00000", "2011-09-30": "23104.00000", "2011-06-30": "23121.00000", "2011-03-31": "23052.00000", "2010-12-31": "22910.00000", "2010-09-30": "22925.00000", "2010-06-30": "21091.00000", "2010-03-31": "21091.00000", "2009-12-31": "21091.00000", "2009-09-30": "21091.00000", "2009-06-30": "21096.00000", "2009-03-31": "21096.00000", "2008-12-31": "21096.00000", "2008-09-30": "21096.00000", "2008-06-30": "21022.00000", "2008-03-31": "21099.00000", "2007-12-31": "19938.00000", "2007-09-30": "", "2007-06-30": "", "2007-03-31": "", "2006-12-31": ""}, "Other Long-Term Assets": {"2020-12-31": "6558.00000", "2020-09-30": "6588.00000", "2020-06-30": "6601.00000", "2020-03-31": "6307.00000", "2019-12-31": "5100.00000", "2019-09-30": "4316.00000", "2019-06-30": "3892.00000", "2019-03-31": "3359.00000", "2018-12-31": "2529.00000", "2018-09-30": "1703.00000", "2018-06-30": "1630.00000", "2018-03-31": "1629.00000", "2017-12-31": "1684.00000", "2017-09-30": "1817.00000", "2017-06-30": "1632.00000", "2017-03-31": "1466.00000", "2016-12-31": "1405.00000", "2016-09-30": "1341.00000", "2016-06-30": "1473.00000", "2016-03-31": "1392.00000", "2015-12-31": "960.00000", "2015-09-30": "888.00000", "2015-06-30": "1014.00000", "2015-03-31": "976.00000", "2014-12-31": "983.00000", "2014-09-30": "936.00000", "2014-06-30": "912.00000", "2014-03-31": "932.00000", "2013-12-31": "682.00000", "2013-09-30": "610.00000", "2013-06-30": "417.00000", "2013-03-31": "431.00000", "2012-12-31": "346.00000", "2012-09-30": "209.00000", "2012-06-30": "220.00000", "2012-03-31": "210.00000", "2011-12-31": "227.00000", "2011-09-30": "214.00000", "2011-06-30": "293.00000", "2011-03-31": "304.00000", "2010-12-31": "331.00000", "2010-09-30": "368.00000", "2010-06-30": "442.00000", "2010-03-31": "525.00000", "2009-12-31": "509.00000", "2009-09-30": "577.00000", "2009-06-30": "615.00000", "2009-03-31": "1288.00000", "2008-12-31": "1315.00000", "2008-09-30": "1387.00000", "2008-06-30": "1423.00000", "2008-03-31": "1472.00000", "2007-12-31": "699.00000", "2007-09-30": "135.00000", "2007-06-30": "", "2007-03-31": "", "2006-12-31": ""}, "Total Long-Term Assets": {"2020-12-31": "54146.00000", "2020-09-30": "53274.00000", "2020-06-30": "52873.00000", "2020-03-31": "52913.00000", "2019-12-31": "52462.00000", "2019-09-30": "51604.00000", "2019-06-30": "51944.00000", "2019-03-31": "51375.00000", "2018-12-31": "51548.00000", "2018-09-30": "51009.00000", "2018-06-30": "49684.00000", "2018-03-31": "50506.00000", "2017-12-31": "49867.00000", "2017-09-30": "48954.00000", "2017-06-30": "48282.00000", "2017-03-31": "47722.00000", "2016-12-31": "48681.00000", "2016-09-30": "49722.00000", "2016-06-30": "49493.00000", "2016-03-31": "30023.00000", "2015-12-31": "29504.00000", "2015-09-30": "29346.00000", "2015-06-30": "29361.00000", "2015-03-31": "28730.00000", "2014-12-31": "29020.00000", "2014-09-30": "29007.00000", "2014-06-30": "28650.00000", "2014-03-31": "28756.00000", "2013-12-31": "28483.00000", "2013-09-30": "28134.00000", "2013-06-30": "28344.00000", "2013-03-31": "28145.00000", "2012-12-31": "28472.00000", "2012-09-30": "28227.00000", "2012-06-30": "27842.00000", "2012-03-31": "26551.00000", "2011-12-31": "25790.00000", "2011-09-30": "25570.00000", "2011-06-30": "24931.00000", "2011-03-31": "24816.00000", "2010-12-31": "24634.00000", "2010-09-30": "24674.00000", "2010-06-30": "22846.00000", "2010-03-31": "22953.00000", "2009-12-31": "22962.00000", "2009-09-30": "23040.00000", "2009-06-30": "23062.00000", "2009-03-31": "23739.00000", "2008-12-31": "23733.00000", "2008-09-30": "23807.00000", "2008-06-30": "23681.00000", "2008-03-31": "23783.00000", "2007-12-31": "21929.00000", "2007-09-30": "1883.00000", "2007-06-30": "", "2007-03-31": "", "2006-12-31": ""}, "Total Assets": {"2020-12-31": "80426.00000", "2020-09-30": "80919.00000", "2020-06-30": "77884.00000", "2020-03-31": "72820.00000", "2019-12-31": "74781.00000", "2019-09-30": "72574.00000", "2019-06-30": "70249.00000", "2019-03-31": "69865.00000", "2018-12-31": "71655.00000", "2018-09-30": "69225.00000", "2018-06-30": "68175.00000", "2018-03-31": "69042.00000", "2017-12-31": "67154.00000", "2017-09-30": "67977.00000", "2017-06-30": "64000.00000", "2017-03-31": "63227.00000", "2016-12-31": "63370.00000", "2016-09-30": "64035.00000", "2016-06-30": "63867.00000", "2016-03-31": "54326.00000", "2015-12-31": "54977.00000", "2015-09-30": "39367.00000", "2015-06-30": "39429.00000", "2015-03-31": "38835.00000", "2014-12-31": "38884.00000", "2014-09-30": "38569.00000", "2014-06-30": "37675.00000", "2014-03-31": "37263.00000", "2013-12-31": "36248.00000", "2013-09-30": "35956.00000", "2013-06-30": "35285.00000", "2013-03-31": "35059.00000", "2012-12-31": "35859.00000", "2012-09-30": "40013.00000", "2012-06-30": "38741.00000", "2012-03-31": "36846.00000", "2011-12-31": "35768.00000", "2011-09-30": "34760.00000", "2011-06-30": "34447.00000", "2011-03-31": "34422.00000", "2010-12-31": "33989.00000", "2010-09-30": "33408.00000", "2010-06-30": "32696.00000", "2010-03-31": "32068.00000", "2009-12-31": "31715.00000", "2009-09-30": "32281.00000", "2009-06-30": "32624.00000", "2009-03-31": "31964.00000", "2008-12-31": "31822.00000", "2008-09-30": "34981.00000", "2008-06-30": "34442.00000", "2008-03-31": "33869.00000", "2007-12-31": "27742.00000", "2007-09-30": "4390.00000", "2007-06-30": "0.00000", "2007-03-31": "0.00000", "2006-12-31": "0.00000"}, "Total Current Liabilities": {"2020-12-31": "12390.00000", "2020-09-30": "14510.00000", "2020-06-30": "16100.00000", "2020-03-31": "15942.00000", "2019-12-31": "17579.00000", "2019-09-30": "13415.00000", "2019-06-30": "10829.00000", "2019-03-31": "11380.00000", "2018-12-31": "13389.00000", "2018-09-30": "11305.00000", "2018-06-30": "10934.00000", "2018-03-31": "9551.00000", "2017-12-31": "8363.00000", "2017-09-30": "9994.00000", "2017-06-30": "9511.00000", "2017-03-31": "10206.00000", "2016-12-31": "10341.00000", "2016-09-30": "8046.00000", "2016-06-30": "7783.00000", "2016-03-31": "5125.00000", "2015-12-31": "5357.00000", "2015-09-30": "5355.00000", "2015-06-30": "5789.00000", "2015-03-31": "5443.00000", "2014-12-31": "5798.00000", "2014-09-30": "6006.00000", "2014-06-30": "5314.00000", "2014-03-31": "4961.00000", "2013-12-31": "4385.00000", "2013-09-30": "4335.00000", "2013-06-30": "3671.00000", "2013-03-31": "3539.00000", "2012-12-31": "3747.00000", "2012-09-30": "7954.00000", "2012-06-30": "7854.00000", "2012-03-31": "3587.00000", "2011-12-31": "3537.00000", "2011-09-30": "3451.00000", "2011-06-30": "3531.00000", "2011-03-31": "3465.00000", "2010-12-31": "3679.00000", "2010-09-30": "3498.00000", "2010-06-30": "3482.00000", "2010-03-31": "3537.00000", "2009-12-31": "3637.00000", "2009-09-30": "4442.00000", "2009-06-30": "4435.00000", "2009-03-31": "4243.00000", "2008-12-31": "4612.00000", "2008-09-30": "7165.00000", "2008-06-30": "6065.00000", "2008-03-31": "5841.00000", "2007-12-31": "5179.00000", "2007-09-30": "3282.00000", "2007-06-30": "", "2007-03-31": "", "2006-12-31": ""}, "Long Term Debt": {"2020-12-31": "21055.00000", "2020-09-30": "21071.00000", "2020-06-30": "17880.00000", "2020-03-31": "13893.00000", "2019-12-31": "13688.00000", "2019-09-30": "16729.00000", "2019-06-30": "16694.00000", "2019-03-31": "16630.00000", "2018-12-31": "16633.00000", "2018-09-30": "16630.00000", "2018-06-30": "16627.00000", "2018-03-31": "16624.00000", "2017-12-31": "16621.00000", "2017-09-30": "16618.00000", "2017-06-30": "14142.00000", "2017-03-31": "14140.00000", "2016-12-31": "14138.00000", "2016-09-30": "15882.00000", "2016-06-30": "15879.00000", "2016-03-31": "15876.00000", "2015-12-31": "15877.00000", "2015-09-30": "", "2015-06-30": "", "2015-03-31": "", "2014-12-31": "", "2014-09-30": "", "2014-06-30": "", "2014-03-31": "", "2013-12-31": "", "2013-09-30": "", "2013-06-30": "", "2013-03-31": "", "2012-12-31": "", "2012-09-30": "", "2012-06-30": "", "2012-03-31": "", "2011-12-31": "", "2011-09-30": "", "2011-06-30": "22.00000", "2011-03-31": "25.00000", "2010-12-31": "29.00000", "2010-09-30": "32.00000", "2010-06-30": "35.00000", "2010-03-31": "38.00000", "2009-12-31": "41.00000", "2009-09-30": "44.00000", "2009-06-30": "46.00000", "2009-03-31": "50.00000", "2008-12-31": "53.00000", "2008-09-30": "55.00000", "2008-06-30": "98.00000", "2008-03-31": "40.00000", "2007-12-31": "40.00000", "2007-09-30": "", "2007-06-30": "", "2007-03-31": "", "2006-12-31": ""}, "Other Non-Current Liabilities": {"2020-12-31": "3959.00000", "2020-09-30": "3891.00000", "2020-06-30": "3652.00000", "2020-03-31": "3604.00000", "2019-12-31": "3434.00000", "2019-09-30": "2939.00000", "2019-06-30": "2801.00000", "2019-03-31": "2669.00000", "2018-12-31": "2703.00000", "2018-09-30": "2666.00000", "2018-06-30": "2494.00000", "2018-03-31": "3654.00000", "2017-12-31": "3662.00000", "2017-09-30": "2625.00000", "2017-06-30": "2515.00000", "2017-03-31": "2367.00000", "2016-12-31": "2343.00000", "2016-09-30": "2387.00000", "2016-06-30": "2401.00000", "2016-03-31": "938.00000", "2015-12-31": "923.00000", "2015-09-30": "897.00000", "2015-06-30": "879.00000", "2015-03-31": "1024.00000", "2014-12-31": "1005.00000", "2014-09-30": "1005.00000", "2014-06-30": "905.00000", "2014-03-31": "861.00000", "2013-12-31": "689.00000", "2013-09-30": "602.00000", "2013-06-30": "568.00000", "2013-03-31": "579.00000", "2012-12-31": "467.00000", "2012-09-30": "371.00000", "2012-06-30": "785.00000", "2012-03-31": "797.00000", "2011-12-31": "718.00000", "2011-09-30": "667.00000", "2011-06-30": "588.00000", "2011-03-31": "573.00000", "2010-12-31": "551.00000", "2010-09-30": "683.00000", "2010-06-30": "701.00000", "2010-03-31": "698.00000", "2009-12-31": "754.00000", "2009-09-30": "795.00000", "2009-06-30": "1691.00000", "2009-03-31": "1688.00000", "2008-12-31": "1669.00000", "2008-09-30": "2809.00000", "2008-06-30": "3185.00000", "2008-03-31": "3237.00000", "2007-12-31": "2149.00000", "2007-09-30": "1571.00000", "2007-06-30": "", "2007-03-31": "", "2006-12-31": ""}, "Total Long Term Liabilities": {"2020-12-31": "30357.00000", "2020-09-30": "30199.00000", "2020-06-30": "26260.00000", "2020-03-31": "22293.00000", "2019-12-31": "21932.00000", "2019-09-30": "24475.00000", "2019-06-30": "24425.00000", "2019-03-31": "24210.00000", "2018-12-31": "24171.00000", "2018-09-30": "23914.00000", "2018-06-30": "23923.00000", "2018-03-31": "25388.00000", "2017-12-31": "25390.00000", "2017-09-30": "25223.00000", "2017-06-30": "22545.00000", "2017-03-31": "22238.00000", "2016-12-31": "21303.00000", "2016-09-30": "23077.00000", "2016-06-30": "23257.00000", "2016-03-31": "20070.00000", "2015-12-31": "20144.00000", "2015-09-30": "4170.00000", "2015-06-30": "5013.00000", "2015-03-31": "5155.00000", "2014-12-31": "5144.00000", "2014-09-30": "5150.00000", "2014-06-30": "5075.00000", "2014-03-31": "5007.00000", "2013-12-31": "4849.00000", "2013-09-30": "4751.00000", "2013-06-30": "4611.00000", "2013-03-31": "4625.00000", "2012-12-31": "4524.00000", "2012-09-30": "4429.00000", "2012-06-30": "4729.00000", "2012-03-31": "4738.00000", "2011-12-31": "4930.00000", "2011-09-30": "4872.00000", "2011-06-30": "4864.00000", "2011-03-31": "4803.00000", "2010-12-31": "4766.00000", "2010-09-30": "4896.00000", "2010-06-30": "4534.00000", "2010-03-31": "4544.00000", "2009-12-31": "4601.00000", "2009-09-30": "4646.00000", "2009-06-30": "5395.00000", "2009-03-31": "5601.00000", "2008-12-31": "5570.00000", "2008-09-30": "6675.00000", "2008-06-30": "6828.00000", "2008-03-31": "6840.00000", "2007-12-31": "5847.00000", "2007-09-30": "1609.00000", "2007-06-30": "", "2007-03-31": "", "2006-12-31": ""}, "Total Liabilities": {"2020-12-31": "42747.00000", "2020-09-30": "44709.00000", "2020-06-30": "42360.00000", "2020-03-31": "38235.00000", "2019-12-31": "39511.00000", "2019-09-30": "37890.00000", "2019-06-30": "35254.00000", "2019-03-31": "35590.00000", "2018-12-31": "37560.00000", "2018-09-30": "35219.00000", "2018-06-30": "34857.00000", "2018-03-31": "34939.00000", "2017-12-31": "33753.00000", "2017-09-30": "35217.00000", "2017-06-30": "32056.00000", "2017-03-31": "32444.00000", "2016-12-31": "31644.00000", "2016-09-30": "31123.00000", "2016-06-30": "31040.00000", "2016-03-31": "25195.00000", "2015-12-31": "25501.00000", "2015-09-30": "9525.00000", "2015-06-30": "10802.00000", "2015-03-31": "10598.00000", "2014-12-31": "10942.00000", "2014-09-30": "11156.00000", "2014-06-30": "10389.00000", "2014-03-31": "9968.00000", "2013-12-31": "9234.00000", "2013-09-30": "9086.00000", "2013-06-30": "8282.00000", "2013-03-31": "8164.00000", "2012-12-31": "8271.00000", "2012-09-30": "12383.00000", "2012-06-30": "12583.00000", "2012-03-31": "8325.00000", "2011-12-31": "8467.00000", "2011-09-30": "8323.00000", "2011-06-30": "8395.00000", "2011-03-31": "8268.00000", "2010-12-31": "8445.00000", "2010-09-30": "8394.00000", "2010-06-30": "8016.00000", "2010-03-31": "8081.00000", "2009-12-31": "8238.00000", "2009-09-30": "9088.00000", "2009-06-30": "9830.00000", "2009-03-31": "9844.00000", "2008-12-31": "10182.00000", "2008-09-30": "13840.00000", "2008-06-30": "12893.00000", "2008-03-31": "12681.00000", "2007-12-31": "11026.00000", "2007-09-30": "4891.00000", "2007-06-30": "", "2007-03-31": "", "2006-12-31": ""}, "Common Stock Net": {"2020-12-31": "", "2020-09-30": "", "2020-06-30": "", "2020-03-31": "", "2019-12-31": "", "2019-09-30": "", "2019-06-30": "", "2019-03-31": "", "2018-12-31": "", "2018-09-30": "", "2018-06-30": "", "2018-03-31": "", "2017-12-31": "", "2017-09-30": "", "2017-06-30": "", "2017-03-31": "", "2016-12-31": "", "2016-09-30": "", "2016-06-30": "", "2016-03-31": "", "2015-12-31": "", "2015-09-30": "", "2015-06-30": "", "2015-03-31": "", "2014-12-31": "", "2014-09-30": "", "2014-06-30": "", "2014-03-31": "", "2013-12-31": "", "2013-09-30": "", "2013-06-30": "", "2013-03-31": "", "2012-12-31": "", "2012-09-30": "", "2012-06-30": "", "2012-03-31": "", "2011-12-31": "", "2011-09-30": "", "2011-06-30": "", "2011-03-31": "", "2010-12-31": "", "2010-09-30": "", "2010-06-30": "", "2010-03-31": "", "2009-12-31": "", "2009-09-30": "", "2009-06-30": "", "2009-03-31": "", "2008-12-31": "", "2008-09-30": "", "2008-06-30": "", "2008-03-31": "", "2007-12-31": "", "2007-09-30": "", "2007-06-30": "", "2007-03-31": "", "2006-12-31": ""}, "Retained Earnings (Accumulated Deficit)": {"2020-12-31": "14813.00000", "2020-09-30": "14088.00000", "2020-06-30": "14072.00000", "2020-03-31": "13366.00000", "2019-12-31": "13899.00000", "2019-09-30": "13502.00000", "2019-06-30": "13040.00000", "2019-03-31": "12513.00000", "2018-12-31": "11908.00000", "2018-09-30": "11318.00000", "2018-06-30": "10426.00000", "2018-03-31": "10192.00000", "2017-12-31": "9966.00000", "2017-09-30": "9508.00000", "2017-06-30": "9299.00000", "2017-03-31": "9140.00000", "2016-12-31": "10492.00000", "2016-09-30": "10462.00000", "2016-06-30": "10334.00000", "2016-03-31": "11582.00000", "2015-12-31": "11701.00000", "2015-09-30": "11843.00000", "2015-06-30": "10623.00000", "2015-03-31": "10108.00000", "2014-12-31": "9732.00000", "2014-09-30": "9131.00000", "2014-06-30": "8909.00000", "2014-03-31": "8714.00000", "2013-12-31": "8269.00000", "2013-09-30": "7974.00000", "2013-06-30": "7989.00000", "2013-03-31": "7723.00000", "2012-12-31": "7997.00000", "2012-09-30": "7809.00000", "2012-06-30": "6411.00000", "2012-03-31": "8688.00000", "2011-12-31": "7544.00000", "2011-09-30": "6706.00000", "2011-06-30": "6130.00000", "2011-03-31": "5707.00000", "2010-12-31": "5023.00000", "2010-09-30": "4368.00000", "2010-06-30": "3822.00000", "2010-03-31": "3199.00000", "2009-12-31": "2691.00000", "2009-09-30": "2219.00000", "2009-06-30": "1783.00000", "2009-03-31": "1133.00000", "2008-12-31": "677.00000", "2008-09-30": "186.00000", "2008-06-30": "551.00000", "2008-03-31": "223.00000", "2007-12-31": "-69.00000", "2007-09-30": "-501.00000", "2007-06-30": "", "2007-03-31": "", "2006-12-31": ""}, "Comprehensive Income": {"2020-12-31": "1154.00000", "2020-09-30": "354.00000", "2020-06-30": "-279.00000", "2020-03-31": "-444.00000", "2019-12-31": "-340.00000", "2019-09-30": "-650.00000", "2019-06-30": "110.00000", "2019-03-31": "-86.00000", "2018-12-31": "275.00000", "2018-09-30": "547.00000", "2018-06-30": "741.00000", "2018-03-31": "1728.00000", "2017-12-31": "1203.00000", "2017-09-30": "878.00000", "2017-06-30": "118.00000", "2017-03-31": "-980.00000", "2016-12-31": "-1369.00000", "2016-09-30": "-458.00000", "2016-06-30": "-543.00000", "2016-03-31": "-96.00000", "2015-12-31": "-49.00000", "2015-09-30": "-74.00000", "2015-06-30": "-4.00000", "2015-03-31": "31.00000", "2014-12-31": "10.00000", "2014-09-30": "-17.00000", "2014-06-30": "-16.00000", "2014-03-31": "26.00000", "2013-12-31": "43.00000", "2013-09-30": "21.00000", "2013-06-30": "-116.00000", "2013-03-31": "-133.00000", "2012-12-31": "-137.00000", "2012-09-30": "-171.00000", "2012-06-30": "-175.00000", "2012-03-31": "-176.00000", "2011-12-31": "-172.00000", "2011-09-30": "-176.00000", "2011-06-30": "-136.00000", "2011-03-31": "-139.00000", "2010-12-31": "-150.00000", "2010-09-30": "-151.00000", "2010-06-30": "-82.00000", "2010-03-31": "-99.00000", "2009-12-31": "-175.00000", "2009-09-30": "-188.00000", "2009-06-30": "-102.00000", "2009-03-31": "-88.00000", "2008-12-31": "-94.00000", "2008-09-30": "-70.00000", "2008-06-30": "-9.00000", "2008-03-31": "-5.00000", "2007-12-31": "", "2007-09-30": "", "2007-06-30": "", "2007-03-31": "", "2006-12-31": ""}, "Other Share Holders Equity": {"2020-12-31": "-34.00000", "2020-09-30": "-39.00000", "2020-06-30": "-24.00000", "2020-03-31": "-184.00000", "2019-12-31": "-175.00000", "2019-09-30": "-171.00000", "2019-06-30": "-169.00000", "2019-03-31": "-163.00000", "2018-12-31": "-92.00000", "2018-09-30": "-7.00000", "2018-06-30": "-5.00000", "2018-03-31": "-6.00000", "2017-12-31": "-5.00000", "2017-09-30": "-52.00000", "2017-06-30": "-8.00000", "2017-03-31": "-77.00000", "2016-12-31": "-128.00000", "2016-09-30": "-34.00000", "2016-06-30": "-25.00000", "2016-03-31": "", "2015-12-31": "", "2015-09-30": "", "2015-06-30": "", "2015-03-31": "", "2014-12-31": "", "2014-09-30": "", "2014-06-30": "", "2014-03-31": "", "2013-12-31": "", "2013-09-30": "", "2013-06-30": "", "2013-03-31": "", "2012-12-31": "", "2012-09-30": "", "2012-06-30": "", "2012-03-31": "", "2011-12-31": "", "2011-09-30": "", "2011-06-30": "", "2011-03-31": "", "2010-12-31": "", "2010-09-30": "", "2010-06-30": "", "2010-03-31": "", "2009-12-31": "", "2009-09-30": "", "2009-06-30": "", "2009-03-31": "", "2008-12-31": "", "2008-09-30": "", "2008-06-30": "", "2008-03-31": "", "2007-12-31": "", "2007-09-30": "", "2007-06-30": "", "2007-03-31": "", "2006-12-31": ""}, "Share Holder Equity": {"2020-12-31": "37679.00000", "2020-09-30": "36210.00000", "2020-06-30": "35524.00000", "2020-03-31": "34585.00000", "2019-12-31": "35270.00000", "2019-09-30": "34684.00000", "2019-06-30": "34995.00000", "2019-03-31": "34275.00000", "2018-12-31": "34095.00000", "2018-09-30": "34006.00000", "2018-06-30": "33318.00000", "2018-03-31": "34103.00000", "2017-12-31": "33401.00000", "2017-09-30": "32760.00000", "2017-06-30": "31944.00000", "2017-03-31": "30783.00000", "2016-12-31": "31726.00000", "2016-09-30": "32912.00000", "2016-06-30": "32827.00000", "2016-03-31": "29131.00000", "2015-12-31": "29476.00000", "2015-09-30": "29842.00000", "2015-06-30": "28627.00000", "2015-03-31": "28237.00000", "2014-12-31": "27942.00000", "2014-09-30": "27413.00000", "2014-06-30": "27286.00000", "2014-03-31": "27295.00000", "2013-12-31": "27014.00000", "2013-09-30": "26870.00000", "2013-06-30": "27003.00000", "2013-03-31": "26895.00000", "2012-12-31": "27588.00000", "2012-09-30": "27630.00000", "2012-06-30": "26158.00000", "2012-03-31": "28521.00000", "2011-12-31": "27301.00000", "2011-09-30": "26437.00000", "2011-06-30": "26052.00000", "2011-03-31": "26154.00000", "2010-12-31": "25544.00000", "2010-09-30": "25014.00000", "2010-06-30": "24680.00000", "2010-03-31": "23987.00000", "2009-12-31": "23477.00000", "2009-09-30": "23193.00000", "2009-06-30": "22794.00000", "2009-03-31": "22120.00000", "2008-12-31": "21640.00000", "2008-09-30": "21141.00000", "2008-06-30": "21549.00000", "2008-03-31": "21188.00000", "2007-12-31": "16716.00000", "2007-09-30": "-501.00000", "2007-06-30": "", "2007-03-31": "", "2006-12-31": ""}, "Total Liabilities And Share Holders Equity": {"2020-12-31": "80426.00000", "2020-09-30": "80919.00000", "2020-06-30": "77884.00000", "2020-03-31": "72820.00000", "2019-12-31": "74781.00000", "2019-09-30": "72574.00000", "2019-06-30": "70249.00000", "2019-03-31": "69865.00000", "2018-12-31": "71655.00000", "2018-09-30": "69225.00000", "2018-06-30": "68175.00000", "2018-03-31": "69042.00000", "2017-12-31": "67154.00000", "2017-09-30": "67977.00000", "2017-06-30": "64000.00000", "2017-03-31": "63227.00000", "2016-12-31": "63370.00000", "2016-09-30": "64035.00000", "2016-06-30": "63867.00000", "2016-03-31": "54326.00000", "2015-12-31": "54977.00000", "2015-09-30": "39367.00000", "2015-06-30": "39429.00000", "2015-03-31": "38835.00000", "2014-12-31": "38884.00000", "2014-09-30": "38569.00000", "2014-06-30": "37675.00000", "2014-03-31": "37263.00000", "2013-12-31": "36248.00000", "2013-09-30": "35956.00000", "2013-06-30": "35285.00000", "2013-03-31": "35059.00000", "2012-12-31": "35859.00000", "2012-09-30": "40013.00000", "2012-06-30": "38741.00000", "2012-03-31": "36846.00000", "2011-12-31": "35768.00000", "2011-09-30": "34760.00000", "2011-06-30": "34447.00000", "2011-03-31": "34422.00000", "2010-12-31": "33989.00000", "2010-09-30": "33408.00000", "2010-06-30": "32696.00000", "2010-03-31": "32068.00000", "2009-12-31": "31715.00000", "2009-09-30": "32281.00000", "2009-06-30": "32624.00000", "2009-03-31": "31964.00000", "2008-12-31": "31822.00000", "2008-09-30": "34981.00000", "2008-06-30": "34442.00000", "2008-03-31": "33869.00000", "2007-12-31": "27742.00000", "2007-09-30": "4390.00000", "2007-06-30": "", "2007-03-31": "", "2006-12-31": ""}}, "cash flow statement": {"Net Income/Loss": {"2020-09-30": "10866.00000", "2019-09-30": "12080.00000", "2018-09-30": "10301.00000", "2017-09-30": "6699.00000", "2016-09-30": "5991.00000", "2015-09-30": "6328.00000", "2014-09-30": "5438.00000", "2013-09-30": "4980.00000", "2012-09-30": "2142.00000", "2011-09-30": "3646.00000", "2010-09-30": "2964.00000", "2009-09-30": "2352.00000", "2008-09-30": "804.00000", "2007-09-30": "-1076.00000", "2006-09-30": "455.00000", "2005-09-30": "360.44500"}, "Total Depreciation And Amortization - Cash Flow": {"2020-09-30": "730.00000", "2019-09-30": "484.00000", "2018-09-30": "602.00000", "2017-09-30": "556.00000", "2016-09-30": "502.00000", "2015-09-30": "494.00000", "2014-09-30": "3027.00000", "2013-09-30": "2718.00000", "2012-09-30": "2488.00000", "2011-09-30": "2168.00000", "2010-09-30": "1825.00000", "2009-09-30": "1460.00000", "2008-09-30": "1398.00000", "2007-09-30": "626.00000", "2006-09-30": "735.00000", "2005-09-30": "708.30500"}, "Other Non-Cash Items": {"2020-09-30": "7242.00000", "2019-09-30": "6523.00000", "2018-09-30": "4477.00000", "2017-09-30": "6537.00000", "2016-09-30": "2603.00000", "2015-09-30": "3293.00000", "2014-09-30": "-2403.00000", "2013-09-30": "1685.00000", "2012-09-30": "2479.00000", "2011-09-30": "92.00000", "2010-09-30": "237.00000", "2009-09-30": "8.00000", "2008-09-30": "1667.00000", "2007-09-30": "2002.00000", "2006-09-30": "164.00000", "2005-09-30": "144.68600"}, "Total Non-Cash Items": {"2020-09-30": "7972.00000", "2019-09-30": "7007.00000", "2018-09-30": "5079.00000", "2017-09-30": "7093.00000", "2016-09-30": "3105.00000", "2015-09-30": "3787.00000", "2014-09-30": "624.00000", "2013-09-30": "4403.00000", "2012-09-30": "4967.00000", "2011-09-30": "2260.00000", "2010-09-30": "2062.00000", "2009-09-30": "1468.00000", "2008-09-30": "3065.00000", "2007-09-30": "2628.00000", "2006-09-30": "899.00000", "2005-09-30": "852.99100"}, "Change In Accounts Receivable": {"2020-09-30": "-43.00000", "2019-09-30": "-333.00000", "2018-09-30": "-70.00000", "2017-09-30": "-54.00000", "2016-09-30": "-65.00000", "2015-09-30": "-19.00000", "2014-09-30": "-53.00000", "2013-09-30": "-38.00000", "2012-09-30": "-161.00000", "2011-09-30": "-79.00000", "2010-09-30": "-7.00000", "2009-09-30": "-102.00000", "2008-09-30": "-24.00000", "2007-09-30": "-29.00000", "2006-09-30": "-18.00000", "2005-09-30": "-14.28500"}, "Change In Inventories": {"2020-09-30": "", "2019-09-30": "", "2018-09-30": "", "2017-09-30": "", "2016-09-30": "", "2015-09-30": "", "2014-09-30": "", "2013-09-30": "", "2012-09-30": "", "2011-09-30": "", "2010-09-30": "", "2009-09-30": "", "2008-09-30": "", "2007-09-30": "", "2006-09-30": "", "2005-09-30": ""}, "Change In Accounts Payable": {"2020-09-30": "21.00000", "2019-09-30": "-24.00000", "2018-09-30": "3.00000", "2017-09-30": "-30.00000", "2016-09-30": "43.00000", "2015-09-30": "-13.00000", "2014-09-30": "-56.00000", "2013-09-30": "40.00000", "2012-09-30": "-17.00000", "2011-09-30": "29.00000", "2010-09-30": "-21.00000", "2009-09-30": "-3.00000", "2008-09-30": "-10.00000", "2007-09-30": "-20.00000", "2006-09-30": "-9.00000", "2005-09-30": "56.58000"}, "Change In Assets/Liabilities": {"2020-09-30": "-9009.00000", "2019-09-30": "-6342.00000", "2018-09-30": "-4584.00000", "2017-09-30": "-4857.00000", "2016-09-30": "-3734.00000", "2015-09-30": "-3185.00000", "2014-09-30": "-259.00000", "2013-09-30": "-2681.00000", "2012-09-30": "-1488.00000", "2011-09-30": "-1851.00000", "2010-09-30": "-1470.00000", "2009-09-30": "-1146.00000", "2008-09-30": "-1631.00000", "2007-09-30": "-829.00000", "2006-09-30": "-592.00000", "2005-09-30": "-681.47200"}, "Total Change In Assets/Liabilities": {"2020-09-30": "-8398.00000", "2019-09-30": "-6303.00000", "2018-09-30": "-2439.00000", "2017-09-30": "-4475.00000", "2016-09-30": "-3522.00000", "2015-09-30": "-3531.00000", "2014-09-30": "1143.00000", "2013-09-30": "-6361.00000", "2012-09-30": "-2100.00000", "2011-09-30": "-2034.00000", "2010-09-30": "-2335.00000", "2009-09-30": "-3262.00000", "2008-09-30": "-3338.00000", "2007-09-30": "-1047.00000", "2006-09-30": "-904.00000", "2005-09-30": "-732.80700"}, "Cash Flow From Operating Activities": {"2020-09-30": "10440.00000", "2019-09-30": "12784.00000", "2018-09-30": "12941.00000", "2017-09-30": "9317.00000", "2016-09-30": "5574.00000", "2015-09-30": "6584.00000", "2014-09-30": "7205.00000", "2013-09-30": "3022.00000", "2012-09-30": "5009.00000", "2011-09-30": "3872.00000", "2010-09-30": "2691.00000", "2009-09-30": "558.00000", "2008-09-30": "531.00000", "2007-09-30": "505.00000", "2006-09-30": "450.00000", "2005-09-30": "480.62900"}, "Net Change In Property, Plant, And Equipment": {"2020-09-30": "-736.00000", "2019-09-30": "-756.00000", "2018-09-30": "-718.00000", "2017-09-30": "-695.00000", "2016-09-30": "-523.00000", "2015-09-30": "-404.00000", "2014-09-30": "-553.00000", "2013-09-30": "-471.00000", "2012-09-30": "-374.00000", "2011-09-30": "-353.00000", "2010-09-30": "-238.00000", "2009-09-30": "-306.00000", "2008-09-30": "-411.00000", "2007-09-30": "-160.00000", "2006-09-30": "-102.00000", "2005-09-30": "-119.26700"}, "Net Change In Intangible Assets": {"2020-09-30": "", "2019-09-30": "", "2018-09-30": "", "2017-09-30": "", "2016-09-30": "", "2015-09-30": "", "2014-09-30": "", "2013-09-30": "", "2012-09-30": "", "2011-09-30": "", "2010-09-30": "", "2009-09-30": "", "2008-09-30": "", "2007-09-30": "", "2006-09-30": "", "2005-09-30": ""}, "Net Acquisitions/Divestitures": {"2020-09-30": "-77.00000", "2019-09-30": "-699.00000", "2018-09-30": "-196.00000", "2017-09-30": "-302.00000", "2016-09-30": "-9082.00000", "2015-09-30": "-93.00000", "2014-09-30": "-149.00000", "2013-09-30": "", "2012-09-30": "-3.00000", "2011-09-30": "-268.00000", "2010-09-30": "-1805.00000", "2009-09-30": "", "2008-09-30": "1002.00000", "2007-09-30": "", "2006-09-30": "", "2005-09-30": ""}, "Net Change In Short-term Investments": {"2020-09-30": "", "2019-09-30": "", "2018-09-30": "", "2017-09-30": "4.00000", "2016-09-30": "", "2015-09-30": "", "2014-09-30": "", "2013-09-30": "", "2012-09-30": "", "2011-09-30": "", "2010-09-30": "89.00000", "2009-09-30": "884.00000", "2008-09-30": "-983.00000", "2007-09-30": "", "2006-09-30": "", "2005-09-30": ""}, "Net Change In Long-Term Investments": {"2020-09-30": "2168.00000", "2019-09-30": "842.00000", "2018-09-30": "-2186.00000", "2017-09-30": "1728.00000", "2016-09-30": "-1311.00000", "2015-09-30": "-938.00000", "2014-09-30": "-239.00000", "2013-09-30": "-693.00000", "2012-09-30": "-2037.00000", "2011-09-30": "-1678.00000", "2010-09-30": "50.00000", "2009-09-30": "1252.00000", "2008-09-30": "946.00000", "2007-09-30": "-303.00000", "2006-09-30": "-176.00000", "2005-09-30": "-353.86400"}, "Net Change In Investments - Total": {"2020-09-30": "2168.00000", "2019-09-30": "842.00000", "2018-09-30": "-2186.00000", "2017-09-30": "1732.00000", "2016-09-30": "-1311.00000", "2015-09-30": "-938.00000", "2014-09-30": "-239.00000", "2013-09-30": "-693.00000", "2012-09-30": "-2037.00000", "2011-09-30": "-1678.00000", "2010-09-30": "139.00000", "2009-09-30": "2136.00000", "2008-09-30": "-37.00000", "2007-09-30": "-303.00000", "2006-09-30": "-176.00000", "2005-09-30": "-353.86400"}, "Investing Activities - Other": {"2020-09-30": "72.00000", "2019-09-30": "22.00000", "2018-09-30": "16.00000", "2017-09-30": "", "2016-09-30": "", "2015-09-30": "", "2014-09-30": "", "2013-09-30": "", "2012-09-30": "", "2011-09-30": "", "2010-09-30": "", "2009-09-30": "", "2008-09-30": "", "2007-09-30": "", "2006-09-30": "", "2005-09-30": ""}, "Cash Flow From Investing Activities": {"2020-09-30": "1427.00000", "2019-09-30": "-591.00000", "2018-09-30": "-3084.00000", "2017-09-30": "735.00000", "2016-09-30": "-10916.00000", "2015-09-30": "-1435.00000", "2014-09-30": "-941.00000", "2013-09-30": "-1164.00000", "2012-09-30": "-2414.00000", "2011-09-30": "-2299.00000", "2010-09-30": "-1904.00000", "2009-09-30": "1830.00000", "2008-09-30": "554.00000", "2007-09-30": "-463.00000", "2006-09-30": "-278.00000", "2005-09-30": "-473.13100"}, "Net Long-Term Debt": {"2020-09-30": "7212.00000", "2019-09-30": "", "2018-09-30": "-1750.00000", "2017-09-30": "2488.00000", "2016-09-30": "15971.00000", "2015-09-30": "", "2014-09-30": "", "2013-09-30": "-6.00000", "2012-09-30": "-6.00000", "2011-09-30": "-54.00000", "2010-09-30": "-24.00000", "2009-09-30": "-54.00000", "2008-09-30": "-22.00000", "2007-09-30": "-37.00000", "2006-09-30": "-37.00000", "2005-09-30": "-33.76800"}, "Net Current Debt": {"2020-09-30": "", "2019-09-30": "", "2018-09-30": "", "2017-09-30": "", "2016-09-30": "", "2015-09-30": "", "2014-09-30": "", "2013-09-30": "", "2012-09-30": "", "2011-09-30": "", "2010-09-30": "", "2009-09-30": "", "2008-09-30": "", "2007-09-30": "", "2006-09-30": "", "2005-09-30": ""}, "Debt Issuance/Retirement Net - Total": {"2020-09-30": "7212.00000", "2019-09-30": "", "2018-09-30": "-1750.00000", "2017-09-30": "2488.00000", "2016-09-30": "15971.00000", "2015-09-30": "", "2014-09-30": "", "2013-09-30": "-6.00000", "2012-09-30": "-6.00000", "2011-09-30": "-54.00000", "2010-09-30": "-24.00000", "2009-09-30": "-54.00000", "2008-09-30": "-22.00000", "2007-09-30": "-37.00000", "2006-09-30": "-37.00000", "2005-09-30": "-33.76800"}, "Net Common Equity Issued/Repurchased": {"2020-09-30": "-7924.00000", "2019-09-30": "-8445.00000", "2018-09-30": "-7028.00000", "2017-09-30": "-6742.00000", "2016-09-30": "-7062.00000", "2015-09-30": "-2828.00000", "2014-09-30": "-4027.00000", "2013-09-30": "-5257.00000", "2012-09-30": "-536.00000", "2011-09-30": "-1925.00000", "2010-09-30": "-944.00000", "2009-09-30": "-2614.00000", "2008-09-30": "5654.00000", "2007-09-30": "", "2006-09-30": "", "2005-09-30": ""}, "Net Total Equity Issued/Repurchased": {"2020-09-30": "-7924.00000", "2019-09-30": "-8445.00000", "2018-09-30": "-7028.00000", "2017-09-30": "-6742.00000", "2016-09-30": "-7062.00000", "2015-09-30": "-2828.00000", "2014-09-30": "-4027.00000", "2013-09-30": "-5257.00000", "2012-09-30": "-536.00000", "2011-09-30": "-1925.00000", "2010-09-30": "-944.00000", "2009-09-30": "-2614.00000", "2008-09-30": "5654.00000", "2007-09-30": "", "2006-09-30": "", "2005-09-30": ""}, "Total Common And Preferred Stock Dividends Paid": {"2020-09-30": "-2664.00000", "2019-09-30": "-2269.00000", "2018-09-30": "-1918.00000", "2017-09-30": "-1579.00000", "2016-09-30": "-1350.00000", "2015-09-30": "-1177.00000", "2014-09-30": "-1006.00000", "2013-09-30": "-864.00000", "2012-09-30": "-595.00000", "2011-09-30": "-423.00000", "2010-09-30": "-368.00000", "2009-09-30": "-318.00000", "2008-09-30": "-93.00000", "2007-09-30": "", "2006-09-30": "", "2005-09-30": ""}, "Financial Activities - Other": {"2020-09-30": "-592.00000", "2019-09-30": "-1347.00000", "2018-09-30": "-94.00000", "2017-09-30": "-91.00000", "2016-09-30": "-82.00000", "2015-09-30": "402.00000", "2014-09-30": "-1445.00000", "2013-09-30": "4381.00000", "2012-09-30": "-1518.00000", "2011-09-30": "-902.00000", "2010-09-30": "-206.00000", "2009-09-30": "235.00000", "2008-09-30": "-1915.00000", "2007-09-30": "", "2006-09-30": "", "2005-09-30": "-12.19800"}, "Cash Flow From Financial Activities": {"2020-09-30": "-3968.00000", "2019-09-30": "-12061.00000", "2018-09-30": "-10790.00000", "2017-09-30": "-5924.00000", "2016-09-30": "7477.00000", "2015-09-30": "-3603.00000", "2014-09-30": "-6478.00000", "2013-09-30": "-1746.00000", "2012-09-30": "-2655.00000", "2011-09-30": "-3304.00000", "2010-09-30": "-1542.00000", "2009-09-30": "-2751.00000", "2008-09-30": "3624.00000", "2007-09-30": "-37.00000", "2006-09-30": "-37.00000", "2005-09-30": "-45.96600"}, "Net Cash Flow": {"2020-09-30": "8339.00000", "2019-09-30": "-145.00000", "2018-09-30": "-1034.00000", "2017-09-30": "4364.00000", "2016-09-30": "2101.00000", "2015-09-30": "1547.00000", "2014-09-30": "-215.00000", "2013-09-30": "112.00000", "2012-09-30": "-53.00000", "2011-09-30": "-1740.00000", "2010-09-30": "-750.00000", "2009-09-30": "-362.00000", "2008-09-30": "4704.00000", "2007-09-30": "5.00000", "2006-09-30": "135.00000", "2005-09-30": "-38.46800"}, "Stock-Based Compensation": {"2020-09-30": "416.00000", "2019-09-30": "407.00000", "2018-09-30": "327.00000", "2017-09-30": "235.00000", "2016-09-30": "221.00000", "2015-09-30": "187.00000", "2014-09-30": "172.00000", "2013-09-30": "179.00000", "2012-09-30": "147.00000", "2011-09-30": "154.00000", "2010-09-30": "131.00000", "2009-09-30": "115.00000", "2008-09-30": "74.00000", "2007-09-30": "", "2006-09-30": "", "2005-09-30": ""}, "Common Stock Dividends Paid": {"2020-09-30": "-2664.00000", "2019-09-30": "-2269.00000", "2018-09-30": "-1918.00000", "2017-09-30": "-1579.00000", "2016-09-30": "-1350.00000", "2015-09-30": "-1177.00000", "2014-09-30": "-1006.00000", "2013-09-30": "-864.00000", "2012-09-30": "-595.00000", "2011-09-30": "-423.00000", "2010-09-30": "-368.00000", "2009-09-30": "-318.00000", "2008-09-30": "-93.00000", "2007-09-30": "", "2006-09-30": "", "2005-09-30": ""}}, "cash flow statement, quarterly": {"Net Income/Loss": {"2020-12-31": "3126.00000", "2020-09-30": 2137, "2020-06-30": 2373, "2020-03-31": 3084, "2019-12-31": "3272.00000", "2019-09-30": 3025, "2019-06-30": 3101, "2019-03-31": 2977, "2018-12-31": "2977.00000", "2018-09-30": 2845, "2018-06-30": 2329, "2018-03-31": 2605, "2017-12-31": "2522.00000", "2017-09-30": 2140, "2017-06-30": 2059, "2017-03-31": 430, "2016-12-31": "2070.00000", "2016-09-30": 1931, "2016-06-30": 412, "2016-03-31": 1707, "2015-12-31": "1941.00000", "2015-09-30": 1512, "2015-06-30": 1697, "2015-03-31": 1550, "2014-12-31": "1569.00000", "2014-09-30": 1073, "2014-06-30": 1360, "2014-03-31": 1598, "2013-12-31": "1407.00000", "2013-09-30": 1192, "2013-06-30": 1225, "2013-03-31": 1270, "2012-12-31": "1293.00000", "2012-09-30": 1662, "2012-06-30": -1839, "2012-03-31": 1292, "2011-12-31": "1027.00000", "2011-09-30": 878, "2011-06-30": 1004, "2011-03-31": 880, "2010-12-31": "884.00000", "2010-09-30": 773, "2010-06-30": 716, "2010-03-31": 712, "2009-12-31": "763.00000", "2009-09-30": 514, "2009-06-30": 729, "2009-03-31": 535, "2008-12-31": "574.00000", "2008-09-30": -356, "2008-06-30": 422, "2008-03-31": 314, "2007-12-31": "424.00000", "2007-09-30": -1684.09, "2007-06-30": 223, "2007-03-31": 180, "2006-12-31": "205.00000"}, "Total Depreciation And Amortization - Cash Flow": {"2020-12-31": "197.00000", "2020-09-30": 159, "2020-06-30": 197, "2020-03-31": 192, "2019-12-31": "182.00000", "2019-09-30": 0, "2019-06-30": 165, "2019-03-31": 160, "2018-12-31": "159.00000", "2018-09-30": -3837, "2018-06-30": 1526, "2018-03-31": 1442, "2017-12-31": "1471.00000", "2017-09-30": -3072, "2017-06-30": 1279, "2017-03-31": 1162, "2016-12-31": "1187.00000", "2016-09-30": -2275, "2016-06-30": 959, "2016-03-31": 910, "2015-12-31": "908.00000", "2015-09-30": -1940, "2015-06-30": 800, "2015-03-31": 801, "2014-12-31": "833.00000", "2014-09-30": 880, "2014-06-30": 747, "2014-03-31": 694, "2013-12-31": "706.00000", "2013-09-30": 786, "2013-06-30": 622, "2013-03-31": 665, "2012-12-31": "645.00000", "2012-09-30": 652, "2012-06-30": 698, "2012-03-31": 577, "2011-12-31": "561.00000", "2011-09-30": 653, "2011-06-30": 522, "2011-03-31": 521, "2010-12-31": "472.00000", "2010-09-30": 499, "2010-06-30": 456, "2010-03-31": 434, "2009-12-31": "436.00000", "2009-09-30": 387, "2009-06-30": 401, "2009-03-31": 351, "2008-12-31": "321.00000", "2008-09-30": 358, "2008-06-30": 331, "2008-03-31": 396, "2007-12-31": "313.00000", "2007-09-30": -302.36, "2007-06-30": 142, "2007-03-31": 168, "2006-12-31": "129.00000"}, "Other Non-Cash Items": {"2020-12-31": "2000.00000", "2020-09-30": 2241, "2020-06-30": 1402, "2020-03-31": 1836, "2019-12-31": "1763.00000", "2019-09-30": 1862, "2019-06-30": 2047, "2019-03-31": 1001, "2018-12-31": "1613.00000", "2018-09-30": 5415, "2018-06-30": -132, "2018-03-31": 69, "2017-12-31": "-875.00000", "2017-09-30": 4582, "2017-06-30": 87, "2017-03-31": 2956, "2016-12-31": "-1088.00000", "2016-09-30": 3317, "2016-06-30": -501, "2016-03-31": -11, "2015-12-31": "-202.00000", "2015-09-30": 2908, "2015-06-30": 174, "2015-03-31": 249, "2014-12-31": "-38.00000", "2014-09-30": -2103, "2014-06-30": 42, "2014-03-31": -357, "2013-12-31": "15.00000", "2013-09-30": 6, "2013-06-30": 22, "2013-03-31": 25, "2012-12-31": "1632.00000", "2012-09-30": -229, "2012-06-30": 2895, "2012-03-31": -204, "2011-12-31": "17.00000", "2011-09-30": 27, "2011-06-30": -135, "2011-03-31": 95, "2010-12-31": "105.00000", "2010-09-30": 6, "2010-06-30": 31, "2010-03-31": 104, "2009-12-31": "96.00000", "2009-09-30": 36, "2009-06-30": -449, "2009-03-31": 183, "2008-12-31": "238.00000", "2008-09-30": 1068, "2008-06-30": 115, "2008-03-31": 454, "2007-12-31": "30.00000", "2007-09-30": 1969, "2007-06-30": 7, "2007-03-31": -1, "2006-12-31": "27.00000"}, "Total Non-Cash Items": {"2020-12-31": "2197.00000", "2020-09-30": 2400, "2020-06-30": 1599, "2020-03-31": 2028, "2019-12-31": "1945.00000", "2019-09-30": 1862, "2019-06-30": 2212, "2019-03-31": 1161, "2018-12-31": "1772.00000", "2018-09-30": 1578, "2018-06-30": 1394, "2018-03-31": 1511, "2017-12-31": "596.00000", "2017-09-30": 1510, "2017-06-30": 1366, "2017-03-31": 4118, "2016-12-31": "99.00000", "2016-09-30": 1042, "2016-06-30": 458, "2016-03-31": 899, "2015-12-31": "706.00000", "2015-09-30": 968, "2015-06-30": 974, "2015-03-31": 1050, "2014-12-31": "795.00000", "2014-09-30": -1223, "2014-06-30": 789, "2014-03-31": 337, "2013-12-31": "721.00000", "2013-09-30": 792, "2013-06-30": 644, "2013-03-31": 690, "2012-12-31": "2277.00000", "2012-09-30": 423, "2012-06-30": 3593, "2012-03-31": 373, "2011-12-31": "578.00000", "2011-09-30": 680, "2011-06-30": 387, "2011-03-31": 616, "2010-12-31": "577.00000", "2010-09-30": 505, "2010-06-30": 487, "2010-03-31": 538, "2009-12-31": "532.00000", "2009-09-30": 423, "2009-06-30": -48, "2009-03-31": 534, "2008-12-31": "559.00000", "2008-09-30": 1426, "2008-06-30": 446, "2008-03-31": 850, "2007-12-31": "343.00000", "2007-09-30": -335.36, "2007-06-30": 149, "2007-03-31": 167, "2006-12-31": "156.00000"}, "Change In Accounts Receivable": {"2020-12-31": "-108.00000", "2020-09-30": -151, "2020-06-30": 70, "2020-03-31": 145, "2019-12-31": "-107.00000", "2019-09-30": -14, "2019-06-30": -116, "2019-03-31": -3, "2018-12-31": "-200.00000", "2018-09-30": 12, "2018-06-30": 31, "2018-03-31": 33, "2017-12-31": "-146.00000", "2017-09-30": -20, "2017-06-30": 6, "2017-03-31": 49, "2016-12-31": "-89.00000", "2016-09-30": 27, "2016-06-30": 5, "2016-03-31": -22, "2015-12-31": "-75.00000", "2015-09-30": 45, "2015-06-30": 10, "2015-03-31": 4, "2014-12-31": "-78.00000", "2014-09-30": 2, "2014-06-30": 16, "2014-03-31": 8, "2013-12-31": "-79.00000", "2013-09-30": 18, "2013-06-30": 23, "2013-03-31": -1, "2012-12-31": "-78.00000", "2012-09-30": 70, "2012-06-30": -136, "2012-03-31": -26, "2011-12-31": "-69.00000", "2011-09-30": -9, "2011-06-30": -8, "2011-03-31": -11, "2010-12-31": "-51.00000", "2010-09-30": 50, "2010-06-30": 1, "2010-03-31": 34, "2009-12-31": "-92.00000", "2009-09-30": -25, "2009-06-30": -47, "2009-03-31": 6, "2008-12-31": "-36.00000", "2008-09-30": 0, "2008-06-30": -21, "2008-03-31": 26, "2007-12-31": "-29.00000", "2007-09-30": -15, "2007-06-30": -13, "2007-03-31": -4, "2006-12-31": "3.00000"}, "Change In Inventories": {"2020-12-31": "", "2020-09-30": 0, "2020-06-30": 0, "2020-03-31": 0, "2019-12-31": "", "2019-09-30": 0, "2019-06-30": 0, "2019-03-31": 0, "2018-12-31": "", "2018-09-30": 0, "2018-06-30": 0, "2018-03-31": 0, "2017-12-31": "", "2017-09-30": 0, "2017-06-30": 0, "2017-03-31": 0, "2016-12-31": "", "2016-09-30": 0, "2016-06-30": 0, "2016-03-31": 0, "2015-12-31": "", "2015-09-30": 0, "2015-06-30": 0, "2015-03-31": 0, "2014-12-31": "", "2014-09-30": 0, "2014-06-30": 0, "2014-03-31": 0, "2013-12-31": "", "2013-09-30": 0, "2013-06-30": 0, "2013-03-31": 0, "2012-12-31": "", "2012-09-30": 0, "2012-06-30": 0, "2012-03-31": 0, "2011-12-31": "", "2011-09-30": 0, "2011-06-30": 0, "2011-03-31": 0, "2010-12-31": "", "2010-09-30": 0, "2010-06-30": 0, "2010-03-31": 0, "2009-12-31": "", "2009-09-30": 0, "2009-06-30": 0, "2009-03-31": 0, "2008-12-31": "", "2008-09-30": 0, "2008-06-30": 0, "2008-03-31": 0, "2007-12-31": "", "2007-09-30": 0, "2007-06-30": 0, "2007-03-31": 0, "2006-12-31": ""}, "Change In Accounts Payable": {"2020-12-31": "-39.00000", "2020-09-30": 14, "2020-06-30": -7, "2020-03-31": 26, "2019-12-31": "-12.00000", "2019-09-30": -2, "2019-06-30": 26, "2019-03-31": -2, "2018-12-31": "-46.00000", "2018-09-30": 21, "2018-06-30": 8, "2018-03-31": 25, "2017-12-31": "-51.00000", "2017-09-30": 41, "2017-06-30": 12, "2017-03-31": 19, "2016-12-31": "-102.00000", "2016-09-30": 78, "2016-06-30": -1, "2016-03-31": -34, "2015-12-31": "", "2015-09-30": 39, "2015-06-30": -8, "2015-03-31": -54, "2014-12-31": "10.00000", "2014-09-30": 30, "2014-06-30": -18, "2014-03-31": 12, "2013-12-31": "-80.00000", "2013-09-30": 35, "2013-06-30": 20, "2013-03-31": -16, "2012-12-31": "1.00000", "2012-09-30": 41, "2012-06-30": 36, "2012-03-31": -12, "2011-12-31": "-82.00000", "2011-09-30": 76, "2011-06-30": 4, "2011-03-31": -9, "2010-12-31": "-42.00000", "2010-09-30": 41, "2010-06-30": 16, "2010-03-31": -9, "2009-12-31": "-69.00000", "2009-09-30": 50, "2009-06-30": 34, "2009-03-31": -21, "2008-12-31": "-66.00000", "2008-09-30": 50, "2008-06-30": -6, "2008-03-31": 35, "2007-12-31": "-89.00000", "2007-09-30": 25, "2007-06-30": 10, "2007-03-31": -13, "2006-12-31": "-42.00000"}, "Change In Assets/Liabilities": {"2020-12-31": "-1300.00000", "2020-09-30": -1926, "2020-06-30": -1741, "2020-03-31": -3557, "2019-12-31": "-1785.00000", "2019-09-30": -1545, "2019-06-30": -1349, "2019-03-31": -2238, "2018-12-31": "-1210.00000", "2018-09-30": -1338, "2018-06-30": -1057, "2018-03-31": -1439, "2017-12-31": "-750.00000", "2017-09-30": -1312, "2017-06-30": 125, "2017-03-31": -3871, "2016-12-31": "201.00000", "2016-09-30": -508, "2016-06-30": -854, "2016-03-31": -1474, "2015-12-31": "-898.00000", "2015-09-30": -737, "2015-06-30": -403, "2015-03-31": -1026, "2014-12-31": "-1019.00000", "2014-09-30": 1728, "2014-06-30": -307, "2014-03-31": -919, "2013-12-31": "-761.00000", "2013-09-30": -764, "2013-06-30": -451, "2013-03-31": -733, "2012-12-31": "-733.00000", "2012-09-30": -440, "2012-06-30": -479, "2012-03-31": -108, "2011-12-31": "-461.00000", "2011-09-30": -787, "2011-06-30": -59, "2011-03-31": -616, "2010-12-31": "-389.00000", "2010-09-30": -448, "2010-06-30": -88, "2010-03-31": -548, "2009-12-31": "-386.00000", "2009-09-30": -472, "2009-06-30": -135, "2009-03-31": -320, "2008-12-31": "-219.00000", "2008-09-30": -440, "2008-06-30": -155, "2008-03-31": -538, "2007-12-31": "-498.00000", "2007-09-30": -313, "2007-06-30": -224, "2007-03-31": -126, "2006-12-31": "-166.00000"}, "Total Change In Assets/Liabilities": {"2020-12-31": "-1810.00000", "2020-09-30": -2441, "2020-06-30": -970, "2020-03-31": -3645, "2019-12-31": "-1342.00000", "2019-09-30": -845, "2019-06-30": -1929, "2019-03-31": -2074, "2018-12-31": "-1455.00000", "2018-09-30": -947, "2018-06-30": 13, "2018-03-31": -1200, "2017-12-31": "-305.00000", "2017-09-30": -774, "2017-06-30": 112, "2017-03-31": -4152, "2016-12-31": "339.00000", "2016-09-30": -521, "2016-06-30": -567, "2016-03-31": -1766, "2015-12-31": "-668.00000", "2015-09-30": -746, "2015-06-30": -560, "2015-03-31": -1622, "2014-12-31": "-603.00000", "2014-09-30": 1943, "2014-06-30": -207, "2014-03-31": -6, "2013-12-31": "-587.00000", "2013-09-30": 61, "2013-06-30": 288, "2013-03-31": -316, "2012-12-31": "-6394.00000", "2012-09-30": -716, "2012-06-30": -497, "2012-03-31": -568, "2011-12-31": "-319.00000", "2011-09-30": -690, "2011-06-30": 4, "2011-03-31": -893, "2010-12-31": "-455.00000", "2010-09-30": -385, "2010-06-30": 4, "2010-03-31": -642, "2009-12-31": "-1312.00000", "2009-09-30": -1146, "2009-06-30": -332, "2009-03-31": -836, "2008-12-31": "-948.00000", "2008-09-30": -796, "2008-06-30": -243, "2008-03-31": -1714, "2007-12-31": "-585.00000", "2007-09-30": -508.95, "2007-06-30": -215, "2007-03-31": -138, "2006-12-31": "-184.00000"}, "Cash Flow From Operating Activities": {"2020-12-31": "3513.00000", "2020-09-30": 2096, "2020-06-30": 3002, "2020-03-31": 1467, "2019-12-31": "3875.00000", "2019-09-30": 4042, "2019-06-30": 3384, "2019-03-31": 2064, "2018-12-31": "3294.00000", "2018-09-30": 3476, "2018-06-30": 3736, "2018-03-31": 2916, "2017-12-31": "2813.00000", "2017-09-30": 2876, "2017-06-30": 3537, "2017-03-31": 396, "2016-12-31": "2508.00000", "2016-09-30": 2452, "2016-06-30": 303, "2016-03-31": 840, "2015-12-31": "1979.00000", "2015-09-30": 1734, "2015-06-30": 2111, "2015-03-31": 978, "2014-12-31": "1761.00000", "2014-09-30": 1793, "2014-06-30": 1942, "2014-03-31": 1929, "2013-12-31": "1541.00000", "2013-09-30": 2045, "2013-06-30": 2157, "2013-03-31": 1644, "2012-12-31": "-2824.00000", "2012-09-30": 1369, "2012-06-30": 1257, "2012-03-31": 1097, "2011-12-31": "1286.00000", "2011-09-30": 868, "2011-06-30": 1395, "2011-03-31": 603, "2010-12-31": "1006.00000", "2010-09-30": 893, "2010-06-30": 1218, "2010-03-31": 609, "2009-12-31": "-29.00000", "2009-09-30": -209, "2009-06-30": 349, "2009-03-31": 233, "2008-12-31": "185.00000", "2008-09-30": 274, "2008-06-30": 625, "2008-03-31": -550, "2007-12-31": "182.00000", "2007-09-30": -37.86, "2007-06-30": 157, "2007-03-31": 209, "2006-12-31": "177.00000"}, "Net Change In Property, Plant, And Equipment": {"2020-12-31": "-160.00000", "2020-09-30": -168, "2020-06-30": -161, "2020-03-31": -216, "2019-12-31": "-191.00000", "2019-09-30": -249, "2019-06-30": -194, "2019-03-31": -156, "2018-12-31": "-157.00000", "2018-09-30": -209, "2018-06-30": -155, "2018-03-31": -213, "2017-12-31": "-141.00000", "2017-09-30": -183, "2017-06-30": -195, "2017-03-31": -146, "2016-12-31": "-171.00000", "2016-09-30": -141, "2016-06-30": -132, "2016-03-31": -124, "2015-12-31": "-126.00000", "2015-09-30": -138, "2015-06-30": -74, "2015-03-31": -88, "2014-12-31": "-104.00000", "2014-09-30": -227, "2014-06-30": -109, "2014-03-31": -97, "2013-12-31": "-120.00000", "2013-09-30": -138, "2013-06-30": -122, "2013-03-31": -111, "2012-12-31": "-100.00000", "2012-09-30": -106, "2012-06-30": -108, "2012-03-31": -61, "2011-12-31": "-99.00000", "2011-09-30": -117, "2011-06-30": -89, "2011-03-31": -72, "2010-12-31": "-75.00000", "2010-09-30": -95, "2010-06-30": -65, "2010-03-31": -41, "2009-12-31": "-37.00000", "2009-09-30": -101, "2009-06-30": -69, "2009-03-31": -68, "2008-12-31": "-68.00000", "2008-09-30": -92, "2008-06-30": -86, "2008-03-31": -166, "2007-12-31": "-67.00000", "2007-09-30": -83.96, "2007-06-30": -31, "2007-03-31": -29, "2006-12-31": "-16.00000"}, "Net Change In Intangible Assets": {"2020-12-31": "", "2020-09-30": 0, "2020-06-30": 0, "2020-03-31": 0, "2019-12-31": "", "2019-09-30": 0, "2019-06-30": 0, "2019-03-31": 0, "2018-12-31": "", "2018-09-30": 0, "2018-06-30": 0, "2018-03-31": 0, "2017-12-31": "", "2017-09-30": 0, "2017-06-30": 0, "2017-03-31": 0, "2016-12-31": "", "2016-09-30": 0, "2016-06-30": 0, "2016-03-31": 0, "2015-12-31": "", "2015-09-30": 0, "2015-06-30": 0, "2015-03-31": 0, "2014-12-31": "", "2014-09-30": 0, "2014-06-30": 0, "2014-03-31": 0, "2013-12-31": "", "2013-09-30": 0, "2013-06-30": 0, "2013-03-31": 0, "2012-12-31": "", "2012-09-30": 0, "2012-06-30": 0, "2012-03-31": 0, "2011-12-31": "", "2011-09-30": 0, "2011-06-30": 0, "2011-03-31": 0, "2010-12-31": "0.00000", "2010-09-30": 0, "2010-06-30": 0, "2010-03-31": 0, "2009-12-31": "", "2009-09-30": 0, "2009-06-30": 0, "2009-03-31": 0, "2008-12-31": "", "2008-09-30": 0, "2008-06-30": 0, "2008-03-31": 0, "2007-12-31": "", "2007-09-30": 0, "2007-06-30": 0, "2007-03-31": 0, "2006-12-31": ""}, "Net Acquisitions/Divestitures": {"2020-12-31": "-75.00000", "2020-09-30": 0, "2020-06-30": 0, "2020-03-31": 0, "2019-12-31": "-77.00000", "2019-09-30": -563, "2019-06-30": -136, "2019-03-31": 0, "2018-12-31": "", "2018-09-30": 0, "2018-06-30": 0, "2018-03-31": -196, "2017-12-31": "", "2017-09-30": 0, "2017-06-30": 0, "2017-03-31": -302, "2016-12-31": "", "2016-09-30": 0, "2016-06-30": -9068, "2016-03-31": -14, "2015-12-31": "", "2015-09-30": 0, "2015-06-30": -93, "2015-03-31": 0, "2014-12-31": "", "2014-09-30": -15, "2014-06-30": -134, "2014-03-31": 0, "2013-12-31": "", "2013-09-30": 0, "2013-06-30": 0, "2013-03-31": 0, "2012-12-31": "", "2012-09-30": 0, "2012-06-30": -3, "2012-03-31": 0, "2011-12-31": "", "2011-09-30": 0, "2011-06-30": -106, "2011-03-31": -162, "2010-12-31": "", "2010-09-30": -1805, "2010-06-30": 0, "2010-03-31": 0, "2009-12-31": "", "2009-09-30": 0, "2009-06-30": 0, "2009-03-31": 0, "2008-12-31": "", "2008-09-30": 0, "2008-06-30": 0, "2008-03-31": 0, "2007-12-31": "1002.00000", "2007-09-30": -2.02, "2007-06-30": 0, "2007-03-31": 0, "2006-12-31": ""}, "Net Change In Short-term Investments": {"2020-12-31": "", "2020-09-30": 0, "2020-06-30": 0, "2020-03-31": 0, "2019-12-31": "", "2019-09-30": 0, "2019-06-30": 0, "2019-03-31": 0, "2018-12-31": "", "2018-09-30": 0, "2018-06-30": 0, "2018-03-31": 0, "2017-12-31": "", "2017-09-30": 4, "2017-06-30": 0, "2017-03-31": 0, "2016-12-31": "", "2016-09-30": 0, "2016-06-30": 0, "2016-03-31": 0, "2015-12-31": "", "2015-09-30": 0, "2015-06-30": 0, "2015-03-31": 0, "2014-12-31": "", "2014-09-30": 0, "2014-06-30": 0, "2014-03-31": 0, "2013-12-31": "", "2013-09-30": 0, "2013-06-30": 0, "2013-03-31": 0, "2012-12-31": "", "2012-09-30": 0, "2012-06-30": 0, "2012-03-31": 0, "2011-12-31": "", "2011-09-30": 0, "2011-06-30": 0, "2011-03-31": 0, "2010-12-31": "", "2010-09-30": 4, "2010-06-30": 0, "2010-03-31": 66, "2009-12-31": "19.00000", "2009-09-30": 0, "2009-06-30": 44, "2009-03-31": 65, "2008-12-31": "775.00000", "2008-09-30": -983, "2008-06-30": 0, "2008-03-31": 0, "2007-12-31": "", "2007-09-30": 0, "2007-06-30": 0, "2007-03-31": 0, "2006-12-31": ""}, "Net Change In Long-Term Investments": {"2020-12-31": "830.00000", "2020-09-30": -709, "2020-06-30": -16, "2020-03-31": 2100, "2019-12-31": "793.00000", "2019-09-30": -235, "2019-06-30": 1071, "2019-03-31": -81, "2018-12-31": "87.00000", "2018-09-30": -1586, "2018-06-30": -13, "2018-03-31": -21, "2017-12-31": "-566.00000", "2017-09-30": -673, "2017-06-30": -486, "2017-03-31": 3133, "2016-12-31": "-246.00000", "2016-09-30": -616, "2016-06-30": 887, "2016-03-31": 4486, "2015-12-31": "-6068.00000", "2015-09-30": -21, "2015-06-30": -552, "2015-03-31": 167, "2014-12-31": "-532.00000", "2014-09-30": -257, "2014-06-30": -93, "2014-03-31": 267, "2013-12-31": "-156.00000", "2013-09-30": 328, "2013-06-30": -783, "2013-03-31": 527, "2012-12-31": "-765.00000", "2012-09-30": -365, "2012-06-30": -1062, "2012-03-31": -903, "2011-12-31": "293.00000", "2011-09-30": -1757, "2011-06-30": -34, "2011-03-31": 111, "2010-12-31": "2.00000", "2010-09-30": 2, "2010-06-30": 3, "2010-03-31": 5, "2009-12-31": "40.00000", "2009-09-30": 976, "2009-06-30": 24, "2009-03-31": 58, "2008-12-31": "194.00000", "2008-09-30": 50, "2008-06-30": 116, "2008-03-31": 464, "2007-12-31": "316.00000", "2007-09-30": -183, "2007-06-30": 86, "2007-03-31": -150, "2006-12-31": "-56.00000"}, "Net Change In Investments - Total": {"2020-12-31": "830.00000", "2020-09-30": -709, "2020-06-30": -16, "2020-03-31": 2100, "2019-12-31": "793.00000", "2019-09-30": -235, "2019-06-30": 1071, "2019-03-31": -81, "2018-12-31": "87.00000", "2018-09-30": -1586, "2018-06-30": -13, "2018-03-31": -21, "2017-12-31": "-566.00000", "2017-09-30": -669, "2017-06-30": -486, "2017-03-31": 3133, "2016-12-31": "-246.00000", "2016-09-30": -616, "2016-06-30": 887, "2016-03-31": 4486, "2015-12-31": "-6068.00000", "2015-09-30": -21, "2015-06-30": -552, "2015-03-31": 167, "2014-12-31": "-532.00000", "2014-09-30": -257, "2014-06-30": -93, "2014-03-31": 267, "2013-12-31": "-156.00000", "2013-09-30": 328, "2013-06-30": -783, "2013-03-31": 527, "2012-12-31": "-765.00000", "2012-09-30": -365, "2012-06-30": -1062, "2012-03-31": -903, "2011-12-31": "293.00000", "2011-09-30": -1757, "2011-06-30": -34, "2011-03-31": 111, "2010-12-31": "2.00000", "2010-09-30": 6, "2010-06-30": 3, "2010-03-31": 71, "2009-12-31": "59.00000", "2009-09-30": 976, "2009-06-30": 68, "2009-03-31": 123, "2008-12-31": "969.00000", "2008-09-30": -933, "2008-06-30": 116, "2008-03-31": 464, "2007-12-31": "316.00000", "2007-09-30": -181.25, "2007-06-30": 86, "2007-03-31": -150, "2006-12-31": "-56.00000"}, "Investing Activities - Other": {"2020-12-31": "44.00000", "2020-09-30": -4, "2020-06-30": 44, "2020-03-31": -5, "2019-12-31": "37.00000", "2019-09-30": 43, "2019-06-30": 68, "2019-03-31": -89, "2018-12-31": "", "2018-09-30": 16, "2018-06-30": 0, "2018-03-31": 0, "2017-12-31": "", "2017-09-30": 0, "2017-06-30": 0, "2017-03-31": 0, "2016-12-31": "", "2016-09-30": 0, "2016-06-30": 0, "2016-03-31": 0, "2015-12-31": "", "2015-09-30": 0, "2015-06-30": 0, "2015-03-31": 0, "2014-12-31": "", "2014-09-30": 0, "2014-06-30": 0, "2014-03-31": 0, "2013-12-31": "", "2013-09-30": 0, "2013-06-30": 0, "2013-03-31": 0, "2012-12-31": "", "2012-09-30": 0, "2012-06-30": 0, "2012-03-31": 0, "2011-12-31": "", "2011-09-30": 0, "2011-06-30": 0, "2011-03-31": 0, "2010-12-31": "", "2010-09-30": 0, "2010-06-30": 0, "2010-03-31": 0, "2009-12-31": "", "2009-09-30": 0, "2009-06-30": 0, "2009-03-31": 0, "2008-12-31": "", "2008-09-30": 0, "2008-06-30": 0, "2008-03-31": 0, "2007-12-31": "", "2007-09-30": 0, "2007-06-30": 0, "2007-03-31": 0, "2006-12-31": ""}, "Cash Flow From Investing Activities": {"2020-12-31": "639.00000", "2020-09-30": -881, "2020-06-30": -133, "2020-03-31": 1879, "2019-12-31": "562.00000", "2019-09-30": -1004, "2019-06-30": 809, "2019-03-31": -326, "2018-12-31": "-70.00000", "2018-09-30": -1779, "2018-06-30": -168, "2018-03-31": -430, "2017-12-31": "-707.00000", "2017-09-30": -852, "2017-06-30": -681, "2017-03-31": 2685, "2016-12-31": "-417.00000", "2016-09-30": -757, "2016-06-30": -8313, "2016-03-31": 4348, "2015-12-31": "-6194.00000", "2015-09-30": -159, "2015-06-30": -719, "2015-03-31": 79, "2014-12-31": "-636.00000", "2014-09-30": -499, "2014-06-30": -336, "2014-03-31": 170, "2013-12-31": "-276.00000", "2013-09-30": 190, "2013-06-30": -905, "2013-03-31": 416, "2012-12-31": "-865.00000", "2012-09-30": -471, "2012-06-30": -1173, "2012-03-31": -964, "2011-12-31": "194.00000", "2011-09-30": -1874, "2011-06-30": -229, "2011-03-31": -123, "2010-12-31": "-73.00000", "2010-09-30": -1894, "2010-06-30": -62, "2010-03-31": 30, "2009-12-31": "22.00000", "2009-09-30": 875, "2009-06-30": -1, "2009-03-31": 55, "2008-12-31": "901.00000", "2008-09-30": -1025, "2008-06-30": 30, "2008-03-31": 298, "2007-12-31": "1251.00000", "2007-09-30": -267.24, "2007-06-30": 55, "2007-03-31": -179, "2006-12-31": "-72.00000"}, "Net Long-Term Debt": {"2020-12-31": "-3000.00000", "2020-09-30": 3227, "2020-06-30": 3985, "2020-03-31": 0, "2019-12-31": "", "2019-09-30": 0, "2019-06-30": 0, "2019-03-31": 0, "2018-12-31": "", "2018-09-30": 0, "2018-06-30": 0, "2018-03-31": 0, "2017-12-31": "-1750.00000", "2017-09-30": 2488, "2017-06-30": 0, "2017-03-31": 0, "2016-12-31": "", "2016-09-30": 0, "2016-06-30": 0, "2016-03-31": 0, "2015-12-31": "15971.00000", "2015-09-30": 0, "2015-06-30": 0, "2015-03-31": 0, "2014-12-31": "", "2014-09-30": 0, "2014-06-30": 0, "2014-03-31": 0, "2013-12-31": "", "2013-09-30": 0, "2013-06-30": -1, "2013-03-31": 0, "2012-12-31": "-5.00000", "2012-09-30": 0, "2012-06-30": 0, "2012-03-31": -1, "2011-12-31": "-5.00000", "2011-09-30": -35, "2011-06-30": -4, "2011-03-31": -5, "2010-12-31": "-10.00000", "2010-09-30": -5, "2010-06-30": -4, "2010-03-31": -5, "2009-12-31": "-10.00000", "2009-09-30": -42, "2009-06-30": -4, "2009-03-31": -6, "2008-12-31": "-2.00000", "2008-09-30": -4, "2008-06-30": -4, "2008-03-31": -4, "2007-12-31": "-10.00000", "2007-09-30": -10, "2007-06-30": -8, "2007-03-31": -10, "2006-12-31": "-9.00000"}, "Net Current Debt": {"2020-12-31": "", "2020-09-30": 0, "2020-06-30": -1001, "2020-03-31": 1001, "2019-12-31": "", "2019-09-30": 0, "2019-06-30": 0, "2019-03-31": 0, "2018-12-31": "", "2018-09-30": 0, "2018-06-30": 0, "2018-03-31": 0, "2017-12-31": "", "2017-09-30": 0, "2017-06-30": 0, "2017-03-31": -566, "2016-12-31": "566.00000", "2016-09-30": 0, "2016-06-30": 0, "2016-03-31": 0, "2015-12-31": "", "2015-09-30": 0, "2015-06-30": 0, "2015-03-31": 0, "2014-12-31": "", "2014-09-30": 0, "2014-06-30": 0, "2014-03-31": 0, "2013-12-31": "", "2013-09-30": 0, "2013-06-30": 0, "2013-03-31": 0, "2012-12-31": "", "2012-09-30": 0, "2012-06-30": 0, "2012-03-31": 0, "2011-12-31": "", "2011-09-30": 0, "2011-06-30": 0, "2011-03-31": 0, "2010-12-31": "", "2010-09-30": 0, "2010-06-30": 0, "2010-03-31": 0, "2009-12-31": "", "2009-09-30": 0, "2009-06-30": 0, "2009-03-31": 0, "2008-12-31": "", "2008-09-30": 0, "2008-06-30": 0, "2008-03-31": 0, "2007-12-31": "", "2007-09-30": -36.65, "2007-06-30": 0, "2007-03-31": 0, "2006-12-31": ""}, "Debt Issuance/Retirement Net - Total": {"2020-12-31": "-3000.00000", "2020-09-30": 3227, "2020-06-30": 2984, "2020-03-31": 1001, "2019-12-31": "", "2019-09-30": 0, "2019-06-30": 0, "2019-03-31": 0, "2018-12-31": "", "2018-09-30": 0, "2018-06-30": 0, "2018-03-31": 0, "2017-12-31": "-1750.00000", "2017-09-30": 2488, "2017-06-30": 0, "2017-03-31": -566, "2016-12-31": "566.00000", "2016-09-30": 0, "2016-06-30": 0, "2016-03-31": 0, "2015-12-31": "15971.00000", "2015-09-30": 0, "2015-06-30": 0, "2015-03-31": 0, "2014-12-31": "", "2014-09-30": 0, "2014-06-30": 0, "2014-03-31": 0, "2013-12-31": "", "2013-09-30": 0, "2013-06-30": -1, "2013-03-31": 0, "2012-12-31": "-5.00000", "2012-09-30": 0, "2012-06-30": 0, "2012-03-31": -1, "2011-12-31": "-5.00000", "2011-09-30": -35, "2011-06-30": -4, "2011-03-31": -5, "2010-12-31": "-10.00000", "2010-09-30": -5, "2010-06-30": -4, "2010-03-31": -5, "2009-12-31": "-10.00000", "2009-09-30": -42, "2009-06-30": -4, "2009-03-31": -6, "2008-12-31": "-2.00000", "2008-09-30": -4, "2008-06-30": -4, "2008-03-31": -4, "2007-12-31": "-10.00000", "2007-09-30": 27, "2007-06-30": -8, "2007-03-31": -10, "2006-12-31": "-9.00000"}, "Net Common Equity Issued/Repurchased": {"2020-12-31": "-1735.00000", "2020-09-30": -1494, "2020-06-30": -1036, "2020-03-31": -3079, "2019-12-31": "-2315.00000", "2019-09-30": -2092, "2019-06-30": -2111, "2019-03-31": -1897, "2018-12-31": "-2345.00000", "2018-09-30": -1559, "2018-06-30": -1722, "2018-03-31": -2022, "2017-12-31": "-1725.00000", "2017-09-30": -1700, "2017-06-30": -1660, "2017-03-31": -1545, "2016-12-31": "-1837.00000", "2016-09-30": -1661, "2016-06-30": -1685, "2016-03-31": -1730, "2015-12-31": "-1986.00000", "2015-09-30": 14, "2015-06-30": -1033, "2015-03-31": -1036, "2014-12-31": "-773.00000", "2014-09-30": -746, "2014-06-30": -1129, "2014-03-31": -1099, "2013-12-31": "-1053.00000", "2013-09-30": -1301, "2013-06-30": -967, "2013-03-31": -1806, "2012-12-31": "-1183.00000", "2012-09-30": -111, "2012-06-30": -427, "2012-03-31": 33, "2011-12-31": "-31.00000", "2011-09-30": -388, "2011-06-30": -1040, "2011-03-31": -217, "2010-12-31": "-280.00000", "2010-09-30": -316, "2010-06-30": 15, "2010-03-31": -219, "2009-12-31": "-424.00000", "2009-09-30": 12, "2009-06-30": 18, "2009-03-31": 2, "2008-12-31": "-2646.00000", "2008-09-30": 0, "2008-06-30": -116, "2008-03-31": 5770, "2007-12-31": "", "2007-09-30": 0, "2007-06-30": 0, "2007-03-31": 0, "2006-12-31": ""}, "Net Total Equity Issued/Repurchased": {"2020-12-31": "-1735.00000", "2020-09-30": -1494, "2020-06-30": -1036, "2020-03-31": -3079, "2019-12-31": "-2315.00000", "2019-09-30": -2092, "2019-06-30": -2111, "2019-03-31": -1897, "2018-12-31": "-2345.00000", "2018-09-30": -1559, "2018-06-30": -1722, "2018-03-31": -2022, "2017-12-31": "-1725.00000", "2017-09-30": -1700, "2017-06-30": -1660, "2017-03-31": -1545, "2016-12-31": "-1837.00000", "2016-09-30": -1661, "2016-06-30": -1685, "2016-03-31": -1730, "2015-12-31": "-1986.00000", "2015-09-30": 14, "2015-06-30": -1033, "2015-03-31": -1036, "2014-12-31": "-773.00000", "2014-09-30": -746, "2014-06-30": -1129, "2014-03-31": -1099, "2013-12-31": "-1053.00000", "2013-09-30": -1301, "2013-06-30": -967, "2013-03-31": -1806, "2012-12-31": "-1183.00000", "2012-09-30": -111, "2012-06-30": -427, "2012-03-31": 33, "2011-12-31": "-31.00000", "2011-09-30": -388, "2011-06-30": -1040, "2011-03-31": -217, "2010-12-31": "-280.00000", "2010-09-30": -316, "2010-06-30": 15, "2010-03-31": -219, "2009-12-31": "-424.00000", "2009-09-30": 12, "2009-06-30": 18, "2009-03-31": 2, "2008-12-31": "-2646.00000", "2008-09-30": 0, "2008-06-30": -116, "2008-03-31": 5770, "2007-12-31": "", "2007-09-30": 0, "2007-06-30": 0, "2007-03-31": 0, "2006-12-31": ""}, "Total Common And Preferred Stock Dividends Paid": {"2020-12-31": "-703.00000", "2020-09-30": -662, "2020-06-30": -663, "2020-03-31": -668, "2019-12-31": "-671.00000", "2019-09-30": -563, "2019-06-30": -565, "2019-03-31": -569, "2018-12-31": "-572.00000", "2018-09-30": -483, "2018-06-30": -487, "2018-03-31": -490, "2017-12-31": "-458.00000", "2017-09-30": -390, "2017-06-30": -394, "2017-03-31": -396, "2016-12-31": "-399.00000", "2016-09-30": -339, "2016-06-30": -335, "2016-03-31": -336, "2015-12-31": "-340.00000", "2015-09-30": -292, "2015-06-30": -294, "2015-03-31": -294, "2014-12-31": "-297.00000", "2014-09-30": -248, "2014-06-30": -251, "2014-03-31": -253, "2013-12-31": "-254.00000", "2013-09-30": -211, "2013-06-30": -216, "2013-03-31": -217, "2012-12-31": "-220.00000", "2012-09-30": -147, "2012-06-30": -148, "2012-03-31": -148, "2011-12-31": "-152.00000", "2011-09-30": -103, "2011-06-30": -105, "2011-03-31": -107, "2010-12-31": "-108.00000", "2010-09-30": -90, "2010-06-30": -93, "2010-03-31": -92, "2009-12-31": "-93.00000", "2009-09-30": -78, "2009-06-30": -79, "2009-03-31": -80, "2008-12-31": "-81.00000", "2008-09-30": -93, "2008-06-30": 0, "2008-03-31": 0, "2007-12-31": "", "2007-09-30": 0, "2007-06-30": 0, "2007-03-31": 0, "2006-12-31": ""}, "Financial Activities - Other": {"2020-12-31": "-134.00000", "2020-09-30": -316, "2020-06-30": -121, "2020-03-31": -8, "2019-12-31": "-147.00000", "2019-09-30": -5, "2019-06-30": -1239, "2019-03-31": -2, "2018-12-31": "-101.00000", "2018-09-30": -4, "2018-06-30": -2, "2018-03-31": 0, "2017-12-31": "-88.00000", "2017-09-30": -18, "2017-06-30": -7, "2017-03-31": -6, "2016-12-31": "-60.00000", "2016-09-30": 9, "2016-06-30": 36, "2016-03-31": -16, "2015-12-31": "-111.00000", "2015-09-30": 74, "2015-06-30": 43, "2015-03-31": 227, "2014-12-31": "58.00000", "2014-09-30": -386, "2014-06-30": 12, "2014-03-31": -1048, "2013-12-31": "-23.00000", "2013-09-30": 10, "2013-06-30": 8, "2013-03-31": 6, "2012-12-31": "4357.00000", "2012-09-30": -135, "2012-06-30": 15, "2012-03-31": 79, "2011-12-31": "-1477.00000", "2011-09-30": 76, "2011-06-30": 74, "2011-03-31": -329, "2010-12-31": "-723.00000", "2010-09-30": 71, "2010-06-30": -425, "2010-03-31": 73, "2009-12-31": "75.00000", "2009-09-30": -152, "2009-06-30": 542, "2009-03-31": 548, "2008-12-31": "-703.00000", "2008-09-30": 70, "2008-06-30": 186, "2008-03-31": -2171, "2007-12-31": "", "2007-09-30": 0, "2007-06-30": 0, "2007-03-31": 0, "2006-12-31": ""}, "Cash Flow From Financial Activities": {"2020-12-31": "-5572.00000", "2020-09-30": 755, "2020-06-30": 1164, "2020-03-31": -2754, "2019-12-31": "-3133.00000", "2019-09-30": -2660, "2019-06-30": -3915, "2019-03-31": -2468, "2018-12-31": "-3018.00000", "2018-09-30": -2046, "2018-06-30": -2211, "2018-03-31": -2512, "2017-12-31": "-4021.00000", "2017-09-30": 380, "2017-06-30": -2061, "2017-03-31": -2513, "2016-12-31": "-1730.00000", "2016-09-30": -1991, "2016-06-30": -1984, "2016-03-31": -2082, "2015-12-31": "13534.00000", "2015-09-30": -204, "2015-06-30": -1284, "2015-03-31": -1103, "2014-12-31": "-1012.00000", "2014-09-30": -1380, "2014-06-30": -1368, "2014-03-31": -2400, "2013-12-31": "-1330.00000", "2013-09-30": -1502, "2013-06-30": -1176, "2013-03-31": -2017, "2012-12-31": "2949.00000", "2012-09-30": -393, "2012-06-30": -560, "2012-03-31": -37, "2011-12-31": "-1665.00000", "2011-09-30": -450, "2011-06-30": -1075, "2011-03-31": -658, "2010-12-31": "-1121.00000", "2010-09-30": -340, "2010-06-30": -507, "2010-03-31": -243, "2009-12-31": "-452.00000", "2009-09-30": -260, "2009-06-30": 477, "2009-03-31": 464, "2008-12-31": "-3432.00000", "2008-09-30": -27, "2008-06-30": 66, "2008-03-31": 3595, "2007-12-31": "-10.00000", "2007-09-30": -9.65, "2007-06-30": -8, "2007-03-31": -10, "2006-12-31": "-9.00000"}, "Net Cash Flow": {"2020-12-31": "-1116.00000", "2020-09-30": 2237, "2020-06-30": 4118, "2020-03-31": 553, "2019-12-31": "1431.00000", "2019-09-30": 163, "2019-06-30": 387, "2019-03-31": -833, "2018-12-31": "138.00000", "2018-09-30": -361, "2018-06-30": 1062, "2018-03-31": 100, "2017-12-31": "-1835.00000", "2017-09-30": 2546, "2017-06-30": 1010, "2017-03-31": 603, "2016-12-31": "205.00000", "2016-09-30": -268, "2016-06-30": -10056, "2016-03-31": 3106, "2015-12-31": "9319.00000", "2015-09-30": 1371, "2015-06-30": 108, "2015-03-31": -46, "2014-12-31": "114.00000", "2014-09-30": -87, "2014-06-30": 238, "2014-03-31": -301, "2013-12-31": "-65.00000", "2013-09-30": 733, "2013-06-30": 76, "2013-03-31": 43, "2012-12-31": "-740.00000", "2012-09-30": 516, "2012-06-30": -484, "2012-03-31": 100, "2011-12-31": "-185.00000", "2011-09-30": -1473, "2011-06-30": 88, "2011-03-31": -172, "2010-12-31": "-183.00000", "2010-09-30": -1338, "2010-06-30": 645, "2010-03-31": 400, "2009-12-31": "-457.00000", "2009-09-30": 417, "2009-06-30": 837, "2009-03-31": 750, "2008-12-31": "-2366.00000", "2008-09-30": -783, "2008-06-30": 721, "2008-03-31": 3343, "2007-12-31": "1423.00000", "2007-09-30": -314.75, "2007-06-30": 204, "2007-03-31": 20, "2006-12-31": "96.00000"}, "Stock-Based Compensation": {"2020-12-31": "122.00000", "2020-09-30": 94, "2020-06-30": 107, "2020-03-31": 99, "2019-12-31": "116.00000", "2019-09-30": 86, "2019-06-30": 110, "2019-03-31": 111, "2018-12-31": "100.00000", "2018-09-30": 85, "2018-06-30": 89, "2018-03-31": 85, "2017-12-31": "68.00000", "2017-09-30": 52, "2017-06-30": 67, "2017-03-31": 71, "2016-12-31": "45.00000", "2016-09-30": 69, "2016-06-30": 55, "2016-03-31": 58, "2015-12-31": "39.00000", "2015-09-30": 48, "2015-06-30": 46, "2015-03-31": 48, "2014-12-31": "45.00000", "2014-09-30": 42, "2014-06-30": 41, "2014-03-31": 44, "2013-12-31": "45.00000", "2013-09-30": 40, "2013-06-30": 41, "2013-03-31": 50, "2012-12-31": "48.00000", "2012-09-30": 35, "2012-06-30": 36, "2012-03-31": 38, "2011-12-31": "38.00000", "2011-09-30": 32, "2011-06-30": 32, "2011-03-31": 42, "2010-12-31": "48.00000", "2010-09-30": 36, "2010-06-30": 34, "2010-03-31": 29, "2009-12-31": "32.00000", "2009-09-30": 31, "2009-06-30": 20, "2009-03-31": 32, "2008-12-31": "32.00000", "2008-09-30": 27, "2008-06-30": 28, "2008-03-31": 19, "2007-12-31": "", "2007-09-30": 0, "2007-06-30": 0, "2007-03-31": 0, "2006-12-31": ""}, "Common Stock Dividends Paid": {"2020-12-31": "-703.00000", "2020-09-30": -662, "2020-06-30": -663, "2020-03-31": -668, "2019-12-31": "-671.00000", "2019-09-30": -563, "2019-06-30": -565, "2019-03-31": -569, "2018-12-31": "-572.00000", "2018-09-30": -483, "2018-06-30": -487, "2018-03-31": -490, "2017-12-31": "-458.00000", "2017-09-30": -390, "2017-06-30": -394, "2017-03-31": -396, "2016-12-31": "-399.00000", "2016-09-30": -339, "2016-06-30": -335, "2016-03-31": -336, "2015-12-31": "-340.00000", "2015-09-30": -292, "2015-06-30": -294, "2015-03-31": -294, "2014-12-31": "-297.00000", "2014-09-30": -248, "2014-06-30": -251, "2014-03-31": -253, "2013-12-31": "-254.00000", "2013-09-30": -211, "2013-06-30": -216, "2013-03-31": -217, "2012-12-31": "-220.00000", "2012-09-30": -147, "2012-06-30": -148, "2012-03-31": -148, "2011-12-31": "-152.00000", "2011-09-30": -103, "2011-06-30": -105, "2011-03-31": -107, "2010-12-31": "-108.00000", "2010-09-30": -90, "2010-06-30": -93, "2010-03-31": -92, "2009-12-31": "-93.00000", "2009-09-30": -78, "2009-06-30": -79, "2009-03-31": -80, "2008-12-31": "-81.00000", "2008-09-30": -93, "2008-06-30": 0, "2008-03-31": 0, "2007-12-31": "", "2007-09-30": 0, "2007-06-30": 0, "2007-03-31": 0, "2006-12-31": ""}}, "financial ratios": {"Current Ratio": {"2020-09-30": "1.90520", "2019-09-30": "1.56320", "2018-09-30": "1.61130", "2017-09-30": "1.90340", "2016-09-30": "1.77890", "2015-09-30": "1.87130", "2014-09-30": "1.59210", "2013-09-30": "1.80440", "2012-09-30": "1.48180", "2011-09-30": "2.66300", "2010-09-30": "2.49690", "2009-09-30": "2.08040", "2008-09-30": "1.55950", "2007-09-30": "0.76390", "2006-09-30": "1.14430", "2005-09-30": ""}, "Long-term Debt / Capital": {"2020-09-30": "0.36790", "2019-09-30": "0.32540", "2018-09-30": "0.32840", "2017-09-30": "0.33650", "2016-09-30": "0.32550", "2015-09-30": "", "2014-09-30": "", "2013-09-30": "", "2012-09-30": "", "2011-09-30": "", "2010-09-30": "0.00130", "2009-09-30": "0.00190", "2008-09-30": "0.00260", "2007-09-30": "", "2006-09-30": "0.06610", "2005-09-30": ""}, "Debt/Equity Ratio": {"2020-09-30": "0.66470", "2019-09-30": "0.48230", "2018-09-30": "0.48900", "2017-09-30": "0.56070", "2016-09-30": "0.48260", "2015-09-30": "", "2014-09-30": "", "2013-09-30": "", "2012-09-30": "", "2011-09-30": "", "2010-09-30": "0.00180", "2009-09-30": "0.00240", "2008-09-30": "0.00500", "2007-09-30": "-0.08180", "2006-09-30": "0.12630", "2005-09-30": ""}, "Gross Margin": {"2020-09-30": "100.00000", "2019-09-30": "100.00000", "2018-09-30": "100.00000", "2017-09-30": "100.00000", "2016-09-30": "100.00000", "2015-09-30": "100.00000", "2014-09-30": "100.00000", "2013-09-30": "100.00000", "2012-09-30": "100.00000", "2011-09-30": "100.00000", "2010-09-30": "100.00000", "2009-09-30": "100.00000", "2008-09-30": "100.00000", "2007-09-30": "100.00000", "2006-09-30": "100.00000", "2005-09-30": "100.00000"}, "Operating Margin": {"2020-09-30": "64.45570", "2019-09-30": "65.28700", "2018-09-30": "62.85600", "2017-09-30": "66.15100", "2016-09-30": "52.26760", "2015-09-30": "65.30260", "2014-09-30": "60.59680", "2013-09-30": "61.46210", "2012-09-30": "20.52590", "2011-09-30": "59.38180", "2010-09-30": "56.90020", "2009-09-30": "51.19380", "2008-09-30": "19.67110", "2007-09-30": "-40.36210", "2006-09-30": "24.76260", "2005-09-30": "16.99770"}, "EBIT Margin": {"2020-09-30": "64.45570", "2019-09-30": "65.28700", "2018-09-30": "62.85600", "2017-09-30": "66.15100", "2016-09-30": "52.26760", "2015-09-30": "65.30260", "2014-09-30": "60.59680", "2013-09-30": "61.46210", "2012-09-30": "20.52590", "2011-09-30": "59.38180", "2010-09-30": "56.90020", "2009-09-30": "51.19380", "2008-09-30": "19.67110", "2007-09-30": "-40.36210", "2006-09-30": "24.76260", "2005-09-30": "16.99770"}, "EBITDA Margin": {"2020-09-30": "67.79730", "2019-09-30": "67.39350", "2018-09-30": "65.77710", "2017-09-30": "69.17970", "2016-09-30": "55.59610", "2015-09-30": "68.86170", "2014-09-30": "84.42770", "2013-09-30": "84.53900", "2012-09-30": "44.40070", "2011-09-30": "82.97780", "2010-09-30": "79.52880", "2009-09-30": "72.31950", "2008-09-30": "41.99270", "2007-09-30": "-22.92480", "2006-09-30": "49.69470", "2005-09-30": "43.57970"}, "Pre-Tax Profit Margin": {"2020-09-30": "63.12370", "2019-09-30": "64.77780", "2018-09-30": "62.13790", "2017-09-30": "63.69980", "2016-09-30": "53.12290", "2015-09-30": "64.80550", "2014-09-30": "60.80930", "2013-09-30": "61.61490", "2012-09-30": "21.17840", "2011-09-30": "61.55860", "2010-09-30": "57.50780", "2009-09-30": "57.87880", "2008-09-30": "21.33160", "2007-09-30": "-38.63510", "2006-09-30": "24.49120", "2005-09-30": "17.12240"}, "Net Profit Margin": {"2020-09-30": "49.73910", "2019-09-30": "52.57430", "2018-09-30": "49.98300", "2017-09-30": "36.49090", "2016-09-30": "39.72290", "2015-09-30": "45.59080", "2014-09-30": "42.81220", "2013-09-30": "42.28220", "2012-09-30": "20.57380", "2011-09-30": "39.72570", "2010-09-30": "36.77620", "2009-09-30": "34.04720", "2008-09-30": "12.83730", "2007-09-30": "-29.97220", "2006-09-30": "15.43420", "2005-09-30": "13.52720"}, "Asset Turnover": {"2020-09-30": "0.27000", "2019-09-30": "0.31660", "2018-09-30": "0.29770", "2017-09-30": "0.27010", "2016-09-30": "0.23550", "2015-09-30": "0.35260", "2014-09-30": "0.32930", "2013-09-30": "0.32760", "2012-09-30": "0.26040", "2011-09-30": "0.26430", "2010-09-30": "0.24140", "2009-09-30": "0.21410", "2008-09-30": "0.17900", "2007-09-30": "0.81780", "2006-09-30": "0.99460", "2005-09-30": ""}, "Inventory Turnover Ratio": {"2020-09-30": "", "2019-09-30": "", "2018-09-30": "", "2017-09-30": "", "2016-09-30": "", "2015-09-30": "", "2014-09-30": "", "2013-09-30": "", "2012-09-30": "", "2011-09-30": "", "2010-09-30": "", "2009-09-30": "", "2008-09-30": "", "2007-09-30": "", "2006-09-30": "", "2005-09-30": ""}, "Receiveable Turnover": {"2020-09-30": "7.58020", "2019-09-30": "5.00590", "2018-09-30": "7.38670", "2017-09-30": "7.18790", "2016-09-30": "6.01360", "2015-09-30": "11.05980", "2014-09-30": "7.89930", "2013-09-30": "6.92010", "2012-09-30": "7.68510", "2011-09-30": "9.45270", "2010-09-30": "9.18560", "2009-09-30": "6.58820", "2008-09-30": "4.25190", "2007-09-30": "14.07840", "2006-09-30": "11.42480", "2005-09-30": ""}, "Days Sales In Receivables": {"2020-09-30": "48.15210", "2019-09-30": "72.91420", "2018-09-30": "49.41290", "2017-09-30": "50.77950", "2016-09-30": "60.69620", "2015-09-30": "33.00250", "2014-09-30": "46.20690", "2013-09-30": "52.74500", "2012-09-30": "47.49450", "2011-09-30": "38.61340", "2010-09-30": "39.73590", "2009-09-30": "55.40230", "2008-09-30": "85.84460", "2007-09-30": "25.92620", "2006-09-30": "31.94800", "2005-09-30": ""}, "ROE - Return On Equity": {"2020-09-30": "34.91200", "2019-09-30": "41.33870", "2018-09-30": "36.09830", "2017-09-30": "24.59790", "2016-09-30": "22.02980", "2015-09-30": "21.20500", "2014-09-30": "19.83730", "2013-09-30": "18.53370", "2012-09-30": "7.75240", "2011-09-30": "13.79130", "2010-09-30": "11.84940", "2009-09-30": "10.14100", "2008-09-30": "3.80300", "2007-09-30": "214.77050", "2006-09-30": "78.06950", "2005-09-30": ""}, "Return On Tangible Equity": {"2020-09-30": "-144.72560", "2019-09-30": "-155.83070", "2018-09-30": "-117.77960", "2017-09-30": "-65.68940", "2016-09-30": "-63.81550", "2015-09-30": "95.07210", "2014-09-30": "127.98310", "2013-09-30": "129.75510", "2012-09-30": "47.29520", "2011-09-30": "109.39090", "2010-09-30": "141.88610", "2009-09-30": "111.89340", "2008-09-30": "1786.66700", "2007-09-30": "214.77050", "2006-09-30": "78.06950", "2005-09-30": ""}, "ROA - Return On Assets": {"2020-09-30": "13.42820", "2019-09-30": "16.64510", "2018-09-30": "14.88050", "2017-09-30": "9.85480", "2016-09-30": "9.35580", "2015-09-30": "16.07440", "2014-09-30": "14.09940", "2013-09-30": "13.85030", "2012-09-30": "5.35330", "2011-09-30": "10.48910", "2010-09-30": "8.87210", "2009-09-30": "7.28600", "2008-09-30": "2.29840", "2007-09-30": "-24.51030", "2006-09-30": "15.35130", "2005-09-30": ""}, "ROI - Return On Investment": {"2020-09-30": "18.96960", "2019-09-30": "23.49600", "2018-09-30": "20.34320", "2017-09-30": "13.56680", "2016-09-30": "12.27820", "2015-09-30": "21.20500", "2014-09-30": "19.83730", "2013-09-30": "18.53370", "2012-09-30": "7.75240", "2011-09-30": "13.79130", "2010-09-30": "11.83420", "2009-09-30": "10.12180", "2008-09-30": "3.79320", "2007-09-30": "214.77050", "2006-09-30": "72.90570", "2005-09-30": ""}, "Book Value Per Share": {"2020-09-30": "18.67460", "2019-09-30": "17.57040", "2018-09-30": "16.79310", "2017-09-30": "15.78040", "2016-09-30": "15.42990", "2015-09-30": "13.47270", "2014-09-30": "12.21070", "2013-09-30": "8.61220", "2012-09-30": "8.51730", "2011-09-30": "8.13950", "2010-09-30": "7.48920", "2009-09-30": "6.85370", "2008-09-30": "6.25470", "2007-09-30": "-0.14830", "2006-09-30": "0.17250", "2005-09-30": ""}, "Operating Cash Flow Per Share": {"2020-09-30": -0.8436, "2019-09-30": 0.0507, "2018-09-30": 1.4937, "2017-09-30": 1.4292, "2016-09-30": -0.3356, "2015-09-30": -0.1617, "2014-09-30": 1.5356, "2013-09-30": -0.2559, "2012-09-30": 0.3518, "2011-09-30": 0.3334, "2010-09-30": 0.4927, "2009-09-30": 0.0259, "2008-09-30": 0.0952, "2007-09-30": 0, "2006-09-30": 0, "2005-09-30": 0}, "Free Cash Flow Per Share": {"2020-09-30": -0.8415, "2019-09-30": 0.0294, "2018-09-30": 1.4779, "2017-09-30": 1.3626, "2016-09-30": -0.3826, "2015-09-30": -0.1121, "2014-09-30": 1.5002, "2013-09-30": -0.3214, "2012-09-30": 0.3412, "2011-09-30": 0.3013, "2010-09-30": 0.5048, "2009-09-30": 0.0332, "2008-09-30": 0.0215, "2007-09-30": 0, "2006-09-30": 0, "2005-09-30": 0}}, "financial ratios, quarterly": {"Current Ratio": {"2020-12-31": "2.12110", "2020-09-30": "1.90520", "2020-06-30": "1.55350", "2020-03-31": "1.24870", "2019-12-31": "1.26960", "2019-09-30": "1.56320", "2019-06-30": "1.69040", "2019-03-31": "1.62480", "2018-12-31": "1.50180", "2018-09-30": "1.61130", "2018-06-30": "1.69110", "2018-03-31": "1.94070", "2017-12-31": "2.06710", "2017-09-30": "1.90340", "2017-06-30": "1.65260", "2017-03-31": "1.51920", "2016-12-31": "1.42050", "2016-09-30": "1.77890", "2016-06-30": "1.84680", "2016-03-31": "4.74200", "2015-12-31": "4.75510", "2015-09-30": "1.87130", "2015-06-30": "1.73920", "2015-03-31": "1.85650", "2014-12-31": "1.70130", "2014-09-30": "1.59210", "2014-06-30": "1.69830", "2014-03-31": "1.71480", "2013-12-31": "1.77080", "2013-09-30": "1.80440", "2013-06-30": "1.89080", "2013-03-31": "1.95370", "2012-12-31": "1.97140", "2012-09-30": "1.48180", "2012-06-30": "1.38770", "2012-03-31": "2.87010", "2011-12-31": "2.82100", "2011-09-30": "2.66300", "2011-06-30": "2.69500", "2011-03-31": "2.77230", "2010-12-31": "2.54280", "2010-09-30": "2.49690", "2010-06-30": "2.82880", "2010-03-31": "2.57700", "2009-12-31": "2.40670", "2009-09-30": "2.08040", "2009-06-30": "2.15600", "2009-03-31": "1.93850", "2008-12-31": "1.75390", "2008-09-30": "1.55950", "2008-06-30": "1.77430", "2008-03-31": "1.72680", "2007-12-31": "1.12240", "2007-09-30": "0.76390", "2007-06-30": "", "2007-03-31": "", "2006-12-31": ""}, "Long-term Debt / Capital": {"2020-12-31": "0.35850", "2020-09-30": "0.36790", "2020-06-30": "0.33480", "2020-03-31": "0.28660", "2019-12-31": "0.27960", "2019-09-30": "0.32540", "2019-06-30": "0.32300", "2019-03-31": "0.32670", "2018-12-31": "0.32790", "2018-09-30": "0.32840", "2018-06-30": "0.33290", "2018-03-31": "0.32770", "2017-12-31": "0.33230", "2017-09-30": "0.33650", "2017-06-30": "0.30690", "2017-03-31": "0.31480", "2016-12-31": "0.30830", "2016-09-30": "0.32550", "2016-06-30": "0.32600", "2016-03-31": "0.35270", "2015-12-31": "0.35010", "2015-09-30": "", "2015-06-30": "", "2015-03-31": "", "2014-12-31": "", "2014-09-30": "", "2014-06-30": "", "2014-03-31": "", "2013-12-31": "", "2013-09-30": "", "2013-06-30": "", "2013-03-31": "", "2012-12-31": "", "2012-09-30": "", "2012-06-30": "", "2012-03-31": "", "2011-12-31": "", "2011-09-30": "", "2011-06-30": "0.00080", "2011-03-31": "0.00100", "2010-12-31": "0.00110", "2010-09-30": "0.00130", "2010-06-30": "0.00140", "2010-03-31": "0.00160", "2009-12-31": "0.00170", "2009-09-30": "0.00190", "2009-06-30": "0.00200", "2009-03-31": "0.00230", "2008-12-31": "0.00240", "2008-09-30": "0.00260", "2008-06-30": "0.00450", "2008-03-31": "0.00190", "2007-12-31": "0.00240", "2007-09-30": "", "2007-06-30": "", "2007-03-31": "", "2006-12-31": ""}, "Debt/Equity Ratio": {"2020-12-31": "0.55880", "2020-09-30": "0.66470", "2020-06-30": "0.58770", "2020-03-31": "0.51730", "2019-12-31": "0.47320", "2019-09-30": "0.48230", "2019-06-30": "0.47700", "2019-03-31": "0.48520", "2018-12-31": "0.48780", "2018-09-30": "0.48900", "2018-06-30": "0.49900", "2018-03-31": "0.48750", "2017-12-31": "0.49760", "2017-09-30": "0.56070", "2017-06-30": "0.49750", "2017-03-31": "0.51610", "2016-12-31": "0.51850", "2016-09-30": "0.48260", "2016-06-30": "0.48370", "2016-03-31": "0.54500", "2015-12-31": "0.53860", "2015-09-30": "", "2015-06-30": "", "2015-03-31": "", "2014-12-31": "", "2014-09-30": "", "2014-06-30": "", "2014-03-31": "", "2013-12-31": "", "2013-09-30": "", "2013-06-30": "", "2013-03-31": "", "2012-12-31": "", "2012-09-30": "", "2012-06-30": "", "2012-03-31": "", "2011-12-31": "", "2011-09-30": "", "2011-06-30": "0.00130", "2011-03-31": "0.00140", "2010-12-31": "0.00160", "2010-09-30": "0.00180", "2010-06-30": "0.00190", "2010-03-31": "0.00210", "2009-12-31": "0.00230", "2009-09-30": "0.00240", "2009-06-30": "0.00430", "2009-03-31": "0.00460", "2008-12-31": "0.00480", "2008-09-30": "0.00500", "2008-06-30": "0.00510", "2008-03-31": "0.00530", "2007-12-31": "0.00690", "2007-09-30": "-0.08180", "2007-06-30": "", "2007-03-31": "", "2006-12-31": ""}, "Gross Margin": {"2020-12-31": "100.00000", "2020-09-30": "100.00000", "2020-06-30": "100.00000", "2020-03-31": "100.00000", "2019-12-31": "100.00000", "2019-09-30": "100.00000", "2019-06-30": "100.00000", "2019-03-31": "100.00000", "2018-12-31": "100.00000", "2018-09-30": "100.00000", "2018-06-30": "100.00000", "2018-03-31": "100.00000", "2017-12-31": "100.00000", "2017-09-30": "100.00000", "2017-06-30": "100.00000", "2017-03-31": "100.00000", "2016-12-31": "100.00000", "2016-09-30": "100.00000", "2016-06-30": "100.00000", "2016-03-31": "100.00000", "2015-12-31": "100.00000", "2015-09-30": "100.00000", "2015-06-30": "100.00000", "2015-03-31": "100.00000", "2014-12-31": "100.00000", "2014-09-30": "100.00000", "2014-06-30": "100.00000", "2014-03-31": "100.00000", "2013-12-31": "100.00000", "2013-09-30": "100.00000", "2013-06-30": "100.00000", "2013-03-31": "100.00000", "2012-12-31": "100.00000", "2012-09-30": "100.00000", "2012-06-30": "100.00000", "2012-03-31": "100.00000", "2011-12-31": "100.00000", "2011-09-30": "100.00000", "2011-06-30": "100.00000", "2011-03-31": "100.00000", "2010-12-31": "100.00000", "2010-09-30": "100.00000", "2010-06-30": "100.00000", "2010-03-31": "100.00000", "2009-12-31": "100.00000", "2009-09-30": "100.00000", "2009-06-30": "100.00000", "2009-03-31": "100.00000", "2008-12-31": "100.00000", "2008-09-30": "100.00000", "2008-06-30": "100.00000", "2008-03-31": "100.00000", "2007-12-31": "100.00000", "2007-09-30": "100.00000", "2007-06-30": "100.00000", "2007-03-31": "100.00000", "2006-12-31": "100.00000"}, "Operating Margin": {"2020-12-31": "67.59280", "2020-09-30": "61.59580", "2020-06-30": "62.00120", "2020-03-31": "67.03110", "2019-12-31": "66.33630", "2019-09-30": "60.86040", "2019-06-30": "66.91780", "2019-03-31": "66.27230", "2018-12-31": "67.50820", "2018-09-30": "62.67940", "2018-06-30": "55.05730", "2018-03-31": "65.75990", "2017-12-31": "68.42860", "2017-09-30": "66.15860", "2017-06-30": "66.24320", "2017-03-31": "62.72060", "2016-12-31": "69.49120", "2016-09-30": "61.60530", "2016-06-30": "11.79060", "2016-03-31": "67.12630", "2015-12-31": "67.20900", "2015-09-30": "63.93170", "2015-06-30": "64.29790", "2015-03-31": "66.91110", "2014-12-31": "66.17390", "2014-09-30": "48.06440", "2014-06-30": "64.02540", "2014-03-31": "64.74870", "2013-12-31": "65.83200", "2013-09-30": "58.89670", "2013-06-30": "60.91300", "2013-03-31": "62.88030", "2012-12-31": "63.24670", "2012-09-30": "55.73050", "2012-06-30": "-101.63740", "2012-03-31": "62.29640", "2011-12-31": "63.52570", "2011-09-30": "57.15490", "2011-06-30": "57.92420", "2011-03-31": "61.60360", "2010-12-31": "61.03660", "2010-09-30": "52.57440", "2010-06-30": "56.03750", "2010-03-31": "57.27410", "2009-12-31": "62.09180", "2009-09-30": "46.24800", "2009-06-30": "49.93930", "2009-03-31": "53.49120", "2008-12-31": "55.54920", "2008-09-30": "-25.92160", "2008-06-30": "40.17360", "2008-03-31": "24.01930", "2007-12-31": "45.56450", "2007-09-30": "-238.44600", "2007-06-30": "35.49420", "2007-03-31": "33.33330", "2006-12-31": "36.56810"}, "EBIT Margin": {"2020-12-31": "67.59280", "2020-09-30": "61.59580", "2020-06-30": "62.00120", "2020-03-31": "67.03110", "2019-12-31": "66.33630", "2019-09-30": "60.86040", "2019-06-30": "66.91780", "2019-03-31": "66.27230", "2018-12-31": "67.50820", "2018-09-30": "62.67940", "2018-06-30": "55.05730", "2018-03-31": "65.75990", "2017-12-31": "68.42860", "2017-09-30": "66.15860", "2017-06-30": "66.24320", "2017-03-31": "62.72060", "2016-12-31": "69.49120", "2016-09-30": "61.60530", "2016-06-30": "11.79060", "2016-03-31": "67.12630", "2015-12-31": "67.20900", "2015-09-30": "63.93170", "2015-06-30": "64.29790", "2015-03-31": "66.91110", "2014-12-31": "66.17390", "2014-09-30": "48.06440", "2014-06-30": "64.02540", "2014-03-31": "64.74870", "2013-12-31": "65.83200", "2013-09-30": "58.89670", "2013-06-30": "60.91300", "2013-03-31": "62.88030", "2012-12-31": "63.24670", "2012-09-30": "55.73050", "2012-06-30": "-101.63740", "2012-03-31": "62.29640", "2011-12-31": "63.52570", "2011-09-30": "57.15490", "2011-06-30": "57.92420", "2011-03-31": "61.60360", "2010-12-31": "61.03660", "2010-09-30": "52.57440", "2010-06-30": "56.03750", "2010-03-31": "57.27410", "2009-12-31": "62.09180", "2009-09-30": "46.24800", "2009-06-30": "49.93930", "2009-03-31": "53.49120", "2008-12-31": "55.54920", "2008-09-30": "-25.92160", "2008-06-30": "40.17360", "2008-03-31": "24.01930", "2007-12-31": "45.56450", "2007-09-30": "-238.44600", "2007-06-30": "35.49420", "2007-03-31": "33.33330", "2006-12-31": "36.56810"}, "EBITDA Margin": {"2020-12-31": "", "2020-09-30": "", "2020-06-30": "", "2020-03-31": "", "2019-12-31": "", "2019-09-30": "", "2019-06-30": "", "2019-03-31": "", "2018-12-31": "", "2018-09-30": "", "2018-06-30": "", "2018-03-31": "", "2017-12-31": "", "2017-09-30": "", "2017-06-30": "", "2017-03-31": "", "2016-12-31": "", "2016-09-30": "", "2016-06-30": "", "2016-03-31": "", "2015-12-31": "", "2015-09-30": "", "2015-06-30": "", "2015-03-31": "", "2014-12-31": "", "2014-09-30": "", "2014-06-30": "", "2014-03-31": "", "2013-12-31": "", "2013-09-30": "", "2013-06-30": "", "2013-03-31": "", "2012-12-31": "", "2012-09-30": "", "2012-06-30": "", "2012-03-31": "", "2011-12-31": "", "2011-09-30": "", "2011-06-30": "", "2011-03-31": "", "2010-12-31": "", "2010-09-30": "", "2010-06-30": "", "2010-03-31": "", "2009-12-31": "", "2009-09-30": "", "2009-06-30": "", "2009-03-31": "", "2008-12-31": "", "2008-09-30": "", "2008-06-30": "", "2008-03-31": "", "2007-12-31": "", "2007-09-30": "", "2007-06-30": "", "2007-03-31": "", "2006-12-31": ""}, "Pre-Tax Profit Margin": {"2020-12-31": "65.90470", "2020-09-30": "59.89020", "2020-06-30": "60.61610", "2020-03-31": "65.40830", "2019-12-31": "65.64260", "2019-09-30": "60.46930", "2019-06-30": "66.19860", "2019-03-31": "66.92760", "2018-12-31": "65.92810", "2018-09-30": "65.10860", "2018-06-30": "53.66410", "2018-03-31": "63.41420", "2017-12-31": "66.61870", "2017-09-30": "63.83110", "2017-06-30": "63.83350", "2017-03-31": "60.35290", "2016-12-31": "66.77880", "2016-09-30": "58.90640", "2016-06-30": "11.62530", "2016-03-31": "67.31940", "2015-12-31": "74.02530", "2015-09-30": "63.93170", "2015-06-30": "61.62590", "2015-03-31": "66.94050", "2014-12-31": "66.88350", "2014-09-30": "48.00250", "2014-06-30": "64.34230", "2014-03-31": "65.15970", "2013-12-31": "66.02220", "2013-09-30": "59.40130", "2013-06-30": "61.07960", "2013-03-31": "62.77890", "2012-12-31": "63.28180", "2012-09-30": "58.14720", "2012-06-30": "-101.63740", "2012-03-31": "62.41270", "2011-12-31": "63.48650", "2011-09-30": "56.81910", "2011-06-30": "66.45130", "2011-03-31": "61.33630", "2010-12-31": "61.75160", "2010-09-30": "56.44780", "2010-06-30": "55.29820", "2010-03-31": "56.81470", "2009-12-31": "61.63270", "2009-09-30": "45.92870", "2009-06-30": "78.79710", "2009-03-31": "53.85550", "2008-12-31": "54.80160", "2008-09-30": "-25.21940", "2008-06-30": "44.26540", "2008-03-31": "25.46460", "2007-12-31": "45.90050", "2007-09-30": "-237.23510", "2007-06-30": "37.51330", "2007-03-31": "35.42440", "2006-12-31": "38.22490"}, "Net Profit Margin": {"2020-12-31": "54.96750", "2020-09-30": "41.89380", "2020-06-30": "49.05930", "2020-03-31": "52.68190", "2019-12-31": "54.04690", "2019-09-30": "49.29120", "2019-06-30": "53.09930", "2019-03-31": "54.18640", "2018-12-31": "54.06830", "2018-09-30": "52.35550", "2018-06-30": "44.44660", "2018-03-31": "51.35030", "2017-12-31": "51.87170", "2017-09-30": "44.07830", "2017-06-30": "45.10410", "2017-03-31": "9.60460", "2016-12-31": "46.40220", "2016-09-30": "45.31800", "2016-06-30": "11.34990", "2016-03-31": "47.07670", "2015-12-31": "54.44600", "2015-09-30": "42.34110", "2015-06-30": "48.23760", "2015-03-31": "45.46790", "2014-12-31": "46.39270", "2014-09-30": "33.23010", "2014-06-30": "43.10620", "2014-03-31": "50.52170", "2013-12-31": "44.59590", "2013-09-30": "40.09420", "2013-06-30": "40.81970", "2013-03-31": "42.93440", "2012-12-31": "45.43220", "2012-09-30": "60.85680", "2012-06-30": "-71.69590", "2012-03-31": "50.11640", "2011-12-31": "40.40050", "2011-09-30": "36.92820", "2011-06-30": "43.28170", "2011-03-31": "39.24280", "2010-12-31": "39.49960", "2010-09-30": "36.56120", "2010-06-30": "35.28830", "2010-03-31": "36.39610", "2009-12-31": "38.92860", "2009-09-30": "27.35500", "2009-06-30": "44.28920", "2009-03-31": "32.54400", "2008-12-31": "33.00750", "2008-09-30": "-20.83090", "2008-06-30": "26.16240", "2008-03-31": "21.61050", "2007-12-31": "28.49460", "2007-09-30": "-169.92940", "2007-06-30": "23.69820", "2007-03-31": "22.14020", "2006-12-31": "24.26040"}, "Asset Turnover": {"2020-12-31": "0.07070", "2020-09-30": "0.06300", "2020-06-30": "0.06210", "2020-03-31": "0.08040", "2019-12-31": "0.08100", "2019-09-30": "0.08460", "2019-06-30": "0.08310", "2019-03-31": "0.07860", "2018-12-31": "0.07680", "2018-09-30": "0.07850", "2018-06-30": "0.07690", "2018-03-31": "0.07350", "2017-12-31": "0.07240", "2017-09-30": "0.07140", "2017-06-30": "0.07130", "2017-03-31": "0.07080", "2016-12-31": "0.07040", "2016-09-30": "0.06650", "2016-06-30": "0.05680", "2016-03-31": "0.06670", "2015-12-31": "0.06480", "2015-09-30": "0.09070", "2015-06-30": "0.08920", "2015-03-31": "0.08780", "2014-12-31": "0.08700", "2014-09-30": "0.08370", "2014-06-30": "0.08370", "2014-03-31": "0.08490", "2013-12-31": "0.08700", "2013-09-30": "0.08270", "2013-06-30": "0.08510", "2013-03-31": "0.08440", "2012-12-31": "0.07940", "2012-09-30": "0.06830", "2012-06-30": "0.06620", "2012-03-31": "0.07000", "2011-12-31": "0.07120", "2011-09-30": "0.06860", "2011-06-30": "0.06740", "2011-03-31": "0.06520", "2010-12-31": "0.06580", "2010-09-30": "0.06340", "2010-06-30": "0.06210", "2010-03-31": "0.06110", "2009-12-31": "0.06180", "2009-09-30": "0.05820", "2009-06-30": "0.05050", "2009-03-31": "0.05150", "2008-12-31": "0.05460", "2008-09-30": "0.04890", "2008-06-30": "0.04680", "2008-03-31": "0.04290", "2007-12-31": "0.05360", "2007-09-30": "0.22570", "2007-06-30": "", "2007-03-31": "", "2006-12-31": ""}, "Inventory Turnover Ratio": {"2020-12-31": "", "2020-09-30": "", "2020-06-30": "", "2020-03-31": "", "2019-12-31": "", "2019-09-30": "", "2019-06-30": "", "2019-03-31": "", "2018-12-31": "", "2018-09-30": "", "2018-06-30": "", "2018-03-31": "", "2017-12-31": "", "2017-09-30": "", "2017-06-30": "", "2017-03-31": "", "2016-12-31": "", "2016-09-30": "", "2016-06-30": "", "2016-03-31": "", "2015-12-31": "", "2015-09-30": "", "2015-06-30": "", "2015-03-31": "", "2014-12-31": "", "2014-09-30": "", "2014-06-30": "", "2014-03-31": "", "2013-12-31": "", "2013-09-30": "", "2013-06-30": "", "2013-03-31": "", "2012-12-31": "", "2012-09-30": "", "2012-06-30": "", "2012-03-31": "", "2011-12-31": "", "2011-09-30": "", "2011-06-30": "", "2011-03-31": "", "2010-12-31": "", "2010-09-30": "", "2010-06-30": "", "2010-03-31": "", "2009-12-31": "", "2009-09-30": "", "2009-06-30": "", "2009-03-31": "", "2008-12-31": "", "2008-09-30": "", "2008-06-30": "", "2008-03-31": "", "2007-12-31": "", "2007-09-30": "", "2007-06-30": "", "2007-03-31": "", "2006-12-31": ""}, "Receiveable Turnover": {"2020-12-31": "1.70170", "2020-09-30": "1.77000", "2020-06-30": "1.35720", "2020-03-31": "1.98580", "2019-12-31": "1.22700", "2019-09-30": "1.33700", "2019-06-30": "1.81370", "2019-03-31": "1.84490", "2018-12-31": "1.21600", "2018-09-30": "1.94770", "2018-06-30": "1.84830", "2018-03-31": "1.34920", "2017-12-31": "1.67710", "2017-09-30": "1.90090", "2017-06-30": "1.80860", "2017-03-31": "1.01040", "2016-12-31": "1.81860", "2016-09-30": "1.69900", "2016-06-30": "1.41520", "2016-03-31": "2.67010", "2015-12-31": "2.61170", "2015-09-30": "2.84540", "2015-06-30": "2.20430", "2015-03-31": "2.16440", "2014-12-31": "2.41570", "2014-09-30": "2.00810", "2014-06-30": "1.94150", "2014-03-31": "1.95610", "2013-12-31": "1.80490", "2013-09-30": "1.74680", "2013-06-30": "1.63280", "2013-03-31": "1.20590", "2012-12-31": "0.94840", "2012-09-30": "2.01400", "2012-06-30": "2.07520", "2012-03-31": "2.21670", "2011-12-31": "2.23810", "2011-09-30": "2.45160", "2011-06-30": "2.42890", "2011-03-31": "2.40110", "2010-12-31": "2.16650", "2010-09-30": "2.41120", "2010-06-30": "2.21270", "2010-03-31": "1.67720", "2009-12-31": "1.54090", "2009-09-30": "1.79120", "2009-06-30": "1.16160", "2009-03-31": "1.31650", "2008-12-31": "1.54850", "2008-09-30": "1.16020", "2008-06-30": "1.02610", "2008-03-31": "0.98310", "2007-12-31": "0.99130", "2007-09-30": "3.88630", "2007-06-30": "", "2007-03-31": "", "2006-12-31": ""}, "Days Sales In Receivables": {"2020-12-31": "52.88910", "2020-09-30": "50.84890", "2020-06-30": "66.31380", "2020-03-31": "45.32290", "2019-12-31": "73.34990", "2019-09-30": "67.31300", "2019-06-30": "49.62330", "2019-03-31": "48.78410", "2018-12-31": "74.01380", "2018-09-30": "46.20910", "2018-06-30": "48.69280", "2018-03-31": "66.70610", "2017-12-31": "53.66310", "2017-09-30": "47.34500", "2017-06-30": "49.76120", "2017-03-31": "89.07530", "2016-12-31": "49.48890", "2016-09-30": "52.97350", "2016-06-30": "63.59500", "2016-03-31": "33.70660", "2015-12-31": "34.46000", "2015-09-30": "31.62980", "2015-06-30": "40.83000", "2015-03-31": "41.58110", "2014-12-31": "37.25610", "2014-09-30": "44.81880", "2014-06-30": "46.35500", "2014-03-31": "46.01010", "2013-12-31": "49.86370", "2013-09-30": "51.52370", "2013-06-30": "55.12160", "2013-03-31": "74.63490", "2012-12-31": "94.90160", "2012-09-30": "44.68690", "2012-06-30": "43.36840", "2012-03-31": "40.60120", "2011-12-31": "40.21200", "2011-09-30": "36.71000", "2011-06-30": "37.05430", "2011-03-31": "37.48330", "2010-12-31": "41.54160", "2010-09-30": "37.32640", "2010-06-30": "40.67520", "2010-03-31": "53.66000", "2009-12-31": "58.40820", "2009-09-30": "50.24480", "2009-06-30": "77.47870", "2009-03-31": "68.36070", "2008-12-31": "58.11960", "2008-09-30": "77.57170", "2008-06-30": "87.71230", "2008-03-31": "91.54850", "2007-12-31": "90.78630", "2007-09-30": "23.15840", "2007-06-30": "", "2007-03-31": "", "2006-12-31": ""}, "ROE - Return On Equity": {"2020-12-31": "9.19520", "2020-09-30": "6.86610", "2020-06-30": "7.85090", "2020-03-31": "10.58960", "2019-12-31": "10.97690", "2019-09-30": "10.35180", "2019-06-30": "10.50010", "2019-03-31": "10.33290", "2018-12-31": "10.39780", "2018-09-30": "9.96990", "2018-06-30": "8.36330", "2018-03-31": "9.09980", "2017-12-31": "9.03130", "2017-09-30": "7.85780", "2017-06-30": "7.79390", "2017-03-31": "1.70730", "2016-12-31": "7.95880", "2016-09-30": "7.10060", "2016-06-30": "1.51970", "2016-03-31": "5.85970", "2015-12-31": "6.58500", "2015-09-30": "5.06670", "2015-06-30": "5.92800", "2015-03-31": "5.48930", "2014-12-31": "5.61520", "2014-09-30": "3.91420", "2014-06-30": "4.98420", "2014-03-31": "5.85460", "2013-12-31": "5.20840", "2013-09-30": "4.43620", "2013-06-30": "4.53650", "2013-03-31": "4.72210", "2012-12-31": "4.68680", "2012-09-30": "6.01520", "2012-06-30": "-7.03040", "2012-03-31": "4.53000", "2011-12-31": "3.76180", "2011-09-30": "3.32110", "2011-06-30": "3.85380", "2011-03-31": "3.36470", "2010-12-31": "3.46070", "2010-09-30": "3.09030", "2010-06-30": "2.90110", "2010-03-31": "2.96830", "2009-12-31": "3.25000", "2009-09-30": "2.21620", "2009-06-30": "3.19820", "2009-03-31": "2.41860", "2008-12-31": "2.65250", "2008-09-30": "-1.68390", "2008-06-30": "1.95830", "2008-03-31": "1.48200", "2007-12-31": "2.53650", "2007-09-30": "336.12770", "2007-06-30": "", "2007-03-31": "", "2006-12-31": ""}, "Return On Tangible Equity": {"2020-12-31": "-44.43500", "2020-09-30": "-28.46300", "2020-06-30": "-31.83100", "2020-03-31": "-37.69710", "2019-12-31": "-42.86090", "2019-09-30": "-39.02220", "2019-06-30": "-40.85640", "2019-03-31": "-38.26970", "2018-12-31": "-35.63140", "2018-09-30": "-32.52920", "2018-06-30": "-24.47970", "2018-03-31": "-26.56540", "2017-12-31": "-25.55220", "2017-09-30": "-20.98450", "2017-06-30": "-19.82290", "2017-03-31": "-4.11170", "2016-12-31": "-21.68220", "2016-09-30": "-20.56880", "2016-06-30": "-4.43250", "2016-03-31": "28.64090", "2015-12-31": "30.79490", "2015-09-30": "22.71640", "2015-06-30": "31.26960", "2015-03-31": "30.36240", "2014-12-31": "32.72840", "2014-09-30": "25.25300", "2014-06-30": "33.02570", "2014-03-31": "37.18870", "2013-12-31": "35.18380", "2013-09-30": "31.05780", "2013-06-30": "30.98130", "2013-03-31": "33.16790", "2012-12-31": "28.70780", "2012-09-30": "36.69680", "2012-06-30": "-60.49340", "2012-03-31": "23.85520", "2011-12-31": "24.57530", "2011-09-30": "26.34260", "2011-06-30": "34.25450", "2011-03-31": "28.36880", "2010-12-31": "33.56110", "2010-09-30": "37.00340", "2010-06-30": "19.94990", "2010-03-31": "24.58560", "2009-12-31": "31.97820", "2009-09-30": "24.45290", "2009-06-30": "42.93290", "2009-03-31": "52.24610", "2008-12-31": "105.51470", "2008-09-30": "-791.11110", "2008-06-30": "80.07590", "2008-03-31": "352.80900", "2007-12-31": "-13.15950", "2007-09-30": "336.12770", "2007-06-30": "", "2007-03-31": "", "2006-12-31": ""}, "ROA - Return On Assets": {"2020-12-31": "3.88680", "2020-09-30": "2.64090", "2020-06-30": "3.04680", "2020-03-31": "4.23510", "2019-12-31": "4.37540", "2019-09-30": "4.16820", "2019-06-30": "4.41430", "2019-03-31": "4.26110", "2018-12-31": "4.15460", "2018-09-30": "4.10980", "2018-06-30": "3.41620", "2018-03-31": "3.77310", "2017-12-31": "3.75550", "2017-09-30": "3.14810", "2017-06-30": "3.21720", "2017-03-31": "0.68010", "2016-12-31": "3.26650", "2016-09-30": "3.01550", "2016-06-30": "0.64510", "2016-03-31": "3.14210", "2015-12-31": "3.53060", "2015-09-30": "3.84080", "2015-06-30": "4.30390", "2015-03-31": "3.99120", "2014-12-31": "4.03510", "2014-09-30": "2.78200", "2014-06-30": "3.60980", "2014-03-31": "4.28840", "2013-12-31": "3.88160", "2013-09-30": "3.31520", "2013-06-30": "3.47170", "2013-03-31": "3.62250", "2012-12-31": "3.60580", "2012-09-30": "4.15370", "2012-06-30": "-4.74690", "2012-03-31": "3.50650", "2011-12-31": "2.87130", "2011-09-30": "2.52590", "2011-06-30": "2.91460", "2011-03-31": "2.55650", "2010-12-31": "2.60080", "2010-09-30": "2.31380", "2010-06-30": "2.18990", "2010-03-31": "2.22030", "2009-12-31": "2.40580", "2009-09-30": "1.59230", "2009-06-30": "2.23460", "2009-03-31": "1.67380", "2008-12-31": "1.80380", "2008-09-30": "-1.01770", "2008-06-30": "1.22520", "2008-03-31": "0.92710", "2007-12-31": "1.52840", "2007-09-30": "-38.35990", "2007-06-30": "", "2007-03-31": "", "2006-12-31": ""}, "ROI - Return On Investment": {"2020-12-31": "5.32230", "2020-09-30": "3.73070", "2020-06-30": "4.44350", "2020-03-31": "6.36160", "2019-12-31": "6.68330", "2019-09-30": "5.88370", "2019-06-30": "5.99930", "2019-03-31": "5.84810", "2018-12-31": "5.86860", "2018-09-30": "5.61850", "2018-06-30": "4.66310", "2018-03-31": "5.13530", "2017-12-31": "5.04180", "2017-09-30": "4.33390", "2017-06-30": "4.46770", "2017-03-31": "0.95720", "2016-12-31": "4.51330", "2016-09-30": "3.95750", "2016-06-30": "0.84590", "2016-03-31": "3.79270", "2015-12-31": "4.27980", "2015-09-30": "5.06670", "2015-06-30": "5.92800", "2015-03-31": "5.48930", "2014-12-31": "5.61520", "2014-09-30": "3.91420", "2014-06-30": "4.98420", "2014-03-31": "5.85460", "2013-12-31": "5.20840", "2013-09-30": "4.43620", "2013-06-30": "4.53650", "2013-03-31": "4.72210", "2012-12-31": "4.68680", "2012-09-30": "6.01520", "2012-06-30": "-7.03040", "2012-03-31": "4.53000", "2011-12-31": "3.76180", "2011-09-30": "3.32110", "2011-06-30": "3.85060", "2011-03-31": "3.36150", "2010-12-31": "3.45680", "2010-09-30": "3.08630", "2010-06-30": "2.89700", "2010-03-31": "2.96360", "2009-12-31": "3.24430", "2009-09-30": "2.21200", "2009-06-30": "3.19180", "2009-03-31": "2.41320", "2008-12-31": "2.64600", "2008-09-30": "-1.67960", "2008-06-30": "1.94950", "2008-03-31": "1.47920", "2007-12-31": "2.53040", "2007-09-30": "336.12770", "2007-06-30": "", "2007-03-31": "", "2006-12-31": ""}, "Book Value Per Share": {"2020-12-31": "19.30280", "2020-09-30": "18.67460", "2020-06-30": "18.28310", "2020-03-31": "17.74500", "2019-12-31": "17.94910", "2019-09-30": "17.57040", "2019-06-30": "17.62090", "2019-03-31": "17.15470", "2018-12-31": "16.95430", "2018-09-30": "16.79310", "2018-06-30": "16.37250", "2018-03-31": "16.66000", "2017-12-31": "16.19840", "2017-09-30": "15.78040", "2017-06-30": "15.28420", "2017-03-31": "14.61680", "2016-12-31": "15.00050", "2016-09-30": "15.42990", "2016-06-30": "15.24710", "2016-03-31": "13.43060", "2015-12-31": "13.45940", "2015-09-30": "13.47270", "2015-06-30": "12.92420", "2015-03-31": "12.66800", "2014-12-31": "9.19140", "2014-09-30": "12.21070", "2014-06-30": "8.90540", "2014-03-31": "8.85050", "2013-12-31": "8.70300", "2013-09-30": "8.61220", "2013-06-30": "8.57780", "2013-03-31": "8.47890", "2012-12-31": "8.57840", "2012-09-30": "8.51730", "2012-06-30": "8.07350", "2012-03-31": "8.75950", "2011-12-31": "8.39510", "2011-09-30": "8.13950", "2011-06-30": "7.98160", "2011-03-31": "7.87770", "2010-12-31": "7.66630", "2010-09-30": "7.48920", "2010-06-30": "7.35400", "2010-03-31": "7.14750", "2009-12-31": "6.97060", "2009-09-30": "6.85370", "2009-06-30": "6.73580", "2009-03-31": "6.53660", "2008-12-31": "6.40240", "2008-09-30": "6.25470", "2008-06-30": "6.37920", "2008-03-31": "6.27240", "2007-12-31": "", "2007-09-30": "-0.14830", "2007-06-30": "", "2007-03-31": "", "2006-12-31": ""}, "Operating Cash Flow Per Share": {"2020-12-31": "1.43040", "2020-09-30": 0.8333, "2020-06-30": 1.2275, "2020-03-31": 0.5981, "2019-12-31": "1.55250", "2019-09-30": 1.5887, "2019-06-30": 1.3535, "2019-03-31": 0.82, "2018-12-31": "1.29280", "2018-09-30": 1.3328, "2018-06-30": 1.4629, "2018-03-31": 1.1312, "2017-12-31": "1.07740", "2017-09-30": 1.0745, "2017-06-30": 1.3468, "2017-03-31": 0.1545, "2016-12-31": "0.93480", "2016-09-30": 0.9028, "2016-06-30": 0.1208, "2016-03-31": 0.3235, "2015-12-31": "0.73430", "2015-09-30": 0.6293, "2015-06-30": 0.7826, "2015-03-31": 0.3636, "2014-12-31": "0.64150", "2014-09-30": 0.6333, "2014-06-30": 0.7083, "2014-03-31": 0.8142, "2013-12-31": "0.42290", "2013-09-30": 0.7788, "2013-06-30": 0.5805, "2013-03-31": 0.4317, "2012-12-31": "-0.74790", "2012-09-30": 0.3481, "2012-06-30": 0.3323, "2012-03-31": 0.2909, "2011-12-31": "0.32770", "2011-09-30": 0.2022, "2011-06-30": 0.3578, "2011-03-31": 0.1495, "2010-12-31": "0.23770", "2010-09-30": 0.1984, "2010-06-30": 0.2847, "2010-03-31": 0.1372, "2009-12-31": "-0.00650", "2009-09-30": -0.0449, "2009-06-30": 0.0754, "2009-03-31": 0.0511, "2008-12-31": "0.03950", "2008-09-30": 0.044, "2008-06-30": 0.1109, "2008-03-31": -0.0597, "2007-12-31": "", "2007-09-30": 0, "2007-06-30": 0, "2007-03-31": 0, "2006-12-31": ""}, "Free Cash Flow Per Share": {"2020-12-31": "1.36520", "2020-09-30": 0.7663, "2020-06-30": 1.1615, "2020-03-31": 0.5107, "2019-12-31": "1.47600", "2019-09-30": 1.4907, "2019-06-30": 1.2759, "2019-03-31": 0.7582, "2018-12-31": "1.23120", "2018-09-30": 1.2526, "2018-06-30": 1.4019, "2018-03-31": 1.0487, "2017-12-31": "1.02340", "2017-09-30": 1.0063, "2017-06-30": 1.272, "2017-03-31": 0.0994, "2016-12-31": "0.87100", "2016-09-30": 0.8517, "2016-06-30": 0.0704, "2016-03-31": 0.2764, "2015-12-31": "0.68760", "2015-09-30": 0.5791, "2015-06-30": 0.7549, "2015-03-31": 0.3311, "2014-12-31": "0.60360", "2014-09-30": 0.5526, "2014-06-30": 0.6685, "2014-03-31": 0.7697, "2013-12-31": "0.39000", "2013-09-30": 0.7064, "2013-06-30": 0.5469, "2013-03-31": 0.4017, "2012-12-31": "-0.77440", "2012-09-30": 0.3211, "2012-06-30": 0.3038, "2012-03-31": 0.2746, "2011-12-31": "0.30250", "2011-09-30": 0.1743, "2011-06-30": 0.3347, "2011-03-31": 0.1318, "2010-12-31": "0.22000", "2010-09-30": 0.1771, "2010-06-30": 0.2692, "2010-03-31": 0.1279, "2009-12-31": "-0.01470", "2009-09-30": -0.0669, "2009-06-30": 0.0605, "2009-03-31": 0.0361, "2008-12-31": "0.02500", "2008-09-30": 0.0339, "2008-06-30": 0.0851, "2008-03-31": -0.0975, "2007-12-31": "", "2007-09-30": 0, "2007-06-30": 0, "2007-03-31": 0, "2006-12-31": ""}}, "revenue": {"Visa Annual Revenue (Millions of US $)": {"2020": "$21,846", "2019": "$22,977", "2018": "$20,609", "2017": "$18,358", "2016": "$15,082", "2015": "$13,880", "2014": "$12,702", "2013": "$11,778", "2012": "$10,421", "2011": "$9,188", "2010": "$8,065", "2009": "$6,911", "2008": "$6,263", "2007": "$3,590", "2006": "$2,948", "2005": "$2,665"}, "Visa Quarterly Revenue (Millions of US $)": {"2020-12-31": "$5,687", "2020-09-30": "$5,101", "2020-06-30": "$4,837", "2020-03-31": "$5,854", "2019-12-31": "$6,054", "2019-09-30": "$6,137", "2019-06-30": "$5,840", "2019-03-31": "$5,494", "2018-12-31": "$5,506", "2018-09-30": "$5,434", "2018-06-30": "$5,240", "2018-03-31": "$5,073", "2017-12-31": "$4,862", "2017-09-30": "$4,855", "2017-06-30": "$4,565", "2017-03-31": "$4,477", "2016-12-31": "$4,461", "2016-09-30": "$4,261", "2016-06-30": "$3,630", "2016-03-31": "$3,626", "2015-12-31": "$3,565", "2015-09-30": "$3,571", "2015-06-30": "$3,518", "2015-03-31": "$3,409", "2014-12-31": "$3,382", "2014-09-30": "$3,229", "2014-06-30": "$3,155", "2014-03-31": "$3,163", "2013-12-31": "$3,155", "2013-09-30": "$2,973", "2013-06-30": "$3,001", "2013-03-31": "$2,958", "2012-12-31": "$2,846", "2012-09-30": "$2,731", "2012-06-30": "$2,565", "2012-03-31": "$2,578", "2011-12-31": "$2,547", "2011-09-30": "$2,383", "2011-06-30": "$2,322", "2011-03-31": "$2,245", "2010-12-31": "$2,238", "2010-09-30": "$2,117", "2010-06-30": "$2,029", "2010-03-31": "$1,959", "2009-12-31": "$1,960", "2009-09-30": "$1,879", "2009-06-30": "$1,646", "2009-03-31": "$1,647", "2008-12-31": "$1,739", "2008-09-30": "$1,709", "2008-06-30": "$1,613", "2008-03-31": "$1,453", "2007-12-31": "$1,488", "2007-09-30": "$991", "2007-06-30": "$941", "2007-03-31": "$813", "2006-12-31": "$845"}}, "gross-profit": {"Visa Annual Gross Profit (Millions of US $)": {"2020": "$21,846", "2019": "$22,977", "2018": "$20,609", "2017": "$18,358", "2016": "$15,082", "2015": "$13,880", "2014": "$12,702", "2013": "$11,778", "2012": "$10,421", "2011": "$9,188", "2010": "$8,065", "2009": "$6,911", "2008": "$6,263", "2007": "$3,590", "2006": "$2,948", "2005": "$2,665"}, "Visa Quarterly Gross Profit (Millions of US $)": {"2020-12-31": "$5,687", "2020-09-30": "$5,101", "2020-06-30": "$4,837", "2020-03-31": "$5,854", "2019-12-31": "$6,054", "2019-09-30": "$6,137", "2019-06-30": "$5,840", "2019-03-31": "$5,494", "2018-12-31": "$5,506", "2018-09-30": "$5,434", "2018-06-30": "$5,240", "2018-03-31": "$5,073", "2017-12-31": "$4,862", "2017-09-30": "$4,855", "2017-06-30": "$4,565", "2017-03-31": "$4,477", "2016-12-31": "$4,461", "2016-09-30": "$4,261", "2016-06-30": "$3,630", "2016-03-31": "$3,626", "2015-12-31": "$3,565", "2015-09-30": "$3,571", "2015-06-30": "$3,518", "2015-03-31": "$3,409", "2014-12-31": "$3,382", "2014-09-30": "$3,229", "2014-06-30": "$3,155", "2014-03-31": "$3,163", "2013-12-31": "$3,155", "2013-09-30": "$2,973", "2013-06-30": "$3,001", "2013-03-31": "$2,958", "2012-12-31": "$2,846", "2012-09-30": "$2,731", "2012-06-30": "$2,565", "2012-03-31": "$2,578", "2011-12-31": "$2,547", "2011-09-30": "$2,383", "2011-06-30": "$2,322", "2011-03-31": "$2,245", "2010-12-31": "$2,238", "2010-09-30": "$2,117", "2010-06-30": "$2,029", "2010-03-31": "$1,959", "2009-12-31": "$1,960", "2009-09-30": "$1,879", "2009-06-30": "$1,646", "2009-03-31": "$1,647", "2008-12-31": "$1,739", "2008-09-30": "$1,709", "2008-06-30": "$1,613", "2008-03-31": "$1,453", "2007-12-31": "$1,488", "2007-09-30": "$991", "2007-06-30": "$941", "2007-03-31": "$813", "2006-12-31": "$845"}}, "operating-income": {"Visa Annual Operating Income (Millions of US $)": {"2020": "$14,081", "2019": "$15,001", "2018": "$12,954", "2017": "$12,144", "2016": "$7,883", "2015": "$9,064", "2014": "$7,697", "2013": "$7,239", "2012": "$2,139", "2011": "$5,456", "2010": "$4,589", "2009": "$3,538", "2008": "$1,232", "2007": "$-1,449", "2006": "$730", "2005": "$453"}, "Visa Quarterly Operating Income (Millions of US $)": {"2020-12-31": "$3,844", "2020-09-30": "$3,142", "2020-06-30": "$2,999", "2020-03-31": "$3,924", "2019-12-31": "$4,016", "2019-09-30": "$3,735", "2019-06-30": "$3,908", "2019-03-31": "$3,641", "2018-12-31": "$3,717", "2018-09-30": "$3,406", "2018-06-30": "$2,885", "2018-03-31": "$3,336", "2017-12-31": "$3,327", "2017-09-30": "$3,212", "2017-06-30": "$3,024", "2017-03-31": "$2,808", "2016-12-31": "$3,100", "2016-09-30": "$2,625", "2016-06-30": "$428", "2016-03-31": "$2,434", "2015-12-31": "$2,396", "2015-09-30": "$2,283", "2015-06-30": "$2,262", "2015-03-31": "$2,281", "2014-12-31": "$2,238", "2014-09-30": "$1,552", "2014-06-30": "$2,020", "2014-03-31": "$2,048", "2013-12-31": "$2,077", "2013-09-30": "$1,751", "2013-06-30": "$1,828", "2013-03-31": "$1,860", "2012-12-31": "$1,800", "2012-09-30": "$1,522", "2012-06-30": "$-2,607", "2012-03-31": "$1,606", "2011-12-31": "$1,618", "2011-09-30": "$1,362", "2011-06-30": "$1,345", "2011-03-31": "$1,383", "2010-12-31": "$1,366", "2010-09-30": "$1,113", "2010-06-30": "$1,137", "2010-03-31": "$1,122", "2009-12-31": "$1,217", "2009-09-30": "$869", "2009-06-30": "$822", "2009-03-31": "$881", "2008-12-31": "$966", "2008-09-30": "$-443", "2008-06-30": "$648", "2008-03-31": "$349", "2007-12-31": "$678", "2007-09-30": "$-2,363", "2007-06-30": "$334", "2007-03-31": "$271", "2006-12-31": "$309"}}, "ebitda": {"Visa Annual EBITDA (Millions of US $)": {"2020": "$14,811", "2019": "$15,485", "2018": "$13,556", "2017": "$12,700", "2016": "$8,385", "2015": "$9,558", "2014": "$10,724", "2013": "$9,957", "2012": "$4,627", "2011": "$7,624", "2010": "$6,414", "2009": "$4,998", "2008": "$2,630", "2007": "$-823", "2006": "$1,465", "2005": "$1,161"}, "Visa Quarterly EBITDA (Millions of US $)": {"2020-12-31": "$4,041", "2020-09-30": "$3,301", "2020-06-30": "$3,196", "2020-03-31": "$4,116", "2019-12-31": "$4,198", "2019-09-30": "$3,735", "2019-06-30": "$4,073", "2019-03-31": "$3,801", "2018-12-31": "$3,876", "2018-09-30": "$-431", "2018-06-30": "$4,411", "2018-03-31": "$4,778", "2017-12-31": "$4,798", "2017-09-30": "$140", "2017-06-30": "$4,303", "2017-03-31": "$3,970", "2016-12-31": "$4,287", "2016-09-30": "$350", "2016-06-30": "$1,387", "2016-03-31": "$3,344", "2015-12-31": "$3,304", "2015-09-30": "$343", "2015-06-30": "$3,062", "2015-03-31": "$3,082", "2014-12-31": "$3,071", "2014-09-30": "$2,432", "2014-06-30": "$2,767", "2014-03-31": "$2,742", "2013-12-31": "$2,783", "2013-09-30": "$2,537", "2013-06-30": "$2,450", "2013-03-31": "$2,525", "2012-12-31": "$2,445", "2012-09-30": "$2,174", "2012-06-30": "$-1,909", "2012-03-31": "$2,183", "2011-12-31": "$2,179", "2011-09-30": "$2,015", "2011-06-30": "$1,867", "2011-03-31": "$1,904", "2010-12-31": "$1,838", "2010-09-30": "$1,612", "2010-06-30": "$1,593", "2010-03-31": "$1,556", "2009-12-31": "$1,653", "2009-09-30": "$1,256", "2009-06-30": "$1,223", "2009-03-31": "$1,232", "2008-12-31": "$1,287", "2008-09-30": "$-85", "2008-06-30": "$979", "2008-03-31": "$745", "2007-12-31": "$991", "2007-09-30": "$-2,665", "2007-06-30": "$476", "2007-03-31": "$439", "2006-12-31": "$438"}}, "net-income": {"Visa Annual Net Income (Millions of US $)": {"2020": "$10,866", "2019": "$12,080", "2018": "$10,301", "2017": "$6,699", "2016": "$5,991", "2015": "$6,328", "2014": "$5,438", "2013": "$4,980", "2012": "$2,144", "2011": "$3,650", "2010": "$2,966", "2009": "$2,353", "2008": "$804", "2007": "$-1,076", "2006": "$455", "2005": "$360"}, "Visa Quarterly Net Income (Millions of US $)": {"2020-12-31": "$3,126", "2020-09-30": "$2,137", "2020-06-30": "$2,373", "2020-03-31": "$3,084", "2019-12-31": "$3,272", "2019-09-30": "$3,025", "2019-06-30": "$3,101", "2019-03-31": "$2,977", "2018-12-31": "$2,977", "2018-09-30": "$2,845", "2018-06-30": "$2,329", "2018-03-31": "$2,605", "2017-12-31": "$2,522", "2017-09-30": "$2,140", "2017-06-30": "$2,059", "2017-03-31": "$430", "2016-12-31": "$2,070", "2016-09-30": "$1,931", "2016-06-30": "$412", "2016-03-31": "$1,707", "2015-12-31": "$1,941", "2015-09-30": "$1,512", "2015-06-30": "$1,697", "2015-03-31": "$1,550", "2014-12-31": "$1,569", "2014-09-30": "$1,073", "2014-06-30": "$1,360", "2014-03-31": "$1,598", "2013-12-31": "$1,407", "2013-09-30": "$1,192", "2013-06-30": "$1,225", "2013-03-31": "$1,270", "2012-12-31": "$1,293", "2012-09-30": "$1,662", "2012-06-30": "$-1,839", "2012-03-31": "$1,292", "2011-12-31": "$1,029", "2011-09-30": "$880", "2011-06-30": "$1,005", "2011-03-31": "$881", "2010-12-31": "$884", "2010-09-30": "$774", "2010-06-30": "$716", "2010-03-31": "$713", "2009-12-31": "$763", "2009-09-30": "$514", "2009-06-30": "$729", "2009-03-31": "$536", "2008-12-31": "$574", "2008-09-30": "$-356", "2008-06-30": "$422", "2008-03-31": "$314", "2007-12-31": "$424", "2007-09-30": "$-1,684", "2007-06-30": "$223", "2007-03-31": "$180", "2006-12-31": "$205"}}, "eps-earnings-per-share-diluted": {"Visa Annual EPS": {"2020": "$4.40", "2019": "$4.78", "2018": "$3.98", "2017": "$2.52", "2016": "$2.24", "2015": "$2.32", "2014": "$1.95", "2013": "$1.72", "2012": "$0.56", "2011": "$0.89", "2010": "$0.68", "2009": "$0.51", "2008": "$0.15", "2007": "$0.00", "2006": "$0.00", "2005": "$0.00"}, "Visa Quarterly EPS": {"2020-12-31": "$1.27", "2020-09-30": "$0.89", "2020-06-30": "$0.96", "2020-03-31": "$1.24", "2019-12-31": "$1.31", "2019-09-30": "$1.21", "2019-06-30": "$1.23", "2019-03-31": "$1.17", "2018-12-31": "$1.17", "2018-09-30": "$1.11", "2018-06-30": "$0.90", "2018-03-31": "$1.00", "2017-12-31": "$0.97", "2017-09-30": "$0.81", "2017-06-30": "$0.78", "2017-03-31": "$0.16", "2016-12-31": "$0.77", "2016-09-30": "$0.72", "2016-06-30": "$0.16", "2016-03-31": "$0.64", "2015-12-31": "$0.72", "2015-09-30": "$0.55", "2015-06-30": "$0.63", "2015-03-31": "$0.57", "2014-12-31": "$0.57", "2014-09-30": "$0.51", "2014-06-30": "$0.49", "2014-03-31": "$0.57", "2013-12-31": "$0.39", "2013-09-30": "$0.71", "2013-06-30": "$0.33", "2013-03-31": "$0.34", "2012-12-31": "$0.34", "2012-09-30": "$0.44", "2012-06-30": "$-0.48", "2012-03-31": "$0.34", "2011-12-31": "$0.26", "2011-09-30": "$0.22", "2011-06-30": "$0.25", "2011-03-31": "$0.21", "2010-12-31": "$0.21", "2010-09-30": "$0.18", "2010-06-30": "$0.17", "2010-03-31": "$0.16", "2009-12-31": "$0.17", "2009-09-30": "$0.12", "2009-06-30": "$0.16", "2009-03-31": "$0.12", "2008-12-31": "$0.12", "2008-09-30": "$0.01", "2008-06-30": "$0.09", "2008-03-31": "$0.05", "2007-12-31": "$0.00", "2007-09-30": "$0.00", "2007-06-30": "$0.00", "2007-03-31": "$0.00", "2006-12-31": "$0.00"}}, "shares-outstanding": {"Visa Annual Shares Outstanding (Millions of Shares)": {"2020": "2,479", "2019": "2,529", "2018": "2,586", "2017": "2,654", "2016": "2,678", "2015": "2,724", "2014": "2,794", "2013": "2,897", "2012": "3,856", "2011": "4,088", "2010": "4,384", "2009": "4,608", "2008": "5,576", "2007": "", "2006": "", "2005": ""}, "Visa Quarterly Shares Outstanding (Millions of Shares)": {"2020-12-31": "2,456", "2020-09-30": "2,479", "2020-06-30": "2,470", "2020-03-31": "2,484", "2019-12-31": "2,496", "2019-09-30": "2,529", "2019-06-30": "2,522", "2019-03-31": "2,536", "2018-12-31": "2,548", "2018-09-30": "2,586", "2018-06-30": "2,578", "2018-03-31": "2,594", "2017-12-31": "2,611", "2017-09-30": "2,654", "2017-06-30": "2,644", "2017-03-31": "2,666", "2016-12-31": "2,683", "2016-09-30": "2,678", "2016-06-30": "2,649", "2016-03-31": "2,665", "2015-12-31": "2,695", "2015-09-30": "2,724", "2015-06-30": "2,713", "2015-03-31": "2,725", "2014-12-31": "2,745", "2014-09-30": "2,794", "2014-06-30": "2,782", "2014-03-31": "2,805", "2013-12-31": "3,644", "2013-09-30": "2,897", "2013-06-30": "3,696", "2013-03-31": "3,732", "2012-12-31": "3,776", "2012-09-30": "3,856", "2012-06-30": "3,828", "2012-03-31": "3,852", "2011-12-31": "3,924", "2011-09-30": "4,088", "2011-06-30": "4,032", "2011-03-31": "4,156", "2010-12-31": "4,232", "2010-09-30": "4,384", "2010-06-30": "4,328", "2010-03-31": "4,436", "2009-12-31": "4,476", "2009-09-30": "4,608", "2009-06-30": "4,620", "2009-03-31": "4,616", "2008-12-31": "4,680", "2008-09-30": "5,576", "2008-06-30": "5,016", "2008-03-31": "6,164", "2007-12-31": "", "2007-09-30": "", "2007-06-30": "", "2007-03-31": "", "2006-12-31": ""}}, "total-assets": {"Visa Annual Total Assets (Millions of US $)": {"2020": "$80,919", "2019": "$72,574", "2018": "$69,225", "2017": "$67,977", "2016": "$64,035", "2015": "$39,367", "2014": "$38,569", "2013": "$35,956", "2012": "$40,013", "2011": "$34,760", "2010": "$33,408", "2009": "$32,281", "2008": "$34,981", "2007": "$4,390", "2006": "$2,964", "2005": "$0"}, "Visa Quarterly Total Assets (Millions of US $)": {"2020-12-31": "$80,426", "2020-09-30": "$80,919", "2020-06-30": "$77,884", "2020-03-31": "$72,820", "2019-12-31": "$74,781", "2019-09-30": "$72,574", "2019-06-30": "$70,249", "2019-03-31": "$69,865", "2018-12-31": "$71,655", "2018-09-30": "$69,225", "2018-06-30": "$68,175", "2018-03-31": "$69,042", "2017-12-31": "$67,154", "2017-09-30": "$67,977", "2017-06-30": "$64,000", "2017-03-31": "$63,227", "2016-12-31": "$63,370", "2016-09-30": "$64,035", "2016-06-30": "$63,867", "2016-03-31": "$54,326", "2015-12-31": "$54,977", "2015-09-30": "$39,367", "2015-06-30": "$39,429", "2015-03-31": "$38,835", "2014-12-31": "$38,884", "2014-09-30": "$38,569", "2014-06-30": "$37,675", "2014-03-31": "$37,263", "2013-12-31": "$36,248", "2013-09-30": "$35,956", "2013-06-30": "$35,285", "2013-03-31": "$35,059", "2012-12-31": "$35,859", "2012-09-30": "$40,013", "2012-06-30": "$38,741", "2012-03-31": "$36,846", "2011-12-31": "$35,768", "2011-09-30": "$34,760", "2011-06-30": "$34,447", "2011-03-31": "$34,422", "2010-12-31": "$33,989", "2010-09-30": "$33,408", "2010-06-30": "$32,696", "2010-03-31": "$32,068", "2009-12-31": "$31,715", "2009-09-30": "$32,281", "2009-06-30": "$32,624", "2009-03-31": "$31,964", "2008-12-31": "$31,822", "2008-09-30": "$34,981", "2008-06-30": "$34,442", "2008-03-31": "$33,869", "2007-12-31": "$27,742", "2007-09-30": "$4,390", "2007-06-30": "$0", "2007-03-31": "$0", "2006-12-31": "$0"}}, "cash-on-hand": {"Visa Annual Cash on Hand (Millions of US $)": {"2020": "$20,942", "2019": "$13,279", "2018": "$13,200", "2017": "$14,469", "2016": "$9,965", "2015": "$7,087", "2014": "$5,448", "2013": "$4,304", "2012": "$7,249", "2011": "$6,255", "2010": "$5,917", "2009": "$6,097", "2008": "$6,632", "2007": "$1,022", "2006": "$931", "2005": "$"}, "Visa Quarterly Cash on Hand (Millions of US $)": {"2020-12-31": "$18,935", "2020-09-30": "$20,942", "2020-06-30": "$17,785", "2020-03-31": "$13,415", "2019-12-31": "$14,304", "2019-09-30": "$13,279", "2019-06-30": "$12,079", "2019-03-31": "$12,423", "2018-12-31": "$13,246", "2018-09-30": "$13,200", "2018-06-30": "$13,388", "2018-03-31": "$12,603", "2017-12-31": "$12,434", "2017-09-30": "$14,469", "2017-06-30": "$11,221", "2017-03-31": "$8,951", "2016-12-31": "$10,549", "2016-09-30": "$9,965", "2016-06-30": "$9,779", "2016-03-31": "$20,958", "2015-12-31": "$22,406", "2015-09-30": "$7,087", "2015-06-30": "$5,865", "2015-03-31": "$5,784", "2014-12-31": "$5,978", "2014-09-30": "$5,448", "2014-06-30": "$5,169", "2014-03-31": "$4,599", "2013-12-31": "$4,139", "2013-09-30": "$4,304", "2013-06-30": "$3,397", "2013-03-31": "$2,768", "2012-12-31": "$2,834", "2012-09-30": "$7,249", "2012-06-30": "$6,585", "2012-03-31": "$7,239", "2011-12-31": "$7,093", "2011-09-30": "$6,255", "2011-06-30": "$6,747", "2011-03-31": "$6,706", "2010-12-31": "$6,551", "2010-09-30": "$5,917", "2010-06-30": "$7,155", "2010-03-31": "$6,010", "2009-12-31": "$5,618", "2009-09-30": "$6,097", "2009-06-30": "$5,471", "2009-03-31": "$5,100", "2008-12-31": "$4,880", "2008-09-30": "$6,632", "2008-06-30": "$7,530", "2008-03-31": "$7,040", "2007-12-31": "$2,427", "2007-09-30": "$1,022", "2007-06-30": "", "2007-03-31": "", "2006-12-31": ""}}, "long-term-debt": {"Visa Annual Long Term Debt (Millions of US $)": {"2020": "$21,071", "2019": "$16,729", "2018": "$16,630", "2017": "$16,618", "2016": "$15,882", "2015": "$", "2014": "$", "2013": "$", "2012": "$", "2011": "$", "2010": "$32", "2009": "$44", "2008": "$55", "2007": "$", "2006": "$41", "2005": "$"}, "Visa Quarterly Long Term Debt (Millions of US $)": {"2020-12-31": "$21,055", "2020-09-30": "$21,071", "2020-06-30": "$17,880", "2020-03-31": "$13,893", "2019-12-31": "$13,688", "2019-09-30": "$16,729", "2019-06-30": "$16,694", "2019-03-31": "$16,630", "2018-12-31": "$16,633", "2018-09-30": "$16,630", "2018-06-30": "$16,627", "2018-03-31": "$16,624", "2017-12-31": "$16,621", "2017-09-30": "$16,618", "2017-06-30": "$14,142", "2017-03-31": "$14,140", "2016-12-31": "$14,138", "2016-09-30": "$15,882", "2016-06-30": "$15,879", "2016-03-31": "$15,876", "2015-12-31": "$15,877", "2015-09-30": "", "2015-06-30": "", "2015-03-31": "", "2014-12-31": "", "2014-09-30": "", "2014-06-30": "", "2014-03-31": "", "2013-12-31": "", "2013-09-30": "", "2013-06-30": "", "2013-03-31": "", "2012-12-31": "", "2012-09-30": "", "2012-06-30": "", "2012-03-31": "", "2011-12-31": "", "2011-09-30": "", "2011-06-30": "$22", "2011-03-31": "$25", "2010-12-31": "$29", "2010-09-30": "$32", "2010-06-30": "$35", "2010-03-31": "$38", "2009-12-31": "$41", "2009-09-30": "$44", "2009-06-30": "$46", "2009-03-31": "$50", "2008-12-31": "$53", "2008-09-30": "$55", "2008-06-30": "$98", "2008-03-31": "$40", "2007-12-31": "$40", "2007-09-30": "", "2007-06-30": "", "2007-03-31": "", "2006-12-31": ""}}, "total-liabilities": {"Visa Annual Total Liabilities (Millions of US $)": {"2020": "$44,709", "2019": "$37,890", "2018": "$35,219", "2017": "$35,217", "2016": "$31,123", "2015": "$9,525", "2014": "$11,156", "2013": "$9,086", "2012": "$12,383", "2011": "$8,323", "2010": "$8,394", "2009": "$9,088", "2008": "$13,840", "2007": "$4,891", "2006": "$2,381", "2005": "$"}, "Visa Quarterly Total Liabilities (Millions of US $)": {"2020-12-31": "$42,747", "2020-09-30": "$44,709", "2020-06-30": "$42,360", "2020-03-31": "$38,235", "2019-12-31": "$39,511", "2019-09-30": "$37,890", "2019-06-30": "$35,254", "2019-03-31": "$35,590", "2018-12-31": "$37,560", "2018-09-30": "$35,219", "2018-06-30": "$34,857", "2018-03-31": "$34,939", "2017-12-31": "$33,753", "2017-09-30": "$35,217", "2017-06-30": "$32,056", "2017-03-31": "$32,444", "2016-12-31": "$31,644", "2016-09-30": "$31,123", "2016-06-30": "$31,040", "2016-03-31": "$25,195", "2015-12-31": "$25,501", "2015-09-30": "$9,525", "2015-06-30": "$10,802", "2015-03-31": "$10,598", "2014-12-31": "$10,942", "2014-09-30": "$11,156", "2014-06-30": "$10,389", "2014-03-31": "$9,968", "2013-12-31": "$9,234", "2013-09-30": "$9,086", "2013-06-30": "$8,282", "2013-03-31": "$8,164", "2012-12-31": "$8,271", "2012-09-30": "$12,383", "2012-06-30": "$12,583", "2012-03-31": "$8,325", "2011-12-31": "$8,467", "2011-09-30": "$8,323", "2011-06-30": "$8,395", "2011-03-31": "$8,268", "2010-12-31": "$8,445", "2010-09-30": "$8,394", "2010-06-30": "$8,016", "2010-03-31": "$8,081", "2009-12-31": "$8,238", "2009-09-30": "$9,088", "2009-06-30": "$9,830", "2009-03-31": "$9,844", "2008-12-31": "$10,182", "2008-09-30": "$13,840", "2008-06-30": "$12,893", "2008-03-31": "$12,681", "2007-12-31": "$11,026", "2007-09-30": "$4,891", "2007-06-30": "", "2007-03-31": "", "2006-12-31": ""}}, "total-share-holder-equity": {"Visa Annual Share Holder Equity (Millions of US $)": {"2020": "$36,210", "2019": "$34,684", "2018": "$34,006", "2017": "$32,760", "2016": "$32,912", "2015": "$29,842", "2014": "$27,413", "2013": "$26,870", "2012": "$27,630", "2011": "$26,437", "2010": "$25,014", "2009": "$23,193", "2008": "$21,141", "2007": "$-501", "2006": "$583", "2005": "$"}, "Visa Quarterly Share Holder Equity (Millions of US $)": {"2020-12-31": "$37,679", "2020-09-30": "$36,210", "2020-06-30": "$35,524", "2020-03-31": "$34,585", "2019-12-31": "$35,270", "2019-09-30": "$34,684", "2019-06-30": "$34,995", "2019-03-31": "$34,275", "2018-12-31": "$34,095", "2018-09-30": "$34,006", "2018-06-30": "$33,318", "2018-03-31": "$34,103", "2017-12-31": "$33,401", "2017-09-30": "$32,760", "2017-06-30": "$31,944", "2017-03-31": "$30,783", "2016-12-31": "$31,726", "2016-09-30": "$32,912", "2016-06-30": "$32,827", "2016-03-31": "$29,131", "2015-12-31": "$29,476", "2015-09-30": "$29,842", "2015-06-30": "$28,627", "2015-03-31": "$28,237", "2014-12-31": "$27,942", "2014-09-30": "$27,413", "2014-06-30": "$27,286", "2014-03-31": "$27,295", "2013-12-31": "$27,014", "2013-09-30": "$26,870", "2013-06-30": "$27,003", "2013-03-31": "$26,895", "2012-12-31": "$27,588", "2012-09-30": "$27,630", "2012-06-30": "$26,158", "2012-03-31": "$28,521", "2011-12-31": "$27,301", "2011-09-30": "$26,437", "2011-06-30": "$26,052", "2011-03-31": "$26,154", "2010-12-31": "$25,544", "2010-09-30": "$25,014", "2010-06-30": "$24,680", "2010-03-31": "$23,987", "2009-12-31": "$23,477", "2009-09-30": "$23,193", "2009-06-30": "$22,794", "2009-03-31": "$22,120", "2008-12-31": "$21,640", "2008-09-30": "$21,141", "2008-06-30": "$21,549", "2008-03-31": "$21,188", "2007-12-31": "$16,716", "2007-09-30": "$-501", "2007-06-30": "", "2007-03-31": "", "2006-12-31": ""}}, "profit-margins": {"current": "49.91%"}, "gross margin": {"2020-12-31": "100.00%", "2020-09-30": "100.00%", "2020-06-30": "100.00%", "2020-03-31": "100.00%", "2019-12-31": "100.00%", "2019-09-30": "100.00%", "2019-06-30": "100.00%", "2019-03-31": "100.00%", "2018-12-31": "100.00%", "2018-09-30": "100.00%", "2018-06-30": "100.00%", "2018-03-31": "100.00%", "2017-12-31": "100.00%", "2017-09-30": "100.00%", "2017-06-30": "100.00%", "2017-03-31": "100.00%", "2016-12-31": "100.00%", "2016-09-30": "100.00%", "2016-06-30": "100.00%", "2016-03-31": "100.00%", "2015-12-31": "100.00%", "2015-09-30": "100.00%", "2015-06-30": "100.00%", "2015-03-31": "100.00%", "2014-12-31": "100.00%", "2014-09-30": "100.00%", "2014-06-30": "100.00%", "2014-03-31": "100.00%", "2013-12-31": "100.00%", "2013-09-30": "100.00%", "2013-06-30": "100.00%", "2013-03-31": "100.00%", "2012-12-31": "100.00%", "2012-09-30": "100.00%", "2012-06-30": "100.00%", "2012-03-31": "100.00%", "2011-12-31": "100.00%", "2011-09-30": "100.00%", "2011-06-30": "100.00%", "2011-03-31": "100.00%", "2010-12-31": "100.00%", "2010-09-30": "100.00%", "2010-06-30": "100.00%", "2010-03-31": "100.00%", "2009-12-31": "100.00%", "2009-09-30": "100.00%", "2009-06-30": "100.00%", "2009-03-31": "100.00%", "2008-12-31": "100.00%", "2008-09-30": "100.00%", "2008-06-30": "100.00%", "2008-03-31": "100.00%", "2007-12-31": "100.00%", "2007-09-30": "100.00%"}, "operating margin": {"2020-12-31": "64.76%", "2020-09-30": "64.46%", "2020-06-30": "64.13%", "2020-03-31": "65.24%", "2019-12-31": "65.04%", "2019-09-30": "65.29%", "2019-06-30": "65.87%", "2019-03-31": "62.97%", "2018-12-31": "62.79%", "2018-09-30": "62.86%", "2018-06-30": "63.70%", "2018-03-31": "66.64%", "2017-12-31": "65.95%", "2017-09-30": "66.15%", "2017-06-30": "65.06%", "2017-03-31": "53.25%", "2016-12-31": "53.74%", "2016-09-30": "52.27%", "2016-06-30": "52.40%", "2016-03-31": "65.65%", "2015-12-31": "65.58%", "2015-09-30": "65.30%", "2015-06-30": "61.55%", "2015-03-31": "61.41%", "2014-12-31": "60.78%", "2014-09-30": "60.60%", "2014-06-30": "63.44%", "2014-03-31": "62.67%", "2013-12-31": "62.18%", "2013-09-30": "61.46%", "2013-06-30": "60.77%", "2013-03-31": "23.20%", "2012-12-31": "21.65%", "2012-09-30": "20.53%", "2012-06-30": "19.65%", "2012-03-31": "60.34%", "2011-12-31": "60.10%", "2011-09-30": "59.38%", "2011-06-30": "58.36%", "2011-03-31": "57.93%", "2010-12-31": "56.79%", "2010-09-30": "56.90%", "2010-06-30": "55.51%", "2010-03-31": "54.14%", "2009-12-31": "53.13%", "2009-09-30": "51.19%", "2009-06-30": "33.02%", "2009-03-31": "30.59%", "2008-12-31": "23.33%", "2008-09-30": "19.67%", "2008-06-30": "-12.41%", "2008-03-31": "-20.56%", "2007-12-31": "-25.51%", "2007-09-30": "-40.36%"}, "ebitda margin": {"2020-12-31": "68.22%", "2020-09-30": "67.80%", "2020-06-30": "66.62%", "2020-03-31": "67.50%", "2019-12-31": "67.19%", "2019-09-30": "67.39%", "2019-06-30": "50.82%", "2019-03-31": "53.78%", "2018-12-31": "59.45%", "2018-09-30": "65.78%", "2018-06-30": "70.53%", "2018-03-31": "72.43%", "2017-12-31": "70.42%", "2017-09-30": "69.18%", "2017-06-30": "72.68%", "2017-03-31": "59.39%", "2016-12-31": "58.63%", "2016-09-30": "55.60%", "2016-06-30": "58.21%", "2016-03-31": "70.40%", "2015-12-31": "69.62%", "2015-09-30": "68.86%", "2015-06-30": "86.03%", "2015-03-31": "86.16%", "2014-12-31": "85.17%", "2014-09-30": "84.43%", "2014-06-30": "87.01%", "2014-03-31": "85.52%", "2013-12-31": "85.17%", "2013-09-30": "84.54%", "2013-06-30": "83.17%", "2013-03-31": "47.16%", "2012-12-31": "45.64%", "2012-09-30": "44.40%", "2012-06-30": "44.36%", "2012-03-31": "83.87%", "2011-12-31": "83.87%", "2011-09-30": "82.98%", "2011-06-30": "80.93%", "2011-03-31": "80.51%", "2010-12-31": "79.10%", "2010-09-30": "79.53%", "2010-06-30": "77.40%", "2010-03-31": "76.41%", "2009-12-31": "75.21%", "2009-09-30": "72.32%", "2009-06-30": "54.25%", "2009-03-31": "50.88%", "2008-12-31": "44.92%", "2008-09-30": "41.99%", "2008-06-30": "0.90%", "2008-03-31": "-9.30%", "2007-12-31": "-17.93%", "2007-09-30": "-36.55%"}, "pre tax profit margin": {"2020-12-31": "63.15%", "2020-09-30": "63.12%", "2020-06-30": "63.13%", "2020-03-31": "64.39%", "2019-12-31": "64.73%", "2019-09-30": "64.78%", "2019-06-30": "66.05%", "2019-03-31": "63.01%", "2018-12-31": "62.09%", "2018-09-30": "62.14%", "2018-06-30": "61.74%", "2018-03-31": "64.42%", "2017-12-31": "63.72%", "2017-09-30": "63.70%", "2017-06-30": "62.51%", "2017-03-31": "51.18%", "2016-12-31": "52.27%", "2016-09-30": "53.12%", "2016-06-30": "54.09%", "2016-03-31": "66.74%", "2015-12-31": "66.64%", "2015-09-30": "64.81%", "2015-06-30": "61.03%", "2015-03-31": "61.66%", "2014-12-31": "61.13%", "2014-09-30": "60.81%", "2014-06-30": "63.80%", "2014-03-31": "62.99%", "2013-12-31": "62.37%", "2013-09-30": "61.61%", "2013-06-30": "61.36%", "2013-03-31": "23.77%", "2012-12-31": "22.30%", "2012-09-30": "21.18%", "2012-06-30": "19.59%", "2012-03-31": "62.29%", "2011-12-31": "62.03%", "2011-09-30": "61.56%", "2011-06-30": "61.61%", "2011-03-31": "58.82%", "2010-12-31": "57.68%", "2010-09-30": "57.51%", "2010-06-30": "55.01%", "2010-03-31": "60.20%", "2009-12-31": "59.66%", "2009-09-30": "57.88%", "2009-06-30": "40.14%", "2009-03-31": "31.65%", "2008-12-31": "24.65%", "2008-09-30": "21.33%", "2008-06-30": "-10.53%", "2008-03-31": "-19.39%", "2007-12-31": "-24.26%", "2007-09-30": "-38.64%"}, "net profit margin": {"2020-12-31": "49.91%", "2020-09-30": "49.74%", "2020-06-30": "51.37%", "2020-03-31": "52.26%", "2019-12-31": "52.60%", "2019-09-30": "52.57%", "2019-06-30": "53.43%", "2019-03-31": "51.34%", "2018-12-31": "50.61%", "2018-09-30": "49.98%", "2018-06-30": "47.91%", "2018-03-31": "48.18%", "2017-12-31": "38.12%", "2017-09-30": "36.49%", "2017-06-30": "36.53%", "2017-03-31": "28.78%", "2016-12-31": "38.30%", "2016-09-30": "39.72%", "2016-06-30": "38.72%", "2016-03-31": "48.02%", "2015-12-31": "47.64%", "2015-09-30": "45.59%", "2015-06-30": "43.50%", "2015-03-31": "42.14%", "2014-12-31": "43.31%", "2014-09-30": "42.81%", "2014-06-30": "44.65%", "2014-03-31": "44.11%", "2013-12-31": "42.14%", "2013-09-30": "42.28%", "2013-06-30": "47.24%", "2013-03-31": "21.50%", "2012-12-31": "22.46%", "2012-09-30": "20.57%", "2012-06-30": "13.52%", "2012-03-31": "42.79%", "2011-12-31": "39.96%", "2011-09-30": "39.73%", "2011-06-30": "39.72%", "2011-03-31": "37.72%", "2010-12-31": "37.00%", "2010-09-30": "36.78%", "2010-06-30": "34.57%", "2010-03-31": "36.53%", "2009-12-31": "35.64%", "2009-09-30": "34.05%", "2009-06-30": "22.00%", "2009-03-31": "17.53%", "2008-12-31": "14.65%", "2008-09-30": "12.84%", "2008-06-30": "-9.45%", "2008-03-31": "-14.84%", "2007-12-31": "-20.25%", "2007-09-30": "-29.97%"}, "pe ratio": {"current": "41.84", "2021-02-05": "43.13", "2020-12-31": "45.19", "2020-09-30": "40.91", "2020-06-30": "36.68", "2020-03-31": "28.89", "2019-12-31": "34.08", "2019-09-30": "32.08", "2019-06-30": "33.05", "2019-03-31": "31.97", "2018-12-31": "28.12", "2018-09-30": "33.60", "2018-06-30": "32.00", "2018-03-31": "29.88", "2017-12-31": "37.22", "2017-09-30": "36.86", "2017-06-30": "34.14", "2017-03-31": "43.43", "2016-12-31": "30.08", "2016-09-30": "32.60", "2016-06-30": "31.34", "2016-03-31": "26.31", "2015-12-31": "27.40", "2015-09-30": "26.17", "2015-06-30": "27.20", "2015-03-31": "28.19", "2014-12-31": "28.20", "2014-09-30": "23.78", "2014-06-30": "23.09", "2014-03-31": "24.42", "2013-12-31": "27.07", "2013-09-30": "24.01", "2013-06-30": "21.19", "2013-03-31": "45.02", "2012-12-31": "40.21", "2012-09-30": "40.53", "2012-06-30": "60.41", "2012-03-31": "18.21", "2011-12-31": "17.60", "2011-09-30": "15.57", "2011-06-30": "15.93", "2011-03-31": "15.31", "2010-12-31": "15.54", "2010-09-30": "17.23", "2010-06-30": "18.05", "2010-03-31": "23.19", "2009-12-31": "23.89", "2009-09-30": "20.54", "2009-06-30": "29.17", "2009-03-31": "33.27", "2008-12-31": "39.54"}, "price sales": {"2021-02-05": "24.03", "2020-12-31": "25.18", "2020-09-30": "22.69", "2020-06-30": "21.01", "2020-03-31": "16.84", "2019-12-31": "20.01", "2019-09-30": "18.82", "2019-06-30": "19.69", "2019-03-31": "18.29", "2018-12-31": "15.81", "2018-09-30": "18.63", "2018-06-30": "17.00", "2018-03-31": "15.97", "2017-12-31": "15.78", "2017-09-30": "14.96", "2017-06-30": "13.79", "2017-03-31": "13.78", "2016-12-31": "12.72", "2016-09-30": "14.26", "2016-06-30": "13.44", "2016-03-31": "14.02", "2015-12-31": "14.49", "2015-09-30": "13.23", "2015-06-30": "13.13", "2015-03-31": "13.20", "2014-12-31": "13.56", "2014-09-30": "11.95", "2014-06-30": "12.15", "2014-03-31": "13.47", "2013-12-31": "15.19", "2013-09-30": "13.44", "2013-06-30": "14.16", "2013-03-31": "13.78", "2012-12-31": "12.81", "2012-09-30": "11.76", "2012-06-30": "11.34", "2012-03-31": "11.21", "2011-12-31": "10.16", "2011-09-30": "9.02", "2011-06-30": "9.26", "2011-03-31": "8.51", "2010-12-31": "8.53", "2010-09-30": "9.43", "2010-06-30": "9.35", "2010-03-31": "12.84", "2009-12-31": "12.99", "2009-09-30": "10.70", "2009-06-30": "10.33", "2009-03-31": "9.44", "2008-12-31": "9.76"}, "price book": {"current": "11.99", "2021-02-05": "10.82", "2020-12-31": "11.33", "2020-09-30": "10.69", "2020-06-30": "10.53", "2020-03-31": "9.04", "2019-12-31": "10.40", "2019-09-30": "9.71", "2019-06-30": "9.77", "2019-03-31": "9.02", "2018-12-31": "7.70", "2018-09-30": "8.82", "2018-06-30": "7.97", "2018-03-31": "7.07", "2017-12-31": "6.92", "2017-09-30": "6.54", "2017-06-30": "6.01", "2017-03-31": "5.94", "2016-12-31": "5.07", "2016-09-30": "5.22", "2016-06-30": "4.73", "2016-03-31": "5.52", "2015-12-31": "5.58", "2015-09-30": "5.00", "2015-06-30": "5.01", "2015-03-31": "4.97", "2014-12-31": "6.86", "2014-09-30": "4.19", "2014-06-30": "5.67", "2014-03-31": "5.83", "2013-12-31": "6.10", "2013-09-30": "5.28", "2013-06-30": "5.06", "2013-03-31": "4.75", "2012-12-31": "4.18", "2012-09-30": "3.72", "2012-06-30": "3.61", "2012-03-31": "3.17", "2011-12-31": "2.84", "2011-09-30": "2.47", "2011-06-30": "2.47", "2011-03-31": "2.18", "2010-12-31": "2.14", "2010-09-30": "2.31", "2010-06-30": "2.23", "2010-03-31": "2.95", "2009-12-31": "2.90", "2009-09-30": "2.33", "2009-06-30": "2.13", "2009-03-31": "1.96", "2008-12-31": "1.88", "2008-09-30": "2.25", "2008-06-30": "2.92", "2008-03-31": "2.28"}, "price fcf": {"2021-02-05": "", "2020-12-31": "$3.80", "2020-09-30": "$3.91", "2020-06-30": "$4.64", "2020-03-31": "$4.75", "2019-12-31": "$5.00", "2019-09-30": "$4.76", "2019-06-30": "$4.52", "2019-03-31": "$4.64", "2018-12-31": "$4.93", "2018-09-30": "$4.73", "2018-06-30": "$4.48", "2018-03-31": "$4.35", "2017-12-31": "$3.40", "2017-09-30": "$3.25", "2017-06-30": "$3.09", "2017-03-31": "$1.89", "2016-12-31": "$2.07", "2016-09-30": "$1.89", "2016-06-30": "$1.61", "2016-03-31": "$2.30", "2015-12-31": "$2.35", "2015-09-30": "$2.27", "2015-06-30": "$2.24", "2015-03-31": "$2.16", "2014-12-31": "$2.59", "2014-09-30": "$2.38", "2014-06-30": "$2.53", "2014-03-31": "$2.41", "2013-12-31": "$2.05", "2013-09-30": "$0.88", "2013-06-30": "$0.50", "2013-03-31": "$0.25", "2012-12-31": "$0.13", "2012-09-30": "$1.20", "2012-06-30": "$1.06", "2012-03-31": "$1.09", "2011-12-31": "$0.94", "2011-09-30": "$0.86", "2011-06-30": "$0.86", "2011-03-31": "$0.80", "2010-12-31": "$0.79", "2010-09-30": "$0.56", "2010-06-30": "$0.32", "2010-03-31": "$0.11", "2009-12-31": "$0.02", "2009-09-30": "$0.05", "2009-06-30": "$0.16", "2009-03-31": "$0.18", "2008-12-31": "$0.05"}, "net worth": {"value": "$407.58B"}, "current ratio": {"current": "2.12", "2020-12-31": "2.12", "2020-09-30": "1.91", "2020-06-30": "1.55", "2020-03-31": "1.25", "2019-12-31": "1.27", "2019-09-30": "1.56", "2019-06-30": "1.69", "2019-03-31": "1.63", "2018-12-31": "1.50", "2018-09-30": "1.61", "2018-06-30": "1.69", "2018-03-31": "1.94", "2017-12-31": "2.07", "2017-09-30": "1.90", "2017-06-30": "1.65", "2017-03-31": "1.52", "2016-12-31": "1.42", "2016-09-30": "1.78", "2016-06-30": "1.85", "2016-03-31": "4.74", "2015-12-31": "4.76", "2015-09-30": "1.87", "2015-06-30": "1.74", "2015-03-31": "1.86", "2014-12-31": "1.70", "2014-09-30": "1.59", "2014-06-30": "1.70", "2014-03-31": "1.72", "2013-12-31": "1.77", "2013-09-30": "1.80", "2013-06-30": "1.89", "2013-03-31": "1.95", "2012-12-31": "1.97", "2012-09-30": "1.48", "2012-06-30": "1.39", "2012-03-31": "2.87", "2011-12-31": "2.82", "2011-09-30": "2.66", "2011-06-30": "2.70", "2011-03-31": "2.77", "2010-12-31": "2.54", "2010-09-30": "2.50", "2010-06-30": "2.83", "2010-03-31": "2.58", "2009-12-31": "2.41", "2009-09-30": "2.08", "2009-06-30": "2.16", "2009-03-31": "1.94", "2008-12-31": "1.75", "2008-09-30": "1.56", "2008-06-30": "1.77", "2008-03-31": "1.73", "2007-12-31": "1.12", "2007-09-30": "0.76", "2007-06-30": "0.00", "2007-03-31": "0.00", "2006-12-31": "0.00"}, "quick ratio": {"2020-12-31": "0.00", "2020-09-30": "0.00", "2020-06-30": "0.00", "2020-03-31": "0.00", "2019-12-31": "0.00", "2019-09-30": "0.00", "2019-06-30": "0.00", "2019-03-31": "0.00", "2018-12-31": "0.00", "2018-09-30": "0.00", "2018-06-30": "0.00", "2018-03-31": "0.00", "2017-12-31": "0.00", "2017-09-30": "0.00", "2017-06-30": "0.00", "2017-03-31": "0.00", "2016-12-31": "0.00", "2016-09-30": "0.00", "2016-06-30": "0.00", "2016-03-31": "0.00", "2015-12-31": "0.00", "2015-09-30": "0.00", "2015-06-30": "0.00", "2015-03-31": "0.00", "2014-12-31": "0.00", "2014-09-30": "0.00", "2014-06-30": "0.00", "2014-03-31": "0.00", "2013-12-31": "0.00", "2013-09-30": "0.00", "2013-06-30": "0.00", "2013-03-31": "0.00", "2012-12-31": "0.00", "2012-09-30": "0.00", "2012-06-30": "0.00", "2012-03-31": "0.00", "2011-12-31": "0.00", "2011-09-30": "0.00", "2011-06-30": "0.00", "2011-03-31": "0.00", "2010-12-31": "0.00", "2010-09-30": "0.00", "2010-06-30": "0.00", "2010-03-31": "0.00", "2009-12-31": "0.00", "2009-09-30": "0.00", "2009-06-30": "0.00", "2009-03-31": "0.00", "2008-12-31": "0.00", "2008-09-30": "0.00", "2008-06-30": "0.00", "2008-03-31": "0.00", "2007-12-31": "0.00", "2007-09-30": "0.00", "2007-06-30": "0.00", "2007-03-31": "0.00", "2006-12-31": "0.00"}, "debt equity ratio": {"current": "0.62", "2020-12-31": "1.14", "2020-09-30": "1.24", "2020-06-30": "1.19", "2020-03-31": "1.11", "2019-12-31": "1.12", "2019-09-30": "1.09", "2019-06-30": "1.01", "2019-03-31": "1.04", "2018-12-31": "1.10", "2018-09-30": "1.04", "2018-06-30": "1.05", "2018-03-31": "1.03", "2017-12-31": "1.01", "2017-09-30": "1.08", "2017-06-30": "1.00", "2017-03-31": "1.05", "2016-12-31": "1.00", "2016-09-30": "0.95", "2016-06-30": "0.95", "2016-03-31": "0.87", "2015-12-31": "0.87", "2015-09-30": "0.32", "2015-06-30": "0.38", "2015-03-31": "0.38", "2014-12-31": "0.39", "2014-09-30": "0.41", "2014-06-30": "0.38", "2014-03-31": "0.37", "2013-12-31": "0.34", "2013-09-30": "0.34", "2013-06-30": "0.31", "2013-03-31": "0.30", "2012-12-31": "0.30", "2012-09-30": "0.45", "2012-06-30": "0.48", "2012-03-31": "0.29", "2011-12-31": "0.31", "2011-09-30": "0.32", "2011-06-30": "0.32", "2011-03-31": "0.32", "2010-12-31": "0.33", "2010-09-30": "0.34", "2010-06-30": "0.33", "2010-03-31": "0.34", "2009-12-31": "0.35", "2009-09-30": "0.39", "2009-06-30": "0.43", "2009-03-31": "0.45", "2008-12-31": "0.47", "2008-09-30": "0.66", "2008-06-30": "0.60", "2008-03-31": "0.60", "2007-12-31": "0.66", "2007-09-30": "-9.76", "2007-06-30": "0.00", "2007-03-31": "0.00", "2006-12-31": "0.00"}, "return on equity": {"2020-12-31": "29.78%", "2020-09-30": "30.70%", "2020-06-30": "33.57%", "2020-03-31": "35.78%", "2019-12-31": "35.55%", "2019-09-30": "35.00%", "2019-06-30": "34.65%", "2019-03-31": "32.80%", "2018-12-31": "31.75%", "2018-09-30": "30.56%", "2018-06-30": "28.73%", "2018-03-31": "28.22%", "2017-12-31": "22.19%", "2017-09-30": "21.06%", "2017-06-30": "20.38%", "2017-03-31": "15.11%", "2016-12-31": "19.34%", "2016-09-30": "19.27%", "2016-06-30": "18.38%", "2016-03-31": "23.43%", "2015-12-31": "23.07%", "2015-09-30": "22.08%", "2015-06-30": "20.99%", "2015-03-31": "20.03%", "2014-12-31": "20.38%", "2014-09-30": "19.95%", "2014-06-30": "20.49%", "2014-03-31": "20.05%", "2013-12-31": "18.90%", "2013-09-30": "18.38%", "2013-06-30": "19.98%", "2013-03-31": "8.81%", "2012-12-31": "8.76%", "2012-09-30": "7.82%", "2012-06-30": "5.03%", "2012-03-31": "15.53%", "2011-12-31": "14.33%", "2011-09-30": "14.01%", "2011-06-30": "13.79%", "2011-03-31": "12.84%", "2010-12-31": "12.44%", "2010-09-30": "12.21%", "2010-06-30": "11.35%", "2010-03-31": "11.64%", "2009-12-31": "11.10%", "2009-09-30": "10.49%", "2009-06-30": "6.76%", "2009-03-31": "5.44%", "2008-12-31": "4.46%", "2008-09-30": "3.99%", "2008-06-30": "-3.56%", "2008-03-31": "-7.73%", "2007-12-31": "-21.14%", "2007-09-30": "859.08%"}, "return on assets": {"2020-12-31": "13.74%", "2020-09-30": "14.19%", "2020-06-30": "15.77%", "2020-03-31": "17.19%", "2019-12-31": "17.22%", "2019-09-30": "16.99%", "2019-06-30": "16.94%", "2019-03-31": "15.96%", "2018-12-31": "15.47%", "2018-09-30": "15.06%", "2018-06-30": "14.09%", "2018-03-31": "13.91%", "2017-12-31": "10.90%", "2017-09-30": "10.36%", "2017-06-30": "10.20%", "2017-03-31": "7.61%", "2016-12-31": "9.97%", "2016-09-30": "10.10%", "2016-06-30": "10.49%", "2016-03-31": "14.58%", "2015-12-31": "15.53%", "2015-09-30": "16.17%", "2015-06-30": "15.13%", "2015-03-31": "14.42%", "2014-12-31": "14.70%", "2014-09-30": "14.53%", "2014-06-30": "15.11%", "2014-03-31": "14.98%", "2013-12-31": "14.29%", "2013-09-30": "14.01%", "2013-06-30": "14.91%", "2013-03-31": "6.38%", "2012-12-31": "6.36%", "2012-09-30": "5.67%", "2012-06-30": "3.73%", "2012-03-31": "11.86%", "2011-12-31": "10.89%", "2011-09-30": "10.61%", "2011-06-30": "10.40%", "2011-03-31": "9.68%", "2010-12-31": "9.34%", "2010-09-30": "9.13%", "2010-06-30": "8.41%", "2010-03-31": "8.45%", "2009-12-31": "7.91%", "2009-09-30": "7.31%", "2009-06-30": "4.51%", "2009-03-31": "3.53%", "2008-12-31": "2.82%", "2008-09-30": "2.45%", "2008-06-30": "-2.09%", "2008-03-31": "-4.38%", "2007-12-31": "-10.67%", "2007-09-30": "-98.04%"}, "return on investments": {"2020-12-31": "25.53%", "2020-09-30": "27.06%", "2020-06-30": "29.02%", "2020-03-31": "31.08%", "2019-12-31": "30.15%", "2019-09-30": "29.31%", "2019-06-30": "28.77%", "2019-03-31": "27.00%", "2018-12-31": "26.42%", "2018-09-30": "25.74%", "2018-06-30": "25.51%", "2018-03-31": "26.30%", "2017-12-31": "25.99%", "2017-09-30": "26.08%", "2017-06-30": "24.90%", "2017-03-31": "19.04%", "2016-12-31": "18.23%", "2016-09-30": "16.78%", "2016-06-30": "21.69%", "2016-03-31": "41.50%", "2015-12-31": "81.34%", "2015-09-30": "inf%", "2015-06-30": "inf%", "2015-03-31": "inf%", "2014-12-31": "inf%", "2014-09-30": "inf%", "2014-06-30": "inf%", "2014-03-31": "inf%", "2013-12-31": "inf%", "2013-09-30": "inf%", "2013-06-30": "inf%", "2013-03-31": "inf%", "2012-12-31": "inf%", "2012-09-30": "inf%", "2012-06-30": "inf%", "2012-03-31": "90.99%", "2011-12-31": "43.70%", "2011-09-30": "28.04%", "2011-06-30": "20.25%", "2011-03-31": "19.70%", "2010-12-31": "19.07%", "2010-09-30": "18.86%", "2010-06-30": "18.20%", "2010-03-31": "17.22%", "2009-12-31": "16.52%", "2009-09-30": "15.73%", "2009-06-30": "10.13%", "2009-03-31": "9.47%", "2008-12-31": "7.09%", "2008-09-30": "6.10%", "2008-06-30": "-4.62%", "2008-03-31": "-10.55%", "2007-12-31": "-25.78%", "2007-09-30": "inf%"}, "return on tangible equity": {"2020-12-31": "-142.09%", "2020-09-30": "-141.22%", "2020-06-30": "-151.56%", "2020-03-31": "-160.25%", "2019-12-31": "-160.95%", "2019-09-30": "-153.51%", "2019-06-30": "-146.60%", "2019-03-31": "-129.42%", "2018-12-31": "-118.13%", "2018-09-30": "-108.61%", "2018-06-30": "-97.45%", "2018-03-31": "-92.66%", "2017-12-31": "-69.91%", "2017-09-30": "-66.02%", "2017-06-30": "-65.26%", "2017-03-31": "-50.07%", "2016-12-31": "-109.92%", "2016-09-30": "-373.27%", "2016-06-30": "231.59%", "2016-03-31": "112.66%", "2015-12-31": "114.09%", "2015-09-30": "115.15%", "2015-06-30": "120.34%", "2015-03-31": "121.58%", "2014-12-31": "128.31%", "2014-09-30": "130.54%", "2014-06-30": "136.77%", "2014-03-31": "134.81%", "2013-12-31": "130.45%", "2013-09-30": "123.53%", "2013-06-30": "129.64%", "2013-03-31": "60.02%", "2012-12-31": "55.07%", "2012-09-30": "49.97%", "2012-06-30": "34.12%", "2012-03-31": "106.08%", "2011-12-31": "112.07%", "2011-09-30": "121.67%", "2011-06-30": "131.80%", "2011-03-31": "114.07%", "2010-12-31": "110.17%", "2010-09-30": "108.25%", "2010-06-30": "98.64%", "2010-03-31": "119.75%", "2009-12-31": "141.03%", "2009-09-30": "175.34%", "2009-06-30": "179.16%", "2009-03-31": "219.81%", "2008-12-31": "316.68%", "2008-09-30": "-125.58%", "2008-06-30": "67.46%", "2008-03-31": "79.58%", "2007-12-31": "92.08%", "2007-09-30": "859.08%"}, "dividend yield history": {"last payout": "$1.28", "last yield": "0.61%"}}