{"ticker": "VST", "price": {"title": "Vistra Energy Historical Annual Stock Price Data", "value": 21.05, "historical": {"2020": {"Average Stock Price": "19.1565", "Year Open": "22.8400", "Year High": "23.4300", "Year Low": "12.6000", "Year Close": "19.6600", "Annual % Change": "-14.48%"}, "2019": {"Average Stock Price": "24.9671", "Year Open": "22.3800", "Year High": "27.3700", "Year Low": "21.4300", "Year Close": "22.9900", "Annual % Change": "0.44%"}, "2018": {"Average Stock Price": "22.2504", "Year Open": "18.4200", "Year High": "25.6200", "Year Low": "17.4600", "Year Close": "22.8900", "Annual % Change": "24.95%"}, "2017": {"Average Stock Price": "17.5004", "Year Open": "15.3200", "Year High": "20.4900", "Year Low": "14.7700", "Year Close": "18.3200", "Annual % Change": "0.00%"}}}, "market cap": {"value": "$10.3B"}, "income statement": {"Revenue": {"2019-12-31": "11809.00000", "2018-12-31": "9144.00000", "2017-12-31": "5430.00000", "2016-12-31": "5164.00000", "2015-12-31": "5370.00000", "2014-12-31": "5978.00000"}, "Cost Of Goods Sold": {"2019-12-31": "7272.00000", "2018-12-31": "6333.00000", "2017-12-31": "3908.00000", "2016-12-31": "3674.00000", "2015-12-31": "3526.00000", "2014-12-31": "3756.00000"}, "Gross Profit": {"2019-12-31": "4537.00000", "2018-12-31": "2811.00000", "2017-12-31": "1522.00000", "2016-12-31": "1490.00000", "2015-12-31": "1844.00000", "2014-12-31": "2222.00000"}, "Research And Development Expenses": {"2019-12-31": "", "2018-12-31": "", "2017-12-31": "", "2016-12-31": "", "2015-12-31": "", "2014-12-31": ""}, "SG&A Expenses": {"2019-12-31": "904.00000", "2018-12-31": "926.00000", "2017-12-31": "600.00000", "2016-12-31": "690.00000", "2015-12-31": "676.00000", "2014-12-31": "708.00000"}, "Other Operating Income Or Expenses": {"2019-12-31": "", "2018-12-31": "", "2017-12-31": "-25.00000", "2016-12-31": "282.00000", "2015-12-31": "-2207.00000", "2014-12-31": "-4659.00000"}, "Operating Expenses": {"2019-12-31": "9816.00000", "2018-12-31": "8653.00000", "2017-12-31": "5232.00000", "2016-12-31": "4757.00000", "2015-12-31": "9461.00000", "2014-12-31": "11993.00000"}, "Operating Income": {"2019-12-31": "1993.00000", "2018-12-31": "491.00000", "2017-12-31": "198.00000", "2016-12-31": "407.00000", "2015-12-31": "-4091.00000", "2014-12-31": "-6015.00000"}, "Total Non-Operating Income/Expense": {"2019-12-31": "-777.00000", "2018-12-31": "-592.00000", "2017-12-31": "52.00000", "2016-12-31": "20944.00000", "2015-12-31": "-1465.00000", "2014-12-31": "-2534.00000"}, "Pre-Tax Income": {"2019-12-31": "1216.00000", "2018-12-31": "-101.00000", "2017-12-31": "250.00000", "2016-12-31": "21351.00000", "2015-12-31": "-5556.00000", "2014-12-31": "-8549.00000"}, "Income Taxes": {"2019-12-31": "290.00000", "2018-12-31": "-45.00000", "2017-12-31": "504.00000", "2016-12-31": "-1337.00000", "2015-12-31": "-879.00000", "2014-12-31": "-2320.00000"}, "Income After Taxes": {"2019-12-31": "926.00000", "2018-12-31": "-56.00000", "2017-12-31": "-254.00000", "2016-12-31": "22688.00000", "2015-12-31": "-4677.00000", "2014-12-31": "-6229.00000"}, "Other Income": {"2019-12-31": "", "2018-12-31": "", "2017-12-31": "", "2016-12-31": "", "2015-12-31": "", "2014-12-31": ""}, "Income From Continuous Operations": {"2019-12-31": "926.00000", "2018-12-31": "-56.00000", "2017-12-31": "-254.00000", "2016-12-31": "22688.00000", "2015-12-31": "-4677.00000", "2014-12-31": "-6229.00000"}, "Income From Discontinued Operations": {"2019-12-31": "", "2018-12-31": "", "2017-12-31": "", "2016-12-31": "", "2015-12-31": "", "2014-12-31": ""}, "Net Income": {"2019-12-31": "928.00000", "2018-12-31": "-54.00000", "2017-12-31": "-254.00000", "2016-12-31": "22688.00000", "2015-12-31": "-4677.00000", "2014-12-31": "-6229.00000"}, "EBITDA": {"2019-12-31": "3869.00000", "2018-12-31": "2024.00000", "2017-12-31": "1033.00000", "2016-12-31": "1224.00000", "2015-12-31": "-896.00000", "2014-12-31": "-2887.00000"}, "EBIT": {"2019-12-31": "1993.00000", "2018-12-31": "491.00000", "2017-12-31": "198.00000", "2016-12-31": "407.00000", "2015-12-31": "-4091.00000", "2014-12-31": "-6015.00000"}, "Basic Shares Outstanding": {"2019-12-31": "494.14600", "2018-12-31": "504.95400", "2017-12-31": "427.76100", "2016-12-31": "427.56100", "2015-12-31": "", "2014-12-31": ""}, "Shares Outstanding": {"2019-12-31": "499.93500", "2018-12-31": "504.95400", "2017-12-31": "427.76100", "2016-12-31": "427.56100", "2015-12-31": "", "2014-12-31": ""}, "Basic EPS": {"2019-12-31": "1.88000", "2018-12-31": "-0.11000", "2017-12-31": "-0.59000", "2016-12-31": "53.06400", "2015-12-31": "", "2014-12-31": ""}, "EPS - Earnings Per Share": {"2019-12-31": "1.86000", "2018-12-31": "-0.11000", "2017-12-31": "-0.59000", "2016-12-31": "53.06400", "2015-12-31": "0.00000", "2014-12-31": "0.00000"}}, "income statement, quarterly": {"Revenue": {"2020-09-30": "3552.00000", "2020-06-30": "2509.00000", "2020-03-31": "2858.00000", "2019-12-31": "2860.00000", "2019-09-30": "3194.00000", "2019-06-30": "2832.00000", "2019-03-31": "2923.00000", "2018-12-31": "2562.00000", "2018-09-30": "3243.00000", "2018-06-30": "2574.00000", "2018-03-31": "765.00000", "2017-12-31": "944.00000", "2017-09-30": "1833.00000", "2017-06-30": "1296.00000", "2017-03-31": "1357.00000", "2016-12-31": "1192.00000", "2016-09-30": "1690.00000", "2016-06-30": "1233.00000", "2016-03-31": "1049.00000", "2015-12-31": "", "2014-12-31": ""}, "Cost Of Goods Sold": {"2020-09-30": "1926.00000", "2020-06-30": "1441.00000", "2020-03-31": "1712.00000", "2019-12-31": "1833.00000", "2019-09-30": "2084.00000", "2019-06-30": "1509.00000", "2019-03-31": "1846.00000", "2018-12-31": "1914.00000", "2018-09-30": "1973.00000", "2018-06-30": "1602.00000", "2018-03-31": "844.00000", "2017-12-31": "1031.00000", "2017-09-30": "1056.00000", "2017-06-30": "924.00000", "2017-03-31": "897.00000", "2016-12-31": "928.00000", "2016-09-30": "1064.00000", "2016-06-30": "909.00000", "2016-03-31": "773.00000", "2015-12-31": "", "2014-12-31": ""}, "Gross Profit": {"2020-09-30": "1626.00000", "2020-06-30": "1068.00000", "2020-03-31": "1146.00000", "2019-12-31": "1027.00000", "2019-09-30": "1110.00000", "2019-06-30": "1323.00000", "2019-03-31": "1077.00000", "2018-12-31": "648.00000", "2018-09-30": "1270.00000", "2018-06-30": "972.00000", "2018-03-31": "-79.00000", "2017-12-31": "-87.00000", "2017-09-30": "777.00000", "2017-06-30": "372.00000", "2017-03-31": "460.00000", "2016-12-31": "264.00000", "2016-09-30": "626.00000", "2016-06-30": "324.00000", "2016-03-31": "276.00000", "2015-12-31": "", "2014-12-31": ""}, "Research And Development Expenses": {"2020-09-30": "", "2020-06-30": "", "2020-03-31": "", "2019-12-31": "", "2019-09-30": "", "2019-06-30": "", "2019-03-31": "", "2018-12-31": "", "2018-09-30": "", "2018-06-30": "", "2018-03-31": "", "2017-12-31": "", "2017-09-30": "", "2017-06-30": "", "2017-03-31": "", "2016-12-31": "0.00000", "2016-09-30": "", "2016-06-30": "", "2016-03-31": "", "2015-12-31": "", "2014-12-31": ""}, "SG&A Expenses": {"2020-09-30": "268.00000", "2020-06-30": "236.00000", "2020-03-31": "252.00000", "2019-12-31": "266.00000", "2019-09-30": "246.00000", "2019-06-30": "210.00000", "2019-03-31": "182.00000", "2018-12-31": "218.00000", "2018-09-30": "194.00000", "2018-06-30": "352.00000", "2018-03-31": "162.00000", "2017-12-31": "171.00000", "2017-09-30": "147.00000", "2017-06-30": "147.00000", "2017-03-31": "135.00000", "2016-12-31": "209.00000", "2016-09-30": "165.00000", "2016-06-30": "154.00000", "2016-03-31": "162.00000", "2015-12-31": "", "2014-12-31": ""}, "Other Operating Income Or Expenses": {"2020-09-30": "-272.00000", "2020-06-30": "", "2020-03-31": "-84.00000", "2019-12-31": "", "2019-09-30": "", "2019-06-30": "", "2019-03-31": "", "2018-12-31": "", "2018-09-30": "", "2018-06-30": "", "2018-03-31": "", "2017-12-31": "", "2017-09-30": "", "2017-06-30": "", "2017-03-31": "", "2016-12-31": "", "2016-09-30": "336.00000", "2016-06-30": "-118.00000", "2016-03-31": "64.00000", "2015-12-31": "", "2014-12-31": ""}, "Operating Expenses": {"2020-09-30": "2876.00000", "2020-06-30": "2132.00000", "2020-03-31": "2467.00000", "2019-12-31": "2526.00000", "2019-09-30": "2754.00000", "2019-06-30": "2103.00000", "2019-03-31": "2433.00000", "2018-12-31": "2558.00000", "2018-09-30": "2593.00000", "2018-06-30": "2343.00000", "2018-03-31": "1159.00000", "2017-12-31": "1406.00000", "2017-09-30": "1381.00000", "2017-06-30": "1243.00000", "2017-03-31": "1202.00000", "2016-12-31": "1352.00000", "2016-09-30": "1050.00000", "2016-06-30": "1345.00000", "2016-03-31": "1010.00000", "2015-12-31": "", "2014-12-31": ""}, "Operating Income": {"2020-09-30": "676.00000", "2020-06-30": "377.00000", "2020-03-31": "391.00000", "2019-12-31": "334.00000", "2019-09-30": "440.00000", "2019-06-30": "729.00000", "2019-03-31": "490.00000", "2018-12-31": "4.00000", "2018-09-30": "650.00000", "2018-06-30": "231.00000", "2018-03-31": "-394.00000", "2017-12-31": "-462.00000", "2017-09-30": "452.00000", "2017-06-30": "53.00000", "2017-03-31": "155.00000", "2016-12-31": "-160.00000", "2016-09-30": "640.00000", "2016-06-30": "-112.00000", "2016-03-31": "39.00000", "2015-12-31": "", "2014-12-31": ""}, "Total Non-Operating Income/Expense": {"2020-09-30": "-35.00000", "2020-06-30": "-145.00000", "2020-03-31": "-329.00000", "2019-12-31": "-80.00000", "2019-09-30": "-281.00000", "2019-06-30": "-227.00000", "2019-03-31": "-189.00000", "2018-12-31": "-266.00000", "2018-09-30": "-125.00000", "2018-06-30": "-200.00000", "2018-03-31": "-1.00000", "2017-12-31": "103.00000", "2017-09-30": "72.00000", "2017-06-30": "-87.00000", "2017-03-31": "-36.00000", "2016-12-31": "22164.00000", "2016-09-30": "-456.00000", "2016-06-30": "-388.00000", "2016-03-31": "-376.00000", "2015-12-31": "", "2014-12-31": ""}, "Pre-Tax Income": {"2020-09-30": "641.00000", "2020-06-30": "232.00000", "2020-03-31": "62.00000", "2019-12-31": "254.00000", "2019-09-30": "159.00000", "2019-06-30": "502.00000", "2019-03-31": "301.00000", "2018-12-31": "-262.00000", "2018-09-30": "525.00000", "2018-06-30": "31.00000", "2018-03-31": "-395.00000", "2017-12-31": "-359.00000", "2017-09-30": "524.00000", "2017-06-30": "-34.00000", "2017-03-31": "119.00000", "2016-12-31": "22004.00000", "2016-09-30": "184.00000", "2016-06-30": "-500.00000", "2016-03-31": "-337.00000", "2015-12-31": "", "2014-12-31": ""}, "Income Taxes": {"2020-09-30": "199.00000", "2020-06-30": "68.00000", "2020-03-31": "17.00000", "2019-12-31": "20.00000", "2019-09-30": "45.00000", "2019-06-30": "148.00000", "2019-03-31": "77.00000", "2018-12-31": "-76.00000", "2018-09-30": "194.00000", "2018-06-30": "-74.00000", "2018-03-31": "-89.00000", "2017-12-31": "220.00000", "2017-09-30": "251.00000", "2017-06-30": "-8.00000", "2017-03-31": "41.00000", "2016-12-31": "-1339.00000", "2016-09-30": "-3.00000", "2016-06-30": "-1.00000", "2016-03-31": "6.00000", "2015-12-31": "", "2014-12-31": ""}, "Income After Taxes": {"2020-09-30": "442.00000", "2020-06-30": "164.00000", "2020-03-31": "45.00000", "2019-12-31": "234.00000", "2019-09-30": "114.00000", "2019-06-30": "354.00000", "2019-03-31": "224.00000", "2018-12-31": "-186.00000", "2018-09-30": "331.00000", "2018-06-30": "105.00000", "2018-03-31": "-306.00000", "2017-12-31": "-579.00000", "2017-09-30": "273.00000", "2017-06-30": "-26.00000", "2017-03-31": "78.00000", "2016-12-31": "23343.00000", "2016-09-30": "187.00000", "2016-06-30": "-499.00000", "2016-03-31": "-343.00000", "2015-12-31": "", "2014-12-31": ""}, "Other Income": {"2020-09-30": "", "2020-06-30": "", "2020-03-31": "", "2019-12-31": "", "2019-09-30": "", "2019-06-30": "", "2019-03-31": "", "2018-12-31": "", "2018-09-30": "", "2018-06-30": "", "2018-03-31": "", "2017-12-31": "", "2017-09-30": "", "2017-06-30": "", "2017-03-31": "", "2016-12-31": "", "2016-09-30": "", "2016-06-30": "", "2016-03-31": "", "2015-12-31": "", "2014-12-31": ""}, "Income From Continuous Operations": {"2020-09-30": "442.00000", "2020-06-30": "164.00000", "2020-03-31": "45.00000", "2019-12-31": "234.00000", "2019-09-30": "114.00000", "2019-06-30": "354.00000", "2019-03-31": "224.00000", "2018-12-31": "-186.00000", "2018-09-30": "331.00000", "2018-06-30": "105.00000", "2018-03-31": "-306.00000", "2017-12-31": "-579.00000", "2017-09-30": "273.00000", "2017-06-30": "-26.00000", "2017-03-31": "78.00000", "2016-12-31": "23343.00000", "2016-09-30": "187.00000", "2016-06-30": "-499.00000", "2016-03-31": "-343.00000", "2015-12-31": "", "2014-12-31": ""}, "Income From Discontinued Operations": {"2020-09-30": "", "2020-06-30": "", "2020-03-31": "", "2019-12-31": "", "2019-09-30": "", "2019-06-30": "", "2019-03-31": "", "2018-12-31": "", "2018-09-30": "", "2018-06-30": "", "2018-03-31": "", "2017-12-31": "", "2017-09-30": "", "2017-06-30": "", "2017-03-31": "", "2016-12-31": "0.00000", "2016-09-30": "", "2016-06-30": "", "2016-03-31": "", "2015-12-31": "", "2014-12-31": ""}, "Net Income": {"2020-09-30": "443.00000", "2020-06-30": "166.00000", "2020-03-31": "56.00000", "2019-12-31": "234.00000", "2019-09-30": "113.00000", "2019-06-30": "356.00000", "2019-03-31": "225.00000", "2018-12-31": "-186.00000", "2018-09-30": "330.00000", "2018-06-30": "108.00000", "2018-03-31": "-306.00000", "2017-12-31": "-579.00000", "2017-09-30": "273.00000", "2017-06-30": "-26.00000", "2017-03-31": "78.00000", "2016-12-31": "23343.00000", "2016-09-30": "187.00000", "2016-06-30": "-499.00000", "2016-03-31": "-343.00000", "2015-12-31": "", "2014-12-31": ""}, "EBITDA": {"2020-09-30": "1166.00000", "2020-06-30": "910.00000", "2020-03-31": "880.00000", "2019-12-31": "816.00000", "2019-09-30": "948.00000", "2019-06-30": "1154.00000", "2019-03-31": "951.00000", "2018-12-31": "467.00000", "2018-09-30": "1101.00000", "2018-06-30": "670.00000", "2018-03-31": "-214.00000", "2017-12-31": "-248.00000", "2017-09-30": "636.00000", "2017-06-30": "264.00000", "2017-03-31": "381.00000", "2016-12-31": "125.00000", "2016-09-30": "823.00000", "2016-06-30": "70.00000", "2016-03-31": "206.00000", "2015-12-31": "", "2014-12-31": ""}, "EBIT": {"2020-09-30": "676.00000", "2020-06-30": "377.00000", "2020-03-31": "391.00000", "2019-12-31": "334.00000", "2019-09-30": "440.00000", "2019-06-30": "729.00000", "2019-03-31": "490.00000", "2018-12-31": "4.00000", "2018-09-30": "650.00000", "2018-06-30": "231.00000", "2018-03-31": "-394.00000", "2017-12-31": "-462.00000", "2017-09-30": "452.00000", "2017-06-30": "53.00000", "2017-03-31": "155.00000", "2016-12-31": "-160.00000", "2016-09-30": "640.00000", "2016-06-30": "-112.00000", "2016-03-31": "39.00000", "2015-12-31": "", "2014-12-31": ""}, "Basic Shares Outstanding": {"2020-09-30": "488.82460", "2020-06-30": "488.68000", "2020-03-31": "487.94500", "2019-12-31": "494.14600", "2019-09-30": "490.56220", "2019-06-30": "499.77800", "2019-03-31": "502.36700", "2018-12-31": "504.95400", "2018-09-30": "533.14200", "2018-06-30": "526.33300", "2018-03-31": "428.45000", "2017-12-31": "427.76100", "2017-09-30": "427.59100", "2017-06-30": "427.58700", "2017-03-31": "427.58300", "2016-12-31": "427.56100", "2016-09-30": "427.58700", "2016-06-30": "", "2016-03-31": "", "2015-12-31": "", "2014-12-31": ""}, "Shares Outstanding": {"2020-09-30": "491.02590", "2020-06-30": "490.46900", "2020-03-31": "490.63900", "2019-12-31": "499.93500", "2019-09-30": "493.67030", "2019-06-30": "507.50000", "2019-03-31": "509.14000", "2018-12-31": "504.95400", "2018-09-30": "540.97300", "2018-06-30": "533.78700", "2018-03-31": "428.45000", "2017-12-31": "427.76100", "2017-09-30": "428.31200", "2017-06-30": "427.58700", "2017-03-31": "427.80000", "2016-12-31": "427.56100", "2016-09-30": "428.00200", "2016-06-30": "", "2016-03-31": "", "2015-12-31": "", "2014-12-31": ""}, "Basic EPS": {"2020-09-30": "0.91000", "2020-06-30": "0.34000", "2020-03-31": "0.11000", "2019-12-31": "0.49000", "2019-09-30": "0.23000", "2019-06-30": "0.71000", "2019-03-31": "0.45000", "2018-12-31": "-0.23000", "2018-09-30": "0.62000", "2018-06-30": "0.21000", "2018-03-31": "-0.71000", "2017-12-31": "-1.35000", "2017-09-30": "0.64000", "2017-06-30": "-0.06000", "2017-03-31": "0.18000", "2016-12-31": "52.62670", "2016-09-30": "0.43730", "2016-06-30": "", "2016-03-31": "", "2015-12-31": "", "2014-12-31": ""}, "EPS - Earnings Per Share": {"2020-09-30": "0.90000", "2020-06-30": "0.34000", "2020-03-31": "0.11000", "2019-12-31": "0.49000", "2019-09-30": "0.23000", "2019-06-30": "0.70000", "2019-03-31": "0.44000", "2018-12-31": "-0.21000", "2018-09-30": "0.61000", "2018-06-30": "0.20000", "2018-03-31": "-0.71000", "2017-12-31": "-1.35000", "2017-09-30": "0.64000", "2017-06-30": "-0.06000", "2017-03-31": "0.18000", "2016-12-31": "52.62710", "2016-09-30": "0.43690", "2016-06-30": "0.00000", "2016-03-31": "0.00000", "2015-12-31": "0.00000", "2014-12-31": "0.00000"}}, "balance sheet": {"Cash On Hand": {"2019-12-31": "447.00000", "2018-12-31": "693.00000", "2017-12-31": "1546.00000", "2016-12-31": "938.00000", "2015-12-31": "1919.00000", "2014-12-31": ""}, "Receivables": {"2019-12-31": "1365.00000", "2018-12-31": "1087.00000", "2017-12-31": "582.00000", "2016-12-31": "612.00000", "2015-12-31": "533.00000", "2014-12-31": ""}, "Inventory": {"2019-12-31": "469.00000", "2018-12-31": "412.00000", "2017-12-31": "253.00000", "2016-12-31": "285.00000", "2015-12-31": "428.00000", "2014-12-31": ""}, "Pre-Paid Expenses": {"2019-12-31": "", "2018-12-31": "", "2017-12-31": "", "2016-12-31": "", "2015-12-31": "", "2014-12-31": ""}, "Other Current Assets": {"2019-12-31": "1833.00000", "2018-12-31": "1243.00000", "2017-12-31": "292.00000", "2016-12-31": "638.00000", "2015-12-31": "570.00000", "2014-12-31": ""}, "Total Current Assets": {"2019-12-31": "4114.00000", "2018-12-31": "3435.00000", "2017-12-31": "2673.00000", "2016-12-31": "2473.00000", "2015-12-31": "3450.00000", "2014-12-31": ""}, "Property, Plant, And Equipment": {"2019-12-31": "13914.00000", "2018-12-31": "14612.00000", "2017-12-31": "4820.00000", "2016-12-31": "4443.00000", "2015-12-31": "9349.00000", "2014-12-31": ""}, "Long-Term Investments": {"2019-12-31": "1661.00000", "2018-12-31": "1381.00000", "2017-12-31": "1240.00000", "2016-12-31": "1064.00000", "2015-12-31": "962.00000", "2014-12-31": ""}, "Goodwill And Intangible Assets": {"2019-12-31": "5301.00000", "2018-12-31": "4561.00000", "2017-12-31": "4437.00000", "2016-12-31": "5112.00000", "2015-12-31": "1331.00000", "2014-12-31": "0.00000"}, "Other Long-Term Assets": {"2019-12-31": "516.00000", "2018-12-31": "699.00000", "2017-12-31": "720.00000", "2016-12-31": "953.00000", "2015-12-31": "566.00000", "2014-12-31": ""}, "Total Long-Term Assets": {"2019-12-31": "22458.00000", "2018-12-31": "22589.00000", "2017-12-31": "11927.00000", "2016-12-31": "12694.00000", "2015-12-31": "12208.00000", "2014-12-31": ""}, "Total Assets": {"2019-12-31": "26616.00000", "2018-12-31": "26024.00000", "2017-12-31": "14600.00000", "2016-12-31": "15167.00000", "2015-12-31": "15658.00000", "2014-12-31": "0.00000"}, "Total Current Liabilities": {"2019-12-31": "4574.00000", "2018-12-31": "3625.00000", "2017-12-31": "1351.00000", "2016-12-31": "1504.00000", "2015-12-31": "2812.00000", "2014-12-31": ""}, "Long Term Debt": {"2019-12-31": "10102.00000", "2018-12-31": "10874.00000", "2017-12-31": "4379.00000", "2016-12-31": "4577.00000", "2015-12-31": "3.00000", "2014-12-31": ""}, "Other Non-Current Liabilities": {"2019-12-31": "3937.00000", "2018-12-31": "3648.00000", "2017-12-31": "2528.00000", "2016-12-31": "2489.00000", "2015-12-31": "35514.00000", "2014-12-31": ""}, "Total Long Term Liabilities": {"2019-12-31": "14082.00000", "2018-12-31": "14532.00000", "2017-12-31": "6907.00000", "2016-12-31": "7066.00000", "2015-12-31": "35730.00000", "2014-12-31": ""}, "Total Liabilities": {"2019-12-31": "18656.00000", "2018-12-31": "18157.00000", "2017-12-31": "8258.00000", "2016-12-31": "8570.00000", "2015-12-31": "38542.00000", "2014-12-31": "0.00000"}, "Common Stock Net": {"2019-12-31": "5.00000", "2018-12-31": "5.00000", "2017-12-31": "4.00000", "2016-12-31": "4.00000", "2015-12-31": "", "2014-12-31": "0.00000"}, "Retained Earnings (Accumulated Deficit)": {"2019-12-31": "-764.00000", "2018-12-31": "-1449.00000", "2017-12-31": "-1410.00000", "2016-12-31": "-1155.00000", "2015-12-31": "", "2014-12-31": ""}, "Comprehensive Income": {"2019-12-31": "-30.00000", "2018-12-31": "-22.00000", "2017-12-31": "-17.00000", "2016-12-31": "6.00000", "2015-12-31": "-22884.00000", "2014-12-31": ""}, "Other Share Holders Equity": {"2019-12-31": "", "2018-12-31": "", "2017-12-31": "", "2016-12-31": "", "2015-12-31": "", "2014-12-31": "0.00000"}, "Share Holder Equity": {"2019-12-31": "7960.00000", "2018-12-31": "7867.00000", "2017-12-31": "6342.00000", "2016-12-31": "6597.00000", "2015-12-31": "-22884.00000", "2014-12-31": "0.00000"}, "Total Liabilities And Share Holders Equity": {"2019-12-31": "26616.00000", "2018-12-31": "26024.00000", "2017-12-31": "14600.00000", "2016-12-31": "15167.00000", "2015-12-31": "15658.00000", "2014-12-31": "0.00000"}}, "balance sheet, quarterly": {"Cash On Hand": {"2020-09-30": "528.00000", "2020-06-30": "409.00000", "2020-03-31": "767.00000", "2019-12-31": "447.00000", "2019-09-30": "753.00000", "2019-06-30": "1006.00000", "2019-03-31": "588.00000", "2018-12-31": "693.00000", "2018-09-30": "870.00000", "2018-06-30": "816.00000", "2018-03-31": "1438.00000", "2017-12-31": "1546.00000", "2017-09-30": "1115.00000", "2017-06-30": "1050.00000", "2017-03-31": "1010.00000", "2016-12-31": "938.00000", "2016-09-30": "", "2016-06-30": "", "2016-03-31": "", "2015-12-31": "1919.00000", "2014-12-31": ""}, "Receivables": {"2020-09-30": "1372.00000", "2020-06-30": "1272.00000", "2020-03-31": "1097.00000", "2019-12-31": "1365.00000", "2019-09-30": "1419.00000", "2019-06-30": "1101.00000", "2019-03-31": "1000.00000", "2018-12-31": "1087.00000", "2018-09-30": "1255.00000", "2018-06-30": "1160.00000", "2018-03-31": "463.00000", "2017-12-31": "582.00000", "2017-09-30": "717.00000", "2017-06-30": "651.00000", "2017-03-31": "482.00000", "2016-12-31": "612.00000", "2016-09-30": "", "2016-06-30": "", "2016-03-31": "", "2015-12-31": "533.00000", "2014-12-31": ""}, "Inventory": {"2020-09-30": "508.00000", "2020-06-30": "541.00000", "2020-03-31": "514.00000", "2019-12-31": "469.00000", "2019-09-30": "430.00000", "2019-06-30": "476.00000", "2019-03-31": "433.00000", "2018-12-31": "412.00000", "2018-09-30": "393.00000", "2018-06-30": "465.00000", "2018-03-31": "226.00000", "2017-12-31": "253.00000", "2017-09-30": "295.00000", "2017-06-30": "310.00000", "2017-03-31": "315.00000", "2016-12-31": "285.00000", "2016-09-30": "", "2016-06-30": "", "2016-03-31": "", "2015-12-31": "428.00000", "2014-12-31": ""}, "Pre-Paid Expenses": {"2020-09-30": "", "2020-06-30": "", "2020-03-31": "", "2019-12-31": "", "2019-09-30": "", "2019-06-30": "", "2019-03-31": "", "2018-12-31": "", "2018-09-30": "", "2018-06-30": "", "2018-03-31": "", "2017-12-31": "", "2017-09-30": "", "2017-06-30": "", "2017-03-31": "", "2016-12-31": "", "2016-09-30": "", "2016-06-30": "", "2016-03-31": "", "2015-12-31": "", "2014-12-31": ""}, "Other Current Assets": {"2020-09-30": "1349.00000", "2020-06-30": "1815.00000", "2020-03-31": "2181.00000", "2019-12-31": "1833.00000", "2019-09-30": "1526.00000", "2019-06-30": "1956.00000", "2019-03-31": "1303.00000", "2018-12-31": "1243.00000", "2018-09-30": "758.00000", "2018-06-30": "933.00000", "2018-03-31": "572.00000", "2017-12-31": "292.00000", "2017-09-30": "313.00000", "2017-06-30": "386.00000", "2017-03-31": "378.00000", "2016-12-31": "638.00000", "2016-09-30": "", "2016-06-30": "", "2016-03-31": "", "2015-12-31": "570.00000", "2014-12-31": ""}, "Total Current Assets": {"2020-09-30": "3757.00000", "2020-06-30": "4037.00000", "2020-03-31": "4559.00000", "2019-12-31": "4114.00000", "2019-09-30": "4128.00000", "2019-06-30": "4539.00000", "2019-03-31": "3324.00000", "2018-12-31": "3435.00000", "2018-09-30": "3276.00000", "2018-06-30": "3374.00000", "2018-03-31": "2699.00000", "2017-12-31": "2673.00000", "2017-09-30": "2440.00000", "2017-06-30": "2397.00000", "2017-03-31": "2185.00000", "2016-12-31": "2473.00000", "2016-09-30": "", "2016-06-30": "", "2016-03-31": "", "2015-12-31": "3450.00000", "2014-12-31": ""}, "Property, Plant, And Equipment": {"2020-09-30": "13564.00000", "2020-06-30": "13881.00000", "2020-03-31": "13818.00000", "2019-12-31": "13914.00000", "2019-09-30": "14075.00000", "2019-06-30": "14260.00000", "2019-03-31": "14448.00000", "2018-12-31": "14612.00000", "2018-09-30": "14756.00000", "2018-06-30": "14981.00000", "2018-03-31": "4850.00000", "2017-12-31": "4820.00000", "2017-09-30": "4746.00000", "2017-06-30": "4392.00000", "2017-03-31": "4415.00000", "2016-12-31": "4443.00000", "2016-09-30": "", "2016-06-30": "", "2016-03-31": "", "2015-12-31": "11432.00000", "2014-12-31": ""}, "Long-Term Investments": {"2020-09-30": "1632.00000", "2020-06-30": "1552.00000", "2020-03-31": "1374.00000", "2019-12-31": "1661.00000", "2019-09-30": "1574.00000", "2019-06-30": "1549.00000", "2019-03-31": "1502.00000", "2018-12-31": "1381.00000", "2018-09-30": "1492.00000", "2018-06-30": "1425.00000", "2018-03-31": "1232.00000", "2017-12-31": "1240.00000", "2017-09-30": "1183.00000", "2017-06-30": "1143.00000", "2017-03-31": "1113.00000", "2016-12-31": "1064.00000", "2016-09-30": "", "2016-06-30": "", "2016-03-31": "", "2015-12-31": "982.00000", "2014-12-31": ""}, "Goodwill And Intangible Assets": {"2020-09-30": "5047.00000", "2020-06-30": "5100.00000", "2020-03-31": "5186.00000", "2019-12-31": "5301.00000", "2019-09-30": "4882.00000", "2019-06-30": "4465.00000", "2019-03-31": "4482.00000", "2018-12-31": "4561.00000", "2018-09-30": "4618.00000", "2018-06-30": "4605.00000", "2018-03-31": "4344.00000", "2017-12-31": "4437.00000", "2017-09-30": "4756.00000", "2017-06-30": "4843.00000", "2017-03-31": "4976.00000", "2016-12-31": "5112.00000", "2016-09-30": "0.00000", "2016-06-30": "0.00000", "2016-03-31": "0.00000", "2015-12-31": "1331.00000", "2014-12-31": "0.00000"}, "Other Long-Term Assets": {"2020-09-30": "649.00000", "2020-06-30": "699.00000", "2020-03-31": "627.00000", "2019-12-31": "516.00000", "2019-09-30": "579.00000", "2019-06-30": "529.00000", "2019-03-31": "453.00000", "2018-12-31": "699.00000", "2018-09-30": "693.00000", "2018-06-30": "825.00000", "2018-03-31": "858.00000", "2017-12-31": "720.00000", "2017-09-30": "962.00000", "2017-06-30": "916.00000", "2017-03-31": "946.00000", "2016-12-31": "953.00000", "2016-09-30": "", "2016-06-30": "", "2016-03-31": "", "2015-12-31": "546.00000", "2014-12-31": ""}, "Total Long-Term Assets": {"2020-09-30": "21697.00000", "2020-06-30": "22226.00000", "2020-03-31": "22063.00000", "2019-12-31": "22458.00000", "2019-09-30": "22265.00000", "2019-06-30": "21947.00000", "2019-03-31": "22176.00000", "2018-12-31": "22589.00000", "2018-09-30": "22612.00000", "2018-06-30": "23096.00000", "2018-03-31": "12077.00000", "2017-12-31": "11927.00000", "2017-09-30": "12560.00000", "2017-06-30": "12387.00000", "2017-03-31": "12530.00000", "2016-12-31": "12694.00000", "2016-09-30": "", "2016-06-30": "", "2016-03-31": "", "2015-12-31": "14291.00000", "2014-12-31": ""}, "Total Assets": {"2020-09-30": "25499.00000", "2020-06-30": "26307.00000", "2020-03-31": "26669.00000", "2019-12-31": "26616.00000", "2019-09-30": "26443.00000", "2019-06-30": "26520.00000", "2019-03-31": "25568.00000", "2018-12-31": "26024.00000", "2018-09-30": "25888.00000", "2018-06-30": "26470.00000", "2018-03-31": "14776.00000", "2017-12-31": "14600.00000", "2017-09-30": "15000.00000", "2017-06-30": "14784.00000", "2017-03-31": "14715.00000", "2016-12-31": "15167.00000", "2016-09-30": "0.00000", "2016-06-30": "0.00000", "2016-03-31": "0.00000", "2015-12-31": "15658.00000", "2014-12-31": "0.00000"}, "Total Current Liabilities": {"2020-09-30": "3383.00000", "2020-06-30": "4631.00000", "2020-03-31": "4604.00000", "2019-12-31": "4574.00000", "2019-09-30": "3915.00000", "2019-06-30": "3657.00000", "2019-03-31": "3238.00000", "2018-12-31": "3625.00000", "2018-09-30": "3102.00000", "2018-06-30": "2646.00000", "2018-03-31": "1557.00000", "2017-12-31": "1351.00000", "2017-09-30": "1119.00000", "2017-06-30": "1008.00000", "2017-03-31": "981.00000", "2016-12-31": "1504.00000", "2016-09-30": "", "2016-06-30": "", "2016-03-31": "", "2015-12-31": "2812.00000", "2014-12-31": ""}, "Long Term Debt": {"2020-09-30": "9253.00000", "2020-06-30": "9261.00000", "2020-03-31": "9969.00000", "2019-12-31": "10102.00000", "2019-09-30": "10728.00000", "2019-06-30": "11193.00000", "2019-03-31": "10803.00000", "2018-12-31": "10874.00000", "2018-09-30": "11060.00000", "2018-06-30": "11807.00000", "2018-03-31": "4366.00000", "2017-12-31": "4379.00000", "2017-09-30": "4540.00000", "2017-06-30": "4531.00000", "2017-03-31": "4541.00000", "2016-12-31": "4577.00000", "2016-09-30": "", "2016-06-30": "", "2016-03-31": "", "2015-12-31": "3.00000", "2014-12-31": ""}, "Other Non-Current Liabilities": {"2020-09-30": "4391.00000", "2020-06-30": "4332.00000", "2020-03-31": "4126.00000", "2019-12-31": "3937.00000", "2019-09-30": "3945.00000", "2019-06-30": "3716.00000", "2019-03-31": "3621.00000", "2018-12-31": "3648.00000", "2018-09-30": "3316.00000", "2018-06-30": "3592.00000", "2018-03-31": "2793.00000", "2017-12-31": "2528.00000", "2017-09-30": "2406.00000", "2017-06-30": "2587.00000", "2017-03-31": "2513.00000", "2016-12-31": "2489.00000", "2016-09-30": "", "2016-06-30": "", "2016-03-31": "", "2015-12-31": "35514.00000", "2014-12-31": ""}, "Total Long Term Liabilities": {"2020-09-30": "13685.00000", "2020-06-30": "13632.00000", "2020-03-31": "14139.00000", "2019-12-31": "14082.00000", "2019-09-30": "14736.00000", "2019-06-30": "14959.00000", "2019-03-31": "14524.00000", "2018-12-31": "14532.00000", "2018-09-30": "14381.00000", "2018-06-30": "15404.00000", "2018-03-31": "7159.00000", "2017-12-31": "6907.00000", "2017-09-30": "6946.00000", "2017-06-30": "7118.00000", "2017-03-31": "7054.00000", "2016-12-31": "7066.00000", "2016-09-30": "", "2016-06-30": "", "2016-03-31": "", "2015-12-31": "35730.00000", "2014-12-31": ""}, "Total Liabilities": {"2020-09-30": "17068.00000", "2020-06-30": "18263.00000", "2020-03-31": "18743.00000", "2019-12-31": "18656.00000", "2019-09-30": "18651.00000", "2019-06-30": "18616.00000", "2019-03-31": "17762.00000", "2018-12-31": "18157.00000", "2018-09-30": "17483.00000", "2018-06-30": "18050.00000", "2018-03-31": "8716.00000", "2017-12-31": "8258.00000", "2017-09-30": "8065.00000", "2017-06-30": "8126.00000", "2017-03-31": "8035.00000", "2016-12-31": "8570.00000", "2016-09-30": "0.00000", "2016-06-30": "0.00000", "2016-03-31": "0.00000", "2015-12-31": "38542.00000", "2014-12-31": "0.00000"}, "Common Stock Net": {"2020-09-30": "5.00000", "2020-06-30": "5.00000", "2020-03-31": "5.00000", "2019-12-31": "5.00000", "2019-09-30": "5.00000", "2019-06-30": "5.00000", "2019-03-31": "5.00000", "2018-12-31": "5.00000", "2018-09-30": "5.00000", "2018-06-30": "5.00000", "2018-03-31": "4.00000", "2017-12-31": "4.00000", "2017-09-30": "4.00000", "2017-06-30": "4.00000", "2017-03-31": "4.00000", "2016-12-31": "4.00000", "2016-09-30": "0.00000", "2016-06-30": "0.00000", "2016-03-31": "0.00000", "2015-12-31": "0.00000", "2014-12-31": "0.00000"}, "Retained Earnings (Accumulated Deficit)": {"2020-09-30": "-303.00000", "2020-06-30": "-678.00000", "2020-03-31": "-780.00000", "2019-12-31": "-764.00000", "2019-09-30": "-936.00000", "2019-06-30": "-989.00000", "2019-03-31": "-1285.00000", "2018-12-31": "-1449.00000", "2018-09-30": "-1261.00000", "2018-06-30": "-1591.00000", "2018-03-31": "-1700.00000", "2017-12-31": "-1410.00000", "2017-09-30": "-830.00000", "2017-06-30": "-1102.00000", "2017-03-31": "-1076.00000", "2016-12-31": "-1155.00000", "2016-09-30": "", "2016-06-30": "", "2016-03-31": "", "2015-12-31": "", "2014-12-31": ""}, "Comprehensive Income": {"2020-09-30": "-56.00000", "2020-06-30": "-52.00000", "2020-03-31": "-53.00000", "2019-12-31": "-30.00000", "2019-09-30": "-34.00000", "2019-06-30": "-21.00000", "2019-03-31": "-21.00000", "2018-12-31": "-22.00000", "2018-09-30": "-15.00000", "2018-06-30": "-16.00000", "2018-03-31": "-16.00000", "2017-12-31": "-17.00000", "2017-09-30": "6.00000", "2017-06-30": "6.00000", "2017-03-31": "6.00000", "2016-12-31": "6.00000", "2016-09-30": "", "2016-06-30": "", "2016-03-31": "", "2015-12-31": "", "2014-12-31": ""}, "Other Share Holders Equity": {"2020-09-30": "", "2020-06-30": "", "2020-03-31": "", "2019-12-31": "", "2019-09-30": "", "2019-06-30": "", "2019-03-31": "", "2018-12-31": "", "2018-09-30": "", "2018-06-30": "", "2018-03-31": "", "2017-12-31": "", "2017-09-30": "", "2017-06-30": "", "2017-03-31": "", "2016-12-31": "", "2016-09-30": "0.00000", "2016-06-30": "0.00000", "2016-03-31": "0.00000", "2015-12-31": "-22884.00000", "2014-12-31": "0.00000"}, "Share Holder Equity": {"2020-09-30": "8431.00000", "2020-06-30": "8044.00000", "2020-03-31": "7926.00000", "2019-12-31": "7960.00000", "2019-09-30": "7792.00000", "2019-06-30": "7904.00000", "2019-03-31": "7806.00000", "2018-12-31": "7867.00000", "2018-09-30": "8405.00000", "2018-06-30": "8420.00000", "2018-03-31": "6060.00000", "2017-12-31": "6342.00000", "2017-09-30": "6935.00000", "2017-06-30": "6658.00000", "2017-03-31": "6680.00000", "2016-12-31": "6597.00000", "2016-09-30": "0.00000", "2016-06-30": "0.00000", "2016-03-31": "0.00000", "2015-12-31": "-22884.00000", "2014-12-31": "0.00000"}, "Total Liabilities And Share Holders Equity": {"2020-09-30": "25499.00000", "2020-06-30": "26307.00000", "2020-03-31": "26669.00000", "2019-12-31": "26616.00000", "2019-09-30": "26443.00000", "2019-06-30": "26520.00000", "2019-03-31": "25568.00000", "2018-12-31": "26024.00000", "2018-09-30": "25888.00000", "2018-06-30": "26470.00000", "2018-03-31": "14776.00000", "2017-12-31": "14600.00000", "2017-09-30": "15000.00000", "2017-06-30": "14784.00000", "2017-03-31": "14715.00000", "2016-12-31": "15167.00000", "2016-09-30": "0.00000", "2016-06-30": "0.00000", "2016-03-31": "0.00000", "2015-12-31": "15658.00000", "2014-12-31": "0.00000"}}, "cash flow statement": {"Net Income/Loss": {"2019-12-31": "926.00000", "2018-12-31": "-56.00000", "2017-12-31": "-254.00000", "2016-12-31": "22688.00000", "2015-12-31": "-4677.00000", "2014-12-31": "-6229.00000"}, "Total Depreciation And Amortization - Cash Flow": {"2019-12-31": "1876.00000", "2018-12-31": "1533.00000", "2017-12-31": "835.00000", "2016-12-31": "817.00000", "2015-12-31": "3195.00000", "2014-12-31": "3128.00000"}, "Other Non-Cash Items": {"2019-12-31": "-36.00000", "2018-12-31": "590.00000", "2017-12-31": "587.00000", "2016-12-31": "-23315.00000", "2015-12-31": "1593.00000", "2014-12-31": "3217.00000"}, "Total Non-Cash Items": {"2019-12-31": "1840.00000", "2018-12-31": "2123.00000", "2017-12-31": "1422.00000", "2016-12-31": "-22498.00000", "2015-12-31": "4788.00000", "2014-12-31": "6345.00000"}, "Change In Accounts Receivable": {"2019-12-31": "-88.00000", "2018-12-31": "-207.00000", "2017-12-31": "7.00000", "2016-12-31": "-81.00000", "2015-12-31": "17.00000", "2014-12-31": "72.00000"}, "Change In Inventories": {"2019-12-31": "-44.00000", "2018-12-31": "61.00000", "2017-12-31": "22.00000", "2016-12-31": "74.00000", "2015-12-31": "34.00000", "2014-12-31": "-67.00000"}, "Change In Accounts Payable": {"2019-12-31": "-221.00000", "2018-12-31": "90.00000", "2017-12-31": "-30.00000", "2016-12-31": "-53.00000", "2015-12-31": "40.00000", "2014-12-31": "94.00000"}, "Change In Assets/Liabilities": {"2019-12-31": "248.00000", "2018-12-31": "-395.00000", "2017-12-31": "246.00000", "2016-12-31": "-302.00000", "2015-12-31": "33.00000", "2014-12-31": "-264.00000"}, "Total Change In Assets/Liabilities": {"2019-12-31": "-30.00000", "2018-12-31": "-596.00000", "2017-12-31": "218.00000", "2016-12-31": "-347.00000", "2015-12-31": "126.00000", "2014-12-31": "328.00000"}, "Cash Flow From Operating Activities": {"2019-12-31": "2736.00000", "2018-12-31": "1471.00000", "2017-12-31": "1386.00000", "2016-12-31": "-157.00000", "2015-12-31": "237.00000", "2014-12-31": "444.00000"}, "Net Change In Property, Plant, And Equipment": {"2019-12-31": "-624.00000", "2018-12-31": "-412.00000", "2017-12-31": "-304.00000", "2016-12-31": "-278.00000", "2015-12-31": "-337.00000", "2014-12-31": "-336.00000"}, "Net Change In Intangible Assets": {"2019-12-31": "", "2018-12-31": "", "2017-12-31": "", "2016-12-31": "", "2015-12-31": "", "2014-12-31": ""}, "Net Acquisitions/Divestitures": {"2019-12-31": "-880.00000", "2018-12-31": "445.00000", "2017-12-31": "-355.00000", "2016-12-31": "-1343.00000", "2015-12-31": "", "2014-12-31": ""}, "Net Change In Short-term Investments": {"2019-12-31": "", "2018-12-31": "", "2017-12-31": "", "2016-12-31": "", "2015-12-31": "", "2014-12-31": ""}, "Net Change In Long-Term Investments": {"2019-12-31": "-22.00000", "2018-12-31": "-22.00000", "2017-12-31": "-20.00000", "2016-12-31": "-19.00000", "2015-12-31": "-17.00000", "2014-12-31": "-17.00000"}, "Net Change In Investments - Total": {"2019-12-31": "-22.00000", "2018-12-31": "-22.00000", "2017-12-31": "-20.00000", "2016-12-31": "-19.00000", "2015-12-31": "-17.00000", "2014-12-31": "-17.00000"}, "Investing Activities - Other": {"2019-12-31": "-191.00000", "2018-12-31": "-112.00000", "2017-12-31": "-48.00000", "2016-12-31": "127.00000", "2015-12-31": "-296.00000", "2014-12-31": "-105.00000"}, "Cash Flow From Investing Activities": {"2019-12-31": "-1717.00000", "2018-12-31": "-101.00000", "2017-12-31": "-727.00000", "2016-12-31": "-1513.00000", "2015-12-31": "-650.00000", "2014-12-31": "-458.00000"}, "Net Long-Term Debt": {"2019-12-31": "-141.00000", "2018-12-31": "-1736.00000", "2017-12-31": "-191.00000", "2016-12-31": "3025.00000", "2015-12-31": "-21.00000", "2014-12-31": "1202.00000"}, "Net Current Debt": {"2019-12-31": "", "2018-12-31": "", "2017-12-31": "", "2016-12-31": "", "2015-12-31": "", "2014-12-31": ""}, "Debt Issuance/Retirement Net - Total": {"2019-12-31": "-141.00000", "2018-12-31": "-1736.00000", "2017-12-31": "-191.00000", "2016-12-31": "3025.00000", "2015-12-31": "-21.00000", "2014-12-31": "1202.00000"}, "Net Common Equity Issued/Repurchased": {"2019-12-31": "-656.00000", "2018-12-31": "-763.00000", "2017-12-31": "", "2016-12-31": "", "2015-12-31": "", "2014-12-31": ""}, "Net Total Equity Issued/Repurchased": {"2019-12-31": "-656.00000", "2018-12-31": "-763.00000", "2017-12-31": "", "2016-12-31": "69.00000", "2015-12-31": "", "2014-12-31": ""}, "Total Common And Preferred Stock Dividends Paid": {"2019-12-31": "-243.00000", "2018-12-31": "", "2017-12-31": "", "2016-12-31": "-992.00000", "2015-12-31": "", "2014-12-31": ""}, "Financial Activities - Other": {"2019-12-31": "-197.00000", "2018-12-31": "-224.00000", "2017-12-31": "-10.00000", "2016-12-31": "-1037.00000", "2015-12-31": "-9.00000", "2014-12-31": "-91.00000"}, "Cash Flow From Financial Activities": {"2019-12-31": "-1237.00000", "2018-12-31": "-2723.00000", "2017-12-31": "-201.00000", "2016-12-31": "1065.00000", "2015-12-31": "-30.00000", "2014-12-31": "1111.00000"}, "Net Cash Flow": {"2019-12-31": "-218.00000", "2018-12-31": "-1353.00000", "2017-12-31": "458.00000", "2016-12-31": "-605.00000", "2015-12-31": "-443.00000", "2014-12-31": "1097.00000"}, "Stock-Based Compensation": {"2019-12-31": "47.00000", "2018-12-31": "73.00000", "2017-12-31": "", "2016-12-31": "", "2015-12-31": "", "2014-12-31": ""}, "Common Stock Dividends Paid": {"2019-12-31": "-243.00000", "2018-12-31": "", "2017-12-31": "", "2016-12-31": "-992.00000", "2015-12-31": "", "2014-12-31": ""}}, "cash flow statement, quarterly": {"Net Income/Loss": {"2020-09-30": 442, "2020-06-30": 164, "2020-03-31": "45.00000", "2019-12-31": 234, "2019-09-30": 114, "2019-06-30": 354, "2019-03-31": "224.00000", "2018-12-31": -186, "2018-09-30": 331, "2018-06-30": 105, "2018-03-31": "-306.00000", "2017-12-31": -579, "2017-09-30": 273, "2017-06-30": -26, "2017-03-31": "78.00000", "2016-12-31": 23344, "2016-09-30": 186, "2016-06-30": -499, "2016-03-31": "-343.00000", "2015-12-31": 1552, "2014-12-31": -6229}, "Total Depreciation And Amortization - Cash Flow": {"2020-09-30": 490, "2020-06-30": 533, "2020-03-31": "489.00000", "2019-12-31": 482, "2019-09-30": 508, "2019-06-30": 425, "2019-03-31": "461.00000", "2018-12-31": 463, "2018-09-30": 451, "2018-06-30": 439, "2018-03-31": "180.00000", "2017-12-31": 214, "2017-09-30": 184, "2017-06-30": 211, "2017-03-31": "226.00000", "2016-12-31": 285, "2016-09-30": 183, "2016-06-30": 182, "2016-03-31": "167.00000", "2015-12-31": 67, "2014-12-31": 3128}, "Other Non-Cash Items": {"2020-09-30": 182, "2020-06-30": 143, "2020-03-31": "211.00000", "2019-12-31": -53, "2019-09-30": 243, "2019-06-30": -181, "2019-03-31": "-45.00000", "2018-12-31": 252, "2018-09-30": 205, "2018-06-30": -190, "2018-03-31": "323.00000", "2017-12-31": 576, "2017-09-30": -42, "2017-06-30": 114, "2017-03-31": "-61.00000", "2016-12-31": -23484, "2016-09-30": -160, "2016-06-30": 250, "2016-03-31": "79.00000", "2015-12-31": 0, "2014-12-31": 0}, "Total Non-Cash Items": {"2020-09-30": 672, "2020-06-30": 676, "2020-03-31": "700.00000", "2019-12-31": 429, "2019-09-30": 751, "2019-06-30": 244, "2019-03-31": "416.00000", "2018-12-31": 715, "2018-09-30": 656, "2018-06-30": 249, "2018-03-31": "503.00000", "2017-12-31": 790, "2017-09-30": 142, "2017-06-30": 325, "2017-03-31": "165.00000", "2016-12-31": 116, "2016-09-30": 23, "2016-06-30": 432, "2016-03-31": "246.00000", "2015-12-31": 67, "2014-12-31": 3128}, "Change In Accounts Receivable": {"2020-09-30": 0, "2020-06-30": 0, "2020-03-31": "", "2019-12-31": -88, "2019-09-30": 0, "2019-06-30": 0, "2019-03-31": "", "2018-12-31": -207, "2018-09-30": 0, "2018-06-30": 0, "2018-03-31": "", "2017-12-31": 7, "2017-09-30": 0, "2017-06-30": 0, "2017-03-31": "", "2016-12-31": -81, "2016-09-30": 0, "2016-06-30": 0, "2016-03-31": "", "2015-12-31": 0, "2014-12-31": 0}, "Change In Inventories": {"2020-09-30": 0, "2020-06-30": 0, "2020-03-31": "", "2019-12-31": -44, "2019-09-30": 0, "2019-06-30": 0, "2019-03-31": "", "2018-12-31": 61, "2018-09-30": 0, "2018-06-30": 0, "2018-03-31": "", "2017-12-31": 22, "2017-09-30": 0, "2017-06-30": 0, "2017-03-31": "", "2016-12-31": 74, "2016-09-30": 0, "2016-06-30": 0, "2016-03-31": "", "2015-12-31": 0, "2014-12-31": 0}, "Change In Accounts Payable": {"2020-09-30": 0, "2020-06-30": 0, "2020-03-31": "", "2019-12-31": -221, "2019-09-30": 0, "2019-06-30": 0, "2019-03-31": "", "2018-12-31": 90, "2018-09-30": 0, "2018-06-30": 0, "2018-03-31": "", "2017-12-31": -30, "2017-09-30": 0, "2017-06-30": 0, "2017-03-31": "", "2016-12-31": -53, "2016-09-30": 0, "2016-06-30": 0, "2016-03-31": "", "2015-12-31": 0, "2014-12-31": 0}, "Change In Assets/Liabilities": {"2020-09-30": -56, "2020-06-30": -225, "2020-03-31": "84.00000", "2019-12-31": 459, "2019-09-30": 12, "2019-06-30": -121, "2019-03-31": "-102.00000", "2018-12-31": 102, "2018-09-30": -134, "2018-06-30": -274, "2018-03-31": "-89.00000", "2017-12-31": 290, "2017-09-30": 3, "2017-06-30": -122, "2017-03-31": "75.00000", "2016-12-31": -114, "2016-09-30": 3, "2016-06-30": -188, "2016-03-31": "-3.00000", "2015-12-31": 0, "2014-12-31": 0}, "Total Change In Assets/Liabilities": {"2020-09-30": -73, "2020-06-30": -83, "2020-03-31": "-193.00000", "2019-12-31": 250, "2019-09-30": 76, "2019-06-30": -104, "2019-03-31": "-252.00000", "2018-12-31": 79, "2018-09-30": -95, "2018-06-30": -361, "2018-03-31": "-219.00000", "2017-12-31": 330, "2017-09-30": 97, "2017-06-30": -107, "2017-03-31": "-102.00000", "2016-12-31": -106, "2016-09-30": 7, "2016-06-30": -154, "2016-03-31": "-94.00000", "2015-12-31": -202, "2014-12-31": 328}, "Cash Flow From Operating Activities": {"2020-09-30": 1041, "2020-06-30": 757, "2020-03-31": "552.00000", "2019-12-31": 913, "2019-09-30": 941, "2019-06-30": 494, "2019-03-31": "388.00000", "2018-12-31": 608, "2018-09-30": 892, "2018-06-30": -7, "2018-03-31": "-22.00000", "2017-12-31": 541, "2017-09-30": 512, "2017-06-30": 192, "2017-03-31": "141.00000", "2016-12-31": 39, "2016-09-30": 216, "2016-06-30": -221, "2016-03-31": "-191.00000", "2015-12-31": -207, "2014-12-31": 444}, "Net Change In Property, Plant, And Equipment": {"2020-09-30": -227, "2020-06-30": -327, "2020-03-31": "-261.00000", "2019-12-31": -156, "2019-09-30": -165, "2019-06-30": -150, "2019-03-31": "-153.00000", "2018-12-31": -175, "2018-09-30": -63, "2018-06-30": -114, "2018-03-31": "-60.00000", "2017-12-31": -89, "2017-09-30": -56, "2017-06-30": -128, "2017-03-31": "-31.00000", "2016-12-31": -48, "2016-09-30": -62, "2016-06-30": -85, "2016-03-31": "-83.00000", "2015-12-31": -1, "2014-12-31": -336}, "Net Change In Intangible Assets": {"2020-09-30": 0, "2020-06-30": 0, "2020-03-31": "", "2019-12-31": 0, "2019-09-30": 0, "2019-06-30": 0, "2019-03-31": "", "2018-12-31": 0, "2018-09-30": 0, "2018-06-30": 0, "2018-03-31": "", "2017-12-31": 0, "2017-09-30": 0, "2017-06-30": 0, "2017-03-31": "", "2016-12-31": 0, "2016-09-30": 0, "2016-06-30": 0, "2016-03-31": "", "2015-12-31": 0, "2014-12-31": 0}, "Net Acquisitions/Divestitures": {"2020-09-30": 0, "2020-06-30": 0, "2020-03-31": "", "2019-12-31": -506, "2019-09-30": -374, "2019-06-30": 0, "2019-03-31": "", "2018-12-31": 0, "2018-09-30": 0, "2018-06-30": 445, "2018-03-31": "", "2017-12-31": 0, "2017-09-30": -355, "2017-06-30": 0, "2017-03-31": "", "2016-12-31": 0, "2016-09-30": 0, "2016-06-30": -1343, "2016-03-31": "", "2015-12-31": 0, "2014-12-31": 0}, "Net Change In Short-term Investments": {"2020-09-30": 0, "2020-06-30": 0, "2020-03-31": "", "2019-12-31": 0, "2019-09-30": 0, "2019-06-30": 0, "2019-03-31": "", "2018-12-31": 0, "2018-09-30": 0, "2018-06-30": 0, "2018-03-31": "", "2017-12-31": 0, "2017-09-30": 0, "2017-06-30": 0, "2017-03-31": "", "2016-12-31": 0, "2016-09-30": 0, "2016-06-30": 0, "2016-03-31": "", "2015-12-31": 0, "2014-12-31": 0}, "Net Change In Long-Term Investments": {"2020-09-30": -6, "2020-06-30": -5, "2020-03-31": "-5.00000", "2019-12-31": -6, "2019-09-30": -6, "2019-06-30": -5, "2019-03-31": "-5.00000", "2018-12-31": -6, "2018-09-30": -6, "2018-06-30": -5, "2018-03-31": "-5.00000", "2017-12-31": -5, "2017-09-30": -6, "2017-06-30": -4, "2017-03-31": "-5.00000", "2016-12-31": -5, "2016-09-30": -6, "2016-06-30": -4, "2016-03-31": "-4.00000", "2015-12-31": 0, "2014-12-31": 0}, "Net Change In Investments - Total": {"2020-09-30": -6, "2020-06-30": -5, "2020-03-31": "-5.00000", "2019-12-31": -6, "2019-09-30": -6, "2019-06-30": -5, "2019-03-31": "-5.00000", "2018-12-31": -6, "2018-09-30": -6, "2018-06-30": -5, "2018-03-31": "-5.00000", "2017-12-31": -5, "2017-09-30": -6, "2017-06-30": -4, "2017-03-31": "-5.00000", "2016-12-31": -5, "2016-09-30": -6, "2016-06-30": -4, "2016-03-31": "-4.00000", "2015-12-31": 0, "2014-12-31": -17}, "Investing Activities - Other": {"2020-09-30": -41, "2020-06-30": -37, "2020-03-31": "-18.00000", "2019-12-31": -70, "2019-09-30": -35, "2019-06-30": -95, "2019-03-31": "9.00000", "2018-12-31": -53, "2018-09-30": -40, "2018-06-30": -7, "2018-03-31": "-12.00000", "2017-12-31": -2, "2017-09-30": -20, "2017-06-30": -11, "2017-03-31": "-15.00000", "2016-12-31": -124, "2016-09-30": 314, "2016-06-30": 135, "2016-03-31": "-150.00000", "2015-12-31": -191, "2014-12-31": -105}, "Cash Flow From Investing Activities": {"2020-09-30": -274, "2020-06-30": -369, "2020-03-31": "-284.00000", "2019-12-31": -738, "2019-09-30": -580, "2019-06-30": -250, "2019-03-31": "-149.00000", "2018-12-31": -234, "2018-09-30": -109, "2018-06-30": 319, "2018-03-31": "-77.00000", "2017-12-31": -96, "2017-09-30": -437, "2017-06-30": -143, "2017-03-31": "-51.00000", "2016-12-31": -177, "2016-09-30": 246, "2016-06-30": -1297, "2016-03-31": "-237.00000", "2015-12-31": -192, "2014-12-31": -458}, "Net Long-Term Debt": {"2020-09-30": -574, "2020-06-30": -683, "2020-03-31": "127.00000", "2019-12-31": -334, "2019-09-30": -361, "2019-06-30": 525, "2019-03-31": "29.00000", "2018-12-31": -184, "2018-09-30": -214, "2018-06-30": -1328, "2018-03-31": "-10.00000", "2017-12-31": -159, "2017-09-30": -8, "2017-06-30": -11, "2017-03-31": "-13.00000", "2016-12-31": 1000, "2016-09-30": 914, "2016-06-30": 1115, "2016-03-31": "-4.00000", "2015-12-31": 0, "2014-12-31": 0}, "Net Current Debt": {"2020-09-30": 0, "2020-06-30": 0, "2020-03-31": "", "2019-12-31": 0, "2019-09-30": 0, "2019-06-30": 0, "2019-03-31": "", "2018-12-31": 0, "2018-09-30": 0, "2018-06-30": 0, "2018-03-31": "", "2017-12-31": 0, "2017-09-30": 0, "2017-06-30": 0, "2017-03-31": "", "2016-12-31": 0, "2016-09-30": 0, "2016-06-30": 0, "2016-03-31": "", "2015-12-31": 0, "2014-12-31": 0}, "Debt Issuance/Retirement Net - Total": {"2020-09-30": -574, "2020-06-30": -683, "2020-03-31": "127.00000", "2019-12-31": -334, "2019-09-30": -361, "2019-06-30": 525, "2019-03-31": "29.00000", "2018-12-31": -184, "2018-09-30": -214, "2018-06-30": -1328, "2018-03-31": "-10.00000", "2017-12-31": -159, "2017-09-30": -8, "2017-06-30": -11, "2017-03-31": "-13.00000", "2016-12-31": 1000, "2016-09-30": 914, "2016-06-30": 1115, "2016-03-31": "-4.00000", "2015-12-31": -1223, "2014-12-31": 1202}, "Net Common Equity Issued/Repurchased": {"2020-09-30": 0, "2020-06-30": 0, "2020-03-31": "", "2019-12-31": -24, "2019-09-30": -175, "2019-06-30": -209, "2019-03-31": "-248.00000", "2018-12-31": -349, "2018-09-30": -351, "2018-06-30": -63, "2018-03-31": "", "2017-12-31": 0, "2017-09-30": 0, "2017-06-30": 0, "2017-03-31": "", "2016-12-31": 0, "2016-09-30": 0, "2016-06-30": 0, "2016-03-31": "", "2015-12-31": 0, "2014-12-31": 0}, "Net Total Equity Issued/Repurchased": {"2020-09-30": 0, "2020-06-30": 0, "2020-03-31": "", "2019-12-31": -24, "2019-09-30": -175, "2019-06-30": -209, "2019-03-31": "-248.00000", "2018-12-31": -349, "2018-09-30": -351, "2018-06-30": -63, "2018-03-31": "", "2017-12-31": 0, "2017-09-30": 0, "2017-06-30": 0, "2017-03-31": "", "2016-12-31": 69, "2016-09-30": 0, "2016-06-30": 0, "2016-03-31": "", "2015-12-31": 0, "2014-12-31": 0}, "Total Common And Preferred Stock Dividends Paid": {"2020-09-30": -66, "2020-06-30": -66, "2020-03-31": "-66.00000", "2019-12-31": -62, "2019-09-30": -61, "2019-06-30": -59, "2019-03-31": "-61.00000", "2018-12-31": 0, "2018-09-30": 0, "2018-06-30": 0, "2018-03-31": "", "2017-12-31": 0, "2017-09-30": 0, "2017-06-30": 0, "2017-03-31": "", "2016-12-31": -992, "2016-09-30": 0, "2016-06-30": 0, "2016-03-31": "", "2015-12-31": 0, "2014-12-31": 0}, "Financial Activities - Other": {"2020-09-30": -10, "2020-06-30": -1, "2020-03-31": "-9.00000", "2019-12-31": -33, "2019-09-30": -17, "2019-06-30": -83, "2019-03-31": "-64.00000", "2018-12-31": -18, "2018-09-30": -164, "2018-06-30": -43, "2018-03-31": "1.00000", "2017-12-31": -5, "2017-09-30": -2, "2017-06-30": 2, "2017-03-31": "-5.00000", "2016-12-31": -925, "2016-09-30": -112, "2016-06-30": 0, "2016-03-31": "", "2015-12-31": 82, "2014-12-31": -91}, "Cash Flow From Financial Activities": {"2020-09-30": -650, "2020-06-30": -750, "2020-03-31": "52.00000", "2019-12-31": -453, "2019-09-30": -614, "2019-06-30": 174, "2019-03-31": "-344.00000", "2018-12-31": -551, "2018-09-30": -729, "2018-06-30": -1434, "2018-03-31": "-9.00000", "2017-12-31": -164, "2017-09-30": -10, "2017-06-30": -9, "2017-03-31": "-18.00000", "2016-12-31": -848, "2016-09-30": 802, "2016-06-30": 1115, "2016-03-31": "-4.00000", "2015-12-31": -1141, "2014-12-31": 1111}, "Net Cash Flow": {"2020-09-30": 117, "2020-06-30": -362, "2020-03-31": "320.00000", "2019-12-31": -278, "2019-09-30": -253, "2019-06-30": 418, "2019-03-31": "-105.00000", "2018-12-31": -177, "2018-09-30": 54, "2018-06-30": -1122, "2018-03-31": "-108.00000", "2017-12-31": 281, "2017-09-30": 65, "2017-06-30": 40, "2017-03-31": "72.00000", "2016-12-31": -986, "2016-09-30": 1264, "2016-06-30": -403, "2016-03-31": "-432.00000", "2015-12-31": -1540, "2014-12-31": 1097}, "Stock-Based Compensation": {"2020-09-30": 16, "2020-06-30": 16, "2020-03-31": "14.00000", "2019-12-31": 12, "2019-09-30": 11, "2019-06-30": 12, "2019-03-31": "12.00000", "2018-12-31": 14, "2018-09-30": 0, "2018-06-30": 53, "2018-03-31": "6.00000", "2017-12-31": -13, "2017-09-30": 5, "2017-06-30": 4, "2017-03-31": "4.00000", "2016-12-31": 0, "2016-09-30": 0, "2016-06-30": 0, "2016-03-31": "", "2015-12-31": 0, "2014-12-31": 0}, "Common Stock Dividends Paid": {"2020-09-30": -66, "2020-06-30": -66, "2020-03-31": "-66.00000", "2019-12-31": -62, "2019-09-30": -61, "2019-06-30": -59, "2019-03-31": "-61.00000", "2018-12-31": 0, "2018-09-30": 0, "2018-06-30": 0, "2018-03-31": "", "2017-12-31": 0, "2017-09-30": 0, "2017-06-30": 0, "2017-03-31": "", "2016-12-31": -992, "2016-09-30": 0, "2016-06-30": 0, "2016-03-31": "", "2015-12-31": 0, "2014-12-31": 0}}, "financial ratios": {"Current Ratio": {"2019-12-31": "0.89940", "2018-12-31": "0.94760", "2017-12-31": "1.97850", "2016-12-31": "1.64430", "2015-12-31": "1.22690", "2014-12-31": ""}, "Long-term Debt / Capital": {"2019-12-31": "0.55930", "2018-12-31": "0.58020", "2017-12-31": "0.40850", "2016-12-31": "0.40960", "2015-12-31": "-0.00010", "2014-12-31": ""}, "Debt/Equity Ratio": {"2019-12-31": "1.34790", "2018-12-31": "1.40650", "2017-12-31": "0.69740", "2016-12-31": "0.70080", "2015-12-31": "-0.06310", "2014-12-31": ""}, "Gross Margin": {"2019-12-31": "38.41990", "2018-12-31": "30.74150", "2017-12-31": "28.02950", "2016-12-31": "28.85360", "2015-12-31": "34.33890", "2014-12-31": "37.16960"}, "Operating Margin": {"2019-12-31": "16.87700", "2018-12-31": "5.36960", "2017-12-31": "3.64640", "2016-12-31": "7.88150", "2015-12-31": "-76.18250", "2014-12-31": "-100.61890"}, "EBIT Margin": {"2019-12-31": "16.87700", "2018-12-31": "5.36960", "2017-12-31": "3.64640", "2016-12-31": "7.88150", "2015-12-31": "-76.18250", "2014-12-31": "-100.61890"}, "EBITDA Margin": {"2019-12-31": "32.76320", "2018-12-31": "22.13470", "2017-12-31": "19.02390", "2016-12-31": "23.70260", "2015-12-31": "-16.68530", "2014-12-31": "-48.29370"}, "Pre-Tax Profit Margin": {"2019-12-31": "10.29720", "2018-12-31": "-1.10450", "2017-12-31": "4.60410", "2016-12-31": "413.45850", "2015-12-31": "-103.46370", "2014-12-31": "-143.00770"}, "Net Profit Margin": {"2019-12-31": "7.85840", "2018-12-31": "-0.59060", "2017-12-31": "-4.67770", "2016-12-31": "439.34940", "2015-12-31": "-87.09500", "2014-12-31": "-104.19870"}, "Asset Turnover": {"2019-12-31": "0.44370", "2018-12-31": "0.35140", "2017-12-31": "0.37190", "2016-12-31": "0.34050", "2015-12-31": "0.34300", "2014-12-31": ""}, "Inventory Turnover Ratio": {"2019-12-31": "15.50530", "2018-12-31": "15.37140", "2017-12-31": "15.44660", "2016-12-31": "12.89120", "2015-12-31": "8.23830", "2014-12-31": ""}, "Receiveable Turnover": {"2019-12-31": "8.65130", "2018-12-31": "8.41210", "2017-12-31": "9.32990", "2016-12-31": "8.43790", "2015-12-31": "10.07510", "2014-12-31": ""}, "Days Sales In Receivables": {"2019-12-31": "42.19030", "2018-12-31": "43.38970", "2017-12-31": "39.12160", "2016-12-31": "43.25720", "2015-12-31": "36.22810", "2014-12-31": ""}, "ROE - Return On Equity": {"2019-12-31": "11.63320", "2018-12-31": "-0.71180", "2017-12-31": "-4.00500", "2016-12-31": "343.91390", "2015-12-31": "20.43790", "2014-12-31": ""}, "Return On Tangible Equity": {"2019-12-31": "34.82510", "2018-12-31": "-1.69390", "2017-12-31": "-13.33330", "2016-12-31": "1527.81100", "2015-12-31": "19.31450", "2014-12-31": ""}, "ROA - Return On Assets": {"2019-12-31": "3.47910", "2018-12-31": "-0.21520", "2017-12-31": "-1.73970", "2016-12-31": "149.58790", "2015-12-31": "-29.86970", "2014-12-31": ""}, "ROI - Return On Investment": {"2019-12-31": "5.12680", "2018-12-31": "-0.29880", "2017-12-31": "-2.36920", "2016-12-31": "203.04280", "2015-12-31": "20.44050", "2014-12-31": ""}, "Book Value Per Share": {"2019-12-31": "16.32160", "2018-12-31": "15.95050", "2017-12-31": "14.80400", "2016-12-31": "15.42870", "2015-12-31": "", "2014-12-31": ""}, "Operating Cash Flow Per Share": {"2019-12-31": 2.5596, "2018-12-31": -0.327, "2017-12-31": 3.6073, "2016-12-31": -0.3672, "2015-12-31": 0, "2014-12-31": 0}, "Free Cash Flow Per Share": {"2019-12-31": 2.1273, "2018-12-31": -0.4323, "2017-12-31": 3.5469, "2016-12-31": -1.0174, "2015-12-31": 0, "2014-12-31": 0}}, "financial ratios, quarterly": {"Current Ratio": {"2020-09-30": "1.11060", "2020-06-30": "0.87170", "2020-03-31": "0.99020", "2019-12-31": "0.89940", "2019-09-30": "1.05440", "2019-06-30": "1.24120", "2019-03-31": "1.02660", "2018-12-31": "0.94760", "2018-09-30": "1.05610", "2018-06-30": "1.27510", "2018-03-31": "1.73350", "2017-12-31": "1.97850", "2017-09-30": "2.18050", "2017-06-30": "2.37800", "2017-03-31": "2.22730", "2016-12-31": "1.64430", "2016-09-30": "", "2016-06-30": "", "2016-03-31": "", "2015-12-31": "", "2014-12-31": ""}, "Long-term Debt / Capital": {"2020-09-30": "0.52320", "2020-06-30": "0.53520", "2020-03-31": "0.55710", "2019-12-31": "0.55930", "2019-09-30": "0.57930", "2019-06-30": "0.58610", "2019-03-31": "0.58050", "2018-12-31": "0.58020", "2018-09-30": "0.56820", "2018-06-30": "0.58370", "2018-03-31": "0.41880", "2017-12-31": "0.40850", "2017-09-30": "0.39560", "2017-06-30": "0.40500", "2017-03-31": "0.40470", "2016-12-31": "0.40960", "2016-09-30": "", "2016-06-30": "", "2016-03-31": "", "2015-12-31": "", "2014-12-31": ""}, "Debt/Equity Ratio": {"2020-09-30": "1.11260", "2020-06-30": "1.26160", "2020-03-31": "1.36740", "2019-12-31": "1.34790", "2019-09-30": "1.40500", "2019-06-30": "1.43650", "2019-03-31": "1.41010", "2018-12-31": "1.40650", "2018-09-30": "1.33740", "2018-06-30": "1.42080", "2018-03-31": "0.72770", "2017-12-31": "0.69740", "2017-09-30": "0.66100", "2017-06-30": "0.68710", "2017-03-31": "0.68650", "2016-12-31": "0.70080", "2016-09-30": "", "2016-06-30": "", "2016-03-31": "", "2015-12-31": "", "2014-12-31": ""}, "Gross Margin": {"2020-09-30": "45.77700", "2020-06-30": "42.56680", "2020-03-31": "40.09800", "2019-12-31": "35.90910", "2019-09-30": "34.75270", "2019-06-30": "46.71610", "2019-03-31": "36.84570", "2018-12-31": "25.29270", "2018-09-30": "39.16130", "2018-06-30": "37.76220", "2018-03-31": "-10.32680", "2017-12-31": "-9.21610", "2017-09-30": "42.38950", "2017-06-30": "28.70370", "2017-03-31": "33.89830", "2016-12-31": "22.14770", "2016-09-30": "37.04140", "2016-06-30": "26.27740", "2016-03-31": "26.31080", "2015-12-31": "", "2014-12-31": ""}, "Operating Margin": {"2020-09-30": "19.03150", "2020-06-30": "15.02590", "2020-03-31": "13.68090", "2019-12-31": "11.67830", "2019-09-30": "13.77580", "2019-06-30": "25.74150", "2019-03-31": "16.76360", "2018-12-31": "0.15610", "2018-09-30": "20.04320", "2018-06-30": "8.97440", "2018-03-31": "-51.50330", "2017-12-31": "-48.94070", "2017-09-30": "24.65900", "2017-06-30": "4.08950", "2017-03-31": "11.42230", "2016-12-31": "-13.42280", "2016-09-30": "37.86980", "2016-06-30": "-9.08350", "2016-03-31": "3.71780", "2015-12-31": "", "2014-12-31": ""}, "EBIT Margin": {"2020-09-30": "19.03150", "2020-06-30": "15.02590", "2020-03-31": "13.68090", "2019-12-31": "11.67830", "2019-09-30": "13.77580", "2019-06-30": "25.74150", "2019-03-31": "16.76360", "2018-12-31": "0.15610", "2018-09-30": "20.04320", "2018-06-30": "8.97440", "2018-03-31": "-51.50330", "2017-12-31": "-48.94070", "2017-09-30": "24.65900", "2017-06-30": "4.08950", "2017-03-31": "11.42230", "2016-12-31": "-13.42280", "2016-09-30": "37.86980", "2016-06-30": "-9.08350", "2016-03-31": "3.71780", "2015-12-31": "", "2014-12-31": ""}, "EBITDA Margin": {"2020-09-30": "", "2020-06-30": "", "2020-03-31": "", "2019-12-31": "", "2019-09-30": "", "2019-06-30": "", "2019-03-31": "", "2018-12-31": "", "2018-09-30": "", "2018-06-30": "", "2018-03-31": "", "2017-12-31": "", "2017-09-30": "", "2017-06-30": "", "2017-03-31": "", "2016-12-31": "", "2016-09-30": "", "2016-06-30": "", "2016-03-31": "", "2015-12-31": "", "2014-12-31": ""}, "Pre-Tax Profit Margin": {"2020-09-30": "18.04620", "2020-06-30": "9.24670", "2020-03-31": "2.16930", "2019-12-31": "8.88110", "2019-09-30": "4.97810", "2019-06-30": "17.72600", "2019-03-31": "10.29760", "2018-12-31": "-10.22640", "2018-09-30": "16.18870", "2018-06-30": "1.20440", "2018-03-31": "-51.63400", "2017-12-31": "-38.02970", "2017-09-30": "28.58700", "2017-06-30": "-2.62350", "2017-03-31": "8.76930", "2016-12-31": "1845.97300", "2016-09-30": "10.88760", "2016-06-30": "-40.55150", "2016-03-31": "-32.12580", "2015-12-31": "", "2014-12-31": ""}, "Net Profit Margin": {"2020-09-30": "12.47190", "2020-06-30": "6.61620", "2020-03-31": "1.95940", "2019-12-31": "8.18180", "2019-09-30": "3.53790", "2019-06-30": "12.57060", "2019-03-31": "7.69760", "2018-12-31": "-7.26000", "2018-09-30": "10.17580", "2018-06-30": "4.19580", "2018-03-31": "-40.00000", "2017-12-31": "-61.33480", "2017-09-30": "14.89360", "2017-06-30": "-2.00620", "2017-03-31": "5.74800", "2016-12-31": "1958.30500", "2016-09-30": "11.06510", "2016-06-30": "-40.47040", "2016-03-31": "-32.69780", "2015-12-31": "", "2014-12-31": ""}, "Asset Turnover": {"2020-09-30": "0.13930", "2020-06-30": "0.09540", "2020-03-31": "0.10720", "2019-12-31": "0.10750", "2019-09-30": "0.12080", "2019-06-30": "0.10680", "2019-03-31": "0.11430", "2018-12-31": "0.09840", "2018-09-30": "0.12530", "2018-06-30": "0.09720", "2018-03-31": "0.05180", "2017-12-31": "0.06470", "2017-09-30": "0.12220", "2017-06-30": "0.08770", "2017-03-31": "0.09220", "2016-12-31": "0.07860", "2016-09-30": "", "2016-06-30": "", "2016-03-31": "", "2015-12-31": "", "2014-12-31": ""}, "Inventory Turnover Ratio": {"2020-09-30": "3.79130", "2020-06-30": "2.66360", "2020-03-31": "3.33070", "2019-12-31": "3.90830", "2019-09-30": "4.84650", "2019-06-30": "3.17020", "2019-03-31": "4.26330", "2018-12-31": "4.64560", "2018-09-30": "5.02040", "2018-06-30": "3.44520", "2018-03-31": "3.73450", "2017-12-31": "4.07510", "2017-09-30": "3.57970", "2017-06-30": "2.98060", "2017-03-31": "2.84760", "2016-12-31": "3.25610", "2016-09-30": "", "2016-06-30": "", "2016-03-31": "", "2015-12-31": "", "2014-12-31": ""}, "Receiveable Turnover": {"2020-09-30": "2.58890", "2020-06-30": "1.97250", "2020-03-31": "2.60530", "2019-12-31": "2.09520", "2019-09-30": "2.25090", "2019-06-30": "2.57220", "2019-03-31": "2.92300", "2018-12-31": "2.35690", "2018-09-30": "2.58410", "2018-06-30": "2.21900", "2018-03-31": "1.65230", "2017-12-31": "1.62200", "2017-09-30": "2.55650", "2017-06-30": "1.99080", "2017-03-31": "2.81540", "2016-12-31": "1.94770", "2016-09-30": "", "2016-06-30": "", "2016-03-31": "", "2015-12-31": "", "2014-12-31": ""}, "Days Sales In Receivables": {"2020-09-30": "34.76350", "2020-06-30": "45.62770", "2020-03-31": "34.54510", "2019-12-31": "42.95450", "2019-09-30": "39.98430", "2019-06-30": "34.98940", "2019-03-31": "30.79030", "2018-12-31": "38.18500", "2018-09-30": "34.82890", "2018-06-30": "40.55940", "2018-03-31": "54.47060", "2017-12-31": "55.48730", "2017-09-30": "35.20460", "2017-06-30": "45.20830", "2017-03-31": "31.96760", "2016-12-31": "46.20810", "2016-09-30": "", "2016-06-30": "", "2016-03-31": "", "2015-12-31": "", "2014-12-31": ""}, "ROE - Return On Equity": {"2020-09-30": "5.24260", "2020-06-30": "2.03880", "2020-03-31": "0.56780", "2019-12-31": "2.93970", "2019-09-30": "1.46300", "2019-06-30": "4.47870", "2019-03-31": "2.86960", "2018-12-31": "-2.36430", "2018-09-30": "3.93810", "2018-06-30": "1.24700", "2018-03-31": "-5.04950", "2017-12-31": "-9.12960", "2017-09-30": "3.93660", "2017-06-30": "-0.39050", "2017-03-31": "1.16770", "2016-12-31": "353.84270", "2016-09-30": "", "2016-06-30": "", "2016-03-31": "", "2015-12-31": "", "2014-12-31": ""}, "Return On Tangible Equity": {"2020-09-30": "13.06150", "2020-06-30": "5.57070", "2020-03-31": "1.64230", "2019-12-31": "8.80030", "2019-09-30": "3.91750", "2019-06-30": "10.29370", "2019-03-31": "6.73890", "2018-12-31": "-5.62610", "2018-09-30": "8.74040", "2018-06-30": "2.75230", "2018-03-31": "-17.83220", "2017-12-31": "-30.39370", "2017-09-30": "12.52870", "2017-06-30": "-1.43250", "2017-03-31": "4.57750", "2016-12-31": "1571.91900", "2016-09-30": "", "2016-06-30": "", "2016-03-31": "", "2015-12-31": "", "2014-12-31": ""}, "ROA - Return On Assets": {"2020-09-30": "1.73340", "2020-06-30": "0.62340", "2020-03-31": "0.16870", "2019-12-31": "0.87920", "2019-09-30": "0.43110", "2019-06-30": "1.33480", "2019-03-31": "0.87610", "2018-12-31": "-0.71470", "2018-09-30": "1.27860", "2018-06-30": "0.39670", "2018-03-31": "-2.07090", "2017-12-31": "-3.96580", "2017-09-30": "1.82000", "2017-06-30": "-0.17590", "2017-03-31": "0.53010", "2016-12-31": "153.90650", "2016-09-30": "", "2016-06-30": "", "2016-03-31": "", "2015-12-31": "", "2014-12-31": ""}, "ROI - Return On Investment": {"2020-09-30": "2.49940", "2020-06-30": "0.94770", "2020-03-31": "0.25150", "2019-12-31": "1.29550", "2019-09-30": "0.61560", "2019-06-30": "1.85370", "2019-03-31": "1.20370", "2018-12-31": "-0.99250", "2018-09-30": "1.70050", "2018-06-30": "0.51910", "2018-03-31": "-2.93500", "2017-12-31": "-5.40060", "2017-09-30": "2.37910", "2017-06-30": "-0.23240", "2017-03-31": "0.69510", "2016-12-31": "208.90460", "2016-09-30": "", "2016-06-30": "", "2016-03-31": "", "2015-12-31": "", "2014-12-31": ""}, "Book Value Per Share": {"2020-09-30": "17.24570", "2020-06-30": "16.45750", "2020-03-31": "16.22690", "2019-12-31": "16.32160", "2019-09-30": "15.97430", "2019-06-30": "16.59920", "2019-03-31": "16.12020", "2018-12-31": "15.95050", "2018-09-30": "16.56510", "2018-06-30": "16.15460", "2018-03-31": "14.14220", "2017-12-31": "14.80400", "2017-09-30": "16.21850", "2017-06-30": "15.57110", "2017-03-31": "15.62260", "2016-12-31": "15.42870", "2016-09-30": "", "2016-06-30": "", "2016-03-31": "", "2015-12-31": "", "2014-12-31": ""}, "Operating Cash Flow Per Share": {"2020-09-30": 2.117, "2020-06-30": 1.5438, "2020-03-31": "1.12510", "2019-12-31": 1.78, "2019-09-30": 1.9548, "2019-06-30": 0.9758, "2019-03-31": "0.76210", "2018-12-31": 1.3178, "2018-09-30": 1.6496, "2018-06-30": -0.003, "2018-03-31": "-0.05130", "2017-12-31": 1.2672, "2017-09-30": 1.1941, "2017-06-30": 0.4492, "2017-03-31": "0.32960", "2016-12-31": 0.0907, "2016-09-30": -0.4579, "2016-06-30": 0, "2016-03-31": "", "2015-12-31": 0, "2014-12-31": 0}, "Free Cash Flow Per Share": {"2020-09-30": 1.6561, "2020-06-30": 0.8769, "2020-03-31": "0.59310", "2019-12-31": 1.4798, "2019-09-30": 1.6038, "2019-06-30": 0.6793, "2019-03-31": "0.46160", "2018-12-31": 0.94, "2018-09-30": 1.5375, "2018-06-30": -0.1889, "2018-03-31": "-0.19140", "2017-12-31": 1.0586, "2017-09-30": 1.064, "2017-06-30": 0.1498, "2017-03-31": "0.25710", "2016-12-31": -0.0221, "2016-09-30": -0.9953, "2016-06-30": 0, "2016-03-31": "", "2015-12-31": 0, "2014-12-31": 0}}, "revenue": {"Vistra Energy Annual Revenue (Millions of US $)": {"2019": "$11,809", "2018": "$9,144", "2017": "$5,430", "2016": "$5,164", "2015": "$5,370", "2014": "$5,978"}, "Vistra Energy Quarterly Revenue (Millions of US $)": {"2020-09-30": "$3,552", "2020-06-30": "$2,509", "2020-03-31": "$2,858", "2019-12-31": "$2,860", "2019-09-30": "$3,194", "2019-06-30": "$2,832", "2019-03-31": "$2,923", "2018-12-31": "$2,562", "2018-09-30": "$3,243", "2018-06-30": "$2,574", "2018-03-31": "$765", "2017-12-31": "$944", "2017-09-30": "$1,833", "2017-06-30": "$1,296", "2017-03-31": "$1,357", "2016-12-31": "$1,192", "2016-09-30": "$1,690", "2016-06-30": "$1,233", "2016-03-31": "$1,049", "2015-12-31": "", "2014-12-31": ""}}, "gross-profit": {"Vistra Energy Annual Gross Profit (Millions of US $)": {"2019": "$4,537", "2018": "$2,811", "2017": "$1,522", "2016": "$1,490", "2015": "$1,844", "2014": "$2,222"}, "Vistra Energy Quarterly Gross Profit (Millions of US $)": {"2020-09-30": "$1,626", "2020-06-30": "$1,068", "2020-03-31": "$1,146", "2019-12-31": "$1,027", "2019-09-30": "$1,110", "2019-06-30": "$1,323", "2019-03-31": "$1,077", "2018-12-31": "$648", "2018-09-30": "$1,270", "2018-06-30": "$972", "2018-03-31": "$-79", "2017-12-31": "$-87", "2017-09-30": "$777", "2017-06-30": "$372", "2017-03-31": "$460", "2016-12-31": "$264", "2016-09-30": "$626", "2016-06-30": "$324", "2016-03-31": "$276", "2015-12-31": "", "2014-12-31": ""}}, "operating-income": {"Vistra Energy Annual Operating Income (Millions of US $)": {"2019": "$1,993", "2018": "$491", "2017": "$198", "2016": "$407", "2015": "$-4,091", "2014": "$-6,015"}, "Vistra Energy Quarterly Operating Income (Millions of US $)": {"2020-09-30": "$676", "2020-06-30": "$377", "2020-03-31": "$391", "2019-12-31": "$334", "2019-09-30": "$440", "2019-06-30": "$729", "2019-03-31": "$490", "2018-12-31": "$4", "2018-09-30": "$650", "2018-06-30": "$231", "2018-03-31": "$-394", "2017-12-31": "$-462", "2017-09-30": "$452", "2017-06-30": "$53", "2017-03-31": "$155", "2016-12-31": "$-160", "2016-09-30": "$640", "2016-06-30": "$-112", "2016-03-31": "$39", "2015-12-31": "", "2014-12-31": ""}}, "ebitda": {"Vistra Energy Annual EBITDA (Millions of US $)": {"2019": "$3,869", "2018": "$2,024", "2017": "$1,033", "2016": "$1,224", "2015": "$-896", "2014": "$-2,887"}, "Vistra Energy Quarterly EBITDA (Millions of US $)": {"2020-09-30": "$1,166", "2020-06-30": "$910", "2020-03-31": "$880", "2019-12-31": "$816", "2019-09-30": "$948", "2019-06-30": "$1,154", "2019-03-31": "$951", "2018-12-31": "$467", "2018-09-30": "$1,101", "2018-06-30": "$670", "2018-03-31": "$-214", "2017-12-31": "$-248", "2017-09-30": "$636", "2017-06-30": "$264", "2017-03-31": "$381", "2016-12-31": "$125", "2016-09-30": "$823", "2016-06-30": "$70", "2016-03-31": "$206", "2015-12-31": "", "2014-12-31": ""}}, "net-income": {"Vistra Energy Annual Net Income (Millions of US $)": {"2019": "$928", "2018": "$-54", "2017": "$-254", "2016": "$22,688", "2015": "$-4,677", "2014": "$-6,229"}, "Vistra Energy Quarterly Net Income (Millions of US $)": {"2020-09-30": "$443", "2020-06-30": "$166", "2020-03-31": "$56", "2019-12-31": "$234", "2019-09-30": "$113", "2019-06-30": "$356", "2019-03-31": "$225", "2018-12-31": "$-186", "2018-09-30": "$330", "2018-06-30": "$108", "2018-03-31": "$-306", "2017-12-31": "$-579", "2017-09-30": "$273", "2017-06-30": "$-26", "2017-03-31": "$78", "2016-12-31": "$23,343", "2016-09-30": "$187", "2016-06-30": "$-499", "2016-03-31": "$-343", "2015-12-31": "", "2014-12-31": ""}}, "eps-earnings-per-share-diluted": {"Vistra Energy Annual EPS": {"2019": "$1.86", "2018": "$-0.11", "2017": "$-0.59", "2016": "$53.06", "2015": "$0.00", "2014": "$0.00"}, "Vistra Energy Quarterly EPS": {"2020-09-30": "$0.90", "2020-06-30": "$0.34", "2020-03-31": "$0.11", "2019-12-31": "$0.49", "2019-09-30": "$0.23", "2019-06-30": "$0.70", "2019-03-31": "$0.44", "2018-12-31": "$-0.21", "2018-09-30": "$0.61", "2018-06-30": "$0.20", "2018-03-31": "$-0.71", "2017-12-31": "$-1.35", "2017-09-30": "$0.64", "2017-06-30": "$-0.06", "2017-03-31": "$0.18", "2016-12-31": "$52.63", "2016-09-30": "$0.44", "2016-06-30": "$0.00", "2016-03-31": "$0.00", "2015-12-31": "$0.00", "2014-12-31": "$0.00"}}, "shares-outstanding": {"Vistra Energy Annual Shares Outstanding (Millions of Shares)": {"2019": "500", "2018": "505", "2017": "428", "2016": "428", "2015": "", "2014": ""}, "Vistra Energy Quarterly Shares Outstanding (Millions of Shares)": {"2020-09-30": "491", "2020-06-30": "490", "2020-03-31": "491", "2019-12-31": "500", "2019-09-30": "494", "2019-06-30": "508", "2019-03-31": "509", "2018-12-31": "505", "2018-09-30": "541", "2018-06-30": "534", "2018-03-31": "428", "2017-12-31": "428", "2017-09-30": "428", "2017-06-30": "428", "2017-03-31": "428", "2016-12-31": "428", "2016-09-30": "428", "2016-06-30": "", "2016-03-31": "", "2015-12-31": "", "2014-12-31": ""}}, "total-assets": {"Vistra Energy Annual Total Assets (Millions of US $)": {"2019": "$26,616", "2018": "$26,024", "2017": "$14,600", "2016": "$15,167", "2015": "$15,658", "2014": "$0"}, "Vistra Energy Quarterly Total Assets (Millions of US $)": {"2020-09-30": "$25,499", "2020-06-30": "$26,307", "2020-03-31": "$26,669", "2019-12-31": "$26,616", "2019-09-30": "$26,443", "2019-06-30": "$26,520", "2019-03-31": "$25,568", "2018-12-31": "$26,024", "2018-09-30": "$25,888", "2018-06-30": "$26,470", "2018-03-31": "$14,776", "2017-12-31": "$14,600", "2017-09-30": "$15,000", "2017-06-30": "$14,784", "2017-03-31": "$14,715", "2016-12-31": "$15,167", "2016-09-30": "$0", "2016-06-30": "$0", "2016-03-31": "$0", "2015-12-31": "$15,658", "2014-12-31": "$0"}}, "cash-on-hand": {"Vistra Energy Annual Cash on Hand (Millions of US $)": {"2019": "$447", "2018": "$693", "2017": "$1,546", "2016": "$938", "2015": "$1,919", "2014": "$"}, "Vistra Energy Quarterly Cash on Hand (Millions of US $)": {"2020-09-30": "$528", "2020-06-30": "$409", "2020-03-31": "$767", "2019-12-31": "$447", "2019-09-30": "$753", "2019-06-30": "$1,006", "2019-03-31": "$588", "2018-12-31": "$693", "2018-09-30": "$870", "2018-06-30": "$816", "2018-03-31": "$1,438", "2017-12-31": "$1,546", "2017-09-30": "$1,115", "2017-06-30": "$1,050", "2017-03-31": "$1,010", "2016-12-31": "$938", "2016-09-30": "", "2016-06-30": "", "2016-03-31": "", "2015-12-31": "$1,919", "2014-12-31": ""}}, "long-term-debt": {"Vistra Energy Annual Long Term Debt (Millions of US $)": {"2019": "$10,102", "2018": "$10,874", "2017": "$4,379", "2016": "$4,577", "2015": "$3", "2014": "$"}, "Vistra Energy Quarterly Long Term Debt (Millions of US $)": {"2020-09-30": "$9,253", "2020-06-30": "$9,261", "2020-03-31": "$9,969", "2019-12-31": "$10,102", "2019-09-30": "$10,728", "2019-06-30": "$11,193", "2019-03-31": "$10,803", "2018-12-31": "$10,874", "2018-09-30": "$11,060", "2018-06-30": "$11,807", "2018-03-31": "$4,366", "2017-12-31": "$4,379", "2017-09-30": "$4,540", "2017-06-30": "$4,531", "2017-03-31": "$4,541", "2016-12-31": "$4,577", "2016-09-30": "", "2016-06-30": "", "2016-03-31": "", "2015-12-31": "$3", "2014-12-31": ""}}, "total-liabilities": {"Vistra Energy Annual Total Liabilities (Millions of US $)": {"2019": "$18,656", "2018": "$18,157", "2017": "$8,258", "2016": "$8,570", "2015": "$38,542", "2014": "$0"}, "Vistra Energy Quarterly Total Liabilities (Millions of US $)": {"2020-09-30": "$17,068", "2020-06-30": "$18,263", "2020-03-31": "$18,743", "2019-12-31": "$18,656", "2019-09-30": "$18,651", "2019-06-30": "$18,616", "2019-03-31": "$17,762", "2018-12-31": "$18,157", "2018-09-30": "$17,483", "2018-06-30": "$18,050", "2018-03-31": "$8,716", "2017-12-31": "$8,258", "2017-09-30": "$8,065", "2017-06-30": "$8,126", "2017-03-31": "$8,035", "2016-12-31": "$8,570", "2016-09-30": "$0", "2016-06-30": "$0", "2016-03-31": "$0", "2015-12-31": "$38,542", "2014-12-31": "$0"}}, "total-share-holder-equity": {"Vistra Energy Annual Share Holder Equity (Millions of US $)": {"2019": "$7,960", "2018": "$7,867", "2017": "$6,342", "2016": "$6,597", "2015": "$-22,884", "2014": "$0"}, "Vistra Energy Quarterly Share Holder Equity (Millions of US $)": {"2020-09-30": "$8,431", "2020-06-30": "$8,044", "2020-03-31": "$7,926", "2019-12-31": "$7,960", "2019-09-30": "$7,792", "2019-06-30": "$7,904", "2019-03-31": "$7,806", "2018-12-31": "$7,867", "2018-09-30": "$8,405", "2018-06-30": "$8,420", "2018-03-31": "$6,060", "2017-12-31": "$6,342", "2017-09-30": "$6,935", "2017-06-30": "$6,658", "2017-03-31": "$6,680", "2016-12-31": "$6,597", "2016-09-30": "$0", "2016-06-30": "$0", "2016-03-31": "$0", "2015-12-31": "$-22,884", "2014-12-31": "$0"}}, "profit-margins": {"current": "7.63%"}, "gross margin": {"2020-09-30": "41.32%", "2020-06-30": "38.10%", "2020-03-31": "39.22%", "2019-12-31": "38.42%", "2019-09-30": "36.12%", "2019-06-30": "37.35%", "2019-03-31": "35.10%", "2018-12-31": "30.74%", "2018-09-30": "27.58%", "2018-06-30": "25.88%", "2018-03-31": "20.32%", "2017-12-31": "28.03%", "2017-09-30": "32.99%", "2017-06-30": "31.11%", "2017-03-31": "30.59%", "2016-12-31": "28.85%"}, "operating margin": {"2020-09-30": "15.09%", "2020-06-30": "13.50%", "2020-03-31": "16.13%", "2019-12-31": "16.88%", "2019-09-30": "14.45%", "2019-06-30": "16.20%", "2019-03-31": "12.17%", "2018-12-31": "5.37%", "2018-09-30": "0.33%", "2018-06-30": "-2.83%", "2018-03-31": "-7.26%", "2017-12-31": "3.65%", "2017-09-30": "8.81%", "2017-06-30": "12.43%", "2017-03-31": "9.56%", "2016-12-31": "7.88%"}, "ebitda margin": {"2020-09-30": "32.02%", "2020-06-30": "31.12%", "2020-03-31": "32.34%", "2019-12-31": "32.76%", "2019-09-30": "30.58%", "2019-06-30": "31.77%", "2019-03-31": "28.22%", "2018-12-31": "22.13%", "2018-09-30": "17.39%", "2018-06-30": "13.80%", "2018-03-31": "9.05%", "2017-12-31": "19.02%", "2017-09-30": "24.76%", "2017-06-30": "28.78%", "2017-03-31": "25.57%", "2016-12-31": "23.70%"}, "pre tax profit margin": {"2020-09-30": "10.09%", "2020-06-30": "6.19%", "2020-03-31": "8.32%", "2019-12-31": "10.30%", "2019-09-30": "6.08%", "2019-06-30": "9.22%", "2019-03-31": "5.26%", "2018-12-31": "-1.10%", "2018-09-30": "-2.63%", "2018-06-30": "-3.25%", "2018-03-31": "-5.46%", "2017-12-31": "4.60%", "2017-09-30": "398.26%", "2017-06-30": "402.40%", "2017-03-31": "398.52%", "2016-12-31": "413.46%"}, "net profit margin": {"2020-09-30": "7.63%", "2020-06-30": "4.98%", "2020-03-31": "6.46%", "2019-12-31": "7.86%", "2019-09-30": "4.41%", "2019-06-30": "6.27%", "2019-03-31": "4.22%", "2018-12-31": "-0.59%", "2018-09-30": "-5.94%", "2018-06-30": "-8.24%", "2018-03-31": "-13.19%", "2017-12-31": "-4.68%", "2017-09-30": "416.84%", "2017-06-30": "426.05%", "2017-03-31": "422.31%", "2016-12-31": "439.35%"}, "pe ratio": {"current": "9.75", "2021-02-05": "11.44", "2020-09-30": "10.18", "2020-06-30": "15.68", "2020-03-31": "10.21", "2019-12-31": "11.98", "2019-09-30": "25.77", "2019-06-30": "15.74", "2019-03-31": "28.24", "2018-12-31": "0.00", "2018-09-30": "0.00", "2018-06-30": "0.00", "2018-03-31": "0.00"}, "price sales": {"2021-02-05": "0.88", "2020-09-30": "0.78", "2020-06-30": "0.79", "2020-03-31": "0.66", "2019-12-31": "0.95", "2019-09-30": "1.13", "2019-06-30": "0.97", "2019-03-31": "1.15", "2018-12-31": "1.23", "2018-09-30": "1.60", "2018-06-30": "1.72", "2018-03-31": "1.75"}, "price book": {"current": "1.22", "2021-02-05": "1.22", "2020-09-30": "1.09", "2020-06-30": "1.12", "2020-03-31": "0.96", "2019-12-31": "1.37", "2019-09-30": "1.61", "2019-06-30": "1.31", "2019-03-31": "1.54", "2018-12-31": "1.36", "2018-09-30": "1.43", "2018-06-30": "1.39", "2018-03-31": "1.40", "2017-12-31": "1.18", "2017-09-30": "1.09", "2017-06-30": "1.02"}, "price fcf": {"2021-02-05": "", "2020-09-30": "$4.61", "2020-06-30": "$4.55", "2020-03-31": "$4.36", "2019-12-31": "$4.22", "2019-09-30": "$3.68", "2019-06-30": "$3.62", "2019-03-31": "$2.75", "2018-12-31": "$2.10", "2018-09-30": "$2.22", "2018-06-30": "$1.74", "2018-03-31": "$2.34"}, "net worth": {"value": "$10.3B"}, "current ratio": {"current": "1.11", "2020-09-30": "1.11", "2020-06-30": "0.87", "2020-03-31": "0.99", "2019-12-31": "0.90", "2019-09-30": "1.05", "2019-06-30": "1.24", "2019-03-31": "1.03", "2018-12-31": "0.95", "2018-09-30": "1.06", "2018-06-30": "1.28", "2018-03-31": "1.73", "2017-12-31": "1.98", "2017-09-30": "2.18", "2017-06-30": "2.38", "2017-03-31": "2.23", "2016-12-31": "1.64", "2016-09-30": "0.00", "2016-06-30": "0.00", "2016-03-31": "0.00", "2015-12-31": "1.23", "2014-12-31": "0.00"}, "quick ratio": {"2020-09-30": "0.96", "2020-06-30": "0.76", "2020-03-31": "0.88", "2019-12-31": "0.80", "2019-09-30": "0.95", "2019-06-30": "1.11", "2019-03-31": "0.89", "2018-12-31": "0.83", "2018-09-30": "0.93", "2018-06-30": "1.10", "2018-03-31": "1.59", "2017-12-31": "1.79", "2017-09-30": "1.92", "2017-06-30": "2.07", "2017-03-31": "1.91", "2016-12-31": "1.46", "2016-09-30": "0.00", "2016-06-30": "0.00", "2016-03-31": "0.00", "2015-12-31": "1.08", "2014-12-31": "0.00"}, "debt equity ratio": {"current": "1.10", "2020-09-30": "2.02", "2020-06-30": "2.27", "2020-03-31": "2.37", "2019-12-31": "2.34", "2019-09-30": "2.39", "2019-06-30": "2.36", "2019-03-31": "2.28", "2018-12-31": "2.31", "2018-09-30": "2.08", "2018-06-30": "2.14", "2018-03-31": "1.44", "2017-12-31": "1.30", "2017-09-30": "1.16", "2017-06-30": "1.22", "2017-03-31": "1.20", "2016-12-31": "1.30", "2016-09-30": "0.00", "2016-06-30": "0.00", "2016-03-31": "0.00", "2015-12-31": "-1.68", "2014-12-31": "0.00"}, "return on equity": {"2020-09-30": "11.11%", "2020-06-30": "7.17%", "2020-03-31": "9.61%", "2019-12-31": "11.80%", "2019-09-30": "6.48%", "2019-06-30": "9.07%", "2019-03-31": "5.87%", "2018-12-31": "-0.70%", "2018-09-30": "-6.12%", "2018-06-30": "-7.26%", "2018-03-31": "-9.82%", "2017-12-31": "-3.82%", "2017-09-30": "352.33%", "2017-06-30": "473.18%", "2017-03-31": "696.21%", "2016-12-31": "1375.66%"}, "return on assets": {"2020-09-30": "3.42%", "2020-06-30": "2.15%", "2020-03-31": "2.86%", "2019-12-31": "3.53%", "2019-09-30": "1.94%", "2019-06-30": "2.79%", "2019-03-31": "1.84%", "2018-12-31": "-0.23%", "2018-09-30": "-2.19%", "2018-06-30": "-2.85%", "2018-03-31": "-4.31%", "2017-12-31": "-1.72%", "2017-09-30": "158.67%", "2017-06-30": "211.19%", "2017-03-31": "309.34%", "2016-12-31": "598.35%"}, "return on investments": {"2020-09-30": "10.02%", "2020-06-30": "8.59%", "2020-03-31": "10.30%", "2019-12-31": "10.73%", "2019-09-30": "8.87%", "2019-06-30": "9.87%", "2019-03-31": "7.14%", "2018-12-31": "2.85%", "2018-09-30": "0.16%", "2018-06-30": "-1.31%", "2018-03-31": "-3.20%", "2017-12-31": "1.78%", "2017-09-30": "4.44%", "2017-06-30": "8.19%", "2017-03-31": "9.34%", "2016-12-31": "14.57%"}, "return on tangible equity": {"2020-09-30": "30.66%", "2020-06-30": "20.23%", "2020-03-31": "25.84%", "2019-12-31": "30.10%", "2019-09-30": "15.66%", "2019-06-30": "20.93%", "2019-03-31": "13.41%", "2018-12-31": "-1.71%", "2018-09-30": "-15.93%", "2018-06-30": "-20.97%", "2018-03-31": "-33.51%", "2017-12-31": "-13.36%", "2017-09-30": "1318.00%", "2017-06-30": "1885.05%", "2017-03-31": "2898.59%", "2016-12-31": "6111.25%"}, "dividend yield history": {"last payout": "$0.54", "last yield": "2.57%"}}