{"ticker": "VC", "price": {"title": "Visteon Historical Annual Stock Price Data", "value": 139.5, "historical": {"2020": {"Average Stock Price": "78.7811", "Year Open": "89.8600", "Year High": "131.0200", "Year Low": "40.3800", "Year Close": "125.5200", "Annual % Change": "44.96%"}, "2019": {"Average Stock Price": "73.0537", "Year Open": "61.0000", "Year High": "95.8700", "Year Low": "44.5100", "Year Close": "86.5900", "Annual % Change": "43.65%"}, "2018": {"Average Stock Price": "110.2385", "Year Open": "125.5600", "Year High": "138.7000", "Year Low": "59.1300", "Year Close": "60.2800", "Annual % Change": "-51.83%"}, "2017": {"Average Stock Price": "107.8271", "Year Open": "80.9400", "Year High": "132.4200", "Year Low": "80.9400", "Year Close": "125.1400", "Annual % Change": "55.76%"}, "2016": {"Average Stock Price": "74.5851", "Year Open": "114.0800", "Year High": "114.0800", "Year Low": "60.4500", "Year Close": "80.3400", "Annual % Change": "-29.83%"}, "2015": {"Average Stock Price": "104.8071", "Year Open": "105.8000", "Year High": "120.7200", "Year Low": "95.4700", "Year Close": "114.5000", "Annual % Change": "7.15%"}, "2014": {"Average Stock Price": "92.7646", "Year Open": "81.1900", "Year High": "108.2900", "Year Low": "78.7400", "Year Close": "106.8600", "Annual % Change": "30.49%"}, "2013": {"Average Stock Price": "66.1560", "Year Open": "53.9000", "Year High": "81.8900", "Year Low": "53.3700", "Year Close": "81.8900", "Annual % Change": "52.16%"}, "2012": {"Average Stock Price": "45.7441", "Year Open": "51.0100", "Year High": "55.9300", "Year Low": "28.4200", "Year Close": "53.8200", "Annual % Change": "7.77%"}, "2011": {"Average Stock Price": "59.9048", "Year Open": "71.8000", "Year High": "75.5000", "Year Low": "40.6800", "Year Close": "49.9400", "Annual % Change": "-32.74%"}, "2010": {"Average Stock Price": "64.6034", "Year Open": "57.9500", "Year High": "74.2500", "Year Low": "57.0000", "Year Close": "74.2500", "Annual % Change": "0.00%"}}}, "market cap": {"value": "$3.88B"}, "income statement": {"Revenue": {"2019-12-31": "2945.00000", "2018-12-31": "2984.00000", "2017-12-31": "3146.00000", "2016-12-31": "3161.00000", "2015-12-31": "3245.00000", "2014-12-31": "2586.00000", "2013-12-31": "1724.00000", "2012-12-31": "5715.00000", "2011-12-31": "7532.00000", "2010-12-31": "7022.00000", "2009-12-31": "6685.00000", "2008-12-31": "9544.00000", "2007-12-31": "11275.00000", "2006-12-31": "11256.00000", "2005-12-31": "16750.00000"}, "Cost Of Goods Sold": {"2019-12-31": "2621.00000", "2018-12-31": "2573.00000", "2017-12-31": "2655.00000", "2016-12-31": "2705.00000", "2015-12-31": "2815.00000", "2014-12-31": "2246.00000", "2013-12-31": "1529.00000", "2012-12-31": "5178.00000", "2011-12-31": "6914.00000", "2010-12-31": "6229.00000", "2009-12-31": "6088.00000", "2008-12-31": "9085.00000", "2007-12-31": "10702.00000", "2006-12-31": "10503.00000", "2005-12-31": "16206.00000"}, "Gross Profit": {"2019-12-31": "324.00000", "2018-12-31": "411.00000", "2017-12-31": "491.00000", "2016-12-31": "456.00000", "2015-12-31": "430.00000", "2014-12-31": "340.00000", "2013-12-31": "195.00000", "2012-12-31": "537.00000", "2011-12-31": "618.00000", "2010-12-31": "793.00000", "2009-12-31": "597.00000", "2008-12-31": "459.00000", "2007-12-31": "573.00000", "2006-12-31": "753.00000", "2005-12-31": "544.00000"}, "Research And Development Expenses": {"2019-12-31": "", "2018-12-31": "", "2017-12-31": "", "2016-12-31": "", "2015-12-31": "", "2014-12-31": "", "2013-12-31": "", "2012-12-31": "", "2011-12-31": "", "2010-12-31": "", "2009-12-31": "", "2008-12-31": "", "2007-12-31": "", "2006-12-31": "", "2005-12-31": ""}, "SG&A Expenses": {"2019-12-31": "221.00000", "2018-12-31": "193.00000", "2017-12-31": "226.00000", "2016-12-31": "224.00000", "2015-12-31": "245.00000", "2014-12-31": "228.00000", "2013-12-31": "175.00000", "2012-12-31": "315.00000", "2011-12-31": "387.00000", "2010-12-31": "370.00000", "2009-12-31": "331.00000", "2008-12-31": "553.00000", "2007-12-31": "636.00000", "2006-12-31": "713.00000", "2005-12-31": "945.00000"}, "Other Operating Income Or Expenses": {"2019-12-31": "", "2018-12-31": "", "2017-12-31": "", "2016-12-31": "", "2015-12-31": "", "2014-12-31": "", "2013-12-31": "", "2012-12-31": "", "2011-12-31": "", "2010-12-31": "", "2009-12-31": "168.00000", "2008-12-31": "-162.00000", "2007-12-31": "47.00000", "2006-12-31": "82.00000", "2005-12-31": "369.00000"}, "Operating Expenses": {"2019-12-31": "2846.00000", "2018-12-31": "2795.00000", "2017-12-31": "2895.00000", "2016-12-31": "2978.00000", "2015-12-31": "3096.00000", "2014-12-31": "2528.00000", "2013-12-31": "1725.00000", "2012-12-31": "5538.00000", "2011-12-31": "7325.00000", "2010-12-31": "6640.00000", "2009-12-31": "6395.00000", "2008-12-31": "9947.00000", "2007-12-31": "11443.00000", "2006-12-31": "11227.00000", "2005-12-31": "16808.00000"}, "Operating Income": {"2019-12-31": "99.00000", "2018-12-31": "189.00000", "2017-12-31": "251.00000", "2016-12-31": "183.00000", "2015-12-31": "149.00000", "2014-12-31": "58.00000", "2013-12-31": "-1.00000", "2012-12-31": "177.00000", "2011-12-31": "207.00000", "2010-12-31": "382.00000", "2009-12-31": "290.00000", "2008-12-31": "-403.00000", "2007-12-31": "-168.00000", "2006-12-31": "29.00000", "2005-12-31": "-58.00000"}, "Total Non-Operating Income/Expense": {"2019-12-31": "7.00000", "2018-12-31": "27.00000", "2017-12-31": "-28.00000", "2016-12-31": "-22.00000", "2015-12-31": "-80.00000", "2014-12-31": "-101.00000", "2013-12-31": "612.00000", "2012-12-31": "159.00000", "2011-12-31": "130.00000", "2010-12-31": "877.00000", "2009-12-31": "-26.00000", "2008-12-31": "-128.00000", "2007-12-31": "-117.00000", "2006-12-31": "-118.00000", "2005-12-31": "-107.00000"}, "Pre-Tax Income": {"2019-12-31": "106.00000", "2018-12-31": "216.00000", "2017-12-31": "223.00000", "2016-12-31": "161.00000", "2015-12-31": "69.00000", "2014-12-31": "-43.00000", "2013-12-31": "611.00000", "2012-12-31": "336.00000", "2011-12-31": "337.00000", "2010-12-31": "1259.00000", "2009-12-31": "264.00000", "2008-12-31": "-531.00000", "2007-12-31": "-285.00000", "2006-12-31": "-89.00000", "2005-12-31": "-165.00000"}, "Income Taxes": {"2019-12-31": "24.00000", "2018-12-31": "43.00000", "2017-12-31": "48.00000", "2016-12-31": "30.00000", "2015-12-31": "27.00000", "2014-12-31": "32.00000", "2013-12-31": "56.00000", "2012-12-31": "107.00000", "2011-12-31": "127.00000", "2010-12-31": "172.00000", "2009-12-31": "80.00000", "2008-12-31": "116.00000", "2007-12-31": "20.00000", "2006-12-31": "25.00000", "2005-12-31": "64.00000"}, "Income After Taxes": {"2019-12-31": "82.00000", "2018-12-31": "173.00000", "2017-12-31": "175.00000", "2016-12-31": "131.00000", "2015-12-31": "42.00000", "2014-12-31": "-75.00000", "2013-12-31": "555.00000", "2012-12-31": "229.00000", "2011-12-31": "210.00000", "2010-12-31": "1087.00000", "2009-12-31": "184.00000", "2008-12-31": "-647.00000", "2007-12-31": "-305.00000", "2006-12-31": "-114.00000", "2005-12-31": "-229.00000"}, "Other Income": {"2019-12-31": "", "2018-12-31": "", "2017-12-31": "", "2016-12-31": "", "2015-12-31": "", "2014-12-31": "", "2013-12-31": "", "2012-12-31": "", "2011-12-31": "", "2010-12-31": "", "2009-12-31": "", "2008-12-31": "", "2007-12-31": "", "2006-12-31": "", "2005-12-31": ""}, "Income From Continuous Operations": {"2019-12-31": "82.00000", "2018-12-31": "173.00000", "2017-12-31": "175.00000", "2016-12-31": "131.00000", "2015-12-31": "42.00000", "2014-12-31": "-75.00000", "2013-12-31": "555.00000", "2012-12-31": "229.00000", "2011-12-31": "210.00000", "2010-12-31": "1087.00000", "2009-12-31": "184.00000", "2008-12-31": "-647.00000", "2007-12-31": "-305.00000", "2006-12-31": "-145.00000", "2005-12-31": "-262.00000"}, "Income From Discontinued Operations": {"2019-12-31": "-1.00000", "2018-12-31": "1.00000", "2017-12-31": "17.00000", "2016-12-31": "-40.00000", "2015-12-31": "2286.00000", "2014-12-31": "-131.00000", "2013-12-31": "220.00000", "2012-12-31": "-62.00000", "2011-12-31": "-56.00000", "2010-12-31": "14.00000", "2009-12-31": "", "2008-12-31": "", "2007-12-31": "-24.00000", "2006-12-31": "-22.00000", "2005-12-31": "-8.00000"}, "Net Income": {"2019-12-31": "70.00000", "2018-12-31": "164.00000", "2017-12-31": "176.00000", "2016-12-31": "75.00000", "2015-12-31": "2284.00000", "2014-12-31": "-295.00000", "2013-12-31": "690.00000", "2012-12-31": "100.00000", "2011-12-31": "80.00000", "2010-12-31": "1026.00000", "2009-12-31": "128.00000", "2008-12-31": "-681.00000", "2007-12-31": "-372.00000", "2006-12-31": "-163.00000", "2005-12-31": "-270.00000"}, "EBITDA": {"2019-12-31": "199.00000", "2018-12-31": "280.00000", "2017-12-31": "338.00000", "2016-12-31": "267.00000", "2015-12-31": "318.00000", "2014-12-31": "328.00000", "2013-12-31": "261.00000", "2012-12-31": "436.00000", "2011-12-31": "523.00000", "2010-12-31": "662.00000", "2009-12-31": "642.00000", "2008-12-31": "13.00000", "2007-12-31": "304.00000", "2006-12-31": "459.00000", "2005-12-31": "537.00000"}, "EBIT": {"2019-12-31": "99.00000", "2018-12-31": "189.00000", "2017-12-31": "251.00000", "2016-12-31": "183.00000", "2015-12-31": "149.00000", "2014-12-31": "58.00000", "2013-12-31": "-1.00000", "2012-12-31": "177.00000", "2011-12-31": "207.00000", "2010-12-31": "382.00000", "2009-12-31": "290.00000", "2008-12-31": "-403.00000", "2007-12-31": "-168.00000", "2006-12-31": "29.00000", "2005-12-31": "-58.00000"}, "Basic Shares Outstanding": {"2019-12-31": "28.10000", "2018-12-31": "29.50000", "2017-12-31": "31.60000", "2016-12-31": "35.00000", "2015-12-31": "42.30000", "2014-12-31": "45.80000", "2013-12-31": "50.00000", "2012-12-31": "52.90000", "2011-12-31": "51.20000", "2010-12-31": "50.20000", "2009-12-31": "130.40000", "2008-12-31": "129.40000", "2007-12-31": "129.40000", "2006-12-31": "127.90000", "2005-12-31": "126.00000"}, "Shares Outstanding": {"2019-12-31": "28.20000", "2018-12-31": "29.70000", "2017-12-31": "32.20000", "2016-12-31": "35.40000", "2015-12-31": "43.40000", "2014-12-31": "45.80000", "2013-12-31": "51.10000", "2012-12-31": "53.30000", "2011-12-31": "52.00000", "2010-12-31": "51.70000", "2009-12-31": "130.40000", "2008-12-31": "129.40000", "2007-12-31": "129.40000", "2006-12-31": "127.90000", "2005-12-31": "126.00000"}, "Basic EPS": {"2019-12-31": "2.49000", "2018-12-31": "5.56000", "2017-12-31": "5.57000", "2016-12-31": "2.14000", "2015-12-31": "54.00000", "2014-12-31": "-6.44000", "2013-12-31": "13.80000", "2012-12-31": "1.89000", "2011-12-31": "1.56000", "2010-12-31": "20.44000", "2009-12-31": "0.98000", "2008-12-31": "-5.26000", "2007-12-31": "-2.87000", "2006-12-31": "-1.27000", "2005-12-31": "-2.14000"}, "EPS - Earnings Per Share": {"2019-12-31": "2.48000", "2018-12-31": "5.52000", "2017-12-31": "5.47000", "2016-12-31": "2.12000", "2015-12-31": "52.63000", "2014-12-31": "-6.44000", "2013-12-31": "13.50000", "2012-12-31": "1.88000", "2011-12-31": "1.54000", "2010-12-31": "19.85000", "2009-12-31": "0.98000", "2008-12-31": "-5.26000", "2007-12-31": "-2.87000", "2006-12-31": "-1.27000", "2005-12-31": "-2.14000"}}, "income statement, quarterly": {"Revenue": {"2020-09-30": "747.00000", "2020-06-30": "371.00000", "2020-03-31": "643.00000", "2019-12-31": "744.00000", "2019-09-30": "731.00000", "2019-06-30": "733.00000", "2019-03-31": "737.00000", "2018-12-31": "731.00000", "2018-09-30": "681.00000", "2018-06-30": "758.00000", "2018-03-31": "814.00000", "2017-12-31": "797.00000", "2017-09-30": "765.00000", "2017-06-30": "774.00000", "2017-03-31": "810.00000", "2016-12-31": "816.00000", "2016-09-30": "770.00000", "2016-06-30": "773.00000", "2016-03-31": "802.00000", "2015-12-31": "809.00000", "2015-09-30": "808.00000", "2015-06-30": "812.00000", "2015-03-31": "816.00000", "2014-12-31": "788.00000", "2014-09-30": "793.00000", "2014-06-30": "503.00000", "2014-03-31": "1718.00000", "2013-12-31": "1691.00000", "2013-09-30": "1484.00000", "2013-06-30": "1610.00000", "2013-03-31": "1856.00000", "2012-12-31": "681.00000", "2012-09-30": "1624.00000", "2012-06-30": "1693.00000", "2012-03-31": "1717.00000", "2011-12-31": "1727.00000", "2011-09-30": "1909.00000", "2011-06-30": "2046.00000", "2011-03-31": "1850.00000", "2010-12-31": "1443.00000", "2010-09-30": "1730.00000", "2010-06-30": "1945.00000", "2010-03-31": "1904.00000", "2009-12-31": "2027.00000", "2009-09-30": "1737.00000", "2009-06-30": "1569.00000", "2009-03-31": "1352.00000", "2008-12-31": "1653.00000", "2008-09-30": "2120.00000", "2008-06-30": "2909.00000", "2008-03-31": "2862.00000", "2007-12-31": "2867.00000", "2007-09-30": "2546.00000", "2007-06-30": "2974.00000", "2007-03-31": "2888.00000", "2006-12-31": "2758.00000", "2006-09-30": "2580.00000", "2006-06-30": "2957.00000", "2006-03-31": "2961.00000", "2005-12-31": "2639.00000", "2005-09-30": "4121.00000", "2005-06-30": "5003.00000", "2005-03-31": "4987.00000"}, "Cost Of Goods Sold": {"2020-09-30": "648.00000", "2020-06-30": "367.00000", "2020-03-31": "590.00000", "2019-12-31": "640.00000", "2019-09-30": "647.00000", "2019-06-30": "663.00000", "2019-03-31": "671.00000", "2018-12-31": "635.00000", "2018-09-30": "599.00000", "2018-06-30": "654.00000", "2018-03-31": "685.00000", "2017-12-31": "660.00000", "2017-09-30": "651.00000", "2017-06-30": "663.00000", "2017-03-31": "681.00000", "2016-12-31": "695.00000", "2016-09-30": "665.00000", "2016-06-30": "664.00000", "2016-03-31": "681.00000", "2015-12-31": "695.00000", "2015-09-30": "703.00000", "2015-06-30": "713.00000", "2015-03-31": "704.00000", "2014-12-31": "671.00000", "2014-09-30": "700.00000", "2014-06-30": "446.00000", "2014-03-31": "1539.00000", "2013-12-31": "1501.00000", "2013-09-30": "1349.00000", "2013-06-30": "1447.00000", "2013-03-31": "1702.00000", "2012-12-31": "535.00000", "2012-09-30": "1495.00000", "2012-06-30": "1565.00000", "2012-03-31": "1583.00000", "2011-12-31": "1583.00000", "2011-09-30": "1770.00000", "2011-06-30": "1854.00000", "2011-03-31": "1707.00000", "2010-12-31": "1212.00000", "2010-09-30": "1690.00000", "2010-06-30": "1841.00000", "2010-03-31": "1486.00000", "2009-12-31": "1675.00000", "2009-09-30": "1617.00000", "2009-06-30": "1489.00000", "2009-03-31": "1307.00000", "2008-12-31": "1663.00000", "2008-09-30": "2077.00000", "2008-06-30": "2678.00000", "2008-03-31": "2667.00000", "2007-12-31": "2665.00000", "2007-09-30": "2447.00000", "2007-06-30": "2819.00000", "2007-03-31": "2771.00000", "2006-12-31": "2614.00000", "2006-09-30": "2528.00000", "2006-06-30": "2644.00000", "2006-03-31": "2717.00000", "2005-12-31": "2585.00000", "2005-09-30": "4021.00000", "2005-06-30": "4760.00000", "2005-03-31": "4840.00000"}, "Gross Profit": {"2020-09-30": "99.00000", "2020-06-30": "4.00000", "2020-03-31": "53.00000", "2019-12-31": "104.00000", "2019-09-30": "84.00000", "2019-06-30": "70.00000", "2019-03-31": "66.00000", "2018-12-31": "96.00000", "2018-09-30": "82.00000", "2018-06-30": "104.00000", "2018-03-31": "129.00000", "2017-12-31": "137.00000", "2017-09-30": "114.00000", "2017-06-30": "111.00000", "2017-03-31": "129.00000", "2016-12-31": "121.00000", "2016-09-30": "105.00000", "2016-06-30": "109.00000", "2016-03-31": "121.00000", "2015-12-31": "114.00000", "2015-09-30": "105.00000", "2015-06-30": "99.00000", "2015-03-31": "112.00000", "2014-12-31": "117.00000", "2014-09-30": "93.00000", "2014-06-30": "57.00000", "2014-03-31": "179.00000", "2013-12-31": "190.00000", "2013-09-30": "135.00000", "2013-06-30": "163.00000", "2013-03-31": "154.00000", "2012-12-31": "146.00000", "2012-09-30": "129.00000", "2012-06-30": "128.00000", "2012-03-31": "134.00000", "2011-12-31": "144.00000", "2011-09-30": "139.00000", "2011-06-30": "192.00000", "2011-03-31": "143.00000", "2010-12-31": "231.00000", "2010-09-30": "40.00000", "2010-06-30": "104.00000", "2010-03-31": "418.00000", "2009-12-31": "352.00000", "2009-09-30": "120.00000", "2009-06-30": "80.00000", "2009-03-31": "45.00000", "2008-12-31": "-10.00000", "2008-09-30": "43.00000", "2008-06-30": "231.00000", "2008-03-31": "195.00000", "2007-12-31": "202.00000", "2007-09-30": "99.00000", "2007-06-30": "155.00000", "2007-03-31": "117.00000", "2006-12-31": "144.00000", "2006-09-30": "52.00000", "2006-06-30": "313.00000", "2006-03-31": "244.00000", "2005-12-31": "54.00000", "2005-09-30": "100.00000", "2005-06-30": "243.00000", "2005-03-31": "147.00000"}, "Research And Development Expenses": {"2020-09-30": "", "2020-06-30": "", "2020-03-31": "", "2019-12-31": "", "2019-09-30": "", "2019-06-30": "", "2019-03-31": "", "2018-12-31": "", "2018-09-30": "", "2018-06-30": "", "2018-03-31": "", "2017-12-31": "", "2017-09-30": "", "2017-06-30": "", "2017-03-31": "", "2016-12-31": "", "2016-09-30": "", "2016-06-30": "", "2016-03-31": "", "2015-12-31": "", "2015-09-30": "", "2015-06-30": "", "2015-03-31": "", "2014-12-31": "", "2014-09-30": "", "2014-06-30": "", "2014-03-31": "", "2013-12-31": "", "2013-09-30": "", "2013-06-30": "", "2013-03-31": "", "2012-12-31": "", "2012-09-30": "", "2012-06-30": "", "2012-03-31": "", "2011-12-31": "", "2011-09-30": "", "2011-06-30": "", "2011-03-31": "", "2010-12-31": "", "2010-09-30": "", "2010-06-30": "", "2010-03-31": "", "2009-12-31": "", "2009-09-30": "", "2009-06-30": "", "2009-03-31": "", "2008-12-31": "", "2008-09-30": "", "2008-06-30": "", "2008-03-31": "", "2007-12-31": "", "2007-09-30": "", "2007-06-30": "", "2007-03-31": "", "2006-12-31": "", "2006-09-30": "", "2006-06-30": "", "2006-03-31": "", "2005-12-31": "", "2005-09-30": "", "2005-06-30": "", "2005-03-31": ""}, "SG&A Expenses": {"2020-09-30": "45.00000", "2020-06-30": "41.00000", "2020-03-31": "54.00000", "2019-12-31": "54.00000", "2019-09-30": "52.00000", "2019-06-30": "58.00000", "2019-03-31": "57.00000", "2018-12-31": "54.00000", "2018-09-30": "40.00000", "2018-06-30": "55.00000", "2018-03-31": "44.00000", "2017-12-31": "65.00000", "2017-09-30": "55.00000", "2017-06-30": "54.00000", "2017-03-31": "52.00000", "2016-12-31": "61.00000", "2016-09-30": "53.00000", "2016-06-30": "54.00000", "2016-03-31": "56.00000", "2015-12-31": "63.00000", "2015-09-30": "59.00000", "2015-06-30": "65.00000", "2015-03-31": "58.00000", "2014-12-31": "64.00000", "2014-09-30": "70.00000", "2014-06-30": "48.00000", "2014-03-31": "81.00000", "2013-12-31": "89.00000", "2013-09-30": "73.00000", "2013-06-30": "77.00000", "2013-03-31": "86.00000", "2012-12-31": "48.00000", "2012-09-30": "89.00000", "2012-06-30": "87.00000", "2012-03-31": "91.00000", "2011-12-31": "96.00000", "2011-09-30": "95.00000", "2011-06-30": "100.00000", "2011-03-31": "96.00000", "2010-12-31": "78.00000", "2010-09-30": "91.00000", "2010-06-30": "88.00000", "2010-03-31": "113.00000", "2009-12-31": "31.00000", "2009-09-30": "95.00000", "2009-06-30": "97.00000", "2009-03-31": "108.00000", "2008-12-31": "111.00000", "2008-09-30": "138.00000", "2008-06-30": "156.00000", "2008-03-31": "148.00000", "2007-12-31": "191.00000", "2007-09-30": "131.00000", "2007-06-30": "145.00000", "2007-03-31": "169.00000", "2006-12-31": "175.00000", "2006-09-30": "176.00000", "2006-06-30": "194.00000", "2006-03-31": "168.00000", "2005-12-31": "182.00000", "2005-09-30": "239.00000", "2005-06-30": "274.00000", "2005-03-31": "250.00000"}, "Other Operating Income Or Expenses": {"2020-09-30": "", "2020-06-30": "", "2020-03-31": "", "2019-12-31": "", "2019-09-30": "", "2019-06-30": "", "2019-03-31": "", "2018-12-31": "", "2018-09-30": "", "2018-06-30": "", "2018-03-31": "", "2017-12-31": "", "2017-09-30": "", "2017-06-30": "", "2017-03-31": "", "2016-12-31": "", "2016-09-30": "", "2016-06-30": "", "2016-03-31": "", "2015-12-31": "", "2015-09-30": "", "2015-06-30": "", "2015-03-31": "", "2014-12-31": "", "2014-09-30": "", "2014-06-30": "", "2014-03-31": "", "2013-12-31": "", "2013-09-30": "", "2013-06-30": "", "2013-03-31": "", "2012-12-31": "", "2012-09-30": "", "2012-06-30": "", "2012-03-31": "", "2011-12-31": "", "2011-09-30": "", "2011-06-30": "", "2011-03-31": "", "2010-12-31": "", "2010-09-30": "-3.00000", "2010-06-30": "-13.00000", "2010-03-31": "-29.00000", "2009-12-31": "11.00000", "2009-09-30": "", "2009-06-30": "", "2009-03-31": "157.00000", "2008-12-31": "-173.00000", "2008-09-30": "20.00000", "2008-06-30": "7.00000", "2008-03-31": "-16.00000", "2007-12-31": "3.00000", "2007-09-30": "13.00000", "2007-06-30": "36.00000", "2007-03-31": "-5.00000", "2006-12-31": "69.00000", "2006-09-30": "14.00000", "2006-06-30": "-10.00000", "2006-03-31": "9.00000", "2005-12-31": "1545.00000", "2005-09-30": "", "2005-06-30": "-1176.00000", "2005-03-31": ""}, "Operating Expenses": {"2020-09-30": "725.00000", "2020-06-30": "412.00000", "2020-03-31": "677.00000", "2019-12-31": "696.00000", "2019-09-30": "700.00000", "2019-06-30": "721.00000", "2019-03-31": "729.00000", "2018-12-31": "690.00000", "2018-09-30": "657.00000", "2018-06-30": "714.00000", "2018-03-31": "734.00000", "2017-12-31": "729.00000", "2017-09-30": "712.00000", "2017-06-30": "720.00000", "2017-03-31": "734.00000", "2016-12-31": "783.00000", "2016-09-30": "723.00000", "2016-06-30": "725.00000", "2016-03-31": "747.00000", "2015-12-31": "776.00000", "2015-09-30": "765.00000", "2015-06-30": "790.00000", "2015-03-31": "765.00000", "2014-12-31": "767.00000", "2014-09-30": "778.00000", "2014-06-30": "507.00000", "2014-03-31": "1627.00000", "2013-12-31": "1595.00000", "2013-09-30": "1432.00000", "2013-06-30": "1524.00000", "2013-03-31": "1788.00000", "2012-12-31": "552.00000", "2012-09-30": "1586.00000", "2012-06-30": "1663.00000", "2012-03-31": "1737.00000", "2011-12-31": "1674.00000", "2011-09-30": "1866.00000", "2011-06-30": "1980.00000", "2011-03-31": "1805.00000", "2010-12-31": "1163.00000", "2010-09-30": "1838.00000", "2010-06-30": "1981.00000", "2010-03-31": "1658.00000", "2009-12-31": "1737.00000", "2009-09-30": "1762.00000", "2009-06-30": "1611.00000", "2009-03-31": "1285.00000", "2008-12-31": "1977.00000", "2008-09-30": "2237.00000", "2008-06-30": "2856.00000", "2008-03-31": "2877.00000", "2007-12-31": "2916.00000", "2007-09-30": "2592.00000", "2007-06-30": "2965.00000", "2007-03-31": "2970.00000", "2006-12-31": "2778.00000", "2006-09-30": "2704.00000", "2006-06-30": "2860.00000", "2006-03-31": "2885.00000", "2005-12-31": "1230.00000", "2005-09-30": "4271.00000", "2005-06-30": "6210.00000", "2005-03-31": "5097.00000"}, "Operating Income": {"2020-09-30": "22.00000", "2020-06-30": "-41.00000", "2020-03-31": "-34.00000", "2019-12-31": "48.00000", "2019-09-30": "31.00000", "2019-06-30": "12.00000", "2019-03-31": "8.00000", "2018-12-31": "41.00000", "2018-09-30": "24.00000", "2018-06-30": "44.00000", "2018-03-31": "80.00000", "2017-12-31": "68.00000", "2017-09-30": "53.00000", "2017-06-30": "54.00000", "2017-03-31": "76.00000", "2016-12-31": "33.00000", "2016-09-30": "47.00000", "2016-06-30": "48.00000", "2016-03-31": "55.00000", "2015-12-31": "33.00000", "2015-09-30": "43.00000", "2015-06-30": "22.00000", "2015-03-31": "51.00000", "2014-12-31": "21.00000", "2014-09-30": "15.00000", "2014-06-30": "-4.00000", "2014-03-31": "91.00000", "2013-12-31": "96.00000", "2013-09-30": "52.00000", "2013-06-30": "86.00000", "2013-03-31": "68.00000", "2012-12-31": "129.00000", "2012-09-30": "38.00000", "2012-06-30": "30.00000", "2012-03-31": "-20.00000", "2011-12-31": "53.00000", "2011-09-30": "43.00000", "2011-06-30": "66.00000", "2011-03-31": "45.00000", "2010-12-31": "280.00000", "2010-09-30": "-108.00000", "2010-06-30": "-36.00000", "2010-03-31": "246.00000", "2009-12-31": "290.00000", "2009-09-30": "-25.00000", "2009-06-30": "-42.00000", "2009-03-31": "67.00000", "2008-12-31": "-324.00000", "2008-09-30": "-117.00000", "2008-06-30": "53.00000", "2008-03-31": "-15.00000", "2007-12-31": "-49.00000", "2007-09-30": "-46.00000", "2007-06-30": "9.00000", "2007-03-31": "-82.00000", "2006-12-31": "-20.00000", "2006-09-30": "-124.00000", "2006-06-30": "97.00000", "2006-03-31": "76.00000", "2005-12-31": "1409.00000", "2005-09-30": "-150.00000", "2005-06-30": "-1207.00000", "2005-03-31": "-110.00000"}, "Total Non-Operating Income/Expense": {"2020-09-30": "", "2020-06-30": "1.00000", "2020-03-31": "3.00000", "2019-12-31": "", "2019-09-30": "", "2019-06-30": "4.00000", "2019-03-31": "3.00000", "2018-12-31": "6.00000", "2018-09-30": "8.00000", "2018-06-30": "5.00000", "2018-03-31": "8.00000", "2017-12-31": "-33.00000", "2017-09-30": "2.00000", "2017-06-30": "4.00000", "2017-03-31": "-1.00000", "2016-12-31": "1.00000", "2016-09-30": "-17.00000", "2016-06-30": "", "2016-03-31": "-6.00000", "2015-12-31": "-117.00000", "2015-09-30": "-12.00000", "2015-06-30": "67.00000", "2015-03-31": "-18.00000", "2014-12-31": "-28.00000", "2014-09-30": "-26.00000", "2014-06-30": "-35.00000", "2014-03-31": "-6.00000", "2013-12-31": "519.00000", "2013-09-30": "33.00000", "2013-06-30": "35.00000", "2013-03-31": "-2.00000", "2012-12-31": "-5.00000", "2012-09-30": "34.00000", "2012-06-30": "97.00000", "2012-03-31": "33.00000", "2011-12-31": "45.00000", "2011-09-30": "38.00000", "2011-06-30": "12.00000", "2011-03-31": "35.00000", "2010-12-31": "937.00000", "2010-09-30": "4.00000", "2010-06-30": "-91.00000", "2010-03-31": "27.00000", "2009-12-31": "24.00000", "2009-09-30": "20.00000", "2009-06-30": "-26.00000", "2009-03-31": "-44.00000", "2008-12-31": "-41.00000", "2008-09-30": "-33.00000", "2008-06-30": "-27.00000", "2008-03-31": "-27.00000", "2007-12-31": "-28.00000", "2007-09-30": "-31.00000", "2007-06-30": "-27.00000", "2007-03-31": "-31.00000", "2006-12-31": "-28.00000", "2006-09-30": "-32.00000", "2006-06-30": "-26.00000", "2006-03-31": "-32.00000", "2005-12-31": "-31.00000", "2005-09-30": "-30.00000", "2005-06-30": "-23.00000", "2005-03-31": "-23.00000"}, "Pre-Tax Income": {"2020-09-30": "22.00000", "2020-06-30": "-40.00000", "2020-03-31": "-31.00000", "2019-12-31": "48.00000", "2019-09-30": "31.00000", "2019-06-30": "16.00000", "2019-03-31": "11.00000", "2018-12-31": "47.00000", "2018-09-30": "32.00000", "2018-06-30": "49.00000", "2018-03-31": "88.00000", "2017-12-31": "35.00000", "2017-09-30": "55.00000", "2017-06-30": "58.00000", "2017-03-31": "75.00000", "2016-12-31": "34.00000", "2016-09-30": "30.00000", "2016-06-30": "48.00000", "2016-03-31": "49.00000", "2015-12-31": "-84.00000", "2015-09-30": "31.00000", "2015-06-30": "89.00000", "2015-03-31": "33.00000", "2014-12-31": "-7.00000", "2014-09-30": "-11.00000", "2014-06-30": "-39.00000", "2014-03-31": "85.00000", "2013-12-31": "615.00000", "2013-09-30": "85.00000", "2013-06-30": "121.00000", "2013-03-31": "66.00000", "2012-12-31": "124.00000", "2012-09-30": "72.00000", "2012-06-30": "127.00000", "2012-03-31": "13.00000", "2011-12-31": "98.00000", "2011-09-30": "81.00000", "2011-06-30": "78.00000", "2011-03-31": "80.00000", "2010-12-31": "1217.00000", "2010-09-30": "-104.00000", "2010-06-30": "-127.00000", "2010-03-31": "273.00000", "2009-12-31": "314.00000", "2009-09-30": "-5.00000", "2009-06-30": "-68.00000", "2009-03-31": "23.00000", "2008-12-31": "-365.00000", "2008-09-30": "-150.00000", "2008-06-30": "26.00000", "2008-03-31": "-42.00000", "2007-12-31": "-77.00000", "2007-09-30": "-77.00000", "2007-06-30": "-18.00000", "2007-03-31": "-113.00000", "2006-12-31": "-48.00000", "2006-09-30": "-156.00000", "2006-06-30": "71.00000", "2006-03-31": "44.00000", "2005-12-31": "1378.00000", "2005-09-30": "-180.00000", "2005-06-30": "-1230.00000", "2005-03-31": "-133.00000"}, "Income Taxes": {"2020-09-30": "12.00000", "2020-06-30": "2.00000", "2020-03-31": "5.00000", "2019-12-31": "8.00000", "2019-09-30": "13.00000", "2019-06-30": "8.00000", "2019-03-31": "-5.00000", "2018-12-31": "1.00000", "2018-09-30": "9.00000", "2018-06-30": "12.00000", "2018-03-31": "21.00000", "2017-12-31": "14.00000", "2017-09-30": "8.00000", "2017-06-30": "10.00000", "2017-03-31": "16.00000", "2016-12-31": "3.00000", "2016-09-30": "5.00000", "2016-06-30": "9.00000", "2016-03-31": "13.00000", "2015-12-31": "-16.00000", "2015-09-30": "10.00000", "2015-06-30": "24.00000", "2015-03-31": "9.00000", "2014-12-31": "11.00000", "2014-09-30": "10.00000", "2014-06-30": "-2.00000", "2014-03-31": "31.00000", "2013-12-31": "58.00000", "2013-09-30": "23.00000", "2013-06-30": "39.00000", "2013-03-31": "-18.00000", "2012-12-31": "5.00000", "2012-09-30": "33.00000", "2012-06-30": "42.00000", "2012-03-31": "27.00000", "2011-12-31": "40.00000", "2011-09-30": "25.00000", "2011-06-30": "34.00000", "2011-03-31": "28.00000", "2010-12-31": "78.00000", "2010-09-30": "19.00000", "2010-06-30": "50.00000", "2010-03-31": "25.00000", "2009-12-31": "17.00000", "2009-09-30": "18.00000", "2009-06-30": "31.00000", "2009-03-31": "14.00000", "2008-12-31": "-15.00000", "2008-09-30": "31.00000", "2008-06-30": "49.00000", "2008-03-31": "51.00000", "2007-12-31": "-45.00000", "2007-09-30": "20.00000", "2007-06-30": "28.00000", "2007-03-31": "17.00000", "2006-12-31": "-32.00000", "2006-09-30": "10.00000", "2006-06-30": "17.00000", "2006-03-31": "30.00000", "2005-12-31": "23.00000", "2005-09-30": "21.00000", "2005-06-30": "-2.00000", "2005-03-31": "22.00000"}, "Income After Taxes": {"2020-09-30": "10.00000", "2020-06-30": "-42.00000", "2020-03-31": "-36.00000", "2019-12-31": "40.00000", "2019-09-30": "18.00000", "2019-06-30": "8.00000", "2019-03-31": "16.00000", "2018-12-31": "46.00000", "2018-09-30": "23.00000", "2018-06-30": "37.00000", "2018-03-31": "67.00000", "2017-12-31": "21.00000", "2017-09-30": "47.00000", "2017-06-30": "48.00000", "2017-03-31": "59.00000", "2016-12-31": "31.00000", "2016-09-30": "25.00000", "2016-06-30": "39.00000", "2016-03-31": "36.00000", "2015-12-31": "-68.00000", "2015-09-30": "21.00000", "2015-06-30": "65.00000", "2015-03-31": "24.00000", "2014-12-31": "-18.00000", "2014-09-30": "-21.00000", "2014-06-30": "-37.00000", "2014-03-31": "54.00000", "2013-12-31": "557.00000", "2013-09-30": "62.00000", "2013-06-30": "82.00000", "2013-03-31": "84.00000", "2012-12-31": "119.00000", "2012-09-30": "39.00000", "2012-06-30": "85.00000", "2012-03-31": "-14.00000", "2011-12-31": "58.00000", "2011-09-30": "56.00000", "2011-06-30": "44.00000", "2011-03-31": "52.00000", "2010-12-31": "1139.00000", "2010-09-30": "-123.00000", "2010-06-30": "-177.00000", "2010-03-31": "248.00000", "2009-12-31": "297.00000", "2009-09-30": "-23.00000", "2009-06-30": "-99.00000", "2009-03-31": "9.00000", "2008-12-31": "-350.00000", "2008-09-30": "-181.00000", "2008-06-30": "-23.00000", "2008-03-31": "-93.00000", "2007-12-31": "-32.00000", "2007-09-30": "-97.00000", "2007-06-30": "-46.00000", "2007-03-31": "-130.00000", "2006-12-31": "-16.00000", "2006-09-30": "-166.00000", "2006-06-30": "54.00000", "2006-03-31": "14.00000", "2005-12-31": "1355.00000", "2005-09-30": "-201.00000", "2005-06-30": "-1228.00000", "2005-03-31": "-155.00000"}, "Other Income": {"2020-09-30": "", "2020-06-30": "", "2020-03-31": "", "2019-12-31": "", "2019-09-30": "", "2019-06-30": "", "2019-03-31": "", "2018-12-31": "", "2018-09-30": "", "2018-06-30": "", "2018-03-31": "", "2017-12-31": "", "2017-09-30": "", "2017-06-30": "", "2017-03-31": "", "2016-12-31": "", "2016-09-30": "", "2016-06-30": "", "2016-03-31": "", "2015-12-31": "", "2015-09-30": "", "2015-06-30": "", "2015-03-31": "", "2014-12-31": "", "2014-09-30": "", "2014-06-30": "", "2014-03-31": "", "2013-12-31": "", "2013-09-30": "", "2013-06-30": "", "2013-03-31": "", "2012-12-31": "", "2012-09-30": "", "2012-06-30": "", "2012-03-31": "", "2011-12-31": "", "2011-09-30": "", "2011-06-30": "", "2011-03-31": "", "2010-12-31": "", "2010-09-30": "", "2010-06-30": "", "2010-03-31": "", "2009-12-31": "", "2009-09-30": "", "2009-06-30": "", "2009-03-31": "", "2008-12-31": "", "2008-09-30": "", "2008-06-30": "", "2008-03-31": "", "2007-12-31": "", "2007-09-30": "", "2007-06-30": "", "2007-03-31": "", "2006-12-31": "", "2006-09-30": "", "2006-06-30": "", "2006-03-31": "", "2005-12-31": "", "2005-09-30": "", "2005-06-30": "", "2005-03-31": ""}, "Income From Continuous Operations": {"2020-09-30": "10.00000", "2020-06-30": "-42.00000", "2020-03-31": "-36.00000", "2019-12-31": "40.00000", "2019-09-30": "18.00000", "2019-06-30": "8.00000", "2019-03-31": "16.00000", "2018-12-31": "46.00000", "2018-09-30": "23.00000", "2018-06-30": "37.00000", "2018-03-31": "67.00000", "2017-12-31": "21.00000", "2017-09-30": "47.00000", "2017-06-30": "48.00000", "2017-03-31": "59.00000", "2016-12-31": "31.00000", "2016-09-30": "25.00000", "2016-06-30": "39.00000", "2016-03-31": "36.00000", "2015-12-31": "-68.00000", "2015-09-30": "21.00000", "2015-06-30": "65.00000", "2015-03-31": "24.00000", "2014-12-31": "-18.00000", "2014-09-30": "-21.00000", "2014-06-30": "-37.00000", "2014-03-31": "54.00000", "2013-12-31": "557.00000", "2013-09-30": "62.00000", "2013-06-30": "82.00000", "2013-03-31": "84.00000", "2012-12-31": "119.00000", "2012-09-30": "39.00000", "2012-06-30": "85.00000", "2012-03-31": "-14.00000", "2011-12-31": "58.00000", "2011-09-30": "56.00000", "2011-06-30": "44.00000", "2011-03-31": "52.00000", "2010-12-31": "1139.00000", "2010-09-30": "-123.00000", "2010-06-30": "-177.00000", "2010-03-31": "248.00000", "2009-12-31": "297.00000", "2009-09-30": "-23.00000", "2009-06-30": "-99.00000", "2009-03-31": "9.00000", "2008-12-31": "-350.00000", "2008-09-30": "-181.00000", "2008-06-30": "-23.00000", "2008-03-31": "-93.00000", "2007-12-31": "", "2007-09-30": "-109.00000", "2007-06-30": "-60.00000", "2007-03-31": "-136.00000", "2006-12-31": "-25.00000", "2006-09-30": "-171.00000", "2006-06-30": "44.00000", "2006-03-31": "7.00000", "2005-12-31": "1346.00000", "2005-09-30": "-207.00000", "2005-06-30": "-1238.00000", "2005-03-31": "-163.00000"}, "Income From Discontinued Operations": {"2020-09-30": "", "2020-06-30": "", "2020-03-31": "", "2019-12-31": "", "2019-09-30": "", "2019-06-30": "", "2019-03-31": "", "2018-12-31": "-1.00000", "2018-09-30": "1.00000", "2018-06-30": "-1.00000", "2018-03-31": "2.00000", "2017-12-31": "9.00000", "2017-09-30": "", "2017-06-30": "", "2017-03-31": "8.00000", "2016-12-31": "-25.00000", "2016-09-30": "7.00000", "2016-06-30": "-9.00000", "2016-03-31": "-13.00000", "2015-12-31": "92.00000", "2015-09-30": "-11.00000", "2015-06-30": "2159.00000", "2015-03-31": "46.00000", "2014-12-31": "-96.00000", "2014-09-30": "22.00000", "2014-06-30": "-104.00000", "2014-03-31": "-6.00000", "2013-12-31": "-12.00000", "2013-09-30": "-2.00000", "2013-06-30": "4.00000", "2013-03-31": "", "2012-12-31": "-59.00000", "2012-09-30": "-5.00000", "2012-06-30": "-1.00000", "2012-03-31": "3.00000", "2011-12-31": "-64.00000", "2011-09-30": "4.00000", "2011-06-30": "", "2011-03-31": "4.00000", "2010-12-31": "", "2010-09-30": "", "2010-06-30": "", "2010-03-31": "", "2009-12-31": "", "2009-09-30": "", "2009-06-30": "", "2009-03-31": "", "2008-12-31": "", "2008-09-30": "", "2008-06-30": "", "2008-03-31": "", "2007-12-31": "", "2007-09-30": "", "2007-06-30": "-7.00000", "2007-03-31": "-17.00000", "2006-12-31": "-14.00000", "2006-09-30": "-6.00000", "2006-06-30": "-2.00000", "2006-03-31": "", "2005-12-31": "", "2005-09-30": "", "2005-06-30": "", "2005-03-31": ""}, "Net Income": {"2020-09-30": "6.00000", "2020-06-30": "-45.00000", "2020-03-31": "-35.00000", "2019-12-31": "35.00000", "2019-09-30": "14.00000", "2019-06-30": "7.00000", "2019-03-31": "14.00000", "2018-12-31": "43.00000", "2018-09-30": "21.00000", "2018-06-30": "35.00000", "2018-03-31": "65.00000", "2017-12-31": "25.00000", "2017-09-30": "43.00000", "2017-06-30": "45.00000", "2017-03-31": "63.00000", "2016-12-31": "2.00000", "2016-09-30": "28.00000", "2016-06-30": "26.00000", "2016-03-31": "19.00000", "2015-12-31": "21.00000", "2015-09-30": "5.00000", "2015-06-30": "2208.00000", "2015-03-31": "50.00000", "2014-12-31": "-138.00000", "2014-09-30": "-21.00000", "2014-06-30": "-155.00000", "2014-03-31": "19.00000", "2013-12-31": "513.00000", "2013-09-30": "43.00000", "2013-06-30": "65.00000", "2013-03-31": "69.00000", "2012-12-31": "39.00000", "2012-09-30": "15.00000", "2012-06-30": "75.00000", "2012-03-31": "-29.00000", "2011-12-31": "-26.00000", "2011-09-30": "41.00000", "2011-06-30": "26.00000", "2011-03-31": "39.00000", "2010-12-31": "1134.00000", "2010-09-30": "-140.00000", "2010-06-30": "-201.00000", "2010-03-31": "233.00000", "2009-12-31": "276.00000", "2009-09-30": "-38.00000", "2009-06-30": "-112.00000", "2009-03-31": "2.00000", "2008-12-31": "-346.00000", "2008-09-30": "-188.00000", "2008-06-30": "-42.00000", "2008-03-31": "-105.00000", "2007-12-31": "-43.00000", "2007-09-30": "-109.00000", "2007-06-30": "-67.00000", "2007-03-31": "-153.00000", "2006-12-31": "-39.00000", "2006-09-30": "-177.00000", "2006-06-30": "50.00000", "2006-03-31": "3.00000", "2005-12-31": "1338.00000", "2005-09-30": "-207.00000", "2005-06-30": "-1238.00000", "2005-03-31": "-163.00000"}, "EBITDA": {"2020-09-30": "47.00000", "2020-06-30": "-16.00000", "2020-03-31": "-9.00000", "2019-12-31": "74.00000", "2019-09-30": "56.00000", "2019-06-30": "36.00000", "2019-03-31": "33.00000", "2018-12-31": "65.00000", "2018-09-30": "46.00000", "2018-06-30": "67.00000", "2018-03-31": "102.00000", "2017-12-31": "93.00000", "2017-09-30": "74.00000", "2017-06-30": "76.00000", "2017-03-31": "95.00000", "2016-12-31": "55.00000", "2016-09-30": "68.00000", "2016-06-30": "68.00000", "2016-03-31": "76.00000", "2015-12-31": "55.00000", "2015-09-30": "63.00000", "2015-06-30": "81.00000", "2015-03-31": "119.00000", "2014-12-31": "86.00000", "2014-09-30": "90.00000", "2014-06-30": "60.00000", "2014-03-31": "157.00000", "2013-12-31": "158.00000", "2013-09-30": "120.00000", "2013-06-30": "151.00000", "2013-03-31": "135.00000", "2012-12-31": "192.00000", "2012-09-30": "102.00000", "2012-06-30": "97.00000", "2012-03-31": "45.00000", "2011-12-31": "121.00000", "2011-09-30": "129.00000", "2011-06-30": "151.00000", "2011-03-31": "122.00000", "2010-12-31": "353.00000", "2010-09-30": "-41.00000", "2010-06-30": "31.00000", "2010-03-31": "319.00000", "2009-12-31": "387.00000", "2009-09-30": "68.00000", "2009-06-30": "42.00000", "2009-03-31": "145.00000", "2008-12-31": "-235.00000", "2008-09-30": "-15.00000", "2008-06-30": "163.00000", "2008-03-31": "100.00000", "2007-12-31": "77.00000", "2007-09-30": "63.00000", "2007-06-30": "125.00000", "2007-03-31": "39.00000", "2006-12-31": "95.00000", "2006-09-30": "-17.00000", "2006-06-30": "203.00000", "2006-03-31": "178.00000", "2005-12-31": "1531.00000", "2005-09-30": "-33.00000", "2005-06-30": "-1027.00000", "2005-03-31": "66.00000"}, "EBIT": {"2020-09-30": "22.00000", "2020-06-30": "-41.00000", "2020-03-31": "-34.00000", "2019-12-31": "48.00000", "2019-09-30": "31.00000", "2019-06-30": "12.00000", "2019-03-31": "8.00000", "2018-12-31": "41.00000", "2018-09-30": "24.00000", "2018-06-30": "44.00000", "2018-03-31": "80.00000", "2017-12-31": "68.00000", "2017-09-30": "53.00000", "2017-06-30": "54.00000", "2017-03-31": "76.00000", "2016-12-31": "33.00000", "2016-09-30": "47.00000", "2016-06-30": "48.00000", "2016-03-31": "55.00000", "2015-12-31": "33.00000", "2015-09-30": "43.00000", "2015-06-30": "22.00000", "2015-03-31": "51.00000", "2014-12-31": "21.00000", "2014-09-30": "15.00000", "2014-06-30": "-4.00000", "2014-03-31": "91.00000", "2013-12-31": "96.00000", "2013-09-30": "52.00000", "2013-06-30": "86.00000", "2013-03-31": "68.00000", "2012-12-31": "129.00000", "2012-09-30": "38.00000", "2012-06-30": "30.00000", "2012-03-31": "-20.00000", "2011-12-31": "53.00000", "2011-09-30": "43.00000", "2011-06-30": "66.00000", "2011-03-31": "45.00000", "2010-12-31": "280.00000", "2010-09-30": "-108.00000", "2010-06-30": "-36.00000", "2010-03-31": "246.00000", "2009-12-31": "290.00000", "2009-09-30": "-25.00000", "2009-06-30": "-42.00000", "2009-03-31": "67.00000", "2008-12-31": "-324.00000", "2008-09-30": "-117.00000", "2008-06-30": "53.00000", "2008-03-31": "-15.00000", "2007-12-31": "-49.00000", "2007-09-30": "-46.00000", "2007-06-30": "9.00000", "2007-03-31": "-82.00000", "2006-12-31": "-20.00000", "2006-09-30": "-124.00000", "2006-06-30": "97.00000", "2006-03-31": "76.00000", "2005-12-31": "1409.00000", "2005-09-30": "-150.00000", "2005-06-30": "-1207.00000", "2005-03-31": "-110.00000"}, "Basic Shares Outstanding": {"2020-09-30": "27.80000", "2020-06-30": "27.80000", "2020-03-31": "27.90000", "2019-12-31": "28.10000", "2019-09-30": "28.00000", "2019-06-30": "28.10000", "2019-03-31": "28.20000", "2018-12-31": "29.50000", "2018-09-30": "29.30000", "2018-06-30": "29.60000", "2018-03-31": "30.50000", "2017-12-31": "31.60000", "2017-09-30": "31.20000", "2017-06-30": "31.50000", "2017-03-31": "32.50000", "2016-12-31": "35.00000", "2016-09-30": "34.00000", "2016-06-30": "34.00000", "2016-03-31": "38.10000", "2015-12-31": "40.60000", "2015-09-30": "40.50000", "2015-06-30": "43.40000", "2015-03-31": "44.40000", "2014-12-31": "44.30000", "2014-09-30": "44.00000", "2014-06-30": "46.20000", "2014-03-31": "48.40000", "2013-12-31": "48.60000", "2013-09-30": "49.40000", "2013-06-30": "50.00000", "2013-03-31": "51.60000", "2012-12-31": "52.90000", "2012-09-30": "53.30000", "2012-06-30": "53.30000", "2012-03-31": "51.90000", "2011-12-31": "51.20000", "2011-09-30": "51.50000", "2011-06-30": "51.00000", "2011-03-31": "50.70000", "2010-12-31": "50.20000", "2010-09-30": "129.40000", "2010-06-30": "129.40000", "2010-03-31": "130.30000", "2009-12-31": "130.40000", "2009-09-30": "129.40000", "2009-06-30": "129.40000", "2009-03-31": "130.50000", "2008-12-31": "129.40000", "2008-09-30": "129.40000", "2008-06-30": "129.50000", "2008-03-31": "129.50000", "2007-12-31": "129.40000", "2007-09-30": "129.70000", "2007-06-30": "129.50000", "2007-03-31": "128.90000", "2006-12-31": "127.90000", "2006-09-30": "128.10000", "2006-06-30": "127.80000", "2006-03-31": "127.10000", "2005-12-31": "126.00000", "2005-09-30": "126.20000", "2005-06-30": "125.70000", "2005-03-31": "125.60000"}, "Shares Outstanding": {"2020-09-30": "28.00000", "2020-06-30": "27.80000", "2020-03-31": "27.90000", "2019-12-31": "28.20000", "2019-09-30": "28.10000", "2019-06-30": "28.20000", "2019-03-31": "28.40000", "2018-12-31": "29.70000", "2018-09-30": "29.50000", "2018-06-30": "29.90000", "2018-03-31": "30.80000", "2017-12-31": "32.20000", "2017-09-30": "31.80000", "2017-06-30": "32.00000", "2017-03-31": "33.00000", "2016-12-31": "35.40000", "2016-09-30": "34.40000", "2016-06-30": "34.40000", "2016-03-31": "38.50000", "2015-12-31": "40.60000", "2015-09-30": "41.40000", "2015-06-30": "44.40000", "2015-03-31": "45.50000", "2014-12-31": "44.30000", "2014-09-30": "44.00000", "2014-06-30": "46.20000", "2014-03-31": "49.60000", "2013-12-31": "49.70000", "2013-09-30": "50.40000", "2013-06-30": "50.50000", "2013-03-31": "51.90000", "2012-12-31": "53.30000", "2012-09-30": "53.80000", "2012-06-30": "53.70000", "2012-03-31": "51.90000", "2011-12-31": "52.00000", "2011-09-30": "52.00000", "2011-06-30": "51.90000", "2011-03-31": "52.00000", "2010-12-31": "51.70000", "2010-09-30": "129.40000", "2010-06-30": "129.40000", "2010-03-31": "130.30000", "2009-12-31": "130.40000", "2009-09-30": "129.40000", "2009-06-30": "129.40000", "2009-03-31": "130.50000", "2008-12-31": "129.40000", "2008-09-30": "129.40000", "2008-06-30": "129.50000", "2008-03-31": "129.50000", "2007-12-31": "129.40000", "2007-09-30": "129.70000", "2007-06-30": "129.50000", "2007-03-31": "128.90000", "2006-12-31": "127.90000", "2006-09-30": "128.10000", "2006-06-30": "127.90000", "2006-03-31": "127.20000", "2005-12-31": "126.00000", "2005-09-30": "126.20000", "2005-06-30": "125.70000", "2005-03-31": "125.60000"}, "Basic EPS": {"2020-09-30": "0.22000", "2020-06-30": "-1.62000", "2020-03-31": "-1.25000", "2019-12-31": "1.24000", "2019-09-30": "0.50000", "2019-06-30": "0.25000", "2019-03-31": "0.50000", "2018-12-31": "1.52000", "2018-09-30": "0.71000", "2018-06-30": "1.19000", "2018-03-31": "2.14000", "2017-12-31": "0.82000", "2017-09-30": "1.38000", "2017-06-30": "1.43000", "2017-03-31": "1.94000", "2016-12-31": "0.04000", "2016-09-30": "0.83000", "2016-06-30": "0.77000", "2016-03-31": "0.50000", "2015-12-31": "0.52000", "2015-09-30": "0.12000", "2015-06-30": "50.88000", "2015-03-31": "1.13000", "2014-12-31": "-3.12000", "2014-09-30": "-0.48000", "2014-06-30": "-3.35000", "2014-03-31": "0.39000", "2013-12-31": "10.56000", "2013-09-30": "0.87000", "2013-06-30": "1.30000", "2013-03-31": "1.34000", "2012-12-31": "0.76000", "2012-09-30": "0.28000", "2012-06-30": "1.41000", "2012-03-31": "-0.56000", "2011-12-31": "-0.52000", "2011-09-30": "0.80000", "2011-06-30": "0.51000", "2011-03-31": "0.77000", "2010-12-31": "21.28000", "2010-09-30": "-1.08000", "2010-06-30": "-1.55000", "2010-03-31": "1.79000", "2009-12-31": "2.12000", "2009-09-30": "-0.29000", "2009-06-30": "-0.87000", "2009-03-31": "0.02000", "2008-12-31": "-2.68000", "2008-09-30": "-1.45000", "2008-06-30": "-0.32000", "2008-03-31": "-0.81000", "2007-12-31": "-0.32000", "2007-09-30": "-0.84000", "2007-06-30": "-0.52000", "2007-03-31": "-1.19000", "2006-12-31": "-0.30000", "2006-09-30": "-1.38000", "2006-06-30": "0.39000", "2006-03-31": "0.02000", "2005-12-31": "10.65000", "2005-09-30": "-1.64000", "2005-06-30": "-9.85000", "2005-03-31": "-1.30000"}, "EPS - Earnings Per Share": {"2020-09-30": "0.21000", "2020-06-30": "-1.62000", "2020-03-31": "-1.25000", "2019-12-31": "1.24000", "2019-09-30": "0.50000", "2019-06-30": "0.25000", "2019-03-31": "0.49000", "2018-12-31": "1.53000", "2018-09-30": "0.71000", "2018-06-30": "1.17000", "2018-03-31": "2.11000", "2017-12-31": "0.80000", "2017-09-30": "1.35000", "2017-06-30": "1.41000", "2017-03-31": "1.91000", "2016-12-31": "0.06000", "2016-09-30": "0.81000", "2016-06-30": "0.76000", "2016-03-31": "0.49000", "2015-12-31": "0.52000", "2015-09-30": "0.12000", "2015-06-30": "49.73000", "2015-03-31": "1.10000", "2014-12-31": "-3.12000", "2014-09-30": "-0.48000", "2014-06-30": "-3.35000", "2014-03-31": "0.38000", "2013-12-31": "10.32000", "2013-09-30": "0.85000", "2013-06-30": "1.29000", "2013-03-31": "1.33000", "2012-12-31": "0.76000", "2012-09-30": "0.28000", "2012-06-30": "1.40000", "2012-03-31": "-0.56000", "2011-12-31": "-0.50000", "2011-09-30": "0.79000", "2011-06-30": "0.50000", "2011-03-31": "0.75000", "2010-12-31": "20.69000", "2010-09-30": "-1.08000", "2010-06-30": "-1.55000", "2010-03-31": "1.79000", "2009-12-31": "2.12000", "2009-09-30": "-0.29000", "2009-06-30": "-0.87000", "2009-03-31": "0.02000", "2008-12-31": "-2.68000", "2008-09-30": "-1.45000", "2008-06-30": "-0.32000", "2008-03-31": "-0.81000", "2007-12-31": "-0.32000", "2007-09-30": "-0.84000", "2007-06-30": "-0.52000", "2007-03-31": "-1.19000", "2006-12-31": "-0.30000", "2006-09-30": "-1.38000", "2006-06-30": "0.39000", "2006-03-31": "0.02000", "2005-12-31": "10.65000", "2005-09-30": "-1.64000", "2005-06-30": "-9.85000", "2005-03-31": "-1.30000"}}, "balance sheet": {"Cash On Hand": {"2019-12-31": "469.00000", "2018-12-31": "467.00000", "2017-12-31": "709.00000", "2016-12-31": "882.00000", "2015-12-31": "2783.00000", "2014-12-31": "485.00000", "2013-12-31": "1702.00000", "2012-12-31": "845.00000", "2011-12-31": "746.00000", "2010-12-31": "979.00000", "2009-12-31": "1095.00000", "2008-12-31": "1180.00000", "2007-12-31": "1758.00000", "2006-12-31": "1057.00000", "2005-12-31": "865.00000"}, "Receivables": {"2019-12-31": "514.00000", "2018-12-31": "486.00000", "2017-12-31": "530.00000", "2016-12-31": "505.00000", "2015-12-31": "502.00000", "2014-12-31": "531.00000", "2013-12-31": "1227.00000", "2012-12-31": "1162.00000", "2011-12-31": "1071.00000", "2010-12-31": "1092.00000", "2009-12-31": "1055.00000", "2008-12-31": "989.00000", "2007-12-31": "1584.00000", "2006-12-31": "1715.00000", "2005-12-31": "1711.00000"}, "Inventory": {"2019-12-31": "169.00000", "2018-12-31": "184.00000", "2017-12-31": "189.00000", "2016-12-31": "151.00000", "2015-12-31": "187.00000", "2014-12-31": "208.00000", "2013-12-31": "472.00000", "2012-12-31": "385.00000", "2011-12-31": "381.00000", "2010-12-31": "364.00000", "2009-12-31": "319.00000", "2008-12-31": "354.00000", "2007-12-31": "495.00000", "2006-12-31": "520.00000", "2005-12-31": "537.00000"}, "Pre-Paid Expenses": {"2019-12-31": "", "2018-12-31": "", "2017-12-31": "", "2016-12-31": "", "2015-12-31": "", "2014-12-31": "", "2013-12-31": "", "2012-12-31": "", "2011-12-31": "", "2010-12-31": "", "2009-12-31": "", "2008-12-31": "", "2007-12-31": "", "2006-12-31": "", "2005-12-31": ""}, "Other Current Assets": {"2019-12-31": "193.00000", "2018-12-31": "159.00000", "2017-12-31": "175.00000", "2016-12-31": "170.00000", "2015-12-31": "581.00000", "2014-12-31": "1910.00000", "2013-12-31": "352.00000", "2012-12-31": "271.00000", "2011-12-31": "291.00000", "2010-12-31": "267.00000", "2009-12-31": "236.00000", "2008-12-31": "239.00000", "2007-12-31": "235.00000", "2006-12-31": "273.00000", "2005-12-31": "232.00000"}, "Total Current Assets": {"2019-12-31": "1345.00000", "2018-12-31": "1296.00000", "2017-12-31": "1603.00000", "2016-12-31": "1708.00000", "2015-12-31": "4053.00000", "2014-12-31": "3134.00000", "2013-12-31": "3753.00000", "2012-12-31": "2663.00000", "2011-12-31": "2489.00000", "2010-12-31": "2702.00000", "2009-12-31": "2705.00000", "2008-12-31": "2762.00000", "2007-12-31": "4072.00000", "2006-12-31": "3565.00000", "2005-12-31": "3345.00000"}, "Property, Plant, And Equipment": {"2019-12-31": "436.00000", "2018-12-31": "397.00000", "2017-12-31": "377.00000", "2016-12-31": "345.00000", "2015-12-31": "351.00000", "2014-12-31": "363.00000", "2013-12-31": "1414.00000", "2012-12-31": "1326.00000", "2011-12-31": "1412.00000", "2010-12-31": "1576.00000", "2009-12-31": "1936.00000", "2008-12-31": "2162.00000", "2007-12-31": "2793.00000", "2006-12-31": "3034.00000", "2005-12-31": "2973.00000"}, "Long-Term Investments": {"2019-12-31": "48.00000", "2018-12-31": "42.00000", "2017-12-31": "41.00000", "2016-12-31": "45.00000", "2015-12-31": "56.00000", "2014-12-31": "99.00000", "2013-12-31": "228.00000", "2012-12-31": "756.00000", "2011-12-31": "644.00000", "2010-12-31": "439.00000", "2009-12-31": "294.00000", "2008-12-31": "220.00000", "2007-12-31": "218.00000", "2006-12-31": "224.00000", "2005-12-31": "226.00000"}, "Goodwill And Intangible Assets": {"2019-12-31": "127.00000", "2018-12-31": "129.00000", "2017-12-31": "132.00000", "2016-12-31": "129.00000", "2015-12-31": "133.00000", "2014-12-31": "156.00000", "2013-12-31": "447.00000", "2012-12-31": "332.00000", "2011-12-31": "353.00000", "2010-12-31": "402.00000", "2009-12-31": "", "2008-12-31": "", "2007-12-31": "", "2006-12-31": "", "2005-12-31": ""}, "Other Long-Term Assets": {"2019-12-31": "150.00000", "2018-12-31": "143.00000", "2017-12-31": "151.00000", "2016-12-31": "146.00000", "2015-12-31": "88.00000", "2014-12-31": "1571.00000", "2013-12-31": "185.00000", "2012-12-31": "79.00000", "2011-12-31": "71.00000", "2010-12-31": "89.00000", "2009-12-31": "84.00000", "2008-12-31": "104.00000", "2007-12-31": "122.00000", "2006-12-31": "115.00000", "2005-12-31": "192.00000"}, "Total Long-Term Assets": {"2019-12-31": "926.00000", "2018-12-31": "711.00000", "2017-12-31": "701.00000", "2016-12-31": "665.00000", "2015-12-31": "628.00000", "2014-12-31": "2189.00000", "2013-12-31": "2274.00000", "2012-12-31": "2493.00000", "2011-12-31": "2480.00000", "2010-12-31": "2506.00000", "2009-12-31": "2314.00000", "2008-12-31": "2486.00000", "2007-12-31": "3133.00000", "2006-12-31": "3373.00000", "2005-12-31": "3391.00000"}, "Total Assets": {"2019-12-31": "2271.00000", "2018-12-31": "2007.00000", "2017-12-31": "2304.00000", "2016-12-31": "2373.00000", "2015-12-31": "4681.00000", "2014-12-31": "5323.00000", "2013-12-31": "6027.00000", "2012-12-31": "5156.00000", "2011-12-31": "4969.00000", "2010-12-31": "5208.00000", "2009-12-31": "5019.00000", "2008-12-31": "5248.00000", "2007-12-31": "7205.00000", "2006-12-31": "6938.00000", "2005-12-31": "6736.00000"}, "Total Current Liabilities": {"2019-12-31": "798.00000", "2018-12-31": "721.00000", "2017-12-31": "801.00000", "2016-12-31": "911.00000", "2015-12-31": "2772.00000", "2014-12-31": "1832.00000", "2013-12-31": "1802.00000", "2012-12-31": "1552.00000", "2011-12-31": "1553.00000", "2010-12-31": "1842.00000", "2009-12-31": "1665.00000", "2008-12-31": "4271.00000", "2007-12-31": "2528.00000", "2006-12-31": "2568.00000", "2005-12-31": "2959.00000"}, "Long Term Debt": {"2019-12-31": "348.00000", "2018-12-31": "348.00000", "2017-12-31": "347.00000", "2016-12-31": "346.00000", "2015-12-31": "346.00000", "2014-12-31": "587.00000", "2013-12-31": "624.00000", "2012-12-31": "473.00000", "2011-12-31": "512.00000", "2010-12-31": "483.00000", "2009-12-31": "6.00000", "2008-12-31": "65.00000", "2007-12-31": "2745.00000", "2006-12-31": "2128.00000", "2005-12-31": "1509.00000"}, "Other Non-Current Liabilities": {"2019-12-31": "72.00000", "2018-12-31": "76.00000", "2017-12-31": "95.00000", "2016-12-31": "69.00000", "2015-12-31": "75.00000", "2014-12-31": "541.00000", "2013-12-31": "151.00000", "2012-12-31": "238.00000", "2011-12-31": "225.00000", "2010-12-31": "217.00000", "2009-12-31": "3076.00000", "2008-12-31": "365.00000", "2007-12-31": "428.00000", "2006-12-31": "318.00000", "2005-12-31": "382.00000"}, "Total Long Term Liabilities": {"2019-12-31": "878.00000", "2018-12-31": "704.00000", "2017-12-31": "742.00000", "2016-12-31": "738.00000", "2015-12-31": "710.00000", "2014-12-31": "1670.00000", "2013-12-31": "1352.00000", "2012-12-31": "1463.00000", "2011-12-31": "1419.00000", "2010-12-31": "1416.00000", "2009-12-31": "3809.00000", "2008-12-31": "1600.00000", "2007-12-31": "4767.00000", "2006-12-31": "4558.00000", "2005-12-31": "3825.00000"}, "Total Liabilities": {"2019-12-31": "1676.00000", "2018-12-31": "1425.00000", "2017-12-31": "1543.00000", "2016-12-31": "1649.00000", "2015-12-31": "3482.00000", "2014-12-31": "3502.00000", "2013-12-31": "3154.00000", "2012-12-31": "3015.00000", "2011-12-31": "2972.00000", "2010-12-31": "3258.00000", "2009-12-31": "5474.00000", "2008-12-31": "5871.00000", "2007-12-31": "7295.00000", "2006-12-31": "7126.00000", "2005-12-31": "6784.00000"}, "Common Stock Net": {"2019-12-31": "1.00000", "2018-12-31": "1.00000", "2017-12-31": "1.00000", "2016-12-31": "1.00000", "2015-12-31": "1.00000", "2014-12-31": "1.00000", "2013-12-31": "1.00000", "2012-12-31": "1.00000", "2011-12-31": "1.00000", "2010-12-31": "1.00000", "2009-12-31": "131.00000", "2008-12-31": "131.00000", "2007-12-31": "131.00000", "2006-12-31": "131.00000", "2005-12-31": "131.00000"}, "Retained Earnings (Accumulated Deficit)": {"2019-12-31": "1679.00000", "2018-12-31": "1609.00000", "2017-12-31": "1445.00000", "2016-12-31": "1269.00000", "2015-12-31": "1194.00000", "2014-12-31": "661.00000", "2013-12-31": "956.00000", "2012-12-31": "266.00000", "2011-12-31": "166.00000", "2010-12-31": "86.00000", "2009-12-31": "-4576.00000", "2008-12-31": "-4704.00000", "2007-12-31": "-4016.00000", "2006-12-31": "-3606.00000", "2005-12-31": "-3440.00000"}, "Comprehensive Income": {"2019-12-31": "-267.00000", "2018-12-31": "-216.00000", "2017-12-31": "-174.00000", "2016-12-31": "-233.00000", "2015-12-31": "-190.00000", "2014-12-31": "-299.00000", "2013-12-31": "-12.00000", "2012-12-31": "-90.00000", "2011-12-31": "-25.00000", "2010-12-31": "50.00000", "2009-12-31": "142.00000", "2008-12-31": "157.00000", "2007-12-31": "275.00000", "2006-12-31": "-216.00000", "2005-12-31": "-234.00000"}, "Other Share Holders Equity": {"2019-12-31": "", "2018-12-31": "", "2017-12-31": "", "2016-12-31": "", "2015-12-31": "", "2014-12-31": "", "2013-12-31": "", "2012-12-31": "", "2011-12-31": "", "2010-12-31": "", "2009-12-31": "", "2008-12-31": "-5.00000", "2007-12-31": "-13.00000", "2006-12-31": "-22.00000", "2005-12-31": "-28.00000"}, "Share Holder Equity": {"2019-12-31": "595.00000", "2018-12-31": "582.00000", "2017-12-31": "761.00000", "2016-12-31": "724.00000", "2015-12-31": "1199.00000", "2014-12-31": "1821.00000", "2013-12-31": "2873.00000", "2012-12-31": "2141.00000", "2011-12-31": "1997.00000", "2010-12-31": "1950.00000", "2009-12-31": "-455.00000", "2008-12-31": "-623.00000", "2007-12-31": "-90.00000", "2006-12-31": "-188.00000", "2005-12-31": "-48.00000"}, "Total Liabilities And Share Holders Equity": {"2019-12-31": "2271.00000", "2018-12-31": "2007.00000", "2017-12-31": "2304.00000", "2016-12-31": "2373.00000", "2015-12-31": "4681.00000", "2014-12-31": "5323.00000", "2013-12-31": "6027.00000", "2012-12-31": "5156.00000", "2011-12-31": "4969.00000", "2010-12-31": "5208.00000", "2009-12-31": "5019.00000", "2008-12-31": "5248.00000", "2007-12-31": "7205.00000", "2006-12-31": "6938.00000", "2005-12-31": "6736.00000"}}, "balance sheet, quarterly": {"Cash On Hand": {"2020-09-30": "435.00000", "2020-06-30": "759.00000", "2020-03-31": "825.00000", "2019-12-31": "469.00000", "2019-09-30": "446.00000", "2019-06-30": "438.00000", "2019-03-31": "435.00000", "2018-12-31": "467.00000", "2018-09-30": "442.00000", "2018-06-30": "528.00000", "2018-03-31": "526.00000", "2017-12-31": "709.00000", "2017-09-30": "735.00000", "2017-06-30": "734.00000", "2017-03-31": "692.00000", "2016-12-31": "882.00000", "2016-09-30": "854.00000", "2016-06-30": "852.00000", "2016-03-31": "808.00000", "2015-12-31": "2783.00000", "2015-09-30": "2920.00000", "2015-06-30": "2866.00000", "2015-03-31": "916.00000", "2014-12-31": "485.00000", "2014-09-30": "948.00000", "2014-06-30": "1297.00000", "2014-03-31": "1753.00000", "2013-12-31": "1702.00000", "2013-09-30": "862.00000", "2013-06-30": "1008.00000", "2013-03-31": "995.00000", "2012-12-31": "845.00000", "2012-09-30": "920.00000", "2012-06-30": "702.00000", "2012-03-31": "721.00000", "2011-12-31": "746.00000", "2011-09-30": "780.00000", "2011-06-30": "861.00000", "2011-03-31": "901.00000", "2010-12-31": "979.00000", "2010-09-30": "1113.00000", "2010-06-30": "1160.00000", "2010-03-31": "1099.00000", "2009-12-31": "1095.00000", "2009-09-30": "814.00000", "2009-06-30": "742.00000", "2009-03-31": "767.00000", "2008-12-31": "1180.00000", "2008-09-30": "1133.00000", "2008-06-30": "1506.00000", "2008-03-31": "1613.00000", "2007-12-31": "1758.00000", "2007-09-30": "1422.00000", "2007-06-30": "1473.00000", "2007-03-31": "872.00000", "2006-12-31": "1057.00000", "2006-09-30": "740.00000", "2006-06-30": "836.00000", "2006-03-31": "881.00000", "2005-12-31": "865.00000", "2005-09-30": "898.00000", "2005-06-30": "823.00000", "2005-03-31": "809.00000"}, "Receivables": {"2020-09-30": "476.00000", "2020-06-30": "334.00000", "2020-03-31": "401.00000", "2019-12-31": "514.00000", "2019-09-30": "457.00000", "2019-06-30": "468.00000", "2019-03-31": "484.00000", "2018-12-31": "486.00000", "2018-09-30": "448.00000", "2018-06-30": "438.00000", "2018-03-31": "498.00000", "2017-12-31": "530.00000", "2017-09-30": "506.00000", "2017-06-30": "519.00000", "2017-03-31": "552.00000", "2016-12-31": "505.00000", "2016-09-30": "497.00000", "2016-06-30": "483.00000", "2016-03-31": "538.00000", "2015-12-31": "502.00000", "2015-09-30": "554.00000", "2015-06-30": "554.00000", "2015-03-31": "1367.00000", "2014-12-31": "531.00000", "2014-09-30": "1270.00000", "2014-06-30": "1129.00000", "2014-03-31": "1315.00000", "2013-12-31": "1227.00000", "2013-09-30": "1139.00000", "2013-06-30": "1206.00000", "2013-03-31": "1181.00000", "2012-12-31": "1162.00000", "2012-09-30": "1168.00000", "2012-06-30": "1166.00000", "2012-03-31": "1191.00000", "2011-12-31": "1071.00000", "2011-09-30": "1239.00000", "2011-06-30": "1341.00000", "2011-03-31": "1240.00000", "2010-12-31": "1092.00000", "2010-09-30": "1086.00000", "2010-06-30": "1032.00000", "2010-03-31": "1072.00000", "2009-12-31": "1055.00000", "2009-09-30": "1126.00000", "2009-06-30": "998.00000", "2009-03-31": "887.00000", "2008-12-31": "989.00000", "2008-09-30": "1257.00000", "2008-06-30": "1650.00000", "2008-03-31": "1706.00000", "2007-12-31": "1584.00000", "2007-09-30": "1752.00000", "2007-06-30": "1898.00000", "2007-03-31": "1876.00000", "2006-12-31": "1715.00000", "2006-09-30": "1797.00000", "2006-06-30": "1824.00000", "2006-03-31": "1764.00000", "2005-12-31": "1711.00000", "2005-09-30": "2323.00000", "2005-06-30": "2383.00000", "2005-03-31": "2524.00000"}, "Inventory": {"2020-09-30": "164.00000", "2020-06-30": "170.00000", "2020-03-31": "180.00000", "2019-12-31": "169.00000", "2019-09-30": "192.00000", "2019-06-30": "187.00000", "2019-03-31": "195.00000", "2018-12-31": "184.00000", "2018-09-30": "222.00000", "2018-06-30": "197.00000", "2018-03-31": "199.00000", "2017-12-31": "189.00000", "2017-09-30": "174.00000", "2017-06-30": "165.00000", "2017-03-31": "162.00000", "2016-12-31": "151.00000", "2016-09-30": "176.00000", "2016-06-30": "187.00000", "2016-03-31": "182.00000", "2015-12-31": "187.00000", "2015-09-30": "202.00000", "2015-06-30": "204.00000", "2015-03-31": "541.00000", "2014-12-31": "208.00000", "2014-09-30": "562.00000", "2014-06-30": "462.00000", "2014-03-31": "489.00000", "2013-12-31": "472.00000", "2013-09-30": "454.00000", "2013-06-30": "415.00000", "2013-03-31": "427.00000", "2012-12-31": "385.00000", "2012-09-30": "408.00000", "2012-06-30": "380.00000", "2012-03-31": "381.00000", "2011-12-31": "381.00000", "2011-09-30": "406.00000", "2011-06-30": "419.00000", "2011-03-31": "414.00000", "2010-12-31": "364.00000", "2010-09-30": "395.00000", "2010-06-30": "351.00000", "2010-03-31": "353.00000", "2009-12-31": "319.00000", "2009-09-30": "360.00000", "2009-06-30": "329.00000", "2009-03-31": "328.00000", "2008-12-31": "354.00000", "2008-09-30": "429.00000", "2008-06-30": "466.00000", "2008-03-31": "484.00000", "2007-12-31": "495.00000", "2007-09-30": "535.00000", "2007-06-30": "523.00000", "2007-03-31": "518.00000", "2006-12-31": "520.00000", "2006-09-30": "543.00000", "2006-06-30": "570.00000", "2006-03-31": "544.00000", "2005-12-31": "537.00000", "2005-09-30": "575.00000", "2005-06-30": "593.00000", "2005-03-31": "939.00000"}, "Pre-Paid Expenses": {"2020-09-30": "", "2020-06-30": "", "2020-03-31": "", "2019-12-31": "", "2019-09-30": "", "2019-06-30": "", "2019-03-31": "", "2018-12-31": "", "2018-09-30": "", "2018-06-30": "", "2018-03-31": "", "2017-12-31": "", "2017-09-30": "", "2017-06-30": "", "2017-03-31": "", "2016-12-31": "", "2016-09-30": "", "2016-06-30": "", "2016-03-31": "", "2015-12-31": "", "2015-09-30": "", "2015-06-30": "", "2015-03-31": "", "2014-12-31": "", "2014-09-30": "", "2014-06-30": "", "2014-03-31": "", "2013-12-31": "", "2013-09-30": "", "2013-06-30": "", "2013-03-31": "", "2012-12-31": "", "2012-09-30": "", "2012-06-30": "", "2012-03-31": "", "2011-12-31": "", "2011-09-30": "", "2011-06-30": "", "2011-03-31": "", "2010-12-31": "", "2010-09-30": "", "2010-06-30": "", "2010-03-31": "", "2009-12-31": "", "2009-09-30": "", "2009-06-30": "", "2009-03-31": "", "2008-12-31": "", "2008-09-30": "", "2008-06-30": "", "2008-03-31": "", "2007-12-31": "", "2007-09-30": "", "2007-06-30": "", "2007-03-31": "", "2006-12-31": "", "2006-09-30": "", "2006-06-30": "", "2006-03-31": "", "2005-12-31": "", "2005-09-30": "235.00000", "2005-06-30": "228.00000", "2005-03-31": "250.00000"}, "Other Current Assets": {"2020-09-30": "193.00000", "2020-06-30": "163.00000", "2020-03-31": "177.00000", "2019-12-31": "193.00000", "2019-09-30": "192.00000", "2019-06-30": "190.00000", "2019-03-31": "169.00000", "2018-12-31": "159.00000", "2018-09-30": "192.00000", "2018-06-30": "173.00000", "2018-03-31": "194.00000", "2017-12-31": "175.00000", "2017-09-30": "181.00000", "2017-06-30": "159.00000", "2017-03-31": "174.00000", "2016-12-31": "170.00000", "2016-09-30": "200.00000", "2016-06-30": "189.00000", "2016-03-31": "204.00000", "2015-12-31": "581.00000", "2015-09-30": "215.00000", "2015-06-30": "303.00000", "2015-03-31": "428.00000", "2014-12-31": "1910.00000", "2014-09-30": "695.00000", "2014-06-30": "737.00000", "2014-03-31": "360.00000", "2013-12-31": "352.00000", "2013-09-30": "269.00000", "2013-06-30": "313.00000", "2013-03-31": "267.00000", "2012-12-31": "271.00000", "2012-09-30": "265.00000", "2012-06-30": "430.00000", "2012-03-31": "394.00000", "2011-12-31": "291.00000", "2011-09-30": "279.00000", "2011-06-30": "357.00000", "2011-03-31": "305.00000", "2010-12-31": "267.00000", "2010-09-30": "283.00000", "2010-06-30": "285.00000", "2010-03-31": "318.00000", "2009-12-31": "236.00000", "2009-09-30": "224.00000", "2009-06-30": "208.00000", "2009-03-31": "265.00000", "2008-12-31": "239.00000", "2008-09-30": "314.00000", "2008-06-30": "313.00000", "2008-03-31": "281.00000", "2007-12-31": "235.00000", "2007-09-30": "250.00000", "2007-06-30": "284.00000", "2007-03-31": "288.00000", "2006-12-31": "273.00000", "2006-09-30": "223.00000", "2006-06-30": "238.00000", "2006-03-31": "229.00000", "2005-12-31": "232.00000", "2005-09-30": "329.00000", "2005-06-30": "310.00000", "2005-03-31": ""}, "Total Current Assets": {"2020-09-30": "1268.00000", "2020-06-30": "1426.00000", "2020-03-31": "1583.00000", "2019-12-31": "1345.00000", "2019-09-30": "1287.00000", "2019-06-30": "1283.00000", "2019-03-31": "1283.00000", "2018-12-31": "1296.00000", "2018-09-30": "1304.00000", "2018-06-30": "1336.00000", "2018-03-31": "1417.00000", "2017-12-31": "1603.00000", "2017-09-30": "1596.00000", "2017-06-30": "1577.00000", "2017-03-31": "1580.00000", "2016-12-31": "1708.00000", "2016-09-30": "1727.00000", "2016-06-30": "1711.00000", "2016-03-31": "1732.00000", "2015-12-31": "4053.00000", "2015-09-30": "3891.00000", "2015-06-30": "3927.00000", "2015-03-31": "3252.00000", "2014-12-31": "3134.00000", "2014-09-30": "3475.00000", "2014-06-30": "3625.00000", "2014-03-31": "3917.00000", "2013-12-31": "3753.00000", "2013-09-30": "2724.00000", "2013-06-30": "2942.00000", "2013-03-31": "2870.00000", "2012-12-31": "2663.00000", "2012-09-30": "2761.00000", "2012-06-30": "2678.00000", "2012-03-31": "2687.00000", "2011-12-31": "2489.00000", "2011-09-30": "2704.00000", "2011-06-30": "2978.00000", "2011-03-31": "2860.00000", "2010-12-31": "2702.00000", "2010-09-30": "2877.00000", "2010-06-30": "2828.00000", "2010-03-31": "2842.00000", "2009-12-31": "2705.00000", "2009-09-30": "2524.00000", "2009-06-30": "2277.00000", "2009-03-31": "2247.00000", "2008-12-31": "2762.00000", "2008-09-30": "3133.00000", "2008-06-30": "3935.00000", "2008-03-31": "4084.00000", "2007-12-31": "4072.00000", "2007-09-30": "3959.00000", "2007-06-30": "4178.00000", "2007-03-31": "3554.00000", "2006-12-31": "3565.00000", "2006-09-30": "3303.00000", "2006-06-30": "3468.00000", "2006-03-31": "3418.00000", "2005-12-31": "3345.00000", "2005-09-30": "4395.00000", "2005-06-30": "4372.00000", "2005-03-31": "4557.00000"}, "Property, Plant, And Equipment": {"2020-09-30": "418.00000", "2020-06-30": "416.00000", "2020-03-31": "420.00000", "2019-12-31": "436.00000", "2019-09-30": "410.00000", "2019-06-30": "414.00000", "2019-03-31": "406.00000", "2018-12-31": "397.00000", "2018-09-30": "384.00000", "2018-06-30": "372.00000", "2018-03-31": "389.00000", "2017-12-31": "377.00000", "2017-09-30": "361.00000", "2017-06-30": "352.00000", "2017-03-31": "346.00000", "2016-12-31": "345.00000", "2016-09-30": "342.00000", "2016-06-30": "342.00000", "2016-03-31": "349.00000", "2015-12-31": "351.00000", "2015-09-30": "341.00000", "2015-06-30": "338.00000", "2015-03-31": "1365.00000", "2014-12-31": "363.00000", "2014-09-30": "1403.00000", "2014-06-30": "1280.00000", "2014-03-31": "1404.00000", "2013-12-31": "1414.00000", "2013-09-30": "1307.00000", "2013-06-30": "1274.00000", "2013-03-31": "1297.00000", "2012-12-31": "1326.00000", "2012-09-30": "1278.00000", "2012-06-30": "1264.00000", "2012-03-31": "1384.00000", "2011-12-31": "1412.00000", "2011-09-30": "1528.00000", "2011-06-30": "1640.00000", "2011-03-31": "1618.00000", "2010-12-31": "1576.00000", "2010-09-30": "1812.00000", "2010-06-30": "1721.00000", "2010-03-31": "1849.00000", "2009-12-31": "1936.00000", "2009-09-30": "2039.00000", "2009-06-30": "2053.00000", "2009-03-31": "2008.00000", "2008-12-31": "2162.00000", "2008-09-30": "2486.00000", "2008-06-30": "2721.00000", "2008-03-31": "2778.00000", "2007-12-31": "2793.00000", "2007-09-30": "2798.00000", "2007-06-30": "2790.00000", "2007-03-31": "2826.00000", "2006-12-31": "3034.00000", "2006-09-30": "2997.00000", "2006-06-30": "3029.00000", "2006-03-31": "2994.00000", "2005-12-31": "2973.00000", "2005-09-30": "3254.00000", "2005-06-30": "3267.00000", "2005-03-31": "5173.00000"}, "Long-Term Investments": {"2020-09-30": "51.00000", "2020-06-30": "50.00000", "2020-03-31": "48.00000", "2019-12-31": "48.00000", "2019-09-30": "48.00000", "2019-06-30": "48.00000", "2019-03-31": "45.00000", "2018-12-31": "42.00000", "2018-09-30": "39.00000", "2018-06-30": "48.00000", "2018-03-31": "45.00000", "2017-12-31": "41.00000", "2017-09-30": "40.00000", "2017-06-30": "39.00000", "2017-03-31": "37.00000", "2016-12-31": "45.00000", "2016-09-30": "47.00000", "2016-06-30": "58.00000", "2016-03-31": "56.00000", "2015-12-31": "56.00000", "2015-09-30": "58.00000", "2015-06-30": "63.00000", "2015-03-31": "166.00000", "2014-12-31": "99.00000", "2014-09-30": "167.00000", "2014-06-30": "160.00000", "2014-03-31": "189.00000", "2013-12-31": "228.00000", "2013-09-30": "837.00000", "2013-06-30": "790.00000", "2013-03-31": "781.00000", "2012-12-31": "756.00000", "2012-09-30": "734.00000", "2012-06-30": "714.00000", "2012-03-31": "679.00000", "2011-12-31": "644.00000", "2011-09-30": "547.00000", "2011-06-30": "493.00000", "2011-03-31": "488.00000", "2010-12-31": "439.00000", "2010-09-30": "378.00000", "2010-06-30": "357.00000", "2010-03-31": "320.00000", "2009-12-31": "294.00000", "2009-09-30": "266.00000", "2009-06-30": "237.00000", "2009-03-31": "226.00000", "2008-12-31": "220.00000", "2008-09-30": "226.00000", "2008-06-30": "252.00000", "2008-03-31": "240.00000", "2007-12-31": "218.00000", "2007-09-30": "233.00000", "2007-06-30": "215.00000", "2007-03-31": "234.00000", "2006-12-31": "224.00000", "2006-09-30": "218.00000", "2006-06-30": "210.00000", "2006-03-31": "234.00000", "2005-12-31": "226.00000", "2005-09-30": "242.00000", "2005-06-30": "225.00000", "2005-03-31": "232.00000"}, "Goodwill And Intangible Assets": {"2020-09-30": "126.00000", "2020-06-30": "125.00000", "2020-03-31": "126.00000", "2019-12-31": "127.00000", "2019-09-30": "124.00000", "2019-06-30": "126.00000", "2019-03-31": "128.00000", "2018-12-31": "129.00000", "2018-09-30": "130.00000", "2018-06-30": "125.00000", "2018-03-31": "133.00000", "2017-12-31": "132.00000", "2017-09-30": "128.00000", "2017-06-30": "127.00000", "2017-03-31": "128.00000", "2016-12-31": "129.00000", "2016-09-30": "137.00000", "2016-06-30": "123.00000", "2016-03-31": "129.00000", "2015-12-31": "133.00000", "2015-09-30": "141.00000", "2015-06-30": "148.00000", "2015-03-31": "393.00000", "2014-12-31": "156.00000", "2014-09-30": "431.00000", "2014-06-30": "416.00000", "2014-03-31": "427.00000", "2013-12-31": "447.00000", "2013-09-30": "300.00000", "2013-06-30": "298.00000", "2013-03-31": "314.00000", "2012-12-31": "332.00000", "2012-09-30": "324.00000", "2012-06-30": "328.00000", "2012-03-31": "340.00000", "2011-12-31": "353.00000", "2011-09-30": "366.00000", "2011-06-30": "395.00000", "2011-03-31": "391.00000", "2010-12-31": "402.00000", "2010-09-30": "", "2010-06-30": "", "2010-03-31": "", "2009-12-31": "", "2009-09-30": "", "2009-06-30": "", "2009-03-31": "", "2008-12-31": "", "2008-09-30": "", "2008-06-30": "", "2008-03-31": "", "2007-12-31": "", "2007-09-30": "", "2007-06-30": "", "2007-03-31": "", "2006-12-31": "", "2006-09-30": "", "2006-06-30": "", "2006-03-31": "", "2005-12-31": "", "2005-09-30": "", "2005-06-30": "", "2005-03-31": ""}, "Other Long-Term Assets": {"2020-09-30": "133.00000", "2020-06-30": "146.00000", "2020-03-31": "150.00000", "2019-12-31": "150.00000", "2019-09-30": "139.00000", "2019-06-30": "157.00000", "2019-03-31": "153.00000", "2018-12-31": "143.00000", "2018-09-30": "141.00000", "2018-06-30": "155.00000", "2018-03-31": "161.00000", "2017-12-31": "151.00000", "2017-09-30": "154.00000", "2017-06-30": "151.00000", "2017-03-31": "147.00000", "2016-12-31": "146.00000", "2016-09-30": "120.00000", "2016-06-30": "110.00000", "2016-03-31": "102.00000", "2015-12-31": "88.00000", "2015-09-30": "435.00000", "2015-06-30": "462.00000", "2015-03-31": "163.00000", "2014-12-31": "1571.00000", "2014-09-30": "217.00000", "2014-06-30": "168.00000", "2014-03-31": "183.00000", "2013-12-31": "185.00000", "2013-09-30": "136.00000", "2013-06-30": "118.00000", "2013-03-31": "105.00000", "2012-12-31": "79.00000", "2012-09-30": "73.00000", "2012-06-30": "60.00000", "2012-03-31": "68.00000", "2011-12-31": "71.00000", "2011-09-30": "89.00000", "2011-06-30": "88.00000", "2011-03-31": "92.00000", "2010-12-31": "89.00000", "2010-09-30": "80.00000", "2010-06-30": "68.00000", "2010-03-31": "87.00000", "2009-12-31": "84.00000", "2009-09-30": "78.00000", "2009-06-30": "80.00000", "2009-03-31": "80.00000", "2008-12-31": "104.00000", "2008-09-30": "96.00000", "2008-06-30": "108.00000", "2008-03-31": "126.00000", "2007-12-31": "122.00000", "2007-09-30": "129.00000", "2007-06-30": "143.00000", "2007-03-31": "222.00000", "2006-12-31": "115.00000", "2006-09-30": "203.00000", "2006-06-30": "190.00000", "2006-03-31": "172.00000", "2005-12-31": "192.00000", "2005-09-30": "796.00000", "2005-06-30": "790.00000", "2005-03-31": "195.00000"}, "Total Long-Term Assets": {"2020-09-30": "896.00000", "2020-06-30": "894.00000", "2020-03-31": "905.00000", "2019-12-31": "926.00000", "2019-09-30": "877.00000", "2019-06-30": "909.00000", "2019-03-31": "899.00000", "2018-12-31": "711.00000", "2018-09-30": "694.00000", "2018-06-30": "700.00000", "2018-03-31": "728.00000", "2017-12-31": "701.00000", "2017-09-30": "683.00000", "2017-06-30": "669.00000", "2017-03-31": "658.00000", "2016-12-31": "665.00000", "2016-09-30": "646.00000", "2016-06-30": "633.00000", "2016-03-31": "636.00000", "2015-12-31": "628.00000", "2015-09-30": "975.00000", "2015-06-30": "1011.00000", "2015-03-31": "2087.00000", "2014-12-31": "2189.00000", "2014-09-30": "2218.00000", "2014-06-30": "2024.00000", "2014-03-31": "2203.00000", "2013-12-31": "2274.00000", "2013-09-30": "2580.00000", "2013-06-30": "2480.00000", "2013-03-31": "2497.00000", "2012-12-31": "2493.00000", "2012-09-30": "2409.00000", "2012-06-30": "2366.00000", "2012-03-31": "2471.00000", "2011-12-31": "2480.00000", "2011-09-30": "2530.00000", "2011-06-30": "2616.00000", "2011-03-31": "2589.00000", "2010-12-31": "2506.00000", "2010-09-30": "2270.00000", "2010-06-30": "2146.00000", "2010-03-31": "2256.00000", "2009-12-31": "2314.00000", "2009-09-30": "2383.00000", "2009-06-30": "2370.00000", "2009-03-31": "2314.00000", "2008-12-31": "2486.00000", "2008-09-30": "2808.00000", "2008-06-30": "3081.00000", "2008-03-31": "3144.00000", "2007-12-31": "3133.00000", "2007-09-30": "3160.00000", "2007-06-30": "3148.00000", "2007-03-31": "3282.00000", "2006-12-31": "3373.00000", "2006-09-30": "3418.00000", "2006-06-30": "3429.00000", "2006-03-31": "3400.00000", "2005-12-31": "3391.00000", "2005-09-30": "4428.00000", "2005-06-30": "4411.00000", "2005-03-31": "5729.00000"}, "Total Assets": {"2020-09-30": "2164.00000", "2020-06-30": "2320.00000", "2020-03-31": "2488.00000", "2019-12-31": "2271.00000", "2019-09-30": "2164.00000", "2019-06-30": "2192.00000", "2019-03-31": "2182.00000", "2018-12-31": "2007.00000", "2018-09-30": "1998.00000", "2018-06-30": "2036.00000", "2018-03-31": "2145.00000", "2017-12-31": "2304.00000", "2017-09-30": "2279.00000", "2017-06-30": "2246.00000", "2017-03-31": "2238.00000", "2016-12-31": "2373.00000", "2016-09-30": "2373.00000", "2016-06-30": "2344.00000", "2016-03-31": "2368.00000", "2015-12-31": "4681.00000", "2015-09-30": "4866.00000", "2015-06-30": "4938.00000", "2015-03-31": "5339.00000", "2014-12-31": "5323.00000", "2014-09-30": "5693.00000", "2014-06-30": "5649.00000", "2014-03-31": "6120.00000", "2013-12-31": "6027.00000", "2013-09-30": "5304.00000", "2013-06-30": "5422.00000", "2013-03-31": "5367.00000", "2012-12-31": "5156.00000", "2012-09-30": "5170.00000", "2012-06-30": "5044.00000", "2012-03-31": "5158.00000", "2011-12-31": "4969.00000", "2011-09-30": "5234.00000", "2011-06-30": "5594.00000", "2011-03-31": "5449.00000", "2010-12-31": "5208.00000", "2010-09-30": "5147.00000", "2010-06-30": "4974.00000", "2010-03-31": "5098.00000", "2009-12-31": "5019.00000", "2009-09-30": "4907.00000", "2009-06-30": "4647.00000", "2009-03-31": "4561.00000", "2008-12-31": "5248.00000", "2008-09-30": "5941.00000", "2008-06-30": "7016.00000", "2008-03-31": "7228.00000", "2007-12-31": "7205.00000", "2007-09-30": "7119.00000", "2007-06-30": "7326.00000", "2007-03-31": "6836.00000", "2006-12-31": "6938.00000", "2006-09-30": "6721.00000", "2006-06-30": "6897.00000", "2006-03-31": "6818.00000", "2005-12-31": "6736.00000", "2005-09-30": "8823.00000", "2005-06-30": "8783.00000", "2005-03-31": "10286.00000"}, "Total Current Liabilities": {"2020-09-30": "788.00000", "2020-06-30": "598.00000", "2020-03-31": "729.00000", "2019-12-31": "798.00000", "2019-09-30": "762.00000", "2019-06-30": "762.00000", "2019-03-31": "739.00000", "2018-12-31": "721.00000", "2018-09-30": "695.00000", "2018-06-30": "703.00000", "2018-03-31": "787.00000", "2017-12-31": "801.00000", "2017-09-30": "810.00000", "2017-06-30": "805.00000", "2017-03-31": "823.00000", "2016-12-31": "911.00000", "2016-09-30": "869.00000", "2016-06-30": "870.00000", "2016-03-31": "928.00000", "2015-12-31": "2772.00000", "2015-09-30": "959.00000", "2015-06-30": "1001.00000", "2015-03-31": "1929.00000", "2014-12-31": "1832.00000", "2014-09-30": "1971.00000", "2014-06-30": "1933.00000", "2014-03-31": "2343.00000", "2013-12-31": "1802.00000", "2013-09-30": "1633.00000", "2013-06-30": "1750.00000", "2013-03-31": "1743.00000", "2012-12-31": "1552.00000", "2012-09-30": "1576.00000", "2012-06-30": "1559.00000", "2012-03-31": "1706.00000", "2011-12-31": "1553.00000", "2011-09-30": "1735.00000", "2011-06-30": "1926.00000", "2011-03-31": "1936.00000", "2010-12-31": "1842.00000", "2010-09-30": "1693.00000", "2010-06-30": "1720.00000", "2010-03-31": "1731.00000", "2009-12-31": "1665.00000", "2009-09-30": "1509.00000", "2009-06-30": "1277.00000", "2009-03-31": "3960.00000", "2008-12-31": "4271.00000", "2008-09-30": "2018.00000", "2008-06-30": "2618.00000", "2008-03-31": "2624.00000", "2007-12-31": "2528.00000", "2007-09-30": "2533.00000", "2007-06-30": "2657.00000", "2007-03-31": "2621.00000", "2006-12-31": "2568.00000", "2006-09-30": "2482.00000", "2006-06-30": "2543.00000", "2006-03-31": "2637.00000", "2005-12-31": "2959.00000", "2005-09-30": "3991.00000", "2005-06-30": "3805.00000", "2005-03-31": "4026.00000"}, "Long Term Debt": {"2020-09-30": "348.00000", "2020-06-30": "748.00000", "2020-03-31": "748.00000", "2019-12-31": "348.00000", "2019-09-30": "348.00000", "2019-06-30": "348.00000", "2019-03-31": "348.00000", "2018-12-31": "348.00000", "2018-09-30": "348.00000", "2018-06-30": "348.00000", "2018-03-31": "347.00000", "2017-12-31": "347.00000", "2017-09-30": "347.00000", "2017-06-30": "347.00000", "2017-03-31": "347.00000", "2016-12-31": "346.00000", "2016-09-30": "347.00000", "2016-06-30": "347.00000", "2016-03-31": "346.00000", "2015-12-31": "346.00000", "2015-09-30": "349.00000", "2015-06-30": "349.00000", "2015-03-31": "833.00000", "2014-12-31": "587.00000", "2014-09-30": "840.00000", "2014-06-30": "801.00000", "2014-03-31": "212.00000", "2013-12-31": "624.00000", "2013-09-30": "677.00000", "2013-06-30": "670.00000", "2013-03-31": "678.00000", "2012-12-31": "473.00000", "2012-09-30": "506.00000", "2012-06-30": "503.00000", "2012-03-31": "503.00000", "2011-12-31": "512.00000", "2011-09-30": "507.00000", "2011-06-30": "505.00000", "2011-03-31": "486.00000", "2010-12-31": "483.00000", "2010-09-30": "12.00000", "2010-06-30": "11.00000", "2010-03-31": "10.00000", "2009-12-31": "6.00000", "2009-09-30": "66.00000", "2009-06-30": "62.00000", "2009-03-31": "60.00000", "2008-12-31": "65.00000", "2008-09-30": "2492.00000", "2008-06-30": "2544.00000", "2008-03-31": "2741.00000", "2007-12-31": "2745.00000", "2007-09-30": "2604.00000", "2007-06-30": "2605.00000", "2007-03-31": "2125.00000", "2006-12-31": "2128.00000", "2006-09-30": "1932.00000", "2006-06-30": "1910.00000", "2006-03-31": "1849.00000", "2005-12-31": "1509.00000", "2005-09-30": "1522.00000", "2005-06-30": "1541.00000", "2005-03-31": "1513.00000"}, "Other Non-Current Liabilities": {"2020-09-30": "72.00000", "2020-06-30": "62.00000", "2020-03-31": "59.00000", "2019-12-31": "72.00000", "2019-09-30": "64.00000", "2019-06-30": "72.00000", "2019-03-31": "69.00000", "2018-12-31": "76.00000", "2018-09-30": "86.00000", "2018-06-30": "87.00000", "2018-03-31": "99.00000", "2017-12-31": "95.00000", "2017-09-30": "62.00000", "2017-06-30": "62.00000", "2017-03-31": "66.00000", "2016-12-31": "69.00000", "2016-09-30": "82.00000", "2016-06-30": "81.00000", "2016-03-31": "79.00000", "2015-12-31": "75.00000", "2015-09-30": "223.00000", "2015-06-30": "246.00000", "2015-03-31": "105.00000", "2014-12-31": "541.00000", "2014-09-30": "148.00000", "2014-06-30": "148.00000", "2014-03-31": "147.00000", "2013-12-31": "151.00000", "2013-09-30": "161.00000", "2013-06-30": "166.00000", "2013-03-31": "173.00000", "2012-12-31": "238.00000", "2012-09-30": "251.00000", "2012-06-30": "247.00000", "2012-03-31": "245.00000", "2011-12-31": "225.00000", "2011-09-30": "229.00000", "2011-06-30": "249.00000", "2011-03-31": "225.00000", "2010-12-31": "217.00000", "2010-09-30": "3372.00000", "2010-06-30": "3331.00000", "2010-03-31": "3075.00000", "2009-12-31": "3076.00000", "2009-09-30": "3466.00000", "2009-06-30": "3485.00000", "2009-03-31": "318.00000", "2008-12-31": "365.00000", "2008-09-30": "412.00000", "2008-06-30": "430.00000", "2008-03-31": "409.00000", "2007-12-31": "428.00000", "2007-09-30": "393.00000", "2007-06-30": "363.00000", "2007-03-31": "371.00000", "2006-12-31": "318.00000", "2006-09-30": "675.00000", "2006-06-30": "447.00000", "2006-03-31": "653.00000", "2005-12-31": "382.00000", "2005-09-30": "3649.00000", "2005-06-30": "3601.00000", "2005-03-31": "1495.00000"}, "Total Long Term Liabilities": {"2020-09-30": "874.00000", "2020-06-30": "1254.00000", "2020-03-31": "1258.00000", "2019-12-31": "878.00000", "2019-09-30": "818.00000", "2019-06-30": "837.00000", "2019-03-31": "838.00000", "2018-12-31": "704.00000", "2018-09-30": "712.00000", "2018-06-30": "717.00000", "2018-03-31": "743.00000", "2017-12-31": "742.00000", "2017-09-30": "736.00000", "2017-06-30": "736.00000", "2017-03-31": "735.00000", "2016-12-31": "738.00000", "2016-09-30": "710.00000", "2016-06-30": "710.00000", "2016-03-31": "708.00000", "2015-12-31": "710.00000", "2015-09-30": "1059.00000", "2015-06-30": "1087.00000", "2015-03-31": "1587.00000", "2014-12-31": "1670.00000", "2014-09-30": "1545.00000", "2014-06-30": "1495.00000", "2014-03-31": "934.00000", "2013-12-31": "1352.00000", "2013-09-30": "1586.00000", "2013-06-30": "1575.00000", "2013-03-31": "1585.00000", "2012-12-31": "1463.00000", "2012-09-30": "1372.00000", "2012-06-30": "1357.00000", "2012-03-31": "1361.00000", "2011-12-31": "1419.00000", "2011-09-30": "1432.00000", "2011-06-30": "1512.00000", "2011-03-31": "1455.00000", "2010-12-31": "1416.00000", "2010-09-30": "4191.00000", "2010-06-30": "4024.00000", "2010-03-31": "3775.00000", "2009-12-31": "3809.00000", "2009-09-30": "4097.00000", "2009-06-30": "4092.00000", "2009-03-31": "1351.00000", "2008-12-31": "1600.00000", "2008-09-30": "4453.00000", "2008-06-30": "4605.00000", "2008-03-31": "4740.00000", "2007-12-31": "4767.00000", "2007-09-30": "4748.00000", "2007-06-30": "4771.00000", "2007-03-31": "4321.00000", "2006-12-31": "4558.00000", "2006-09-30": "4341.00000", "2006-06-30": "4297.00000", "2006-03-31": "4196.00000", "2005-12-31": "3825.00000", "2005-09-30": "6262.00000", "2005-06-30": "6203.00000", "2005-03-31": "6145.00000"}, "Total Liabilities": {"2020-09-30": "1662.00000", "2020-06-30": "1852.00000", "2020-03-31": "1987.00000", "2019-12-31": "1676.00000", "2019-09-30": "1580.00000", "2019-06-30": "1599.00000", "2019-03-31": "1577.00000", "2018-12-31": "1425.00000", "2018-09-30": "1407.00000", "2018-06-30": "1420.00000", "2018-03-31": "1530.00000", "2017-12-31": "1543.00000", "2017-09-30": "1546.00000", "2017-06-30": "1541.00000", "2017-03-31": "1558.00000", "2016-12-31": "1649.00000", "2016-09-30": "1579.00000", "2016-06-30": "1580.00000", "2016-03-31": "1636.00000", "2015-12-31": "3482.00000", "2015-09-30": "2018.00000", "2015-06-30": "2088.00000", "2015-03-31": "3516.00000", "2014-12-31": "3502.00000", "2014-09-30": "3516.00000", "2014-06-30": "3428.00000", "2014-03-31": "3277.00000", "2013-12-31": "3154.00000", "2013-09-30": "3219.00000", "2013-06-30": "3325.00000", "2013-03-31": "3328.00000", "2012-12-31": "3015.00000", "2012-09-30": "2948.00000", "2012-06-30": "2916.00000", "2012-03-31": "3067.00000", "2011-12-31": "2972.00000", "2011-09-30": "3167.00000", "2011-06-30": "3438.00000", "2011-03-31": "3391.00000", "2010-12-31": "3258.00000", "2010-09-30": "5884.00000", "2010-06-30": "5744.00000", "2010-03-31": "5506.00000", "2009-12-31": "5474.00000", "2009-09-30": "5606.00000", "2009-06-30": "5369.00000", "2009-03-31": "5311.00000", "2008-12-31": "5871.00000", "2008-09-30": "6471.00000", "2008-06-30": "7223.00000", "2008-03-31": "7364.00000", "2007-12-31": "7295.00000", "2007-09-30": "7281.00000", "2007-06-30": "7428.00000", "2007-03-31": "6942.00000", "2006-12-31": "7126.00000", "2006-09-30": "6823.00000", "2006-06-30": "6840.00000", "2006-03-31": "6833.00000", "2005-12-31": "6784.00000", "2005-09-30": "10253.00000", "2005-06-30": "10008.00000", "2005-03-31": "10171.00000"}, "Common Stock Net": {"2020-09-30": "1.00000", "2020-06-30": "1.00000", "2020-03-31": "1.00000", "2019-12-31": "1.00000", "2019-09-30": "1.00000", "2019-06-30": "1.00000", "2019-03-31": "1.00000", "2018-12-31": "1.00000", "2018-09-30": "1.00000", "2018-06-30": "1.00000", "2018-03-31": "1.00000", "2017-12-31": "1.00000", "2017-09-30": "1.00000", "2017-06-30": "1.00000", "2017-03-31": "1.00000", "2016-12-31": "1.00000", "2016-09-30": "1.00000", "2016-06-30": "1.00000", "2016-03-31": "1.00000", "2015-12-31": "1.00000", "2015-09-30": "1.00000", "2015-06-30": "1.00000", "2015-03-31": "1.00000", "2014-12-31": "1.00000", "2014-09-30": "1.00000", "2014-06-30": "1.00000", "2014-03-31": "1.00000", "2013-12-31": "1.00000", "2013-09-30": "1.00000", "2013-06-30": "1.00000", "2013-03-31": "1.00000", "2012-12-31": "1.00000", "2012-09-30": "1.00000", "2012-06-30": "1.00000", "2012-03-31": "1.00000", "2011-12-31": "1.00000", "2011-09-30": "1.00000", "2011-06-30": "1.00000", "2011-03-31": "1.00000", "2010-12-31": "1.00000", "2010-09-30": "131.00000", "2010-06-30": "131.00000", "2010-03-31": "131.00000", "2009-12-31": "131.00000", "2009-09-30": "131.00000", "2009-06-30": "131.00000", "2009-03-31": "131.00000", "2008-12-31": "131.00000", "2008-09-30": "131.00000", "2008-06-30": "131.00000", "2008-03-31": "131.00000", "2007-12-31": "131.00000", "2007-09-30": "131.00000", "2007-06-30": "131.00000", "2007-03-31": "131.00000", "2006-12-31": "131.00000", "2006-09-30": "131.00000", "2006-06-30": "131.00000", "2006-03-31": "131.00000", "2005-12-31": "131.00000", "2005-09-30": "131.00000", "2005-06-30": "131.00000", "2005-03-31": "131.00000"}, "Retained Earnings (Accumulated Deficit)": {"2020-09-30": "1605.00000", "2020-06-30": "1599.00000", "2020-03-31": "1644.00000", "2019-12-31": "1679.00000", "2019-09-30": "1644.00000", "2019-06-30": "1630.00000", "2019-03-31": "1623.00000", "2018-12-31": "1609.00000", "2018-09-30": "1566.00000", "2018-06-30": "1545.00000", "2018-03-31": "1510.00000", "2017-12-31": "1445.00000", "2017-09-30": "1420.00000", "2017-06-30": "1377.00000", "2017-03-31": "1332.00000", "2016-12-31": "1269.00000", "2016-09-30": "1267.00000", "2016-06-30": "1239.00000", "2016-03-31": "1213.00000", "2015-12-31": "1194.00000", "2015-09-30": "2924.00000", "2015-06-30": "2919.00000", "2015-03-31": "711.00000", "2014-12-31": "661.00000", "2014-09-30": "799.00000", "2014-06-30": "820.00000", "2014-03-31": "975.00000", "2013-12-31": "956.00000", "2013-09-30": "443.00000", "2013-06-30": "400.00000", "2013-03-31": "335.00000", "2012-12-31": "266.00000", "2012-09-30": "227.00000", "2012-06-30": "212.00000", "2012-03-31": "137.00000", "2011-12-31": "166.00000", "2011-09-30": "192.00000", "2011-06-30": "151.00000", "2011-03-31": "125.00000", "2010-12-31": "86.00000", "2010-09-30": "-4684.00000", "2010-06-30": "-4544.00000", "2010-03-31": "-4343.00000", "2009-12-31": "-4576.00000", "2009-09-30": "-4852.00000", "2009-06-30": "-4814.00000", "2009-03-31": "-4702.00000", "2008-12-31": "-4704.00000", "2008-09-30": "-4358.00000", "2008-06-30": "-4170.00000", "2008-03-31": "-4128.00000", "2007-12-31": "-4016.00000", "2007-09-30": "-3973.00000", "2007-06-30": "-3863.00000", "2007-03-31": "-3794.00000", "2006-12-31": "-3606.00000", "2006-09-30": "-3564.00000", "2006-06-30": "-3387.00000", "2006-03-31": "-3437.00000", "2005-12-31": "-3440.00000", "2005-09-30": "-4778.00000", "2005-06-30": "-4571.00000", "2005-03-31": "-3333.00000"}, "Comprehensive Income": {"2020-09-30": "-282.00000", "2020-06-30": "-299.00000", "2020-03-31": "-304.00000", "2019-12-31": "-267.00000", "2019-09-30": "-234.00000", "2019-06-30": "-215.00000", "2019-03-31": "-212.00000", "2018-12-31": "-216.00000", "2018-09-30": "-208.00000", "2018-06-30": "-195.00000", "2018-03-31": "-157.00000", "2017-12-31": "-174.00000", "2017-09-30": "-194.00000", "2017-06-30": "-204.00000", "2017-03-31": "-211.00000", "2016-12-31": "-233.00000", "2016-09-30": "-167.00000", "2016-06-30": "-170.00000", "2016-03-31": "-171.00000", "2015-12-31": "-190.00000", "2015-09-30": "-285.00000", "2015-06-30": "-261.00000", "2015-03-31": "-341.00000", "2014-12-31": "-299.00000", "2014-09-30": "-91.00000", "2014-06-30": "", "2014-03-31": "-24.00000", "2013-12-31": "-12.00000", "2013-09-30": "-106.00000", "2013-06-30": "-145.00000", "2013-03-31": "-118.00000", "2012-12-31": "-90.00000", "2012-09-30": "17.00000", "2012-06-30": "-31.00000", "2012-03-31": "15.00000", "2011-12-31": "-25.00000", "2011-09-30": "18.00000", "2011-06-30": "143.00000", "2011-03-31": "103.00000", "2010-12-31": "50.00000", "2010-09-30": "-74.00000", "2010-06-30": "-215.00000", "2010-03-31": "-51.00000", "2009-12-31": "142.00000", "2009-09-30": "201.00000", "2009-06-30": "165.00000", "2009-03-31": "47.00000", "2008-12-31": "157.00000", "2008-09-30": "169.00000", "2008-06-30": "304.00000", "2008-03-31": "333.00000", "2007-12-31": "275.00000", "2007-09-30": "160.00000", "2007-06-30": "113.00000", "2007-03-31": "46.00000", "2006-12-31": "-216.00000", "2006-09-30": "-168.00000", "2006-06-30": "-181.00000", "2006-03-31": "-202.00000", "2005-12-31": "-234.00000", "2005-09-30": "-147.00000", "2005-06-30": "-144.00000", "2005-03-31": "-41.00000"}, "Other Share Holders Equity": {"2020-09-30": "", "2020-06-30": "", "2020-03-31": "", "2019-12-31": "", "2019-09-30": "", "2019-06-30": "", "2019-03-31": "", "2018-12-31": "", "2018-09-30": "", "2018-06-30": "", "2018-03-31": "", "2017-12-31": "", "2017-09-30": "", "2017-06-30": "", "2017-03-31": "", "2016-12-31": "", "2016-09-30": "", "2016-06-30": "", "2016-03-31": "", "2015-12-31": "", "2015-09-30": "", "2015-06-30": "", "2015-03-31": "", "2014-12-31": "", "2014-09-30": "", "2014-06-30": "", "2014-03-31": "", "2013-12-31": "", "2013-09-30": "", "2013-06-30": "", "2013-03-31": "", "2012-12-31": "", "2012-09-30": "", "2012-06-30": "", "2012-03-31": "", "2011-12-31": "", "2011-09-30": "", "2011-06-30": "", "2011-03-31": "", "2010-12-31": "", "2010-09-30": "-4.00000", "2010-06-30": "-4.00000", "2010-03-31": "-4.00000", "2009-12-31": "", "2009-09-30": "-5.00000", "2009-06-30": "-5.00000", "2009-03-31": "-5.00000", "2008-12-31": "-5.00000", "2008-09-30": "-6.00000", "2008-06-30": "-6.00000", "2008-03-31": "-5.00000", "2007-12-31": "-13.00000", "2007-09-30": "-12.00000", "2007-06-30": "-13.00000", "2007-03-31": "-18.00000", "2006-12-31": "-22.00000", "2006-09-30": "-24.00000", "2006-06-30": "-30.00000", "2006-03-31": "-31.00000", "2005-12-31": "-28.00000", "2005-09-30": "-30.00000", "2005-06-30": "-35.00000", "2005-03-31": "-35.00000"}, "Share Holder Equity": {"2020-09-30": "502.00000", "2020-06-30": "468.00000", "2020-03-31": "501.00000", "2019-12-31": "595.00000", "2019-09-30": "584.00000", "2019-06-30": "593.00000", "2019-03-31": "605.00000", "2018-12-31": "582.00000", "2018-09-30": "591.00000", "2018-06-30": "616.00000", "2018-03-31": "615.00000", "2017-12-31": "761.00000", "2017-09-30": "733.00000", "2017-06-30": "705.00000", "2017-03-31": "680.00000", "2016-12-31": "724.00000", "2016-09-30": "794.00000", "2016-06-30": "764.00000", "2016-03-31": "732.00000", "2015-12-31": "1199.00000", "2015-09-30": "2848.00000", "2015-06-30": "2850.00000", "2015-03-31": "1823.00000", "2014-12-31": "1821.00000", "2014-09-30": "2177.00000", "2014-06-30": "2221.00000", "2014-03-31": "2843.00000", "2013-12-31": "2873.00000", "2013-09-30": "2085.00000", "2013-06-30": "2097.00000", "2013-03-31": "2039.00000", "2012-12-31": "2141.00000", "2012-09-30": "2222.00000", "2012-06-30": "2128.00000", "2012-03-31": "2091.00000", "2011-12-31": "1997.00000", "2011-09-30": "2067.00000", "2011-06-30": "2156.00000", "2011-03-31": "2058.00000", "2010-12-31": "1950.00000", "2010-09-30": "-737.00000", "2010-06-30": "-770.00000", "2010-03-31": "-408.00000", "2009-12-31": "-455.00000", "2009-09-30": "-699.00000", "2009-06-30": "-722.00000", "2009-03-31": "-750.00000", "2008-12-31": "-623.00000", "2008-09-30": "-530.00000", "2008-06-30": "-207.00000", "2008-03-31": "-136.00000", "2007-12-31": "-90.00000", "2007-09-30": "-162.00000", "2007-06-30": "-102.00000", "2007-03-31": "-106.00000", "2006-12-31": "-188.00000", "2006-09-30": "-102.00000", "2006-06-30": "57.00000", "2006-03-31": "-15.00000", "2005-12-31": "-48.00000", "2005-09-30": "-1430.00000", "2005-06-30": "-1225.00000", "2005-03-31": "115.00000"}, "Total Liabilities And Share Holders Equity": {"2020-09-30": "2164.00000", "2020-06-30": "2320.00000", "2020-03-31": "2488.00000", "2019-12-31": "2271.00000", "2019-09-30": "2164.00000", "2019-06-30": "2192.00000", "2019-03-31": "2182.00000", "2018-12-31": "2007.00000", "2018-09-30": "1998.00000", "2018-06-30": "2036.00000", "2018-03-31": "2145.00000", "2017-12-31": "2304.00000", "2017-09-30": "2279.00000", "2017-06-30": "2246.00000", "2017-03-31": "2238.00000", "2016-12-31": "2373.00000", "2016-09-30": "2373.00000", "2016-06-30": "2344.00000", "2016-03-31": "2368.00000", "2015-12-31": "4681.00000", "2015-09-30": "4866.00000", "2015-06-30": "4938.00000", "2015-03-31": "5339.00000", "2014-12-31": "5323.00000", "2014-09-30": "5693.00000", "2014-06-30": "5649.00000", "2014-03-31": "6120.00000", "2013-12-31": "6027.00000", "2013-09-30": "5304.00000", "2013-06-30": "5422.00000", "2013-03-31": "5367.00000", "2012-12-31": "5156.00000", "2012-09-30": "5170.00000", "2012-06-30": "5044.00000", "2012-03-31": "5158.00000", "2011-12-31": "4969.00000", "2011-09-30": "5234.00000", "2011-06-30": "5594.00000", "2011-03-31": "5449.00000", "2010-12-31": "5208.00000", "2010-09-30": "5147.00000", "2010-06-30": "4974.00000", "2010-03-31": "5098.00000", "2009-12-31": "5019.00000", "2009-09-30": "4907.00000", "2009-06-30": "4647.00000", "2009-03-31": "4561.00000", "2008-12-31": "5248.00000", "2008-09-30": "5941.00000", "2008-06-30": "7016.00000", "2008-03-31": "7228.00000", "2007-12-31": "7205.00000", "2007-09-30": "7119.00000", "2007-06-30": "7326.00000", "2007-03-31": "6836.00000", "2006-12-31": "6938.00000", "2006-09-30": "6721.00000", "2006-06-30": "6897.00000", "2006-03-31": "6818.00000", "2005-12-31": "6736.00000", "2005-09-30": "8823.00000", "2005-06-30": "8783.00000", "2005-03-31": "10286.00000"}}, "cash flow statement": {"Net Income/Loss": {"2019-12-31": "81.00000", "2018-12-31": "174.00000", "2017-12-31": "192.00000", "2016-12-31": "91.00000", "2015-12-31": "2328.00000", "2014-12-31": "-206.00000", "2013-12-31": "775.00000", "2012-12-31": "167.00000", "2011-12-31": "154.00000", "2010-12-31": "1101.00000", "2009-12-31": "184.00000", "2008-12-31": "-647.00000", "2007-12-31": "-329.00000", "2006-12-31": "-163.00000", "2005-12-31": "-270.00000"}, "Total Depreciation And Amortization - Cash Flow": {"2019-12-31": "100.00000", "2018-12-31": "91.00000", "2017-12-31": "87.00000", "2016-12-31": "84.00000", "2015-12-31": "169.00000", "2014-12-31": "270.00000", "2013-12-31": "262.00000", "2012-12-31": "259.00000", "2011-12-31": "316.00000", "2010-12-31": "280.00000", "2009-12-31": "352.00000", "2008-12-31": "416.00000", "2007-12-31": "472.00000", "2006-12-31": "430.00000", "2005-12-31": "595.00000"}, "Other Non-Cash Items": {"2019-12-31": "19.00000", "2018-12-31": "-10.00000", "2017-12-31": "28.00000", "2016-12-31": "55.00000", "2015-12-31": "-2245.00000", "2014-12-31": "353.00000", "2013-12-31": "-475.00000", "2012-12-31": "-66.00000", "2011-12-31": "3.00000", "2010-12-31": "-1139.00000", "2009-12-31": "-291.00000", "2008-12-31": "219.00000", "2007-12-31": "1.00000", "2006-12-31": "-137.00000", "2005-12-31": "-254.00000"}, "Total Non-Cash Items": {"2019-12-31": "119.00000", "2018-12-31": "81.00000", "2017-12-31": "115.00000", "2016-12-31": "139.00000", "2015-12-31": "-2076.00000", "2014-12-31": "623.00000", "2013-12-31": "-213.00000", "2012-12-31": "193.00000", "2011-12-31": "319.00000", "2010-12-31": "-859.00000", "2009-12-31": "61.00000", "2008-12-31": "635.00000", "2007-12-31": "473.00000", "2006-12-31": "293.00000", "2005-12-31": "341.00000"}, "Change In Accounts Receivable": {"2019-12-31": "-33.00000", "2018-12-31": "44.00000", "2017-12-31": "10.00000", "2016-12-31": "-19.00000", "2015-12-31": "1.00000", "2014-12-31": "-121.00000", "2013-12-31": "-21.00000", "2012-12-31": "-38.00000", "2011-12-31": "-110.00000", "2010-12-31": "-132.00000", "2009-12-31": "-127.00000", "2008-12-31": "509.00000", "2007-12-31": "216.00000", "2006-12-31": "94.00000", "2005-12-31": "691.00000"}, "Change In Inventories": {"2019-12-31": "13.00000", "2018-12-31": "1.00000", "2017-12-31": "-3.00000", "2016-12-31": "30.00000", "2015-12-31": "-20.00000", "2014-12-31": "-27.00000", "2013-12-31": "-49.00000", "2012-12-31": "-26.00000", "2011-12-31": "-33.00000", "2010-12-31": "-70.00000", "2009-12-31": "33.00000", "2008-12-31": "44.00000", "2007-12-31": "6.00000", "2006-12-31": "55.00000", "2005-12-31": "34.00000"}, "Change In Accounts Payable": {"2019-12-31": "73.00000", "2018-12-31": "-19.00000", "2017-12-31": "-54.00000", "2016-12-31": "-10.00000", "2015-12-31": "33.00000", "2014-12-31": "22.00000", "2013-12-31": "103.00000", "2012-12-31": "-26.00000", "2011-12-31": "-25.00000", "2010-12-31": "229.00000", "2009-12-31": "79.00000", "2008-12-31": "-504.00000", "2007-12-31": "-123.00000", "2006-12-31": "-104.00000", "2005-12-31": "-593.00000"}, "Change In Assets/Liabilities": {"2019-12-31": "-70.00000", "2018-12-31": "-77.00000", "2017-12-31": "-45.00000", "2016-12-31": "-115.00000", "2015-12-31": "72.00000", "2014-12-31": "-21.00000", "2013-12-31": "-229.00000", "2012-12-31": "-41.00000", "2011-12-31": "-131.00000", "2010-12-31": "-95.00000", "2009-12-31": "-136.00000", "2008-12-31": "-183.00000", "2007-12-31": "30.00000", "2006-12-31": "110.00000", "2005-12-31": "254.00000"}, "Total Change In Assets/Liabilities": {"2019-12-31": "-17.00000", "2018-12-31": "-51.00000", "2017-12-31": "-92.00000", "2016-12-31": "-114.00000", "2015-12-31": "86.00000", "2014-12-31": "-133.00000", "2013-12-31": "-250.00000", "2012-12-31": "-121.00000", "2011-12-31": "-298.00000", "2010-12-31": "-68.00000", "2009-12-31": "-104.00000", "2008-12-31": "-104.00000", "2007-12-31": "149.00000", "2006-12-31": "151.00000", "2005-12-31": "346.00000"}, "Cash Flow From Operating Activities": {"2019-12-31": "183.00000", "2018-12-31": "204.00000", "2017-12-31": "215.00000", "2016-12-31": "116.00000", "2015-12-31": "338.00000", "2014-12-31": "284.00000", "2013-12-31": "312.00000", "2012-12-31": "239.00000", "2011-12-31": "175.00000", "2010-12-31": "174.00000", "2009-12-31": "141.00000", "2008-12-31": "-116.00000", "2007-12-31": "293.00000", "2006-12-31": "281.00000", "2005-12-31": "417.00000"}, "Net Change In Property, Plant, And Equipment": {"2019-12-31": "-142.00000", "2018-12-31": "-127.00000", "2017-12-31": "-99.00000", "2016-12-31": "-75.00000", "2015-12-31": "-187.00000", "2014-12-31": "-340.00000", "2013-12-31": "-269.00000", "2012-12-31": "-38.00000", "2011-12-31": "-258.00000", "2010-12-31": "-148.00000", "2009-12-31": "-151.00000", "2008-12-31": "-294.00000", "2007-12-31": "-376.00000", "2006-12-31": "-373.00000", "2005-12-31": "-585.00000"}, "Net Change In Intangible Assets": {"2019-12-31": "", "2018-12-31": "", "2017-12-31": "", "2016-12-31": "", "2015-12-31": "", "2014-12-31": "", "2013-12-31": "", "2012-12-31": "", "2011-12-31": "", "2010-12-31": "", "2009-12-31": "", "2008-12-31": "", "2007-12-31": "", "2006-12-31": "", "2005-12-31": ""}, "Net Acquisitions/Divestitures": {"2019-12-31": "", "2018-12-31": "16.00000", "2017-12-31": "-80.00000", "2016-12-31": "-8.00000", "2015-12-31": "-69.00000", "2014-12-31": "-392.00000", "2013-12-31": "-10.00000", "2012-12-31": "", "2011-12-31": "-38.00000", "2010-12-31": "", "2009-12-31": "-41.00000", "2008-12-31": "3.00000", "2007-12-31": "-8.00000", "2006-12-31": "", "2005-12-31": "-21.00000"}, "Net Change In Short-term Investments": {"2019-12-31": "", "2018-12-31": "", "2017-12-31": "", "2016-12-31": "47.00000", "2015-12-31": "-47.00000", "2014-12-31": "", "2013-12-31": "", "2012-12-31": "", "2011-12-31": "", "2010-12-31": "", "2009-12-31": "", "2008-12-31": "", "2007-12-31": "", "2006-12-31": "", "2005-12-31": ""}, "Net Change In Long-Term Investments": {"2019-12-31": "", "2018-12-31": "", "2017-12-31": "", "2016-12-31": "", "2015-12-31": "", "2014-12-31": "", "2013-12-31": "", "2012-12-31": "", "2011-12-31": "", "2010-12-31": "", "2009-12-31": "", "2008-12-31": "", "2007-12-31": "", "2006-12-31": "", "2005-12-31": ""}, "Net Change In Investments - Total": {"2019-12-31": "", "2018-12-31": "", "2017-12-31": "", "2016-12-31": "47.00000", "2015-12-31": "-47.00000", "2014-12-31": "", "2013-12-31": "", "2012-12-31": "", "2011-12-31": "", "2010-12-31": "", "2009-12-31": "", "2008-12-31": "", "2007-12-31": "", "2006-12-31": "", "2005-12-31": ""}, "Investing Activities - Other": {"2019-12-31": "14.00000", "2018-12-31": "13.00000", "2017-12-31": "6.00000", "2016-12-31": "338.00000", "2015-12-31": "2661.00000", "2014-12-31": "-8.00000", "2013-12-31": "977.00000", "2012-12-31": "-2.00000", "2011-12-31": "-35.00000", "2010-12-31": "-3.00000", "2009-12-31": "69.00000", "2008-12-31": "83.00000", "2007-12-31": "207.00000", "2006-12-31": "36.00000", "2005-12-31": "375.00000"}, "Cash Flow From Investing Activities": {"2019-12-31": "-128.00000", "2018-12-31": "-98.00000", "2017-12-31": "-173.00000", "2016-12-31": "302.00000", "2015-12-31": "2358.00000", "2014-12-31": "-740.00000", "2013-12-31": "698.00000", "2012-12-31": "-40.00000", "2011-12-31": "-331.00000", "2010-12-31": "-151.00000", "2009-12-31": "-123.00000", "2008-12-31": "-208.00000", "2007-12-31": "-177.00000", "2006-12-31": "-337.00000", "2005-12-31": "-231.00000"}, "Net Long-Term Debt": {"2019-12-31": "", "2018-12-31": "", "2017-12-31": "-2.00000", "2016-12-31": "-2.00000", "2015-12-31": "-250.00000", "2014-12-31": "-437.00000", "2013-12-31": "146.00000", "2012-12-31": "-45.00000", "2011-12-31": "-513.00000", "2010-12-31": "-1306.00000", "2009-12-31": "-45.00000", "2008-12-31": "172.00000", "2007-12-31": "549.00000", "2006-12-31": "613.00000", "2005-12-31": "-269.00000"}, "Net Current Debt": {"2019-12-31": "-19.00000", "2018-12-31": "12.00000", "2017-12-31": "10.00000", "2016-12-31": "", "2015-12-31": "2.00000", "2014-12-31": "39.00000", "2013-12-31": "-20.00000", "2012-12-31": "5.00000", "2011-12-31": "17.00000", "2010-12-31": "-3.00000", "2009-12-31": "-19.00000", "2008-12-31": "-309.00000", "2007-12-31": "33.00000", "2006-12-31": "-400.00000", "2005-12-31": "239.00000"}, "Debt Issuance/Retirement Net - Total": {"2019-12-31": "-19.00000", "2018-12-31": "12.00000", "2017-12-31": "8.00000", "2016-12-31": "-2.00000", "2015-12-31": "-248.00000", "2014-12-31": "-398.00000", "2013-12-31": "126.00000", "2012-12-31": "-40.00000", "2011-12-31": "-496.00000", "2010-12-31": "-1309.00000", "2009-12-31": "-64.00000", "2008-12-31": "-137.00000", "2007-12-31": "582.00000", "2006-12-31": "213.00000", "2005-12-31": "-30.00000"}, "Net Common Equity Issued/Repurchased": {"2019-12-31": "-20.00000", "2018-12-31": "-300.00000", "2017-12-31": "-200.00000", "2016-12-31": "-500.00000", "2015-12-31": "-460.00000", "2014-12-31": "-483.00000", "2013-12-31": "-245.00000", "2012-12-31": "-50.00000", "2011-12-31": "-33.00000", "2010-12-31": "1190.00000", "2009-12-31": "", "2008-12-31": "", "2007-12-31": "", "2006-12-31": "", "2005-12-31": ""}, "Net Total Equity Issued/Repurchased": {"2019-12-31": "-20.00000", "2018-12-31": "-300.00000", "2017-12-31": "-200.00000", "2016-12-31": "-500.00000", "2015-12-31": "-460.00000", "2014-12-31": "-483.00000", "2013-12-31": "-245.00000", "2012-12-31": "-50.00000", "2011-12-31": "-33.00000", "2010-12-31": "1190.00000", "2009-12-31": "", "2008-12-31": "", "2007-12-31": "", "2006-12-31": "", "2005-12-31": ""}, "Total Common And Preferred Stock Dividends Paid": {"2019-12-31": "-9.00000", "2018-12-31": "-28.00000", "2017-12-31": "-38.00000", "2016-12-31": "-13.00000", "2015-12-31": "-55.00000", "2014-12-31": "-97.00000", "2013-12-31": "-22.00000", "2012-12-31": "-27.00000", "2011-12-31": "-31.00000", "2010-12-31": "-19.00000", "2009-12-31": "", "2008-12-31": "", "2007-12-31": "", "2006-12-31": "", "2005-12-31": ""}, "Financial Activities - Other": {"2019-12-31": "-1.00000", "2018-12-31": "-19.00000", "2017-12-31": "-4.00000", "2016-12-31": "-1747.00000", "2015-12-31": "-11.00000", "2014-12-31": "619.00000", "2013-12-31": "", "2012-12-31": "2.00000", "2011-12-31": "557.00000", "2010-12-31": "56.00000", "2009-12-31": "-195.00000", "2008-12-31": "-56.00000", "2007-12-31": "-35.00000", "2006-12-31": "1.00000", "2005-12-31": "-21.00000"}, "Cash Flow From Financial Activities": {"2019-12-31": "-49.00000", "2018-12-31": "-335.00000", "2017-12-31": "-234.00000", "2016-12-31": "-2262.00000", "2015-12-31": "-774.00000", "2014-12-31": "-359.00000", "2013-12-31": "-141.00000", "2012-12-31": "-115.00000", "2011-12-31": "-3.00000", "2010-12-31": "-82.00000", "2009-12-31": "-259.00000", "2008-12-31": "-193.00000", "2007-12-31": "547.00000", "2006-12-31": "214.00000", "2005-12-31": "-51.00000"}, "Net Cash Flow": {"2019-12-31": "2.00000", "2018-12-31": "-242.00000", "2017-12-31": "-173.00000", "2016-12-31": "-1855.00000", "2015-12-31": "1902.00000", "2014-12-31": "-850.00000", "2013-12-31": "852.00000", "2012-12-31": "102.00000", "2011-12-31": "-182.00000", "2010-12-31": "-57.00000", "2009-12-31": "-218.00000", "2008-12-31": "-578.00000", "2007-12-31": "701.00000", "2006-12-31": "192.00000", "2005-12-31": "113.00000"}, "Stock-Based Compensation": {"2019-12-31": "17.00000", "2018-12-31": "8.00000", "2017-12-31": "12.00000", "2016-12-31": "8.00000", "2015-12-31": "8.00000", "2014-12-31": "8.00000", "2013-12-31": "15.00000", "2012-12-31": "25.00000", "2011-12-31": "39.00000", "2010-12-31": "21.00000", "2009-12-31": "", "2008-12-31": "", "2007-12-31": "", "2006-12-31": "", "2005-12-31": ""}, "Common Stock Dividends Paid": {"2019-12-31": "-9.00000", "2018-12-31": "-28.00000", "2017-12-31": "-38.00000", "2016-12-31": "-13.00000", "2015-12-31": "-55.00000", "2014-12-31": "-97.00000", "2013-12-31": "-22.00000", "2012-12-31": "-27.00000", "2011-12-31": "-31.00000", "2010-12-31": "-19.00000", "2009-12-31": "", "2008-12-31": "", "2007-12-31": "", "2006-12-31": "", "2005-12-31": ""}}, "cash flow statement, quarterly": {"Net Income/Loss": {"2020-09-30": 10, "2020-06-30": -42, "2020-03-31": "-36.00000", "2019-12-31": 39, "2019-09-30": 18, "2019-06-30": 8, "2019-03-31": "16.00000", "2018-12-31": 45, "2018-09-30": 24, "2018-06-30": 36, "2018-03-31": "69.00000", "2017-12-31": 30, "2017-09-30": 47, "2017-06-30": 48, "2017-03-31": "67.00000", "2016-12-31": 6, "2016-09-30": 32, "2016-06-30": 30, "2016-03-31": "23.00000", "2015-12-31": 24, "2015-09-30": 10, "2015-06-30": 2224, "2015-03-31": "70.00000", "2014-12-31": -114, "2014-09-30": 1, "2014-06-30": -141, "2014-03-31": "48.00000", "2013-12-31": 545, "2013-09-30": 60, "2013-06-30": 86, "2013-03-31": "84.00000", "2012-12-31": 60, "2012-09-30": 34, "2012-06-30": 84, "2012-03-31": "-11.00000", "2011-12-31": -6, "2011-09-30": 60, "2011-06-30": 44, "2011-03-31": "56.00000", "2010-12-31": 1153, "2010-09-30": -123, "2010-06-30": -177, "2010-03-31": "248.00000", "2009-12-31": 297, "2009-09-30": -23, "2009-06-30": -99, "2009-03-31": "9.00000", "2008-12-31": -350, "2008-09-30": -181, "2008-06-30": -23, "2008-03-31": "-93.00000", "2007-12-31": 0, "2007-09-30": -109, "2007-06-30": -67, "2007-03-31": "-153.00000", "2006-12-31": -39, "2006-09-30": -177, "2006-06-30": 50, "2006-03-31": "3.00000", "2005-12-31": 1338, "2005-09-30": -207, "2005-06-30": -1238, "2005-03-31": "-163.00000"}, "Total Depreciation And Amortization - Cash Flow": {"2020-09-30": 25, "2020-06-30": 25, "2020-03-31": "25.00000", "2019-12-31": 26, "2019-09-30": 25, "2019-06-30": 24, "2019-03-31": "25.00000", "2018-12-31": 24, "2018-09-30": 22, "2018-06-30": 23, "2018-03-31": "22.00000", "2017-12-31": 25, "2017-09-30": 21, "2017-06-30": 22, "2017-03-31": "19.00000", "2016-12-31": 22, "2016-09-30": 21, "2016-06-30": 20, "2016-03-31": "21.00000", "2015-12-31": 22, "2015-09-30": 20, "2015-06-30": 59, "2015-03-31": "68.00000", "2014-12-31": 65, "2014-09-30": 75, "2014-06-30": 64, "2014-03-31": "66.00000", "2013-12-31": 62, "2013-09-30": 68, "2013-06-30": 65, "2013-03-31": "67.00000", "2012-12-31": 63, "2012-09-30": 64, "2012-06-30": 67, "2012-03-31": "65.00000", "2011-12-31": 68, "2011-09-30": 86, "2011-06-30": 85, "2011-03-31": "77.00000", "2010-12-31": 73, "2010-09-30": 67, "2010-06-30": 67, "2010-03-31": "73.00000", "2009-12-31": 97, "2009-09-30": 93, "2009-06-30": 84, "2009-03-31": "78.00000", "2008-12-31": 89, "2008-09-30": 102, "2008-06-30": 110, "2008-03-31": "115.00000", "2007-12-31": 126, "2007-09-30": 109, "2007-06-30": 116, "2007-03-31": "121.00000", "2006-12-31": 115, "2006-09-30": 107, "2006-06-30": 106, "2006-03-31": "102.00000", "2005-12-31": 122, "2005-09-30": 117, "2005-06-30": 180, "2005-03-31": "176.00000"}, "Other Non-Cash Items": {"2020-09-30": 1, "2020-06-30": -1, "2020-03-31": "10.00000", "2019-12-31": 7, "2019-09-30": 2, "2019-06-30": 5, "2019-03-31": "5.00000", "2018-12-31": 2, "2018-09-30": -4, "2018-06-30": 4, "2018-03-31": "-12.00000", "2017-12-31": 34, "2017-09-30": -1, "2017-06-30": -2, "2017-03-31": "-3.00000", "2016-12-31": 31, "2016-09-30": 18, "2016-06-30": 3, "2016-03-31": "3.00000", "2015-12-31": 116, "2015-09-30": 5, "2015-06-30": -2381, "2015-03-31": "15.00000", "2014-12-31": 141, "2014-09-30": 0, "2014-06-30": 211, "2014-03-31": "1.00000", "2013-12-31": -376, "2013-09-30": -23, "2013-06-30": -41, "2013-03-31": "-35.00000", "2012-12-31": 0, "2012-09-30": 26, "2012-06-30": -75, "2012-03-31": "-17.00000", "2011-12-31": 41, "2011-09-30": 5, "2011-06-30": -9, "2011-03-31": "-34.00000", "2010-12-31": -1158, "2010-09-30": 138, "2010-06-30": 88, "2010-03-31": "-207.00000", "2009-12-31": -164, "2009-09-30": -11, "2009-06-30": -8, "2009-03-31": "-108.00000", "2008-12-31": 237, "2008-09-30": 0, "2008-06-30": -22, "2008-03-31": "4.00000", "2007-12-31": -32, "2007-09-30": -47, "2007-06-30": 20, "2007-03-31": "60.00000", "2006-12-31": -62, "2006-09-30": 52, "2006-06-30": -43, "2006-03-31": "-84.00000", "2005-12-31": -1512, "2005-09-30": 43, "2005-06-30": 1190, "2005-03-31": "25.00000"}, "Total Non-Cash Items": {"2020-09-30": 26, "2020-06-30": 24, "2020-03-31": "35.00000", "2019-12-31": 33, "2019-09-30": 27, "2019-06-30": 29, "2019-03-31": "30.00000", "2018-12-31": 26, "2018-09-30": 18, "2018-06-30": 27, "2018-03-31": "10.00000", "2017-12-31": 59, "2017-09-30": 20, "2017-06-30": 20, "2017-03-31": "16.00000", "2016-12-31": 53, "2016-09-30": 39, "2016-06-30": 23, "2016-03-31": "24.00000", "2015-12-31": 138, "2015-09-30": 25, "2015-06-30": -2322, "2015-03-31": "83.00000", "2014-12-31": 206, "2014-09-30": 75, "2014-06-30": 275, "2014-03-31": "67.00000", "2013-12-31": -314, "2013-09-30": 45, "2013-06-30": 24, "2013-03-31": "32.00000", "2012-12-31": 63, "2012-09-30": 90, "2012-06-30": -8, "2012-03-31": "48.00000", "2011-12-31": 109, "2011-09-30": 91, "2011-06-30": 76, "2011-03-31": "43.00000", "2010-12-31": -1085, "2010-09-30": 205, "2010-06-30": 155, "2010-03-31": "-134.00000", "2009-12-31": -67, "2009-09-30": 82, "2009-06-30": 76, "2009-03-31": "-30.00000", "2008-12-31": 326, "2008-09-30": 102, "2008-06-30": 88, "2008-03-31": "119.00000", "2007-12-31": 94, "2007-09-30": 62, "2007-06-30": 136, "2007-03-31": "181.00000", "2006-12-31": 53, "2006-09-30": 159, "2006-06-30": 63, "2006-03-31": "18.00000", "2005-12-31": -1390, "2005-09-30": 160, "2005-06-30": 1370, "2005-03-31": "201.00000"}, "Change In Accounts Receivable": {"2020-09-30": -132, "2020-06-30": 68, "2020-03-31": "102.00000", "2019-12-31": -50, "2019-09-30": -1, "2019-06-30": 15, "2019-03-31": "3.00000", "2018-12-31": -38, "2018-09-30": -3, "2018-06-30": 37, "2018-03-31": "48.00000", "2017-12-31": -19, "2017-09-30": 21, "2017-06-30": 47, "2017-03-31": "-39.00000", "2016-12-31": -34, "2016-09-30": -12, "2016-06-30": 51, "2016-03-31": "-24.00000", "2015-12-31": 8, "2015-09-30": 11, "2015-06-30": 44, "2015-03-31": "-62.00000", "2014-12-31": -126, "2014-09-30": 83, "2014-06-30": 12, "2014-03-31": "-90.00000", "2013-12-31": -43, "2013-09-30": 109, "2013-06-30": -45, "2013-03-31": "-42.00000", "2012-12-31": 20, "2012-09-30": 33, "2012-06-30": 9, "2012-03-31": "-100.00000", "2011-12-31": 21, "2011-09-30": 64, "2011-06-30": -73, "2011-03-31": "-122.00000", "2010-12-31": -53, "2010-09-30": 27, "2010-06-30": -11, "2010-03-31": "-95.00000", "2009-12-31": 15, "2009-09-30": -103, "2009-06-30": -54, "2009-03-31": "15.00000", "2008-12-31": 305, "2008-09-30": 239, "2008-06-30": 61, "2008-03-31": "-96.00000", "2007-12-31": 191, "2007-09-30": 173, "2007-06-30": 5, "2007-03-31": "-153.00000", "2006-12-31": 83, "2006-09-30": -33, "2006-06-30": -11, "2006-03-31": "55.00000", "2005-12-31": 626, "2005-09-30": 17, "2005-06-30": 71, "2005-03-31": "-23.00000"}, "Change In Inventories": {"2020-09-30": 10, "2020-06-30": 11, "2020-03-31": "-16.00000", "2019-12-31": 26, "2019-09-30": -10, "2019-06-30": 8, "2019-03-31": "-11.00000", "2018-12-31": 39, "2018-09-30": -24, "2018-06-30": -8, "2018-03-31": "-6.00000", "2017-12-31": 12, "2017-09-30": -7, "2017-06-30": 0, "2017-03-31": "-8.00000", "2016-12-31": 15, "2016-09-30": 10, "2016-06-30": -4, "2016-03-31": "9.00000", "2015-12-31": 9, "2015-09-30": 3, "2015-06-30": -3, "2015-03-31": "-29.00000", "2014-12-31": 6, "2014-09-30": -15, "2014-06-30": 0, "2014-03-31": "-18.00000", "2013-12-31": 25, "2013-09-30": -31, "2013-06-30": 8, "2013-03-31": "-51.00000", "2012-12-31": 28, "2012-09-30": -22, "2012-06-30": -11, "2012-03-31": "-21.00000", "2011-12-31": 17, "2011-09-30": -10, "2011-06-30": 1, "2011-03-31": "-41.00000", "2010-12-31": 5, "2010-09-30": -25, "2010-06-30": -12, "2010-03-31": "-38.00000", "2009-12-31": 27, "2009-09-30": -18, "2009-06-30": 21, "2009-03-31": "3.00000", "2008-12-31": 60, "2008-09-30": 1, "2008-06-30": 13, "2008-03-31": "-30.00000", "2007-12-31": 45, "2007-09-30": -17, "2007-06-30": 1, "2007-03-31": "-23.00000", "2006-12-31": 44, "2006-09-30": 30, "2006-06-30": -20, "2006-03-31": "1.00000", "2005-12-31": 33, "2005-09-30": 18, "2005-06-30": 41, "2005-03-31": "-58.00000"}, "Change In Accounts Payable": {"2020-09-30": 160, "2020-06-30": -107, "2020-03-31": "-42.00000", "2019-12-31": 24, "2019-09-30": 29, "2019-06-30": 11, "2019-03-31": "9.00000", "2018-12-31": -2, "2018-09-30": -9, "2018-06-30": -38, "2018-03-31": "30.00000", "2017-12-31": -15, "2017-09-30": -19, "2017-06-30": -38, "2017-03-31": "18.00000", "2016-12-31": 35, "2016-09-30": -28, "2016-06-30": -21, "2016-03-31": "4.00000", "2015-12-31": -15, "2015-09-30": 16, "2015-06-30": -78, "2015-03-31": "110.00000", "2014-12-31": 80, "2014-09-30": -79, "2014-06-30": -110, "2014-03-31": "131.00000", "2013-12-31": 70, "2013-09-30": -150, "2013-06-30": -7, "2013-03-31": "190.00000", "2012-12-31": -67, "2012-09-30": -23, "2012-06-30": -62, "2012-03-31": "126.00000", "2011-12-31": -6, "2011-09-30": -98, "2011-06-30": 4, "2011-03-31": "75.00000", "2010-12-31": 174, "2010-09-30": 1, "2010-06-30": 5, "2010-03-31": "49.00000", "2009-12-31": 29, "2009-09-30": 114, "2009-06-30": 58, "2009-03-31": "-122.00000", "2008-12-31": -245, "2008-09-30": -302, "2008-06-30": -37, "2008-03-31": "80.00000", "2007-12-31": -24, "2007-09-30": -149, "2007-06-30": -13, "2007-03-31": "63.00000", "2006-12-31": 99, "2006-09-30": -30, "2006-06-30": -74, "2006-03-31": "-99.00000", "2005-12-31": -579, "2005-09-30": -122, "2005-06-30": -32, "2005-03-31": "140.00000"}, "Change In Assets/Liabilities": {"2020-09-30": 36, "2020-06-30": 8, "2020-03-31": "-18.00000", "2019-12-31": -7, "2019-09-30": -6, "2019-06-30": -14, "2019-03-31": "-43.00000", "2018-12-31": 27, "2018-09-30": -25, "2018-06-30": -9, "2018-03-31": "-70.00000", "2017-12-31": 19, "2017-09-30": -18, "2017-06-30": 19, "2017-03-31": "-65.00000", "2016-12-31": 3, "2016-09-30": -66, "2016-06-30": -1, "2016-03-31": "-51.00000", "2015-12-31": 35, "2015-09-30": 12, "2015-06-30": 6, "2015-03-31": "19.00000", "2014-12-31": 52, "2014-09-30": -14, "2014-06-30": -17, "2014-03-31": "-42.00000", "2013-12-31": -152, "2013-09-30": -12, "2013-06-30": -31, "2013-03-31": "-34.00000", "2012-12-31": -29, "2012-09-30": 38, "2012-06-30": -21, "2012-03-31": "-29.00000", "2011-12-31": -16, "2011-09-30": -72, "2011-06-30": 18, "2011-03-31": "-61.00000", "2010-12-31": -243, "2010-09-30": -35, "2010-06-30": 173, "2010-03-31": "10.00000", "2009-12-31": -56, "2009-09-30": 32, "2009-06-30": 38, "2009-03-31": "-150.00000", "2008-12-31": -89, "2008-09-30": -19, "2008-06-30": 31, "2008-03-31": "-106.00000", "2007-12-31": 5, "2007-09-30": -13, "2007-06-30": 84, "2007-03-31": "-46.00000", "2006-12-31": 17, "2006-09-30": 21, "2006-06-30": 82, "2006-03-31": "-10.00000", "2005-12-31": 54, "2005-09-30": 4, "2005-06-30": 115, "2005-03-31": "81.00000"}, "Total Change In Assets/Liabilities": {"2020-09-30": 74, "2020-06-30": -20, "2020-03-31": "26.00000", "2019-12-31": -7, "2019-09-30": 12, "2019-06-30": 20, "2019-03-31": "-42.00000", "2018-12-31": 26, "2018-09-30": -61, "2018-06-30": -18, "2018-03-31": "2.00000", "2017-12-31": -3, "2017-09-30": -23, "2017-06-30": 28, "2017-03-31": "-94.00000", "2016-12-31": 19, "2016-09-30": -47, "2016-06-30": 19, "2016-03-31": "-105.00000", "2015-12-31": -98, "2015-09-30": 35, "2015-06-30": 129, "2015-03-31": "20.00000", "2014-12-31": 12, "2014-09-30": -23, "2014-06-30": -103, "2014-03-31": "-19.00000", "2013-12-31": -98, "2013-09-30": -84, "2013-06-30": -74, "2013-03-31": "6.00000", "2012-12-31": -47, "2012-09-30": 32, "2012-06-30": -88, "2012-03-31": "-18.00000", "2011-12-31": 17, "2011-09-30": -116, "2011-06-30": -50, "2011-03-31": "-149.00000", "2010-12-31": -117, "2010-09-30": -32, "2010-06-30": 155, "2010-03-31": "-74.00000", "2009-12-31": 62, "2009-09-30": 25, "2009-06-30": 63, "2009-03-31": "-254.00000", "2008-12-31": 61, "2008-09-30": -81, "2008-06-30": 68, "2008-03-31": "-152.00000", "2007-12-31": 237, "2007-09-30": -6, "2007-06-30": 77, "2007-03-31": "-159.00000", "2006-12-31": 225, "2006-09-30": -16, "2006-06-30": -5, "2006-03-31": "-53.00000", "2005-12-31": 94, "2005-09-30": -83, "2005-06-30": 195, "2005-03-31": "140.00000"}, "Cash Flow From Operating Activities": {"2020-09-30": 110, "2020-06-30": -38, "2020-03-31": "25.00000", "2019-12-31": 65, "2019-09-30": 57, "2019-06-30": 57, "2019-03-31": "4.00000", "2018-12-31": 97, "2018-09-30": -19, "2018-06-30": 45, "2018-03-31": "81.00000", "2017-12-31": 86, "2017-09-30": 44, "2017-06-30": 96, "2017-03-31": "-11.00000", "2016-12-31": 78, "2016-09-30": 24, "2016-06-30": 72, "2016-03-31": "-58.00000", "2015-12-31": 64, "2015-09-30": 70, "2015-06-30": 31, "2015-03-31": "173.00000", "2014-12-31": 104, "2014-09-30": 53, "2014-06-30": 31, "2014-03-31": "96.00000", "2013-12-31": 133, "2013-09-30": 21, "2013-06-30": 36, "2013-03-31": "122.00000", "2012-12-31": 76, "2012-09-30": 156, "2012-06-30": -12, "2012-03-31": "19.00000", "2011-12-31": 120, "2011-09-30": 35, "2011-06-30": 70, "2011-03-31": "-50.00000", "2010-12-31": -49, "2010-09-30": 50, "2010-06-30": 133, "2010-03-31": "40.00000", "2009-12-31": 292, "2009-09-30": 84, "2009-06-30": 40, "2009-03-31": "-275.00000", "2008-12-31": 37, "2008-09-30": -160, "2008-06-30": 133, "2008-03-31": "-126.00000", "2007-12-31": 331, "2007-09-30": -53, "2007-06-30": 146, "2007-03-31": "-131.00000", "2006-12-31": 239, "2006-09-30": -34, "2006-06-30": 108, "2006-03-31": "-32.00000", "2005-12-31": 42, "2005-09-30": -130, "2005-06-30": 327, "2005-03-31": "178.00000"}, "Net Change In Property, Plant, And Equipment": {"2020-09-30": -18, "2020-06-30": -21, "2020-03-31": "-44.00000", "2019-12-31": -33, "2019-09-30": -38, "2019-06-30": -34, "2019-03-31": "-37.00000", "2018-12-31": -31, "2018-09-30": -27, "2018-06-30": -25, "2018-03-31": "-44.00000", "2017-12-31": -30, "2017-09-30": -22, "2017-06-30": -25, "2017-03-31": "-22.00000", "2016-12-31": -19, "2016-09-30": -19, "2016-06-30": -15, "2016-03-31": "-22.00000", "2015-12-31": -36, "2015-09-30": -29, "2015-06-30": -70, "2015-03-31": "-52.00000", "2014-12-31": -131, "2014-09-30": -82, "2014-06-30": -75, "2014-03-31": "-52.00000", "2013-12-31": -144, "2013-09-30": -50, "2013-06-30": -12, "2013-03-31": "-63.00000", "2012-12-31": 108, "2012-09-30": -44, "2012-06-30": -49, "2012-03-31": "-53.00000", "2011-12-31": -84, "2011-09-30": -58, "2011-06-30": -61, "2011-03-31": "-55.00000", "2010-12-31": -31, "2010-09-30": -51, "2010-06-30": -42, "2010-03-31": "-24.00000", "2009-12-31": -64, "2009-09-30": -29, "2009-06-30": -33, "2009-03-31": "-25.00000", "2008-12-31": -64, "2008-09-30": -76, "2008-06-30": -80, "2008-03-31": "-74.00000", "2007-12-31": -144, "2007-09-30": -88, "2007-06-30": -80, "2007-03-31": "-64.00000", "2006-12-31": -108, "2006-09-30": -82, "2006-06-30": -105, "2006-03-31": "-78.00000", "2005-12-31": -224, "2005-09-30": -119, "2005-06-30": -134, "2005-03-31": "-108.00000"}, "Net Change In Intangible Assets": {"2020-09-30": 0, "2020-06-30": 0, "2020-03-31": "", "2019-12-31": 0, "2019-09-30": 0, "2019-06-30": 0, "2019-03-31": "", "2018-12-31": 0, "2018-09-30": 0, "2018-06-30": 0, "2018-03-31": "", "2017-12-31": 0, "2017-09-30": 0, "2017-06-30": 0, "2017-03-31": "", "2016-12-31": 0, "2016-09-30": 0, "2016-06-30": 0, "2016-03-31": "", "2015-12-31": 0, "2015-09-30": 0, "2015-06-30": 0, "2015-03-31": "", "2014-12-31": 0, "2014-09-30": 0, "2014-06-30": 0, "2014-03-31": "", "2013-12-31": 0, "2013-09-30": 0, "2013-06-30": 0, "2013-03-31": "", "2012-12-31": 0, "2012-09-30": 0, "2012-06-30": 0, "2012-03-31": "", "2011-12-31": 0, "2011-09-30": 0, "2011-06-30": 0, "2011-03-31": "", "2010-12-31": 0, "2010-09-30": 0, "2010-06-30": 0, "2010-03-31": "", "2009-12-31": 0, "2009-09-30": 0, "2009-06-30": 0, "2009-03-31": "", "2008-12-31": 0, "2008-09-30": 0, "2008-06-30": 0, "2008-03-31": "", "2007-12-31": 0, "2007-09-30": 0, "2007-06-30": 0, "2007-03-31": "", "2006-12-31": 0, "2006-09-30": 0, "2006-06-30": 0, "2006-03-31": "", "2005-12-31": 0, "2005-09-30": 0, "2005-06-30": 0, "2005-03-31": ""}, "Net Acquisitions/Divestitures": {"2020-09-30": 0, "2020-06-30": 0, "2020-03-31": "", "2019-12-31": 0, "2019-09-30": 0, "2019-06-30": 0, "2019-03-31": "", "2018-12-31": 0, "2018-09-30": 16, "2018-06-30": 0, "2018-03-31": "", "2017-12-31": -48, "2017-09-30": -45, "2017-06-30": 13, "2017-03-31": "", "2016-12-31": -8, "2016-09-30": -4, "2016-06-30": 4, "2016-03-31": "", "2015-12-31": -142, "2015-09-30": -18, "2015-06-30": 91, "2015-03-31": "", "2014-12-31": -84, "2014-09-30": -308, "2014-06-30": -35, "2014-03-31": "35.00000", "2013-12-31": -10, "2013-09-30": 0, "2013-06-30": -17, "2013-03-31": "17.00000", "2012-12-31": -188, "2012-09-30": 108, "2012-06-30": 80, "2012-03-31": "", "2011-12-31": -38, "2011-09-30": 0, "2011-06-30": 0, "2011-03-31": "", "2010-12-31": 0, "2010-09-30": 0, "2010-06-30": 0, "2010-03-31": "", "2009-12-31": -30, "2009-09-30": 0, "2009-06-30": 0, "2009-03-31": "-11.00000", "2008-12-31": 3, "2008-09-30": 0, "2008-06-30": 0, "2008-03-31": "", "2007-12-31": -8, "2007-09-30": 0, "2007-06-30": 0, "2007-03-31": "", "2006-12-31": 0, "2006-09-30": 0, "2006-06-30": 0, "2006-03-31": "", "2005-12-31": -332, "2005-09-30": 311, "2005-06-30": 9, "2005-03-31": "-9.00000"}, "Net Change In Short-term Investments": {"2020-09-30": 0, "2020-06-30": 0, "2020-03-31": "", "2019-12-31": 0, "2019-09-30": 0, "2019-06-30": 0, "2019-03-31": "", "2018-12-31": 0, "2018-09-30": 0, "2018-06-30": 0, "2018-03-31": "", "2017-12-31": 0, "2017-09-30": 0, "2017-06-30": 0, "2017-03-31": "", "2016-12-31": 0, "2016-09-30": 0, "2016-06-30": 0, "2016-03-31": "47.00000", "2015-12-31": 5, "2015-09-30": -52, "2015-06-30": 0, "2015-03-31": "", "2014-12-31": 0, "2014-09-30": 0, "2014-06-30": 0, "2014-03-31": "", "2013-12-31": 0, "2013-09-30": 0, "2013-06-30": 0, "2013-03-31": "", "2012-12-31": 0, "2012-09-30": 0, "2012-06-30": 0, "2012-03-31": "", "2011-12-31": 0, "2011-09-30": 0, "2011-06-30": 0, "2011-03-31": "", "2010-12-31": 0, "2010-09-30": 0, "2010-06-30": 0, "2010-03-31": "", "2009-12-31": 0, "2009-09-30": 0, "2009-06-30": 0, "2009-03-31": "", "2008-12-31": 0, "2008-09-30": 0, "2008-06-30": 0, "2008-03-31": "", "2007-12-31": 0, "2007-09-30": 0, "2007-06-30": 0, "2007-03-31": "", "2006-12-31": 0, "2006-09-30": 0, "2006-06-30": 0, "2006-03-31": "", "2005-12-31": 0, "2005-09-30": 0, "2005-06-30": 0, "2005-03-31": ""}, "Net Change In Long-Term Investments": {"2020-09-30": 0, "2020-06-30": 0, "2020-03-31": "", "2019-12-31": 0, "2019-09-30": 0, "2019-06-30": 0, "2019-03-31": "", "2018-12-31": 0, "2018-09-30": 0, "2018-06-30": 0, "2018-03-31": "", "2017-12-31": 0, "2017-09-30": 0, "2017-06-30": 0, "2017-03-31": "", "2016-12-31": 0, "2016-09-30": 0, "2016-06-30": 0, "2016-03-31": "", "2015-12-31": 0, "2015-09-30": 0, "2015-06-30": 0, "2015-03-31": "", "2014-12-31": 0, "2014-09-30": 0, "2014-06-30": 0, "2014-03-31": "", "2013-12-31": 0, "2013-09-30": 0, "2013-06-30": 0, "2013-03-31": "", "2012-12-31": 0, "2012-09-30": 0, "2012-06-30": 0, "2012-03-31": "", "2011-12-31": 0, "2011-09-30": 0, "2011-06-30": 0, "2011-03-31": "", "2010-12-31": 0, "2010-09-30": 0, "2010-06-30": 0, "2010-03-31": "", "2009-12-31": 0, "2009-09-30": 0, "2009-06-30": 0, "2009-03-31": "", "2008-12-31": 0, "2008-09-30": 0, "2008-06-30": 0, "2008-03-31": "", "2007-12-31": 0, "2007-09-30": 0, "2007-06-30": 0, "2007-03-31": "", "2006-12-31": 0, "2006-09-30": 0, "2006-06-30": 0, "2006-03-31": "", "2005-12-31": 0, "2005-09-30": 0, "2005-06-30": 0, "2005-03-31": ""}, "Net Change In Investments - Total": {"2020-09-30": 0, "2020-06-30": 0, "2020-03-31": "", "2019-12-31": 0, "2019-09-30": 0, "2019-06-30": 0, "2019-03-31": "", "2018-12-31": 0, "2018-09-30": 0, "2018-06-30": 0, "2018-03-31": "", "2017-12-31": 0, "2017-09-30": 0, "2017-06-30": 0, "2017-03-31": "", "2016-12-31": 0, "2016-09-30": 0, "2016-06-30": 0, "2016-03-31": "47.00000", "2015-12-31": 5, "2015-09-30": -52, "2015-06-30": 0, "2015-03-31": "", "2014-12-31": 0, "2014-09-30": 0, "2014-06-30": 0, "2014-03-31": "", "2013-12-31": 0, "2013-09-30": 0, "2013-06-30": 0, "2013-03-31": "", "2012-12-31": 0, "2012-09-30": 0, "2012-06-30": 0, "2012-03-31": "", "2011-12-31": 0, "2011-09-30": 0, "2011-06-30": 0, "2011-03-31": "", "2010-12-31": 0, "2010-09-30": 0, "2010-06-30": 0, "2010-03-31": "", "2009-12-31": 0, "2009-09-30": 0, "2009-06-30": 0, "2009-03-31": "", "2008-12-31": 0, "2008-09-30": 0, "2008-06-30": 0, "2008-03-31": "", "2007-12-31": 0, "2007-09-30": 0, "2007-06-30": 0, "2007-03-31": "", "2006-12-31": 0, "2006-09-30": 0, "2006-06-30": 0, "2006-03-31": "", "2005-12-31": 0, "2005-09-30": 0, "2005-06-30": 0, "2005-03-31": ""}, "Investing Activities - Other": {"2020-09-30": -2, "2020-06-30": 5, "2020-03-31": "3.00000", "2019-12-31": 1, "2019-09-30": 9, "2019-06-30": 1, "2019-03-31": "3.00000", "2018-12-31": 0, "2018-09-30": 10, "2018-06-30": 0, "2018-03-31": "3.00000", "2017-12-31": 0, "2017-09-30": 48, "2017-06-30": 5, "2017-03-31": "-47.00000", "2016-12-31": -10, "2016-09-30": 4, "2016-06-30": -4, "2016-03-31": "348.00000", "2015-12-31": 0, "2015-09-30": 26, "2015-06-30": 2653, "2015-03-31": "-18.00000", "2014-12-31": -64, "2014-09-30": 0, "2014-06-30": 59, "2014-03-31": "-3.00000", "2013-12-31": 977, "2013-09-30": 0, "2013-06-30": 0, "2013-03-31": "", "2012-12-31": 0, "2012-09-30": 0, "2012-06-30": -2, "2012-03-31": "", "2011-12-31": -22, "2011-09-30": -8, "2011-06-30": -6, "2011-03-31": "1.00000", "2010-12-31": -45, "2010-09-30": 19, "2010-06-30": 23, "2010-03-31": "", "2009-12-31": 64, "2009-09-30": 1, "2009-06-30": 2, "2009-03-31": "2.00000", "2008-12-31": 13, "2008-09-30": 7, "2008-06-30": 11, "2008-03-31": "52.00000", "2007-12-31": 54, "2007-09-30": 64, "2007-06-30": 82, "2007-03-31": "7.00000", "2006-12-31": 24, "2006-09-30": 1, "2006-06-30": 11, "2006-03-31": "", "2005-12-31": 395, "2005-09-30": -4, "2005-06-30": -16, "2005-03-31": ""}, "Cash Flow From Investing Activities": {"2020-09-30": -20, "2020-06-30": -16, "2020-03-31": "-41.00000", "2019-12-31": -32, "2019-09-30": -29, "2019-06-30": -33, "2019-03-31": "-34.00000", "2018-12-31": -31, "2018-09-30": -1, "2018-06-30": -25, "2018-03-31": "-41.00000", "2017-12-31": -78, "2017-09-30": -19, "2017-06-30": -7, "2017-03-31": "-69.00000", "2016-12-31": -37, "2016-09-30": -19, "2016-06-30": -15, "2016-03-31": "373.00000", "2015-12-31": -173, "2015-09-30": -73, "2015-06-30": 2674, "2015-03-31": "-70.00000", "2014-12-31": -279, "2014-09-30": -390, "2014-06-30": -51, "2014-03-31": "-20.00000", "2013-12-31": 823, "2013-09-30": -50, "2013-06-30": -29, "2013-03-31": "-46.00000", "2012-12-31": -80, "2012-09-30": 64, "2012-06-30": 29, "2012-03-31": "-53.00000", "2011-12-31": -144, "2011-09-30": -66, "2011-06-30": -67, "2011-03-31": "-54.00000", "2010-12-31": -76, "2010-09-30": -32, "2010-06-30": -19, "2010-03-31": "-24.00000", "2009-12-31": -30, "2009-09-30": -28, "2009-06-30": -31, "2009-03-31": "-34.00000", "2008-12-31": -48, "2008-09-30": -69, "2008-06-30": -69, "2008-03-31": "-22.00000", "2007-12-31": -98, "2007-09-30": -24, "2007-06-30": 2, "2007-03-31": "-57.00000", "2006-12-31": -84, "2006-09-30": -81, "2006-06-30": -94, "2006-03-31": "-78.00000", "2005-12-31": -161, "2005-09-30": 188, "2005-06-30": -141, "2005-03-31": "-117.00000"}, "Net Long-Term Debt": {"2020-09-30": -400, "2020-06-30": 0, "2020-03-31": "400.00000", "2019-12-31": 0, "2019-09-30": 0, "2019-06-30": 0, "2019-03-31": "", "2018-12-31": 0, "2018-09-30": 0, "2018-06-30": 0, "2018-03-31": "", "2017-12-31": 0, "2017-09-30": 0, "2017-06-30": 0, "2017-03-31": "-2.00000", "2016-12-31": 0, "2016-09-30": -1, "2016-06-30": 0, "2016-03-31": "-1.00000", "2015-12-31": 0, "2015-09-30": 0, "2015-06-30": -247, "2015-03-31": "-3.00000", "2014-12-31": -620, "2014-09-30": 16, "2014-06-30": 168, "2014-03-31": "-1.00000", "2013-12-31": -53, "2013-09-30": -5, "2013-06-30": 0, "2013-03-31": "204.00000", "2012-12-31": -33, "2012-09-30": -10, "2012-06-30": 0, "2012-03-31": "-2.00000", "2011-12-31": -503, "2011-09-30": -6, "2011-06-30": -1, "2011-03-31": "-3.00000", "2010-12-31": -1216, "2010-09-30": -86, "2010-06-30": 4, "2010-03-31": "-8.00000", "2009-12-31": 18, "2009-09-30": 0, "2009-06-30": -57, "2009-03-31": "-6.00000", "2008-12-31": 65, "2008-09-30": -46, "2008-06-30": 156, "2008-03-31": "-3.00000", "2007-12-31": 79, "2007-09-30": -12, "2007-06-30": 485, "2007-03-31": "-3.00000", "2006-12-31": 43, "2006-09-30": 145, "2006-06-30": 61, "2006-03-31": "364.00000", "2005-12-31": -270, "2005-09-30": -14, "2005-06-30": 16, "2005-03-31": "-1.00000"}, "Net Current Debt": {"2020-09-30": -23, "2020-06-30": -14, "2020-03-31": "", "2019-12-31": -11, "2019-09-30": -5, "2019-06-30": -1, "2019-03-31": "-2.00000", "2018-12-31": 25, "2018-09-30": 3, "2018-06-30": -4, "2018-03-31": "-12.00000", "2017-12-31": 2, "2017-09-30": 1, "2017-06-30": -8, "2017-03-31": "15.00000", "2016-12-31": 11, "2016-09-30": -1, "2016-06-30": -10, "2016-03-31": "", "2015-12-31": 3, "2015-09-30": 5, "2015-06-30": 4, "2015-03-31": "-10.00000", "2014-12-31": -3, "2014-09-30": 7, "2014-06-30": 39, "2014-03-31": "-4.00000", "2013-12-31": -62, "2013-09-30": -1, "2013-06-30": 31, "2013-03-31": "12.00000", "2012-12-31": 3, "2012-09-30": -2, "2012-06-30": 4, "2012-03-31": "", "2011-12-31": 6, "2011-09-30": 2, "2011-06-30": 6, "2011-03-31": "3.00000", "2010-12-31": 6, "2010-09-30": -4, "2010-06-30": -5, "2010-03-31": "", "2009-12-31": 5, "2009-09-30": -5, "2009-06-30": -4, "2009-03-31": "-15.00000", "2008-12-31": 4, "2008-09-30": -10, "2008-06-30": -303, "2008-03-31": "", "2007-12-31": 34, "2007-09-30": 6, "2007-06-30": -9, "2007-03-31": "2.00000", "2006-12-31": 105, "2006-09-30": -132, "2006-06-30": -103, "2006-03-31": "-270.00000", "2005-12-31": 298, "2005-09-30": 57, "2005-06-30": -137, "2005-03-31": "21.00000"}, "Debt Issuance/Retirement Net - Total": {"2020-09-30": -423, "2020-06-30": -14, "2020-03-31": "400.00000", "2019-12-31": -11, "2019-09-30": -5, "2019-06-30": -1, "2019-03-31": "-2.00000", "2018-12-31": 25, "2018-09-30": 3, "2018-06-30": -4, "2018-03-31": "-12.00000", "2017-12-31": 2, "2017-09-30": 1, "2017-06-30": -8, "2017-03-31": "13.00000", "2016-12-31": 11, "2016-09-30": -2, "2016-06-30": -10, "2016-03-31": "-1.00000", "2015-12-31": 3, "2015-09-30": 5, "2015-06-30": -243, "2015-03-31": "-13.00000", "2014-12-31": -623, "2014-09-30": 23, "2014-06-30": 207, "2014-03-31": "-5.00000", "2013-12-31": -115, "2013-09-30": -6, "2013-06-30": 31, "2013-03-31": "216.00000", "2012-12-31": -30, "2012-09-30": -12, "2012-06-30": 4, "2012-03-31": "-2.00000", "2011-12-31": -497, "2011-09-30": -4, "2011-06-30": 5, "2011-03-31": "", "2010-12-31": -1210, "2010-09-30": -90, "2010-06-30": -1, "2010-03-31": "-8.00000", "2009-12-31": 23, "2009-09-30": -5, "2009-06-30": -61, "2009-03-31": "-21.00000", "2008-12-31": 69, "2008-09-30": -56, "2008-06-30": -147, "2008-03-31": "-3.00000", "2007-12-31": 113, "2007-09-30": -6, "2007-06-30": 476, "2007-03-31": "-1.00000", "2006-12-31": 148, "2006-09-30": 13, "2006-06-30": -42, "2006-03-31": "94.00000", "2005-12-31": 28, "2005-09-30": 43, "2005-06-30": -121, "2005-03-31": "20.00000"}, "Net Common Equity Issued/Repurchased": {"2020-09-30": 0, "2020-06-30": 0, "2020-03-31": "-16.00000", "2019-12-31": 0, "2019-09-30": 0, "2019-06-30": -20, "2019-03-31": "", "2018-12-31": -50, "2018-09-30": -50, "2018-06-30": 0, "2018-03-31": "-200.00000", "2017-12-31": -30, "2017-09-30": -10, "2017-06-30": -35, "2017-03-31": "-125.00000", "2016-12-31": 0, "2016-09-30": 0, "2016-06-30": 0, "2016-03-31": "-500.00000", "2015-12-31": 16, "2015-09-30": 5, "2015-06-30": -491, "2015-03-31": "10.00000", "2014-12-31": 0, "2014-09-30": 8, "2014-06-30": -492, "2014-03-31": "1.00000", "2013-12-31": 5, "2013-09-30": -125, "2013-06-30": 0, "2013-03-31": "-125.00000", "2012-12-31": -50, "2012-09-30": 0, "2012-06-30": 0, "2012-03-31": "", "2011-12-31": -33, "2011-09-30": 0, "2011-06-30": 0, "2011-03-31": "", "2010-12-31": 1190, "2010-09-30": 0, "2010-06-30": 0, "2010-03-31": "", "2009-12-31": 0, "2009-09-30": 0, "2009-06-30": 0, "2009-03-31": "", "2008-12-31": 0, "2008-09-30": 0, "2008-06-30": 0, "2008-03-31": "", "2007-12-31": 0, "2007-09-30": 0, "2007-06-30": 0, "2007-03-31": "", "2006-12-31": 0, "2006-09-30": 0, "2006-06-30": 0, "2006-03-31": "", "2005-12-31": 0, "2005-09-30": 0, "2005-06-30": 0, "2005-03-31": ""}, "Net Total Equity Issued/Repurchased": {"2020-09-30": 0, "2020-06-30": 0, "2020-03-31": "-16.00000", "2019-12-31": 0, "2019-09-30": 0, "2019-06-30": -20, "2019-03-31": "", "2018-12-31": -50, "2018-09-30": -50, "2018-06-30": 0, "2018-03-31": "-200.00000", "2017-12-31": -30, "2017-09-30": -10, "2017-06-30": -35, "2017-03-31": "-125.00000", "2016-12-31": 0, "2016-09-30": 0, "2016-06-30": 0, "2016-03-31": "-500.00000", "2015-12-31": 16, "2015-09-30": 5, "2015-06-30": -491, "2015-03-31": "10.00000", "2014-12-31": 0, "2014-09-30": 8, "2014-06-30": -492, "2014-03-31": "1.00000", "2013-12-31": 5, "2013-09-30": -125, "2013-06-30": 0, "2013-03-31": "-125.00000", "2012-12-31": -50, "2012-09-30": 0, "2012-06-30": 0, "2012-03-31": "", "2011-12-31": -33, "2011-09-30": 0, "2011-06-30": 0, "2011-03-31": "", "2010-12-31": 1190, "2010-09-30": 0, "2010-06-30": 0, "2010-03-31": "", "2009-12-31": 0, "2009-09-30": 0, "2009-06-30": 0, "2009-03-31": "", "2008-12-31": 0, "2008-09-30": 0, "2008-06-30": 0, "2008-03-31": "", "2007-12-31": 0, "2007-09-30": 0, "2007-06-30": 0, "2007-03-31": "", "2006-12-31": 0, "2006-09-30": 0, "2006-06-30": 0, "2006-03-31": "", "2005-12-31": 0, "2005-09-30": 0, "2005-06-30": 0, "2005-03-31": ""}, "Total Common And Preferred Stock Dividends Paid": {"2020-09-30": 0, "2020-06-30": 0, "2020-03-31": "-7.00000", "2019-12-31": -2, "2019-09-30": -7, "2019-06-30": 0, "2019-03-31": "", "2018-12-31": -16, "2018-09-30": 2, "2018-06-30": -14, "2018-03-31": "", "2017-12-31": -9, "2017-09-30": -18, "2017-06-30": -11, "2017-03-31": "", "2016-12-31": -13, "2016-09-30": 0, "2016-06-30": 0, "2016-03-31": "", "2015-12-31": -24, "2015-09-30": 0, "2015-06-30": -28, "2015-03-31": "-3.00000", "2014-12-31": -13, "2014-09-30": -39, "2014-06-30": -29, "2014-03-31": "-16.00000", "2013-12-31": 0, "2013-09-30": 0, "2013-06-30": -22, "2013-03-31": "", "2012-12-31": -4, "2012-09-30": -1, "2012-06-30": -22, "2012-03-31": "", "2011-12-31": -2, "2011-09-30": -5, "2011-06-30": -24, "2011-03-31": "", "2010-12-31": -19, "2010-09-30": 0, "2010-06-30": 0, "2010-03-31": "", "2009-12-31": 0, "2009-09-30": 0, "2009-06-30": 0, "2009-03-31": "", "2008-12-31": 0, "2008-09-30": 0, "2008-06-30": 0, "2008-03-31": "", "2007-12-31": 0, "2007-09-30": 0, "2007-06-30": 0, "2007-03-31": "", "2006-12-31": 0, "2006-09-30": 0, "2006-06-30": 0, "2006-03-31": "", "2005-12-31": 0, "2005-09-30": 0, "2005-06-30": 0, "2005-03-31": ""}, "Financial Activities - Other": {"2020-09-30": 0, "2020-06-30": 0, "2020-03-31": "", "2019-12-31": -1, "2019-09-30": 0, "2019-06-30": 0, "2019-03-31": "", "2018-12-31": 0, "2018-09-30": -16, "2018-06-30": 15, "2018-03-31": "-18.00000", "2017-12-31": 1, "2017-09-30": -1, "2017-06-30": 0, "2017-03-31": "-4.00000", "2016-12-31": 0, "2016-09-30": 0, "2016-06-30": 0, "2016-03-31": "-1747.00000", "2015-12-31": -10, "2015-09-30": 0, "2015-06-30": -1, "2015-03-31": "", "2014-12-31": 621, "2014-09-30": 0, "2014-06-30": -2, "2014-03-31": "", "2013-12-31": -5, "2013-09-30": 9, "2013-06-30": -3, "2013-03-31": "-1.00000", "2012-12-31": 2, "2012-09-30": 0, "2012-06-30": 0, "2012-03-31": "", "2011-12-31": 535, "2011-09-30": 3, "2011-06-30": 10, "2011-03-31": "9.00000", "2010-12-31": 150, "2010-09-30": -28, "2010-06-30": -63, "2010-03-31": "-3.00000", "2009-12-31": -37, "2009-09-30": -5, "2009-06-30": 66, "2009-03-31": "-219.00000", "2008-12-31": 6, "2008-09-30": -30, "2008-06-30": -23, "2008-03-31": "-9.00000", "2007-12-31": -18, "2007-09-30": 14, "2007-06-30": -33, "2007-03-31": "2.00000", "2006-12-31": 6, "2006-09-30": 4, "2006-06-30": -30, "2006-03-31": "21.00000", "2005-12-31": 57, "2005-09-30": -24, "2005-06-30": -37, "2005-03-31": "-17.00000"}, "Cash Flow From Financial Activities": {"2020-09-30": -423, "2020-06-30": -14, "2020-03-31": "377.00000", "2019-12-31": -14, "2019-09-30": -12, "2019-06-30": -21, "2019-03-31": "-2.00000", "2018-12-31": -41, "2018-09-30": -61, "2018-06-30": -3, "2018-03-31": "-230.00000", "2017-12-31": -36, "2017-09-30": -28, "2017-06-30": -54, "2017-03-31": "-116.00000", "2016-12-31": -2, "2016-09-30": -2, "2016-06-30": -10, "2016-03-31": "-2248.00000", "2015-12-31": -15, "2015-09-30": 10, "2015-06-30": -763, "2015-03-31": "-6.00000", "2014-12-31": -15, "2014-09-30": -8, "2014-06-30": -316, "2014-03-31": "-20.00000", "2013-12-31": -115, "2013-09-30": -122, "2013-06-30": 6, "2013-03-31": "90.00000", "2012-12-31": -82, "2012-09-30": -13, "2012-06-30": -18, "2012-03-31": "-2.00000", "2011-12-31": 3, "2011-09-30": -6, "2011-06-30": -9, "2011-03-31": "9.00000", "2010-12-31": 111, "2010-09-30": -118, "2010-06-30": -64, "2010-03-31": "-11.00000", "2009-12-31": -14, "2009-09-30": -10, "2009-06-30": 5, "2009-03-31": "-240.00000", "2008-12-31": 75, "2008-09-30": -86, "2008-06-30": -170, "2008-03-31": "-12.00000", "2007-12-31": 95, "2007-09-30": 8, "2007-06-30": 443, "2007-03-31": "1.00000", "2006-12-31": 154, "2006-09-30": 17, "2006-06-30": -72, "2006-03-31": "115.00000", "2005-12-31": 85, "2005-09-30": 19, "2005-06-30": -158, "2005-03-31": "3.00000"}, "Net Cash Flow": {"2020-09-30": -324, "2020-06-30": -66, "2020-03-31": "356.00000", "2019-12-31": 23, "2019-09-30": 8, "2019-06-30": 3, "2019-03-31": "-32.00000", "2018-12-31": 25, "2018-09-30": -86, "2018-06-30": 2, "2018-03-31": "-183.00000", "2017-12-31": -26, "2017-09-30": 1, "2017-06-30": 42, "2017-03-31": "-190.00000", "2016-12-31": 22, "2016-09-30": 5, "2016-06-30": 44, "2016-03-31": "-1926.00000", "2015-12-31": -131, "2015-09-30": 3, "2015-06-30": 1950, "2015-03-31": "80.00000", "2014-12-31": -208, "2014-09-30": -364, "2014-06-30": -329, "2014-03-31": "51.00000", "2013-12-31": 840, "2013-09-30": -146, "2013-06-30": 3, "2013-03-31": "155.00000", "2012-12-31": -76, "2012-09-30": 220, "2012-06-30": -15, "2012-03-31": "-27.00000", "2011-12-31": -35, "2011-09-30": -81, "2011-06-30": 8, "2011-03-31": "-74.00000", "2010-12-31": -13, "2010-09-30": -61, "2010-06-30": 15, "2010-03-31": "2.00000", "2009-12-31": 250, "2009-09-30": 65, "2009-06-30": 43, "2009-03-31": "-576.00000", "2008-12-31": 47, "2008-09-30": -373, "2008-06-30": -107, "2008-03-31": "-145.00000", "2007-12-31": 336, "2007-09-30": -51, "2007-06-30": 601, "2007-03-31": "-185.00000", "2006-12-31": 317, "2006-09-30": -96, "2006-06-30": -45, "2006-03-31": "16.00000", "2005-12-31": -33, "2005-09-30": 75, "2005-06-30": 14, "2005-03-31": "57.00000"}, "Stock-Based Compensation": {"2020-09-30": 4, "2020-06-30": 4, "2020-03-31": "5.00000", "2019-12-31": 3, "2019-09-30": 3, "2019-06-30": 6, "2019-03-31": "5.00000", "2018-12-31": 4, "2018-09-30": 4, "2018-06-30": 6, "2018-03-31": "-6.00000", "2017-12-31": 3, "2017-09-30": 3, "2017-06-30": 4, "2017-03-31": "2.00000", "2016-12-31": 2, "2016-09-30": 2, "2016-06-30": 2, "2016-03-31": "2.00000", "2015-12-31": 1, "2015-09-30": 1, "2015-06-30": 3, "2015-03-31": "3.00000", "2014-12-31": 1, "2014-09-30": 1, "2014-06-30": 3, "2014-03-31": "3.00000", "2013-12-31": 1, "2013-09-30": 3, "2013-06-30": 5, "2013-03-31": "6.00000", "2012-12-31": 6, "2012-09-30": 6, "2012-06-30": 6, "2012-03-31": "7.00000", "2011-12-31": 39, "2011-09-30": 0, "2011-06-30": 0, "2011-03-31": "", "2010-12-31": 21, "2010-09-30": 0, "2010-06-30": 0, "2010-03-31": "", "2009-12-31": 0, "2009-09-30": 0, "2009-06-30": 0, "2009-03-31": "", "2008-12-31": 0, "2008-09-30": 0, "2008-06-30": 0, "2008-03-31": "", "2007-12-31": 0, "2007-09-30": 0, "2007-06-30": 0, "2007-03-31": "", "2006-12-31": 0, "2006-09-30": 0, "2006-06-30": 0, "2006-03-31": "", "2005-12-31": 0, "2005-09-30": 0, "2005-06-30": 0, "2005-03-31": ""}, "Common Stock Dividends Paid": {"2020-09-30": 0, "2020-06-30": 0, "2020-03-31": "-7.00000", "2019-12-31": -2, "2019-09-30": -7, "2019-06-30": 0, "2019-03-31": "", "2018-12-31": -16, "2018-09-30": 2, "2018-06-30": -14, "2018-03-31": "", "2017-12-31": -9, "2017-09-30": -18, "2017-06-30": -11, "2017-03-31": "", "2016-12-31": -13, "2016-09-30": 0, "2016-06-30": 0, "2016-03-31": "", "2015-12-31": -24, "2015-09-30": 0, "2015-06-30": -28, "2015-03-31": "-3.00000", "2014-12-31": -13, "2014-09-30": -39, "2014-06-30": -29, "2014-03-31": "-16.00000", "2013-12-31": 0, "2013-09-30": 0, "2013-06-30": -22, "2013-03-31": "", "2012-12-31": -4, "2012-09-30": -1, "2012-06-30": -22, "2012-03-31": "", "2011-12-31": -2, "2011-09-30": -5, "2011-06-30": -24, "2011-03-31": "", "2010-12-31": -19, "2010-09-30": 0, "2010-06-30": 0, "2010-03-31": "", "2009-12-31": 0, "2009-09-30": 0, "2009-06-30": 0, "2009-03-31": "", "2008-12-31": 0, "2008-09-30": 0, "2008-06-30": 0, "2008-03-31": "", "2007-12-31": 0, "2007-09-30": 0, "2007-06-30": 0, "2007-03-31": "", "2006-12-31": 0, "2006-09-30": 0, "2006-06-30": 0, "2006-03-31": "", "2005-12-31": 0, "2005-09-30": 0, "2005-06-30": 0, "2005-03-31": ""}}, "financial ratios": {"Current Ratio": {"2019-12-31": "1.68550", "2018-12-31": "1.79750", "2017-12-31": "2.00120", "2016-12-31": "1.87490", "2015-12-31": "1.46210", "2014-12-31": "1.71070", "2013-12-31": "2.08270", "2012-12-31": "1.71590", "2011-12-31": "1.60270", "2010-12-31": "1.46690", "2009-12-31": "1.62460", "2008-12-31": "0.64670", "2007-12-31": "1.61080", "2006-12-31": "1.38820", "2005-12-31": "1.13050"}, "Long-term Debt / Capital": {"2019-12-31": "0.36900", "2018-12-31": "0.37420", "2017-12-31": "0.31320", "2016-12-31": "0.32340", "2015-12-31": "0.22390", "2014-12-31": "0.24380", "2013-12-31": "0.17840", "2012-12-31": "0.18090", "2011-12-31": "0.20410", "2010-12-31": "0.19850", "2009-12-31": "-0.01340", "2008-12-31": "-0.11650", "2007-12-31": "1.03390", "2006-12-31": "1.09690", "2005-12-31": "1.03290"}, "Debt/Equity Ratio": {"2019-12-31": "0.64710", "2018-12-31": "0.69590", "2017-12-31": "0.51640", "2016-12-31": "0.52760", "2015-12-31": "0.31940", "2014-12-31": "0.33830", "2013-12-31": "0.25410", "2012-12-31": "0.26580", "2011-12-31": "0.29990", "2010-12-31": "0.28770", "2009-12-31": "-0.50770", "2008-12-31": "-4.43340", "2007-12-31": "-31.55560", "2006-12-31": "-11.85110", "2005-12-31": "-41.54170"}, "Gross Margin": {"2019-12-31": "11.00170", "2018-12-31": "13.77350", "2017-12-31": "15.60710", "2016-12-31": "14.42580", "2015-12-31": "13.25120", "2014-12-31": "13.14770", "2013-12-31": "11.31090", "2012-12-31": "9.39630", "2011-12-31": "8.20500", "2010-12-31": "11.29310", "2009-12-31": "8.93040", "2008-12-31": "4.80930", "2007-12-31": "5.08200", "2006-12-31": "6.68980", "2005-12-31": "3.24780"}, "Operating Margin": {"2019-12-31": "3.36160", "2018-12-31": "6.33380", "2017-12-31": "7.97840", "2016-12-31": "5.78930", "2015-12-31": "4.59170", "2014-12-31": "2.24280", "2013-12-31": "-0.05800", "2012-12-31": "3.09710", "2011-12-31": "2.74830", "2010-12-31": "5.44000", "2009-12-31": "4.33810", "2008-12-31": "-4.22250", "2007-12-31": "-1.49000", "2006-12-31": "0.25760", "2005-12-31": "-0.34630"}, "EBIT Margin": {"2019-12-31": "3.36160", "2018-12-31": "6.33380", "2017-12-31": "7.97840", "2016-12-31": "5.78930", "2015-12-31": "4.59170", "2014-12-31": "2.24280", "2013-12-31": "-0.05800", "2012-12-31": "3.09710", "2011-12-31": "2.74830", "2010-12-31": "5.44000", "2009-12-31": "4.33810", "2008-12-31": "-4.22250", "2007-12-31": "-1.49000", "2006-12-31": "0.25760", "2005-12-31": "-0.34630"}, "EBITDA Margin": {"2019-12-31": "6.75720", "2018-12-31": "9.38340", "2017-12-31": "10.74380", "2016-12-31": "8.44670", "2015-12-31": "9.79970", "2014-12-31": "12.68370", "2013-12-31": "15.13920", "2012-12-31": "7.62900", "2011-12-31": "6.94370", "2010-12-31": "9.42750", "2009-12-31": "9.60360", "2008-12-31": "0.13620", "2007-12-31": "2.69620", "2006-12-31": "4.07780", "2005-12-31": "3.20600"}, "Pre-Tax Profit Margin": {"2019-12-31": "3.59930", "2018-12-31": "7.23860", "2017-12-31": "7.08840", "2016-12-31": "5.09330", "2015-12-31": "2.12630", "2014-12-31": "-1.66280", "2013-12-31": "35.44080", "2012-12-31": "5.87930", "2011-12-31": "4.47420", "2010-12-31": "17.92940", "2009-12-31": "3.94910", "2008-12-31": "-5.56370", "2007-12-31": "-2.52770", "2006-12-31": "-0.79070", "2005-12-31": "-0.98510"}, "Net Profit Margin": {"2019-12-31": "2.37690", "2018-12-31": "5.49600", "2017-12-31": "5.59440", "2016-12-31": "2.37270", "2015-12-31": "70.38520", "2014-12-31": "-11.40760", "2013-12-31": "40.02320", "2012-12-31": "1.74980", "2011-12-31": "1.06210", "2010-12-31": "14.61120", "2009-12-31": "1.91470", "2008-12-31": "-7.13540", "2007-12-31": "-3.29930", "2006-12-31": "-1.44810", "2005-12-31": "-1.61190"}, "Asset Turnover": {"2019-12-31": "1.29680", "2018-12-31": "1.48680", "2017-12-31": "1.36550", "2016-12-31": "1.33210", "2015-12-31": "0.69320", "2014-12-31": "0.48580", "2013-12-31": "0.28600", "2012-12-31": "1.10840", "2011-12-31": "1.51580", "2010-12-31": "1.34830", "2009-12-31": "1.33190", "2008-12-31": "1.81860", "2007-12-31": "1.56490", "2006-12-31": "1.62240", "2005-12-31": "2.48660"}, "Inventory Turnover Ratio": {"2019-12-31": "15.50890", "2018-12-31": "13.98370", "2017-12-31": "14.04760", "2016-12-31": "17.91390", "2015-12-31": "15.05350", "2014-12-31": "10.79810", "2013-12-31": "3.23940", "2012-12-31": "13.44940", "2011-12-31": "18.14700", "2010-12-31": "17.11260", "2009-12-31": "19.08460", "2008-12-31": "25.66380", "2007-12-31": "21.62020", "2006-12-31": "20.19810", "2005-12-31": "30.17880"}, "Receiveable Turnover": {"2019-12-31": "5.72960", "2018-12-31": "6.13990", "2017-12-31": "5.93580", "2016-12-31": "6.25940", "2015-12-31": "6.46410", "2014-12-31": "4.87010", "2013-12-31": "1.40510", "2012-12-31": "4.91820", "2011-12-31": "7.03270", "2010-12-31": "6.43040", "2009-12-31": "6.33650", "2008-12-31": "9.65020", "2007-12-31": "7.11810", "2006-12-31": "6.56330", "2005-12-31": "9.78960"}, "Days Sales In Receivables": {"2019-12-31": "63.70460", "2018-12-31": "59.44710", "2017-12-31": "61.49080", "2016-12-31": "58.31220", "2015-12-31": "56.46530", "2014-12-31": "74.94780", "2013-12-31": "259.77670", "2012-12-31": "74.21350", "2011-12-31": "51.90060", "2010-12-31": "56.76160", "2009-12-31": "57.60280", "2008-12-31": "37.82320", "2007-12-31": "51.27810", "2006-12-31": "55.61260", "2005-12-31": "37.28450"}, "ROE - Return On Equity": {"2019-12-31": "13.78150", "2018-12-31": "29.72510", "2017-12-31": "22.99610", "2016-12-31": "18.09390", "2015-12-31": "3.50290", "2014-12-31": "-4.11860", "2013-12-31": "19.31780", "2012-12-31": "10.69590", "2011-12-31": "10.51580", "2010-12-31": "55.74360", "2009-12-31": "-40.43960", "2008-12-31": "103.85230", "2007-12-31": "338.88890", "2006-12-31": "77.12770", "2005-12-31": "545.83340"}, "Return On Tangible Equity": {"2019-12-31": "17.52140", "2018-12-31": "38.18990", "2017-12-31": "27.82190", "2016-12-31": "22.01680", "2015-12-31": "3.94000", "2014-12-31": "-4.50450", "2013-12-31": "22.87720", "2012-12-31": "12.65890", "2011-12-31": "12.77370", "2010-12-31": "70.21960", "2009-12-31": "-40.43960", "2008-12-31": "103.85230", "2007-12-31": "338.88890", "2006-12-31": "77.12770", "2005-12-31": "545.83340"}, "ROA - Return On Assets": {"2019-12-31": "3.61070", "2018-12-31": "8.61980", "2017-12-31": "7.59550", "2016-12-31": "5.52040", "2015-12-31": "0.89720", "2014-12-31": "-1.40900", "2013-12-31": "9.20860", "2012-12-31": "4.44140", "2011-12-31": "4.22620", "2010-12-31": "20.87170", "2009-12-31": "3.66610", "2008-12-31": "-12.32850", "2007-12-31": "-4.23320", "2006-12-31": "-2.08990", "2005-12-31": "-3.88950"}, "ROI - Return On Investment": {"2019-12-31": "8.69570", "2018-12-31": "18.60220", "2017-12-31": "15.79420", "2016-12-31": "12.24300", "2015-12-31": "2.71840", "2014-12-31": "-3.11460", "2013-12-31": "15.87080", "2012-12-31": "8.76050", "2011-12-31": "8.36990", "2010-12-31": "44.67740", "2009-12-31": "-40.98000", "2008-12-31": "115.94980", "2007-12-31": "-11.48780", "2006-12-31": "-7.47420", "2005-12-31": "-17.93290"}, "Book Value Per Share": {"2019-12-31": "21.25000", "2018-12-31": "20.78570", "2017-12-31": "24.54840", "2016-12-31": "21.93940", "2015-12-31": "29.97500", "2014-12-31": "41.38640", "2013-12-31": "59.85420", "2012-12-31": "41.17310", "2011-12-31": "38.40390", "2010-12-31": "38.23530", "2009-12-31": "-3.50000", "2008-12-31": "-4.79230", "2007-12-31": "-0.69230", "2006-12-31": "-1.45740", "2005-12-31": "-0.37210"}, "Operating Cash Flow Per Share": {"2019-12-31": -0.3793, "2018-12-31": 0.1917, "2017-12-31": 3.4002, "2016-12-31": -4.5112, "2015-12-31": 1.5871, "2014-12-31": 0.0952, "2013-12-31": 1.6216, "2012-12-31": 1.1187, "2011-12-31": -0.0002, "2010-12-31": 2.2843, "2009-12-31": 1.9777, "2008-12-31": -3.1607, "2007-12-31": 0.0673, "2006-12-31": -1.1125, "2005-12-31": 3.3095}, "Free Cash Flow Per Share": {"2019-12-31": -1.1387, "2018-12-31": -1.0099, "2017-12-31": 2.4443, "2016-12-31": -2.3211, "2015-12-31": 4.702, "2014-12-31": -2.0642, "2013-12-31": -2.9296, "2012-12-31": 5.3673, "2011-12-31": -2.0991, "2010-12-31": 0.5796, "2009-12-31": 3.0918, "2008-12-31": -2.5271, "2007-12-31": 0.0779, "2006-12-31": 0.614, "2005-12-31": -1.3333}}, "financial ratios, quarterly": {"Current Ratio": {"2020-09-30": "1.60910", "2020-06-30": "2.38460", "2020-03-31": "2.17150", "2019-12-31": "1.68550", "2019-09-30": "1.68900", "2019-06-30": "1.68370", "2019-03-31": "1.73610", "2018-12-31": "1.79750", "2018-09-30": "1.87630", "2018-06-30": "1.90040", "2018-03-31": "1.80050", "2017-12-31": "2.00120", "2017-09-30": "1.97040", "2017-06-30": "1.95900", "2017-03-31": "1.91980", "2016-12-31": "1.87490", "2016-09-30": "1.98730", "2016-06-30": "1.96670", "2016-03-31": "1.86640", "2015-12-31": "1.46210", "2015-09-30": "4.05740", "2015-06-30": "3.92310", "2015-03-31": "1.68580", "2014-12-31": "1.71070", "2014-09-30": "1.76310", "2014-06-30": "1.87530", "2014-03-31": "1.67180", "2013-12-31": "2.08270", "2013-09-30": "1.66810", "2013-06-30": "1.68110", "2013-03-31": "1.64660", "2012-12-31": "1.71590", "2012-09-30": "1.75190", "2012-06-30": "1.71780", "2012-03-31": "1.57500", "2011-12-31": "1.60270", "2011-09-30": "1.55850", "2011-06-30": "1.54620", "2011-03-31": "1.47730", "2010-12-31": "1.46690", "2010-09-30": "1.69940", "2010-06-30": "1.64420", "2010-03-31": "1.64180", "2009-12-31": "1.62460", "2009-09-30": "1.67260", "2009-06-30": "1.78310", "2009-03-31": "0.56740", "2008-12-31": "0.64670", "2008-09-30": "1.55250", "2008-06-30": "1.50310", "2008-03-31": "1.55640", "2007-12-31": "1.61080", "2007-09-30": "1.56300", "2007-06-30": "1.57250", "2007-03-31": "1.35600", "2006-12-31": "1.38820", "2006-09-30": "1.33080", "2006-06-30": "1.36370", "2006-03-31": "1.29620", "2005-12-31": "1.13050", "2005-09-30": "1.10120", "2005-06-30": "1.14900", "2005-03-31": "1.13190"}, "Long-term Debt / Capital": {"2020-09-30": "0.40940", "2020-06-30": "0.61510", "2020-03-31": "0.59890", "2019-12-31": "0.36900", "2019-09-30": "0.37340", "2019-06-30": "0.36980", "2019-03-31": "0.36520", "2018-12-31": "0.37420", "2018-09-30": "0.37060", "2018-06-30": "0.36100", "2018-03-31": "0.36070", "2017-12-31": "0.31320", "2017-09-30": "0.32130", "2017-06-30": "0.32980", "2017-03-31": "0.33790", "2016-12-31": "0.32340", "2016-09-30": "0.30410", "2016-06-30": "0.31230", "2016-03-31": "0.32100", "2015-12-31": "0.22390", "2015-09-30": "0.10920", "2015-06-30": "0.10910", "2015-03-31": "0.31360", "2014-12-31": "0.24380", "2014-09-30": "0.27840", "2014-06-30": "0.26510", "2014-03-31": "0.06940", "2013-12-31": "0.17840", "2013-09-30": "0.24510", "2013-06-30": "0.24210", "2013-03-31": "0.24950", "2012-12-31": "0.18090", "2012-09-30": "0.18550", "2012-06-30": "0.19120", "2012-03-31": "0.19390", "2011-12-31": "0.20410", "2011-09-30": "0.19700", "2011-06-30": "0.18980", "2011-03-31": "0.19100", "2010-12-31": "0.19850", "2010-09-30": "-0.01660", "2010-06-30": "-0.01450", "2010-03-31": "-0.02510", "2009-12-31": "-0.01340", "2009-09-30": "-0.10430", "2009-06-30": "-0.09390", "2009-03-31": "-0.08700", "2008-12-31": "-0.11650", "2008-09-30": "1.27010", "2008-06-30": "1.08860", "2008-03-31": "1.05220", "2007-12-31": "1.03390", "2007-09-30": "1.06630", "2007-06-30": "1.04080", "2007-03-31": "1.05250", "2006-12-31": "1.09690", "2006-09-30": "1.05570", "2006-06-30": "0.97100", "2006-03-31": "1.00820", "2005-12-31": "1.03290", "2005-09-30": "16.54350", "2005-06-30": "4.87660", "2005-03-31": "0.92940"}, "Debt/Equity Ratio": {"2020-09-30": "0.69320", "2020-06-30": "1.64530", "2020-03-31": "1.56490", "2019-12-31": "0.64710", "2019-09-30": "0.67640", "2019-06-30": "0.67790", "2019-03-31": "0.66780", "2018-12-31": "0.69590", "2018-09-30": "0.64300", "2018-06-30": "0.61360", "2018-03-31": "0.62110", "2017-12-31": "0.51640", "2017-09-30": "0.53340", "2017-06-30": "0.55180", "2017-03-31": "0.58240", "2016-12-31": "0.52760", "2016-09-30": "0.46730", "2016-06-30": "0.48690", "2016-03-31": "0.52190", "2015-12-31": "0.31940", "2015-09-30": "0.13410", "2015-06-30": "0.13260", "2015-03-31": "0.52500", "2014-12-31": "0.33830", "2014-09-30": "0.45060", "2014-06-30": "0.41780", "2014-03-31": "0.25430", "2013-12-31": "0.25410", "2013-09-30": "0.38710", "2013-06-30": "0.38100", "2013-03-31": "0.38110", "2012-12-31": "0.26580", "2012-09-30": "0.26780", "2012-06-30": "0.28050", "2012-03-31": "0.28500", "2011-12-31": "0.29990", "2011-09-30": "0.28450", "2011-06-30": "0.27640", "2011-03-31": "0.27500", "2010-12-31": "0.28770", "2010-09-30": "-0.19000", "2010-06-30": "-0.28310", "2010-03-31": "-0.55390", "2009-12-31": "-0.50770", "2009-09-30": "-0.28900", "2009-06-30": "-0.27420", "2009-03-31": "-3.62000", "2008-12-31": "-4.43340", "2008-09-30": "-4.88490", "2008-06-30": "-12.87440", "2008-03-31": "-20.91180", "2007-12-31": "-31.55560", "2007-09-30": "-16.74690", "2007-06-30": "-26.51960", "2007-03-31": "-21.02830", "2006-12-31": "-11.85110", "2006-09-30": "-20.34310", "2006-06-30": "35.80700", "2006-03-31": "-138.86670", "2005-12-31": "-41.54170", "2005-09-30": "-1.36710", "2005-06-30": "-1.56820", "2005-03-31": "17.69570"}, "Gross Margin": {"2020-09-30": "13.25300", "2020-06-30": "1.07820", "2020-03-31": "8.24260", "2019-12-31": "13.97850", "2019-09-30": "11.49110", "2019-06-30": "9.54980", "2019-03-31": "8.95520", "2018-12-31": "13.13270", "2018-09-30": "12.04110", "2018-06-30": "13.72030", "2018-03-31": "15.84770", "2017-12-31": "17.18950", "2017-09-30": "14.90200", "2017-06-30": "14.34110", "2017-03-31": "15.92590", "2016-12-31": "14.82840", "2016-09-30": "13.63640", "2016-06-30": "14.10090", "2016-03-31": "15.08730", "2015-12-31": "14.09150", "2015-09-30": "12.99510", "2015-06-30": "12.19210", "2015-03-31": "13.72550", "2014-12-31": "14.84770", "2014-09-30": "11.72760", "2014-06-30": "11.33200", "2014-03-31": "10.41910", "2013-12-31": "11.23600", "2013-09-30": "9.09700", "2013-06-30": "10.12420", "2013-03-31": "8.29740", "2012-12-31": "21.43910", "2012-09-30": "7.94340", "2012-06-30": "7.56050", "2012-03-31": "7.80430", "2011-12-31": "8.33820", "2011-09-30": "7.28130", "2011-06-30": "9.38420", "2011-03-31": "7.72970", "2010-12-31": "16.00830", "2010-09-30": "2.31210", "2010-06-30": "5.34700", "2010-03-31": "21.95380", "2009-12-31": "17.36560", "2009-09-30": "6.90850", "2009-06-30": "5.09880", "2009-03-31": "3.32840", "2008-12-31": "-0.60500", "2008-09-30": "2.02830", "2008-06-30": "7.94090", "2008-03-31": "6.81340", "2007-12-31": "7.04570", "2007-09-30": "3.88850", "2007-06-30": "5.21180", "2007-03-31": "4.05120", "2006-12-31": "5.22120", "2006-09-30": "2.01550", "2006-06-30": "10.58510", "2006-03-31": "8.24050", "2005-12-31": "2.04620", "2005-09-30": "2.42660", "2005-06-30": "4.85710", "2005-03-31": "2.94770"}, "Operating Margin": {"2020-09-30": "2.94510", "2020-06-30": "-11.05120", "2020-03-31": "-5.28770", "2019-12-31": "6.45160", "2019-09-30": "4.24080", "2019-06-30": "1.63710", "2019-03-31": "1.08550", "2018-12-31": "5.60880", "2018-09-30": "3.52420", "2018-06-30": "5.80470", "2018-03-31": "9.82800", "2017-12-31": "8.53200", "2017-09-30": "6.92810", "2017-06-30": "6.97670", "2017-03-31": "9.38270", "2016-12-31": "4.04410", "2016-09-30": "6.10390", "2016-06-30": "6.20960", "2016-03-31": "6.85790", "2015-12-31": "4.07910", "2015-09-30": "5.32180", "2015-06-30": "2.70940", "2015-03-31": "6.25000", "2014-12-31": "2.66500", "2014-09-30": "1.89160", "2014-06-30": "-0.79520", "2014-03-31": "5.29690", "2013-12-31": "5.67710", "2013-09-30": "3.50400", "2013-06-30": "5.34160", "2013-03-31": "3.66380", "2012-12-31": "18.94270", "2012-09-30": "2.33990", "2012-06-30": "1.77200", "2012-03-31": "-1.16480", "2011-12-31": "3.06890", "2011-09-30": "2.25250", "2011-06-30": "3.22580", "2011-03-31": "2.43240", "2010-12-31": "19.40400", "2010-09-30": "-6.24280", "2010-06-30": "-1.85090", "2010-03-31": "12.92020", "2009-12-31": "14.30690", "2009-09-30": "-1.43930", "2009-06-30": "-2.67690", "2009-03-31": "4.95560", "2008-12-31": "-19.60070", "2008-09-30": "-5.51890", "2008-06-30": "1.82190", "2008-03-31": "-0.52410", "2007-12-31": "-1.70910", "2007-09-30": "-1.80680", "2007-06-30": "0.30260", "2007-03-31": "-2.83930", "2006-12-31": "-0.72520", "2006-09-30": "-4.80620", "2006-06-30": "3.28040", "2006-03-31": "2.56670", "2005-12-31": "53.39140", "2005-09-30": "-3.63990", "2005-06-30": "-24.12550", "2005-03-31": "-2.20570"}, "EBIT Margin": {"2020-09-30": "2.94510", "2020-06-30": "-11.05120", "2020-03-31": "-5.28770", "2019-12-31": "6.45160", "2019-09-30": "4.24080", "2019-06-30": "1.63710", "2019-03-31": "1.08550", "2018-12-31": "5.60880", "2018-09-30": "3.52420", "2018-06-30": "5.80470", "2018-03-31": "9.82800", "2017-12-31": "8.53200", "2017-09-30": "6.92810", "2017-06-30": "6.97670", "2017-03-31": "9.38270", "2016-12-31": "4.04410", "2016-09-30": "6.10390", "2016-06-30": "6.20960", "2016-03-31": "6.85790", "2015-12-31": "4.07910", "2015-09-30": "5.32180", "2015-06-30": "2.70940", "2015-03-31": "6.25000", "2014-12-31": "2.66500", "2014-09-30": "1.89160", "2014-06-30": "-0.79520", "2014-03-31": "5.29690", "2013-12-31": "5.67710", "2013-09-30": "3.50400", "2013-06-30": "5.34160", "2013-03-31": "3.66380", "2012-12-31": "18.94270", "2012-09-30": "2.33990", "2012-06-30": "1.77200", "2012-03-31": "-1.16480", "2011-12-31": "3.06890", "2011-09-30": "2.25250", "2011-06-30": "3.22580", "2011-03-31": "2.43240", "2010-12-31": "19.40400", "2010-09-30": "-6.24280", "2010-06-30": "-1.85090", "2010-03-31": "12.92020", "2009-12-31": "14.30690", "2009-09-30": "-1.43930", "2009-06-30": "-2.67690", "2009-03-31": "4.95560", "2008-12-31": "-19.60070", "2008-09-30": "-5.51890", "2008-06-30": "1.82190", "2008-03-31": "-0.52410", "2007-12-31": "-1.70910", "2007-09-30": "-1.80680", "2007-06-30": "0.30260", "2007-03-31": "-2.83930", "2006-12-31": "-0.72520", "2006-09-30": "-4.80620", "2006-06-30": "3.28040", "2006-03-31": "2.56670", "2005-12-31": "53.39140", "2005-09-30": "-3.63990", "2005-06-30": "-24.12550", "2005-03-31": "-2.20570"}, "EBITDA Margin": {"2020-09-30": "", "2020-06-30": "", "2020-03-31": "", "2019-12-31": "", "2019-09-30": "", "2019-06-30": "", "2019-03-31": "", "2018-12-31": "", "2018-09-30": "", "2018-06-30": "", "2018-03-31": "", "2017-12-31": "", "2017-09-30": "", "2017-06-30": "", "2017-03-31": "", "2016-12-31": "", "2016-09-30": "", "2016-06-30": "", "2016-03-31": "", "2015-12-31": "", "2015-09-30": "", "2015-06-30": "", "2015-03-31": "", "2014-12-31": "", "2014-09-30": "", "2014-06-30": "", "2014-03-31": "", "2013-12-31": "", "2013-09-30": "", "2013-06-30": "", "2013-03-31": "", "2012-12-31": "", "2012-09-30": "", "2012-06-30": "", "2012-03-31": "", "2011-12-31": "", "2011-09-30": "", "2011-06-30": "", "2011-03-31": "", "2010-12-31": "", "2010-09-30": "", "2010-06-30": "", "2010-03-31": "", "2009-12-31": "", "2009-09-30": "", "2009-06-30": "", "2009-03-31": "", "2008-12-31": "", "2008-09-30": "", "2008-06-30": "", "2008-03-31": "", "2007-12-31": "", "2007-09-30": "", "2007-06-30": "", "2007-03-31": "", "2006-12-31": "", "2006-09-30": "", "2006-06-30": "", "2006-03-31": "", "2005-12-31": "", "2005-09-30": "", "2005-06-30": "", "2005-03-31": ""}, "Pre-Tax Profit Margin": {"2020-09-30": "2.94510", "2020-06-30": "-10.78170", "2020-03-31": "-4.82120", "2019-12-31": "6.45160", "2019-09-30": "4.24080", "2019-06-30": "2.18280", "2019-03-31": "1.49250", "2018-12-31": "6.42950", "2018-09-30": "4.69900", "2018-06-30": "6.46440", "2018-03-31": "10.81080", "2017-12-31": "4.39150", "2017-09-30": "7.18950", "2017-06-30": "7.49350", "2017-03-31": "9.25930", "2016-12-31": "4.16670", "2016-09-30": "3.89610", "2016-06-30": "6.20960", "2016-03-31": "6.10970", "2015-12-31": "-10.38320", "2015-09-30": "3.83660", "2015-06-30": "10.96060", "2015-03-31": "4.04410", "2014-12-31": "-0.88830", "2014-09-30": "-1.38710", "2014-06-30": "-7.75350", "2014-03-31": "4.94760", "2013-12-31": "36.36900", "2013-09-30": "5.72780", "2013-06-30": "7.51550", "2013-03-31": "3.55600", "2012-12-31": "18.20850", "2012-09-30": "4.43350", "2012-06-30": "7.50150", "2012-03-31": "0.75710", "2011-12-31": "5.67460", "2011-09-30": "4.24310", "2011-06-30": "3.81230", "2011-03-31": "4.32430", "2010-12-31": "84.33820", "2010-09-30": "-6.01160", "2010-06-30": "-6.52960", "2010-03-31": "14.33820", "2009-12-31": "15.49090", "2009-09-30": "-0.28790", "2009-06-30": "-4.33400", "2009-03-31": "1.70120", "2008-12-31": "-22.08110", "2008-09-30": "-7.07550", "2008-06-30": "0.89380", "2008-03-31": "-1.46750", "2007-12-31": "-2.68570", "2007-09-30": "-3.02440", "2007-06-30": "-0.60520", "2007-03-31": "-3.91270", "2006-12-31": "-1.74040", "2006-09-30": "-6.04650", "2006-06-30": "2.40110", "2006-03-31": "1.48600", "2005-12-31": "52.21680", "2005-09-30": "-4.36790", "2005-06-30": "-24.58530", "2005-03-31": "-2.66690"}, "Net Profit Margin": {"2020-09-30": "0.80320", "2020-06-30": "-12.12940", "2020-03-31": "-5.44320", "2019-12-31": "4.70430", "2019-09-30": "1.91520", "2019-06-30": "0.95500", "2019-03-31": "1.89960", "2018-12-31": "5.88240", "2018-09-30": "3.08370", "2018-06-30": "4.61740", "2018-03-31": "7.98530", "2017-12-31": "3.13680", "2017-09-30": "5.62090", "2017-06-30": "5.81400", "2017-03-31": "7.77780", "2016-12-31": "0.24510", "2016-09-30": "3.63640", "2016-06-30": "3.36350", "2016-03-31": "2.36910", "2015-12-31": "2.59580", "2015-09-30": "0.61880", "2015-06-30": "271.92120", "2015-03-31": "6.12750", "2014-12-31": "-17.51270", "2014-09-30": "-2.64820", "2014-06-30": "-30.81510", "2014-03-31": "1.10590", "2013-12-31": "30.33710", "2013-09-30": "2.89760", "2013-06-30": "4.03730", "2013-03-31": "3.71770", "2012-12-31": "5.72690", "2012-09-30": "0.92360", "2012-06-30": "4.43000", "2012-03-31": "-1.68900", "2011-12-31": "-1.50550", "2011-09-30": "2.14770", "2011-06-30": "1.27080", "2011-03-31": "2.10810", "2010-12-31": "78.58630", "2010-09-30": "-8.09250", "2010-06-30": "-10.33420", "2010-03-31": "12.23740", "2009-12-31": "13.61620", "2009-09-30": "-2.18770", "2009-06-30": "-7.13830", "2009-03-31": "0.14790", "2008-12-31": "-20.93160", "2008-09-30": "-8.86790", "2008-06-30": "-1.44380", "2008-03-31": "-3.66880", "2007-12-31": "-1.49980", "2007-09-30": "-4.28120", "2007-06-30": "-2.25290", "2007-03-31": "-5.29780", "2006-12-31": "-1.41410", "2006-09-30": "-6.86050", "2006-06-30": "1.69090", "2006-03-31": "0.10130", "2005-12-31": "50.70100", "2005-09-30": "-5.02310", "2005-06-30": "-24.74520", "2005-03-31": "-3.26850"}, "Asset Turnover": {"2020-09-30": "0.34520", "2020-06-30": "0.15990", "2020-03-31": "0.25840", "2019-12-31": "0.32760", "2019-09-30": "0.33780", "2019-06-30": "0.33440", "2019-03-31": "0.33780", "2018-12-31": "0.36420", "2018-09-30": "0.34080", "2018-06-30": "0.37230", "2018-03-31": "0.37950", "2017-12-31": "0.34590", "2017-09-30": "0.33570", "2017-06-30": "0.34460", "2017-03-31": "0.36190", "2016-12-31": "0.34390", "2016-09-30": "0.32450", "2016-06-30": "0.32980", "2016-03-31": "0.33870", "2015-12-31": "0.17280", "2015-09-30": "0.16610", "2015-06-30": "0.16440", "2015-03-31": "0.15280", "2014-12-31": "0.14800", "2014-09-30": "0.13930", "2014-06-30": "0.08900", "2014-03-31": "0.28070", "2013-12-31": "0.28060", "2013-09-30": "0.27980", "2013-06-30": "0.29690", "2013-03-31": "0.34580", "2012-12-31": "0.13210", "2012-09-30": "0.31410", "2012-06-30": "0.33560", "2012-03-31": "0.33290", "2011-12-31": "0.34760", "2011-09-30": "0.36470", "2011-06-30": "0.36570", "2011-03-31": "0.33950", "2010-12-31": "0.27710", "2010-09-30": "0.33610", "2010-06-30": "0.39100", "2010-03-31": "0.37350", "2009-12-31": "0.40390", "2009-09-30": "0.35400", "2009-06-30": "0.33760", "2009-03-31": "0.29640", "2008-12-31": "0.31500", "2008-09-30": "0.35680", "2008-06-30": "0.41460", "2008-03-31": "0.39600", "2007-12-31": "0.39790", "2007-09-30": "0.35760", "2007-06-30": "0.40600", "2007-03-31": "0.42250", "2006-12-31": "0.39750", "2006-09-30": "0.38390", "2006-06-30": "0.42870", "2006-03-31": "0.43430", "2005-12-31": "0.39180", "2005-09-30": "0.46710", "2005-06-30": "0.56960", "2005-03-31": "0.48480"}, "Inventory Turnover Ratio": {"2020-09-30": "3.95120", "2020-06-30": "2.15880", "2020-03-31": "3.27780", "2019-12-31": "3.78700", "2019-09-30": "3.36980", "2019-06-30": "3.54550", "2019-03-31": "3.44100", "2018-12-31": "3.45110", "2018-09-30": "2.69820", "2018-06-30": "3.31980", "2018-03-31": "3.44220", "2017-12-31": "3.49210", "2017-09-30": "3.74140", "2017-06-30": "4.01820", "2017-03-31": "4.20370", "2016-12-31": "4.60260", "2016-09-30": "3.77840", "2016-06-30": "3.55080", "2016-03-31": "3.74180", "2015-12-31": "3.71660", "2015-09-30": "3.48020", "2015-06-30": "3.49510", "2015-03-31": "1.30130", "2014-12-31": "3.22600", "2014-09-30": "1.24560", "2014-06-30": "0.96540", "2014-03-31": "3.14720", "2013-12-31": "3.18010", "2013-09-30": "2.97140", "2013-06-30": "3.48670", "2013-03-31": "3.98590", "2012-12-31": "1.38960", "2012-09-30": "3.66420", "2012-06-30": "4.11840", "2012-03-31": "4.15490", "2011-12-31": "4.15490", "2011-09-30": "4.35960", "2011-06-30": "4.42480", "2011-03-31": "4.12320", "2010-12-31": "3.32970", "2010-09-30": "4.27850", "2010-06-30": "5.24500", "2010-03-31": "4.20960", "2009-12-31": "5.25080", "2009-09-30": "4.49170", "2009-06-30": "4.52580", "2009-03-31": "3.98480", "2008-12-31": "4.69770", "2008-09-30": "4.84150", "2008-06-30": "5.74680", "2008-03-31": "5.51030", "2007-12-31": "5.38380", "2007-09-30": "4.57380", "2007-06-30": "5.39010", "2007-03-31": "5.34940", "2006-12-31": "5.02690", "2006-09-30": "4.65560", "2006-06-30": "4.63860", "2006-03-31": "4.99450", "2005-12-31": "4.81380", "2005-09-30": "6.99300", "2005-06-30": "8.02700", "2005-03-31": "5.15440"}, "Receiveable Turnover": {"2020-09-30": "1.56930", "2020-06-30": "1.11080", "2020-03-31": "1.60350", "2019-12-31": "1.44750", "2019-09-30": "1.59960", "2019-06-30": "1.56620", "2019-03-31": "1.52270", "2018-12-31": "1.50410", "2018-09-30": "1.52010", "2018-06-30": "1.73060", "2018-03-31": "1.63450", "2017-12-31": "1.50380", "2017-09-30": "1.51190", "2017-06-30": "1.49130", "2017-03-31": "1.46740", "2016-12-31": "1.61580", "2016-09-30": "1.54930", "2016-06-30": "1.60040", "2016-03-31": "1.49070", "2015-12-31": "1.61160", "2015-09-30": "1.45850", "2015-06-30": "1.46570", "2015-03-31": "0.59690", "2014-12-31": "1.48400", "2014-09-30": "0.62440", "2014-06-30": "0.44550", "2014-03-31": "1.30650", "2013-12-31": "1.37820", "2013-09-30": "1.30290", "2013-06-30": "1.33500", "2013-03-31": "1.57160", "2012-12-31": "0.58610", "2012-09-30": "1.39040", "2012-06-30": "1.45200", "2012-03-31": "1.44160", "2011-12-31": "1.61250", "2011-09-30": "1.54080", "2011-06-30": "1.52570", "2011-03-31": "1.49190", "2010-12-31": "1.32140", "2010-09-30": "1.59300", "2010-06-30": "1.88470", "2010-03-31": "1.77610", "2009-12-31": "1.92130", "2009-09-30": "1.54260", "2009-06-30": "1.57210", "2009-03-31": "1.52420", "2008-12-31": "1.67140", "2008-09-30": "1.68660", "2008-06-30": "1.76300", "2008-03-31": "1.67760", "2007-12-31": "1.81000", "2007-09-30": "1.45320", "2007-06-30": "1.56690", "2007-03-31": "1.53940", "2006-12-31": "1.60820", "2006-09-30": "1.43570", "2006-06-30": "1.62120", "2006-03-31": "1.67860", "2005-12-31": "1.54240", "2005-09-30": "1.77400", "2005-06-30": "2.09950", "2005-03-31": "1.97580"}, "Days Sales In Receivables": {"2020-09-30": "57.34940", "2020-06-30": "81.02430", "2020-03-31": "56.12750", "2019-12-31": "62.17740", "2019-09-30": "56.26540", "2019-06-30": "57.46250", "2019-03-31": "59.10450", "2018-12-31": "59.83580", "2018-09-30": "59.20710", "2018-06-30": "52.00530", "2018-03-31": "55.06140", "2017-12-31": "59.84940", "2017-09-30": "59.52940", "2017-06-30": "60.34880", "2017-03-31": "61.33330", "2016-12-31": "55.69850", "2016-09-30": "58.09090", "2016-06-30": "56.23550", "2016-03-31": "60.37410", "2015-12-31": "55.84670", "2015-09-30": "61.70790", "2015-06-30": "61.40390", "2015-03-31": "150.77210", "2014-12-31": "60.64720", "2014-09-30": "144.13620", "2014-06-30": "202.00790", "2014-03-31": "68.88820", "2013-12-31": "65.30460", "2013-09-30": "69.07680", "2013-06-30": "67.41620", "2013-03-31": "57.26830", "2012-12-31": "153.56830", "2012-09-30": "64.72910", "2012-06-30": "61.98460", "2012-03-31": "62.42870", "2011-12-31": "55.81360", "2011-09-30": "58.41280", "2011-06-30": "58.98830", "2011-03-31": "60.32430", "2010-12-31": "68.10810", "2010-09-30": "56.49710", "2010-06-30": "47.75320", "2010-03-31": "50.67230", "2009-12-31": "46.84260", "2009-09-30": "58.34200", "2009-06-30": "57.24670", "2009-03-31": "59.04590", "2008-12-31": "53.84760", "2008-09-30": "53.36320", "2008-06-30": "51.04850", "2008-03-31": "53.64780", "2007-12-31": "49.72450", "2007-09-30": "61.93240", "2007-06-30": "57.43780", "2007-03-31": "58.46260", "2006-12-31": "55.96450", "2006-09-30": "62.68610", "2006-06-30": "55.51570", "2006-03-31": "53.61700", "2005-12-31": "58.35170", "2005-09-30": "50.73280", "2005-06-30": "42.86830", "2005-03-31": "45.55040"}, "ROE - Return On Equity": {"2020-09-30": "1.99200", "2020-06-30": "-8.97440", "2020-03-31": "-7.18560", "2019-12-31": "6.72270", "2019-09-30": "3.08220", "2019-06-30": "1.34910", "2019-03-31": "2.64460", "2018-12-31": "7.90380", "2018-09-30": "3.89170", "2018-06-30": "6.00650", "2018-03-31": "10.89430", "2017-12-31": "2.75950", "2017-09-30": "6.41200", "2017-06-30": "6.80850", "2017-03-31": "8.67650", "2016-12-31": "4.28180", "2016-09-30": "3.14860", "2016-06-30": "5.10470", "2016-03-31": "4.91800", "2015-12-31": "-5.67140", "2015-09-30": "0.73740", "2015-06-30": "2.28070", "2015-03-31": "1.31650", "2014-12-31": "-0.98850", "2014-09-30": "-0.96460", "2014-06-30": "-1.66590", "2014-03-31": "1.89940", "2013-12-31": "19.38740", "2013-09-30": "2.97360", "2013-06-30": "3.91030", "2013-03-31": "4.11970", "2012-12-31": "5.55820", "2012-09-30": "1.75520", "2012-06-30": "3.99440", "2012-03-31": "-0.66950", "2011-12-31": "2.90440", "2011-09-30": "2.70920", "2011-06-30": "2.04080", "2011-03-31": "2.52670", "2010-12-31": "58.41030", "2010-09-30": "16.68930", "2010-06-30": "22.98700", "2010-03-31": "-60.78430", "2009-12-31": "-65.27470", "2009-09-30": "3.29040", "2009-06-30": "13.71190", "2009-03-31": "-1.20000", "2008-12-31": "56.17980", "2008-09-30": "34.15090", "2008-06-30": "11.11110", "2008-03-31": "68.38240", "2007-12-31": "", "2007-09-30": "67.28400", "2007-06-30": "58.82350", "2007-03-31": "128.30190", "2006-12-31": "13.29790", "2006-09-30": "167.64710", "2006-06-30": "77.19300", "2006-03-31": "-46.66670", "2005-12-31": "-2804.16700", "2005-09-30": "14.47550", "2005-06-30": "101.06120", "2005-03-31": "-141.73910"}, "Return On Tangible Equity": {"2020-09-30": "2.65960", "2020-06-30": "-12.24490", "2020-03-31": "-9.60000", "2019-12-31": "8.54700", "2019-09-30": "3.91300", "2019-06-30": "1.71310", "2019-03-31": "3.35430", "2018-12-31": "10.15450", "2018-09-30": "4.98920", "2018-06-30": "7.53560", "2018-03-31": "13.90040", "2017-12-31": "3.33860", "2017-09-30": "7.76860", "2017-06-30": "8.30450", "2017-03-31": "10.68840", "2016-12-31": "5.21010", "2016-09-30": "3.80520", "2016-06-30": "6.08420", "2016-03-31": "5.97010", "2015-12-31": "-6.37900", "2015-09-30": "0.77580", "2015-06-30": "2.40560", "2015-03-31": "1.67830", "2014-12-31": "-1.08110", "2014-09-30": "-1.20270", "2014-06-30": "-2.04990", "2014-03-31": "2.23510", "2013-12-31": "22.95960", "2013-09-30": "3.47340", "2013-06-30": "4.55810", "2013-03-31": "4.86960", "2012-12-31": "6.57820", "2012-09-30": "2.05480", "2012-06-30": "4.72220", "2012-03-31": "-0.79950", "2011-12-31": "3.52800", "2011-09-30": "3.29220", "2011-06-30": "2.49860", "2011-03-31": "3.11940", "2010-12-31": "73.57880", "2010-09-30": "16.68930", "2010-06-30": "22.98700", "2010-03-31": "-60.78430", "2009-12-31": "-65.27470", "2009-09-30": "3.29040", "2009-06-30": "13.71190", "2009-03-31": "-1.20000", "2008-12-31": "56.17980", "2008-09-30": "34.15090", "2008-06-30": "11.11110", "2008-03-31": "68.38240", "2007-12-31": "", "2007-09-30": "67.28400", "2007-06-30": "58.82350", "2007-03-31": "128.30190", "2006-12-31": "13.29790", "2006-09-30": "167.64710", "2006-06-30": "77.19300", "2006-03-31": "-46.66670", "2005-12-31": "-2804.16700", "2005-09-30": "14.47550", "2005-06-30": "101.06120", "2005-03-31": "-141.73910"}, "ROA - Return On Assets": {"2020-09-30": "0.46210", "2020-06-30": "-1.81030", "2020-03-31": "-1.44690", "2019-12-31": "1.76130", "2019-09-30": "0.83180", "2019-06-30": "0.36500", "2019-03-31": "0.73330", "2018-12-31": "2.29200", "2018-09-30": "1.15120", "2018-06-30": "1.81730", "2018-03-31": "3.12350", "2017-12-31": "0.91150", "2017-09-30": "2.06230", "2017-06-30": "2.13710", "2017-03-31": "2.63630", "2016-12-31": "1.30640", "2016-09-30": "1.05350", "2016-06-30": "1.66380", "2016-03-31": "1.52030", "2015-12-31": "-1.45270", "2015-09-30": "0.43160", "2015-06-30": "1.31630", "2015-03-31": "0.44950", "2014-12-31": "-0.33820", "2014-09-30": "-0.36890", "2014-06-30": "-0.65500", "2014-03-31": "0.88240", "2013-12-31": "9.24170", "2013-09-30": "1.16890", "2013-06-30": "1.51240", "2013-03-31": "1.56510", "2012-12-31": "2.30800", "2012-09-30": "0.75440", "2012-06-30": "1.68520", "2012-03-31": "-0.27140", "2011-12-31": "1.16720", "2011-09-30": "1.06990", "2011-06-30": "0.78660", "2011-03-31": "0.95430", "2010-12-31": "21.87020", "2010-09-30": "-2.38970", "2010-06-30": "-3.55850", "2010-03-31": "4.86470", "2009-12-31": "5.91750", "2009-09-30": "-0.46870", "2009-06-30": "-2.13040", "2009-03-31": "0.19730", "2008-12-31": "-6.66920", "2008-09-30": "-3.04660", "2008-06-30": "-0.32780", "2008-03-31": "-1.28670", "2007-12-31": "", "2007-09-30": "-1.53110", "2007-06-30": "-0.81900", "2007-03-31": "-1.98950", "2006-12-31": "-0.36030", "2006-09-30": "-2.54430", "2006-06-30": "0.63800", "2006-03-31": "0.10270", "2005-12-31": "19.98220", "2005-09-30": "-2.34610", "2005-06-30": "-14.09540", "2005-03-31": "-1.58470"}, "ROI - Return On Investment": {"2020-09-30": "1.17650", "2020-06-30": "-3.45390", "2020-03-31": "-2.88230", "2019-12-31": "4.24180", "2019-09-30": "1.93130", "2019-06-30": "0.85020", "2019-03-31": "1.67890", "2018-12-31": "4.94620", "2018-09-30": "2.44940", "2018-06-30": "3.83820", "2018-03-31": "6.96470", "2017-12-31": "1.89530", "2017-09-30": "4.35190", "2017-06-30": "4.56270", "2017-03-31": "5.74490", "2016-12-31": "2.89720", "2016-09-30": "2.19110", "2016-06-30": "3.51040", "2016-03-31": "3.33950", "2015-12-31": "-4.40130", "2015-09-30": "0.65690", "2015-06-30": "2.03190", "2015-03-31": "0.90360", "2014-12-31": "-0.74750", "2014-09-30": "-0.69610", "2014-06-30": "-1.22440", "2014-03-31": "1.76760", "2013-12-31": "15.92790", "2013-09-30": "2.24480", "2013-06-30": "2.96350", "2013-03-31": "3.09160", "2012-12-31": "4.55240", "2012-09-30": "1.42960", "2012-06-30": "3.23070", "2012-03-31": "-0.53970", "2011-12-31": "2.31170", "2011-09-30": "2.17560", "2011-06-30": "1.65350", "2011-03-31": "2.04400", "2010-12-31": "46.81460", "2010-09-30": "16.96550", "2010-06-30": "23.32020", "2010-03-31": "-62.31160", "2009-12-31": "-66.14700", "2009-09-30": "3.63350", "2009-06-30": "15.00000", "2009-03-31": "-1.30430", "2008-12-31": "62.72400", "2008-09-30": "-9.22530", "2008-06-30": "-0.98420", "2008-03-31": "-3.57010", "2007-12-31": "", "2007-09-30": "-4.46360", "2007-06-30": "-2.39710", "2007-03-31": "-6.73600", "2006-12-31": "-1.28870", "2006-09-30": "-9.34430", "2006-06-30": "2.23690", "2006-03-31": "0.38170", "2005-12-31": "92.12870", "2005-09-30": "-225.00000", "2005-06-30": "-391.77220", "2005-03-31": "-10.01230"}, "Book Value Per Share": {"2020-09-30": "17.92860", "2020-06-30": "16.71430", "2020-03-31": "17.89290", "2019-12-31": "21.25000", "2019-09-30": "20.85710", "2019-06-30": "21.17860", "2019-03-31": "21.60710", "2018-12-31": "20.78570", "2018-09-30": "20.37930", "2018-06-30": "20.53330", "2018-03-31": "20.50000", "2017-12-31": "24.54840", "2017-09-30": "23.64520", "2017-06-30": "22.74190", "2017-03-31": "21.25000", "2016-12-31": "21.93940", "2016-09-30": "23.35290", "2016-06-30": "22.47060", "2016-03-31": "21.52940", "2015-12-31": "29.97500", "2015-09-30": "69.46340", "2015-06-30": "71.25000", "2015-03-31": "41.43180", "2014-12-31": "41.38640", "2014-09-30": "49.47730", "2014-06-30": "50.47730", "2014-03-31": "59.22920", "2013-12-31": "59.85420", "2013-09-30": "42.55100", "2013-06-30": "41.94000", "2013-03-31": "40.78000", "2012-12-31": "41.17310", "2012-09-30": "41.92450", "2012-06-30": "40.15090", "2012-03-31": "39.45280", "2011-12-31": "38.40390", "2011-09-30": "39.75000", "2011-06-30": "42.27450", "2011-03-31": "40.35290", "2010-12-31": "38.23530", "2010-09-30": "-5.66920", "2010-06-30": "-5.92310", "2010-03-31": "-3.13850", "2009-12-31": "-3.50000", "2009-09-30": "-5.37690", "2009-06-30": "-5.55380", "2009-03-31": "-5.76920", "2008-12-31": "-4.79230", "2008-09-30": "-4.04580", "2008-06-30": "-1.58020", "2008-03-31": "-1.03820", "2007-12-31": "-0.69230", "2007-09-30": "-1.24620", "2007-06-30": "-0.78460", "2007-03-31": "-0.82170", "2006-12-31": "-1.45740", "2006-09-30": "-0.79070", "2006-06-30": "0.44530", "2006-03-31": "-0.11720", "2005-12-31": "-0.37210", "2005-09-30": "-11.08530", "2005-06-30": "-9.57030", "2005-03-31": "0.89150"}, "Operating Cash Flow Per Share": {"2020-09-30": 3.9319, "2020-06-30": -1.3637, "2020-03-31": "0.89610", "2019-12-31": 2.2901, "2019-09-30": 2.0362, "2019-06-30": 2.0223, "2019-03-31": "0.14080", "2018-12-31": 3.2416, "2018-09-30": -0.5869, "2018-06-30": 1.5841, "2018-03-31": "2.62990", "2017-12-31": 2.6204, "2017-09-30": 1.4003, "2017-06-30": 2.9896, "2017-03-31": "-0.33330", "2016-12-31": 2.1721, "2016-09-30": 0.6977, "2016-06-30": 1.9135, "2016-03-31": "-1.50650", "2015-12-31": 1.7067, "2015-09-30": 2.0238, "2015-06-30": 0.7924, "2015-03-31": "3.80220", "2014-12-31": 2.3199, "2014-09-30": 1.342, "2014-06-30": 0.8134, "2014-03-31": "1.93550", "2013-12-31": 2.7261, "2013-09-30": 0.4229, "2013-06-30": 0.778, "2013-03-31": "2.35070", "2012-12-31": 1.4544, "2012-09-30": 2.8993, "2012-06-30": -0.2357, "2012-03-31": "0.36610", "2011-12-31": 2.3077, "2011-09-30": 0.6723, "2011-06-30": 1.3469, "2011-03-31": "-0.96150", "2010-12-31": 1.6423, "2010-09-30": 0.3864, "2010-06-30": 1.0299, "2010-03-31": "0.30700", "2009-12-31": 2.2482, "2009-09-30": 0.6492, "2009-06-30": 0.2912, "2009-03-31": "-2.10730", "2008-12-31": 0.286, "2008-09-30": -1.2365, "2008-06-30": 1.0271, "2008-03-31": "-0.97300", "2007-12-31": 2.5573, "2007-09-30": -0.4088, "2007-06-30": 1.1321, "2007-03-31": "-1.01630", "2006-12-31": 1.8691, "2006-09-30": -0.2663, "2006-06-30": 0.8458, "2006-03-31": "-0.25160", "2005-12-31": 0.338, "2005-09-30": -1.046, "2005-06-30": 2.6003, "2005-03-31": "1.41720"}, "Free Cash Flow Per Share": {"2020-09-30": 3.3058, "2020-06-30": -2.1248, "2020-03-31": "-0.68100", "2019-12-31": 1.1336, "2019-09-30": 0.6749, "2019-06-30": 0.8074, "2019-03-31": "-1.16200", "2018-12-31": 2.2197, "2018-09-30": -1.5335, "2018-06-30": 0.7051, "2018-03-31": "1.20130", "2017-12-31": 1.7157, "2017-09-30": 0.6993, "2017-06-30": 2.1875, "2017-03-31": "-1.00000", "2016-12-31": 1.6815, "2016-09-30": 0.1453, "2016-06-30": 1.4093, "2016-03-31": "-2.07790", "2015-12-31": 0.7482, "2015-09-30": 1.1242, "2015-06-30": -0.8125, "2015-03-31": "2.65930", "2014-12-31": -0.605, "2014-09-30": -0.6591, "2014-06-30": -0.8871, "2014-03-31": "0.88710", "2013-12-31": -0.2062, "2013-09-30": -0.5722, "2013-06-30": 0.5068, "2013-03-31": "1.13680", "2012-12-31": 3.4551, "2012-09-30": 2.0851, "2012-06-30": -1.114, "2012-03-31": "-0.65510", "2011-12-31": 0.6923, "2011-09-30": -0.4388, "2011-06-30": 0.1695, "2011-03-31": "-2.01920", "2010-12-31": -0.3163, "2010-09-30": -0.0077, "2010-06-30": 0.7041, "2010-03-31": "0.12280", "2009-12-31": 1.7626, "2009-09-30": 0.425, "2009-06-30": 0.0346, "2009-03-31": "-2.29890", "2008-12-31": -0.2087, "2008-09-30": -1.8247, "2008-06-30": 0.4093, "2008-03-31": "-1.54440", "2007-12-31": 1.4403, "2007-09-30": -1.0856, "2007-06-30": 0.5167, "2007-03-31": "-1.51280", "2006-12-31": 1.0215, "2006-09-30": -0.9042, "2006-06-30": 0.0282, "2006-03-31": "-0.86480", "2005-12-31": -1.4442, "2005-09-30": -1.9814, "2005-06-30": 1.535, "2005-03-31": "0.55730"}}, "revenue": {"Visteon Annual Revenue (Millions of US $)": {"2019": "$2,945", "2018": "$2,984", "2017": "$3,146", "2016": "$3,161", "2015": "$3,245", "2014": "$2,586", "2013": "$1,724", "2012": "$5,715", "2011": "$7,532", "2010": "$7,022", "2009": "$6,685", "2008": "$9,544", "2007": "$11,275", "2006": "$11,256", "2005": "$16,750"}, "Visteon Quarterly Revenue (Millions of US $)": {"2020-09-30": "$747", "2020-06-30": "$371", "2020-03-31": "$643", "2019-12-31": "$744", "2019-09-30": "$731", "2019-06-30": "$733", "2019-03-31": "$737", "2018-12-31": "$731", "2018-09-30": "$681", "2018-06-30": "$758", "2018-03-31": "$814", "2017-12-31": "$797", "2017-09-30": "$765", "2017-06-30": "$774", "2017-03-31": "$810", "2016-12-31": "$816", "2016-09-30": "$770", "2016-06-30": "$773", "2016-03-31": "$802", "2015-12-31": "$809", "2015-09-30": "$808", "2015-06-30": "$812", "2015-03-31": "$816", "2014-12-31": "$788", "2014-09-30": "$793", "2014-06-30": "$503", "2014-03-31": "$1,718", "2013-12-31": "$1,691", "2013-09-30": "$1,484", "2013-06-30": "$1,610", "2013-03-31": "$1,856", "2012-12-31": "$681", "2012-09-30": "$1,624", "2012-06-30": "$1,693", "2012-03-31": "$1,717", "2011-12-31": "$1,727", "2011-09-30": "$1,909", "2011-06-30": "$2,046", "2011-03-31": "$1,850", "2010-12-31": "$1,443", "2010-09-30": "$1,730", "2010-06-30": "$1,945", "2010-03-31": "$1,904", "2009-12-31": "$2,027", "2009-09-30": "$1,737", "2009-06-30": "$1,569", "2009-03-31": "$1,352", "2008-12-31": "$1,653", "2008-09-30": "$2,120", "2008-06-30": "$2,909", "2008-03-31": "$2,862", "2007-12-31": "$2,867", "2007-09-30": "$2,546", "2007-06-30": "$2,974", "2007-03-31": "$2,888", "2006-12-31": "$2,758", "2006-09-30": "$2,580", "2006-06-30": "$2,957", "2006-03-31": "$2,961", "2005-12-31": "$2,639", "2005-09-30": "$4,121", "2005-06-30": "$5,003", "2005-03-31": "$4,987"}}, "gross-profit": {"Visteon Annual Gross Profit (Millions of US $)": {"2019": "$324", "2018": "$411", "2017": "$491", "2016": "$456", "2015": "$430", "2014": "$340", "2013": "$195", "2012": "$537", "2011": "$618", "2010": "$793", "2009": "$597", "2008": "$459", "2007": "$573", "2006": "$753", "2005": "$544"}, "Visteon Quarterly Gross Profit (Millions of US $)": {"2020-09-30": "$99", "2020-06-30": "$4", "2020-03-31": "$53", "2019-12-31": "$104", "2019-09-30": "$84", "2019-06-30": "$70", "2019-03-31": "$66", "2018-12-31": "$96", "2018-09-30": "$82", "2018-06-30": "$104", "2018-03-31": "$129", "2017-12-31": "$137", "2017-09-30": "$114", "2017-06-30": "$111", "2017-03-31": "$129", "2016-12-31": "$121", "2016-09-30": "$105", "2016-06-30": "$109", "2016-03-31": "$121", "2015-12-31": "$114", "2015-09-30": "$105", "2015-06-30": "$99", "2015-03-31": "$112", "2014-12-31": "$117", "2014-09-30": "$93", "2014-06-30": "$57", "2014-03-31": "$179", "2013-12-31": "$190", "2013-09-30": "$135", "2013-06-30": "$163", "2013-03-31": "$154", "2012-12-31": "$146", "2012-09-30": "$129", "2012-06-30": "$128", "2012-03-31": "$134", "2011-12-31": "$144", "2011-09-30": "$139", "2011-06-30": "$192", "2011-03-31": "$143", "2010-12-31": "$231", "2010-09-30": "$40", "2010-06-30": "$104", "2010-03-31": "$418", "2009-12-31": "$352", "2009-09-30": "$120", "2009-06-30": "$80", "2009-03-31": "$45", "2008-12-31": "$-10", "2008-09-30": "$43", "2008-06-30": "$231", "2008-03-31": "$195", "2007-12-31": "$202", "2007-09-30": "$99", "2007-06-30": "$155", "2007-03-31": "$117", "2006-12-31": "$144", "2006-09-30": "$52", "2006-06-30": "$313", "2006-03-31": "$244", "2005-12-31": "$54", "2005-09-30": "$100", "2005-06-30": "$243", "2005-03-31": "$147"}}, "operating-income": {"Visteon Annual Operating Income (Millions of US $)": {"2019": "$99", "2018": "$189", "2017": "$251", "2016": "$183", "2015": "$149", "2014": "$58", "2013": "$-1", "2012": "$177", "2011": "$207", "2010": "$382", "2009": "$290", "2008": "$-403", "2007": "$-168", "2006": "$29", "2005": "$-58"}, "Visteon Quarterly Operating Income (Millions of US $)": {"2020-09-30": "$22", "2020-06-30": "$-41", "2020-03-31": "$-34", "2019-12-31": "$48", "2019-09-30": "$31", "2019-06-30": "$12", "2019-03-31": "$8", "2018-12-31": "$41", "2018-09-30": "$24", "2018-06-30": "$44", "2018-03-31": "$80", "2017-12-31": "$68", "2017-09-30": "$53", "2017-06-30": "$54", "2017-03-31": "$76", "2016-12-31": "$33", "2016-09-30": "$47", "2016-06-30": "$48", "2016-03-31": "$55", "2015-12-31": "$33", "2015-09-30": "$43", "2015-06-30": "$22", "2015-03-31": "$51", "2014-12-31": "$21", "2014-09-30": "$15", "2014-06-30": "$-4", "2014-03-31": "$91", "2013-12-31": "$96", "2013-09-30": "$52", "2013-06-30": "$86", "2013-03-31": "$68", "2012-12-31": "$129", "2012-09-30": "$38", "2012-06-30": "$30", "2012-03-31": "$-20", "2011-12-31": "$53", "2011-09-30": "$43", "2011-06-30": "$66", "2011-03-31": "$45", "2010-12-31": "$280", "2010-09-30": "$-108", "2010-06-30": "$-36", "2010-03-31": "$246", "2009-12-31": "$290", "2009-09-30": "$-25", "2009-06-30": "$-42", "2009-03-31": "$67", "2008-12-31": "$-324", "2008-09-30": "$-117", "2008-06-30": "$53", "2008-03-31": "$-15", "2007-12-31": "$-49", "2007-09-30": "$-46", "2007-06-30": "$9", "2007-03-31": "$-82", "2006-12-31": "$-20", "2006-09-30": "$-124", "2006-06-30": "$97", "2006-03-31": "$76", "2005-12-31": "$1,409", "2005-09-30": "$-150", "2005-06-30": "$-1,207", "2005-03-31": "$-110"}}, "ebitda": {"Visteon Annual EBITDA (Millions of US $)": {"2019": "$199", "2018": "$280", "2017": "$338", "2016": "$267", "2015": "$318", "2014": "$328", "2013": "$261", "2012": "$436", "2011": "$523", "2010": "$662", "2009": "$642", "2008": "$13", "2007": "$304", "2006": "$459", "2005": "$537"}, "Visteon Quarterly EBITDA (Millions of US $)": {"2020-09-30": "$47", "2020-06-30": "$-16", "2020-03-31": "$-9", "2019-12-31": "$74", "2019-09-30": "$56", "2019-06-30": "$36", "2019-03-31": "$33", "2018-12-31": "$65", "2018-09-30": "$46", "2018-06-30": "$67", "2018-03-31": "$102", "2017-12-31": "$93", "2017-09-30": "$74", "2017-06-30": "$76", "2017-03-31": "$95", "2016-12-31": "$55", "2016-09-30": "$68", "2016-06-30": "$68", "2016-03-31": "$76", "2015-12-31": "$55", "2015-09-30": "$63", "2015-06-30": "$81", "2015-03-31": "$119", "2014-12-31": "$86", "2014-09-30": "$90", "2014-06-30": "$60", "2014-03-31": "$157", "2013-12-31": "$158", "2013-09-30": "$120", "2013-06-30": "$151", "2013-03-31": "$135", "2012-12-31": "$192", "2012-09-30": "$102", "2012-06-30": "$97", "2012-03-31": "$45", "2011-12-31": "$121", "2011-09-30": "$129", "2011-06-30": "$151", "2011-03-31": "$122", "2010-12-31": "$353", "2010-09-30": "$-41", "2010-06-30": "$31", "2010-03-31": "$319", "2009-12-31": "$387", "2009-09-30": "$68", "2009-06-30": "$42", "2009-03-31": "$145", "2008-12-31": "$-235", "2008-09-30": "$-15", "2008-06-30": "$163", "2008-03-31": "$100", "2007-12-31": "$77", "2007-09-30": "$63", "2007-06-30": "$125", "2007-03-31": "$39", "2006-12-31": "$95", "2006-09-30": "$-17", "2006-06-30": "$203", "2006-03-31": "$178", "2005-12-31": "$1,531", "2005-09-30": "$-33", "2005-06-30": "$-1,027", "2005-03-31": "$66"}}, "net-income": {"Visteon Annual Net Income (Millions of US $)": {"2019": "$70", "2018": "$164", "2017": "$176", "2016": "$75", "2015": "$2,284", "2014": "$-295", "2013": "$690", "2012": "$100", "2011": "$80", "2010": "$1,026", "2009": "$128", "2008": "$-681", "2007": "$-372", "2006": "$-163", "2005": "$-270"}, "Visteon Quarterly Net Income (Millions of US $)": {"2020-09-30": "$6", "2020-06-30": "$-45", "2020-03-31": "$-35", "2019-12-31": "$35", "2019-09-30": "$14", "2019-06-30": "$7", "2019-03-31": "$14", "2018-12-31": "$43", "2018-09-30": "$21", "2018-06-30": "$35", "2018-03-31": "$65", "2017-12-31": "$25", "2017-09-30": "$43", "2017-06-30": "$45", "2017-03-31": "$63", "2016-12-31": "$2", "2016-09-30": "$28", "2016-06-30": "$26", "2016-03-31": "$19", "2015-12-31": "$21", "2015-09-30": "$5", "2015-06-30": "$2,208", "2015-03-31": "$50", "2014-12-31": "$-138", "2014-09-30": "$-21", "2014-06-30": "$-155", "2014-03-31": "$19", "2013-12-31": "$513", "2013-09-30": "$43", "2013-06-30": "$65", "2013-03-31": "$69", "2012-12-31": "$39", "2012-09-30": "$15", "2012-06-30": "$75", "2012-03-31": "$-29", "2011-12-31": "$-26", "2011-09-30": "$41", "2011-06-30": "$26", "2011-03-31": "$39", "2010-12-31": "$1,134", "2010-09-30": "$-140", "2010-06-30": "$-201", "2010-03-31": "$233", "2009-12-31": "$276", "2009-09-30": "$-38", "2009-06-30": "$-112", "2009-03-31": "$2", "2008-12-31": "$-346", "2008-09-30": "$-188", "2008-06-30": "$-42", "2008-03-31": "$-105", "2007-12-31": "$-43", "2007-09-30": "$-109", "2007-06-30": "$-67", "2007-03-31": "$-153", "2006-12-31": "$-39", "2006-09-30": "$-177", "2006-06-30": "$50", "2006-03-31": "$3", "2005-12-31": "$1,338", "2005-09-30": "$-207", "2005-06-30": "$-1,238", "2005-03-31": "$-163"}}, "eps-earnings-per-share-diluted": {"Visteon Annual EPS": {"2019": "$2.48", "2018": "$5.52", "2017": "$5.47", "2016": "$2.12", "2015": "$52.63", "2014": "$-6.44", "2013": "$13.50", "2012": "$1.88", "2011": "$1.54", "2010": "$19.85", "2009": "$0.98", "2008": "$-5.26", "2007": "$-2.87", "2006": "$-1.27", "2005": "$-2.14"}, "Visteon Quarterly EPS": {"2020-09-30": "$0.21", "2020-06-30": "$-1.62", "2020-03-31": "$-1.25", "2019-12-31": "$1.24", "2019-09-30": "$0.50", "2019-06-30": "$0.25", "2019-03-31": "$0.49", "2018-12-31": "$1.53", "2018-09-30": "$0.71", "2018-06-30": "$1.17", "2018-03-31": "$2.11", "2017-12-31": "$0.80", "2017-09-30": "$1.35", "2017-06-30": "$1.41", "2017-03-31": "$1.91", "2016-12-31": "$0.06", "2016-09-30": "$0.81", "2016-06-30": "$0.76", "2016-03-31": "$0.49", "2015-12-31": "$0.52", "2015-09-30": "$0.12", "2015-06-30": "$49.73", "2015-03-31": "$1.10", "2014-12-31": "$-3.12", "2014-09-30": "$-0.48", "2014-06-30": "$-3.35", "2014-03-31": "$0.38", "2013-12-31": "$10.32", "2013-09-30": "$0.85", "2013-06-30": "$1.29", "2013-03-31": "$1.33", "2012-12-31": "$0.76", "2012-09-30": "$0.28", "2012-06-30": "$1.40", "2012-03-31": "$-0.56", "2011-12-31": "$-0.50", "2011-09-30": "$0.79", "2011-06-30": "$0.50", "2011-03-31": "$0.75", "2010-12-31": "$20.69", "2010-09-30": "$-1.08", "2010-06-30": "$-1.55", "2010-03-31": "$1.79", "2009-12-31": "$2.12", "2009-09-30": "$-0.29", "2009-06-30": "$-0.87", "2009-03-31": "$0.02", "2008-12-31": "$-2.68", "2008-09-30": "$-1.45", "2008-06-30": "$-0.32", "2008-03-31": "$-0.81", "2007-12-31": "$-0.32", "2007-09-30": "$-0.84", "2007-06-30": "$-0.52", "2007-03-31": "$-1.19", "2006-12-31": "$-0.30", "2006-09-30": "$-1.38", "2006-06-30": "$0.39", "2006-03-31": "$0.02", "2005-12-31": "$10.65", "2005-09-30": "$-1.64", "2005-06-30": "$-9.85", "2005-03-31": "$-1.30"}}, "shares-outstanding": {"Visteon Annual Shares Outstanding (Millions of Shares)": {"2019": "28", "2018": "30", "2017": "32", "2016": "35", "2015": "43", "2014": "46", "2013": "51", "2012": "53", "2011": "52", "2010": "52", "2009": "130", "2008": "129", "2007": "129", "2006": "128", "2005": "126"}, "Visteon Quarterly Shares Outstanding (Millions of Shares)": {"2020-09-30": "28", "2020-06-30": "28", "2020-03-31": "28", "2019-12-31": "28", "2019-09-30": "28", "2019-06-30": "28", "2019-03-31": "28", "2018-12-31": "30", "2018-09-30": "30", "2018-06-30": "30", "2018-03-31": "31", "2017-12-31": "32", "2017-09-30": "32", "2017-06-30": "32", "2017-03-31": "33", "2016-12-31": "35", "2016-09-30": "34", "2016-06-30": "34", "2016-03-31": "39", "2015-12-31": "41", "2015-09-30": "41", "2015-06-30": "44", "2015-03-31": "46", "2014-12-31": "44", "2014-09-30": "44", "2014-06-30": "46", "2014-03-31": "50", "2013-12-31": "50", "2013-09-30": "50", "2013-06-30": "51", "2013-03-31": "52", "2012-12-31": "53", "2012-09-30": "54", "2012-06-30": "54", "2012-03-31": "52", "2011-12-31": "52", "2011-09-30": "52", "2011-06-30": "52", "2011-03-31": "52", "2010-12-31": "52", "2010-09-30": "129", "2010-06-30": "129", "2010-03-31": "130", "2009-12-31": "130", "2009-09-30": "129", "2009-06-30": "129", "2009-03-31": "131", "2008-12-31": "129", "2008-09-30": "129", "2008-06-30": "130", "2008-03-31": "130", "2007-12-31": "129", "2007-09-30": "130", "2007-06-30": "130", "2007-03-31": "129", "2006-12-31": "128", "2006-09-30": "128", "2006-06-30": "128", "2006-03-31": "127", "2005-12-31": "126", "2005-09-30": "126", "2005-06-30": "126", "2005-03-31": "126"}}, "total-assets": {"Visteon Annual Total Assets (Millions of US $)": {"2019": "$2,271", "2018": "$2,007", "2017": "$2,304", "2016": "$2,373", "2015": "$4,681", "2014": "$5,323", "2013": "$6,027", "2012": "$5,156", "2011": "$4,969", "2010": "$5,208", "2009": "$5,019", "2008": "$5,248", "2007": "$7,205", "2006": "$6,938", "2005": "$6,736"}, "Visteon Quarterly Total Assets (Millions of US $)": {"2020-09-30": "$2,164", "2020-06-30": "$2,320", "2020-03-31": "$2,488", "2019-12-31": "$2,271", "2019-09-30": "$2,164", "2019-06-30": "$2,192", "2019-03-31": "$2,182", "2018-12-31": "$2,007", "2018-09-30": "$1,998", "2018-06-30": "$2,036", "2018-03-31": "$2,145", "2017-12-31": "$2,304", "2017-09-30": "$2,279", "2017-06-30": "$2,246", "2017-03-31": "$2,238", "2016-12-31": "$2,373", "2016-09-30": "$2,373", "2016-06-30": "$2,344", "2016-03-31": "$2,368", "2015-12-31": "$4,681", "2015-09-30": "$4,866", "2015-06-30": "$4,938", "2015-03-31": "$5,339", "2014-12-31": "$5,323", "2014-09-30": "$5,693", "2014-06-30": "$5,649", "2014-03-31": "$6,120", "2013-12-31": "$6,027", "2013-09-30": "$5,304", "2013-06-30": "$5,422", "2013-03-31": "$5,367", "2012-12-31": "$5,156", "2012-09-30": "$5,170", "2012-06-30": "$5,044", "2012-03-31": "$5,158", "2011-12-31": "$4,969", "2011-09-30": "$5,234", "2011-06-30": "$5,594", "2011-03-31": "$5,449", "2010-12-31": "$5,208", "2010-09-30": "$5,147", "2010-06-30": "$4,974", "2010-03-31": "$5,098", "2009-12-31": "$5,019", "2009-09-30": "$4,907", "2009-06-30": "$4,647", "2009-03-31": "$4,561", "2008-12-31": "$5,248", "2008-09-30": "$5,941", "2008-06-30": "$7,016", "2008-03-31": "$7,228", "2007-12-31": "$7,205", "2007-09-30": "$7,119", "2007-06-30": "$7,326", "2007-03-31": "$6,836", "2006-12-31": "$6,938", "2006-09-30": "$6,721", "2006-06-30": "$6,897", "2006-03-31": "$6,818", "2005-12-31": "$6,736", "2005-09-30": "$8,823", "2005-06-30": "$8,783", "2005-03-31": "$10,286"}}, "cash-on-hand": {"Visteon Annual Cash on Hand (Millions of US $)": {"2019": "$469", "2018": "$467", "2017": "$709", "2016": "$882", "2015": "$2,783", "2014": "$485", "2013": "$1,702", "2012": "$845", "2011": "$746", "2010": "$979", "2009": "$1,095", "2008": "$1,180", "2007": "$1,758", "2006": "$1,057", "2005": "$865"}, "Visteon Quarterly Cash on Hand (Millions of US $)": {"2020-09-30": "$435", "2020-06-30": "$759", "2020-03-31": "$825", "2019-12-31": "$469", "2019-09-30": "$446", "2019-06-30": "$438", "2019-03-31": "$435", "2018-12-31": "$467", "2018-09-30": "$442", "2018-06-30": "$528", "2018-03-31": "$526", "2017-12-31": "$709", "2017-09-30": "$735", "2017-06-30": "$734", "2017-03-31": "$692", "2016-12-31": "$882", "2016-09-30": "$854", "2016-06-30": "$852", "2016-03-31": "$808", "2015-12-31": "$2,783", "2015-09-30": "$2,920", "2015-06-30": "$2,866", "2015-03-31": "$916", "2014-12-31": "$485", "2014-09-30": "$948", "2014-06-30": "$1,297", "2014-03-31": "$1,753", "2013-12-31": "$1,702", "2013-09-30": "$862", "2013-06-30": "$1,008", "2013-03-31": "$995", "2012-12-31": "$845", "2012-09-30": "$920", "2012-06-30": "$702", "2012-03-31": "$721", "2011-12-31": "$746", "2011-09-30": "$780", "2011-06-30": "$861", "2011-03-31": "$901", "2010-12-31": "$979", "2010-09-30": "$1,113", "2010-06-30": "$1,160", "2010-03-31": "$1,099", "2009-12-31": "$1,095", "2009-09-30": "$814", "2009-06-30": "$742", "2009-03-31": "$767", "2008-12-31": "$1,180", "2008-09-30": "$1,133", "2008-06-30": "$1,506", "2008-03-31": "$1,613", "2007-12-31": "$1,758", "2007-09-30": "$1,422", "2007-06-30": "$1,473", "2007-03-31": "$872", "2006-12-31": "$1,057", "2006-09-30": "$740", "2006-06-30": "$836", "2006-03-31": "$881", "2005-12-31": "$865", "2005-09-30": "$898", "2005-06-30": "$823", "2005-03-31": "$809"}}, "long-term-debt": {"Visteon Annual Long Term Debt (Millions of US $)": {"2019": "$348", "2018": "$348", "2017": "$347", "2016": "$346", "2015": "$346", "2014": "$587", "2013": "$624", "2012": "$473", "2011": "$512", "2010": "$483", "2009": "$6", "2008": "$65", "2007": "$2,745", "2006": "$2,128", "2005": "$1,509"}, "Visteon Quarterly Long Term Debt (Millions of US $)": {"2020-09-30": "$348", "2020-06-30": "$748", "2020-03-31": "$748", "2019-12-31": "$348", "2019-09-30": "$348", "2019-06-30": "$348", "2019-03-31": "$348", "2018-12-31": "$348", "2018-09-30": "$348", "2018-06-30": "$348", "2018-03-31": "$347", "2017-12-31": "$347", "2017-09-30": "$347", "2017-06-30": "$347", "2017-03-31": "$347", "2016-12-31": "$346", "2016-09-30": "$347", "2016-06-30": "$347", "2016-03-31": "$346", "2015-12-31": "$346", "2015-09-30": "$349", "2015-06-30": "$349", "2015-03-31": "$833", "2014-12-31": "$587", "2014-09-30": "$840", "2014-06-30": "$801", "2014-03-31": "$212", "2013-12-31": "$624", "2013-09-30": "$677", "2013-06-30": "$670", "2013-03-31": "$678", "2012-12-31": "$473", "2012-09-30": "$506", "2012-06-30": "$503", "2012-03-31": "$503", "2011-12-31": "$512", "2011-09-30": "$507", "2011-06-30": "$505", "2011-03-31": "$486", "2010-12-31": "$483", "2010-09-30": "$12", "2010-06-30": "$11", "2010-03-31": "$10", "2009-12-31": "$6", "2009-09-30": "$66", "2009-06-30": "$62", "2009-03-31": "$60", "2008-12-31": "$65", "2008-09-30": "$2,492", "2008-06-30": "$2,544", "2008-03-31": "$2,741", "2007-12-31": "$2,745", "2007-09-30": "$2,604", "2007-06-30": "$2,605", "2007-03-31": "$2,125", "2006-12-31": "$2,128", "2006-09-30": "$1,932", "2006-06-30": "$1,910", "2006-03-31": "$1,849", "2005-12-31": "$1,509", "2005-09-30": "$1,522", "2005-06-30": "$1,541", "2005-03-31": "$1,513"}}, "total-liabilities": {"Visteon Annual Total Liabilities (Millions of US $)": {"2019": "$1,676", "2018": "$1,425", "2017": "$1,543", "2016": "$1,649", "2015": "$3,482", "2014": "$3,502", "2013": "$3,154", "2012": "$3,015", "2011": "$2,972", "2010": "$3,258", "2009": "$5,474", "2008": "$5,871", "2007": "$7,295", "2006": "$7,126", "2005": "$6,784"}, "Visteon Quarterly Total Liabilities (Millions of US $)": {"2020-09-30": "$1,662", "2020-06-30": "$1,852", "2020-03-31": "$1,987", "2019-12-31": "$1,676", "2019-09-30": "$1,580", "2019-06-30": "$1,599", "2019-03-31": "$1,577", "2018-12-31": "$1,425", "2018-09-30": "$1,407", "2018-06-30": "$1,420", "2018-03-31": "$1,530", "2017-12-31": "$1,543", "2017-09-30": "$1,546", "2017-06-30": "$1,541", "2017-03-31": "$1,558", "2016-12-31": "$1,649", "2016-09-30": "$1,579", "2016-06-30": "$1,580", "2016-03-31": "$1,636", "2015-12-31": "$3,482", "2015-09-30": "$2,018", "2015-06-30": "$2,088", "2015-03-31": "$3,516", "2014-12-31": "$3,502", "2014-09-30": "$3,516", "2014-06-30": "$3,428", "2014-03-31": "$3,277", "2013-12-31": "$3,154", "2013-09-30": "$3,219", "2013-06-30": "$3,325", "2013-03-31": "$3,328", "2012-12-31": "$3,015", "2012-09-30": "$2,948", "2012-06-30": "$2,916", "2012-03-31": "$3,067", "2011-12-31": "$2,972", "2011-09-30": "$3,167", "2011-06-30": "$3,438", "2011-03-31": "$3,391", "2010-12-31": "$3,258", "2010-09-30": "$5,884", "2010-06-30": "$5,744", "2010-03-31": "$5,506", "2009-12-31": "$5,474", "2009-09-30": "$5,606", "2009-06-30": "$5,369", "2009-03-31": "$5,311", "2008-12-31": "$5,871", "2008-09-30": "$6,471", "2008-06-30": "$7,223", "2008-03-31": "$7,364", "2007-12-31": "$7,295", "2007-09-30": "$7,281", "2007-06-30": "$7,428", "2007-03-31": "$6,942", "2006-12-31": "$7,126", "2006-09-30": "$6,823", "2006-06-30": "$6,840", "2006-03-31": "$6,833", "2005-12-31": "$6,784", "2005-09-30": "$10,253", "2005-06-30": "$10,008", "2005-03-31": "$10,171"}}, "total-share-holder-equity": {"Visteon Annual Share Holder Equity (Millions of US $)": {"2019": "$595", "2018": "$582", "2017": "$761", "2016": "$724", "2015": "$1,199", "2014": "$1,821", "2013": "$2,873", "2012": "$2,141", "2011": "$1,997", "2010": "$1,950", "2009": "$-455", "2008": "$-623", "2007": "$-90", "2006": "$-188", "2005": "$-48"}, "Visteon Quarterly Share Holder Equity (Millions of US $)": {"2020-09-30": "$502", "2020-06-30": "$468", "2020-03-31": "$501", "2019-12-31": "$595", "2019-09-30": "$584", "2019-06-30": "$593", "2019-03-31": "$605", "2018-12-31": "$582", "2018-09-30": "$591", "2018-06-30": "$616", "2018-03-31": "$615", "2017-12-31": "$761", "2017-09-30": "$733", "2017-06-30": "$705", "2017-03-31": "$680", "2016-12-31": "$724", "2016-09-30": "$794", "2016-06-30": "$764", "2016-03-31": "$732", "2015-12-31": "$1,199", "2015-09-30": "$2,848", "2015-06-30": "$2,850", "2015-03-31": "$1,823", "2014-12-31": "$1,821", "2014-09-30": "$2,177", "2014-06-30": "$2,221", "2014-03-31": "$2,843", "2013-12-31": "$2,873", "2013-09-30": "$2,085", "2013-06-30": "$2,097", "2013-03-31": "$2,039", "2012-12-31": "$2,141", "2012-09-30": "$2,222", "2012-06-30": "$2,128", "2012-03-31": "$2,091", "2011-12-31": "$1,997", "2011-09-30": "$2,067", "2011-06-30": "$2,156", "2011-03-31": "$2,058", "2010-12-31": "$1,950", "2010-09-30": "$-737", "2010-06-30": "$-770", "2010-03-31": "$-408", "2009-12-31": "$-455", "2009-09-30": "$-699", "2009-06-30": "$-722", "2009-03-31": "$-750", "2008-12-31": "$-623", "2008-09-30": "$-530", "2008-06-30": "$-207", "2008-03-31": "$-136", "2007-12-31": "$-90", "2007-09-30": "$-162", "2007-06-30": "$-102", "2007-03-31": "$-106", "2006-12-31": "$-188", "2006-09-30": "$-102", "2006-06-30": "$57", "2006-03-31": "$-15", "2005-12-31": "$-48", "2005-09-30": "$-1,430", "2005-06-30": "$-1,225", "2005-03-31": "$115"}}, "profit-margins": {"current": "-1.56%"}, "gross margin": {"2020-09-30": "10.38%", "2020-06-30": "9.84%", "2020-03-31": "10.91%", "2019-12-31": "11.00%", "2019-09-30": "10.78%", "2019-06-30": "10.90%", "2019-03-31": "11.97%", "2018-12-31": "13.77%", "2018-09-30": "14.82%", "2018-06-30": "15.44%", "2018-03-31": "15.59%", "2017-12-31": "15.61%", "2017-09-30": "15.01%", "2017-06-30": "14.70%", "2017-03-31": "14.64%", "2016-12-31": "14.43%", "2016-09-30": "14.24%", "2016-06-30": "14.07%", "2016-03-31": "13.59%", "2015-12-31": "13.25%", "2015-09-30": "13.43%", "2015-06-30": "13.12%", "2015-03-31": "13.07%", "2014-12-31": "11.73%", "2014-09-30": "11.03%", "2014-06-30": "10.40%", "2014-03-31": "10.26%", "2013-12-31": "9.67%", "2013-09-30": "10.62%", "2013-06-30": "10.26%", "2013-03-31": "9.51%", "2012-12-31": "9.40%", "2012-09-30": "7.91%", "2012-06-30": "7.73%", "2012-03-31": "8.23%", "2011-12-31": "8.20%", "2011-09-30": "9.73%", "2011-06-30": "8.57%", "2011-03-31": "7.43%", "2010-12-31": "11.29%", "2010-09-30": "12.02%", "2010-06-30": "13.06%", "2010-03-31": "13.40%", "2009-12-31": "8.93%", "2009-09-30": "3.72%", "2009-06-30": "2.36%", "2009-03-31": "3.85%", "2008-12-31": "4.81%", "2008-09-30": "6.24%", "2008-06-30": "6.50%", "2008-03-31": "5.79%", "2007-12-31": "5.08%", "2007-09-30": "4.61%", "2007-06-30": "4.18%", "2007-03-31": "5.60%", "2006-12-31": "6.69%", "2006-09-30": "5.95%", "2006-06-30": "5.61%", "2006-03-31": "4.35%", "2005-12-31": "3.25%"}, "operating margin": {"2020-09-30": "-0.20%", "2020-06-30": "0.16%", "2020-03-31": "2.00%", "2019-12-31": "3.36%", "2019-09-30": "3.14%", "2019-06-30": "2.95%", "2019-03-31": "4.02%", "2018-12-31": "6.33%", "2018-09-30": "7.08%", "2018-06-30": "7.82%", "2018-03-31": "8.10%", "2017-12-31": "7.98%", "2017-09-30": "6.82%", "2017-06-30": "6.62%", "2017-03-31": "6.44%", "2016-12-31": "5.79%", "2016-09-30": "5.80%", "2016-06-30": "5.61%", "2016-03-31": "4.74%", "2015-12-31": "4.59%", "2015-09-30": "4.25%", "2015-06-30": "3.40%", "2015-03-31": "2.86%", "2014-12-31": "3.24%", "2014-09-30": "4.21%", "2014-06-30": "4.36%", "2014-03-31": "5.00%", "2013-12-31": "4.55%", "2013-09-30": "5.95%", "2013-06-30": "5.56%", "2013-03-31": "4.53%", "2012-12-31": "3.10%", "2012-09-30": "1.49%", "2012-06-30": "1.50%", "2012-03-31": "1.92%", "2011-12-31": "2.75%", "2011-09-30": "5.99%", "2011-06-30": "4.00%", "2011-03-31": "2.60%", "2010-12-31": "5.44%", "2010-09-30": "5.15%", "2010-06-30": "6.24%", "2010-03-31": "6.48%", "2009-12-31": "4.34%", "2009-09-30": "-5.13%", "2009-06-30": "-6.21%", "2009-03-31": "-4.00%", "2008-12-31": "-4.22%", "2008-09-30": "-1.19%", "2008-06-30": "-0.51%", "2008-03-31": "-0.90%", "2007-12-31": "-1.49%", "2007-09-30": "-1.24%", "2007-06-30": "-1.94%", "2007-03-31": "-1.15%", "2006-12-31": "0.26%", "2006-09-30": "13.09%", "2006-06-30": "11.30%", "2006-03-31": "0.87%", "2005-12-31": "-0.35%"}, "ebitda margin": {"2020-09-30": "3.83%", "2020-06-30": "4.22%", "2020-03-31": "5.51%", "2019-12-31": "6.76%", "2019-09-30": "6.48%", "2019-06-30": "6.25%", "2019-03-31": "7.26%", "2018-12-31": "9.38%", "2018-09-30": "10.10%", "2018-06-30": "10.72%", "2018-03-31": "10.95%", "2017-12-31": "10.74%", "2017-09-30": "9.48%", "2017-06-30": "9.27%", "2017-03-31": "9.02%", "2016-12-31": "8.45%", "2016-09-30": "8.47%", "2016-06-30": "8.21%", "2016-03-31": "8.51%", "2015-12-31": "9.80%", "2015-09-30": "10.83%", "2015-06-30": "11.72%", "2015-03-31": "12.24%", "2014-12-31": "10.34%", "2014-09-30": "9.88%", "2014-06-30": "9.17%", "2014-03-31": "9.01%", "2013-12-31": "8.49%", "2013-09-30": "10.62%", "2013-06-30": "10.05%", "2013-03-31": "8.99%", "2012-12-31": "7.63%", "2012-09-30": "5.40%", "2012-06-30": "5.56%", "2012-03-31": "6.03%", "2011-12-31": "6.94%", "2011-09-30": "10.42%", "2011-06-30": "8.28%", "2011-03-31": "6.67%", "2010-12-31": "9.43%", "2010-09-30": "9.15%", "2010-06-30": "10.57%", "2010-03-31": "11.28%", "2009-12-31": "9.60%", "2009-09-30": "0.32%", "2009-06-30": "-0.94%", "2009-03-31": "0.72%", "2008-12-31": "0.14%", "2008-09-30": "3.02%", "2008-06-30": "3.60%", "2008-03-31": "3.24%", "2007-12-31": "2.70%", "2007-09-30": "2.88%", "2007-06-30": "2.16%", "2007-03-31": "2.86%", "2006-12-31": "4.08%", "2006-09-30": "17.02%", "2006-06-30": "14.82%", "2006-03-31": "4.41%", "2005-12-31": "3.21%"}, "pre tax profit margin": {"2020-09-30": "-0.04%", "2020-06-30": "0.32%", "2020-03-31": "2.24%", "2019-12-31": "3.60%", "2019-09-30": "3.58%", "2019-06-30": "3.68%", "2019-03-31": "4.78%", "2018-12-31": "7.24%", "2018-09-30": "6.69%", "2018-06-30": "7.24%", "2018-03-31": "7.49%", "2017-12-31": "7.09%", "2017-09-30": "7.01%", "2017-06-30": "6.21%", "2017-03-31": "5.90%", "2016-12-31": "5.09%", "2016-09-30": "1.36%", "2016-06-30": "1.38%", "2016-03-31": "2.63%", "2015-12-31": "2.13%", "2015-09-30": "4.53%", "2015-06-30": "3.24%", "2015-03-31": "-0.83%", "2014-12-31": "0.74%", "2014-09-30": "13.82%", "2014-06-30": "13.83%", "2014-03-31": "13.93%", "2013-12-31": "13.36%", "2013-09-30": "7.03%", "2013-06-30": "6.64%", "2013-03-31": "6.65%", "2012-12-31": "5.88%", "2012-09-30": "4.59%", "2012-06-30": "4.53%", "2012-03-31": "3.65%", "2011-12-31": "4.47%", "2011-09-30": "20.09%", "2011-06-30": "17.98%", "2011-03-31": "15.30%", "2010-12-31": "17.93%", "2010-09-30": "4.68%", "2010-06-30": "5.98%", "2010-03-31": "7.10%", "2009-12-31": "3.95%", "2009-09-30": "-6.58%", "2009-06-30": "-8.37%", "2009-03-31": "-5.80%", "2008-12-31": "-5.56%", "2008-09-30": "-2.26%", "2008-06-30": "-1.52%", "2008-03-31": "-1.90%", "2007-12-31": "-2.53%", "2007-09-30": "-2.29%", "2007-06-30": "-2.99%", "2007-03-31": "-2.20%", "2006-12-31": "-0.79%", "2006-09-30": "12.01%", "2006-06-30": "10.36%", "2006-03-31": "0.08%", "2005-12-31": "-0.99%"}, "net profit margin": {"2020-09-30": "-1.56%", "2020-06-30": "-1.25%", "2020-03-31": "0.74%", "2019-12-31": "2.38%", "2019-09-30": "2.66%", "2019-06-30": "2.95%", "2019-03-31": "3.89%", "2018-12-31": "5.50%", "2018-09-30": "4.79%", "2018-06-30": "5.36%", "2018-03-31": "5.65%", "2017-12-31": "5.59%", "2017-09-30": "4.83%", "2017-06-30": "4.35%", "2017-03-31": "3.76%", "2016-12-31": "2.37%", "2016-09-30": "2.98%", "2016-06-30": "2.22%", "2016-03-31": "69.73%", "2015-12-31": "70.39%", "2015-09-30": "65.91%", "2015-06-30": "65.41%", "2015-03-31": "-9.10%", "2014-12-31": "-7.76%", "2014-09-30": "7.57%", "2014-06-30": "7.78%", "2014-03-31": "9.84%", "2013-12-31": "10.39%", "2013-09-30": "3.84%", "2013-06-30": "3.26%", "2013-03-31": "3.38%", "2012-12-31": "1.75%", "2012-09-30": "0.52%", "2012-06-30": "0.87%", "2012-03-31": "0.16%", "2011-12-31": "1.06%", "2011-09-30": "17.11%", "2011-06-30": "14.98%", "2011-03-31": "11.94%", "2010-12-31": "14.61%", "2010-09-30": "2.21%", "2010-06-30": "3.55%", "2010-03-31": "4.96%", "2009-12-31": "1.91%", "2009-09-30": "-7.83%", "2009-06-30": "-9.62%", "2009-03-31": "-7.14%", "2008-12-31": "-7.14%", "2008-09-30": "-3.51%", "2008-06-30": "-2.67%", "2008-03-31": "-2.88%", "2007-12-31": "-3.30%", "2007-09-30": "-3.30%", "2007-06-30": "-3.89%", "2007-03-31": "-2.85%", "2006-12-31": "-1.45%", "2006-09-30": "10.90%", "2006-06-30": "9.34%", "2006-03-31": "-0.71%", "2005-12-31": "-1.61%"}, "pe ratio": {"current": "109.84", "2021-02-05": "0.00", "2020-09-30": "0.00", "2020-06-30": "0.00", "2020-03-31": "64.84", "2019-12-31": "34.92", "2019-09-30": "30.23", "2019-06-30": "19.93", "2019-03-31": "17.45", "2018-12-31": "11.00", "2018-09-30": "19.44", "2018-06-30": "23.85", "2018-03-31": "19.48", "2017-12-31": "22.92", "2017-09-30": "26.17", "2017-06-30": "24.36", "2017-03-31": "27.67", "2016-12-31": "37.90", "2016-09-30": "27.78", "2016-06-30": "34.82", "2016-03-31": "1.56", "2015-12-31": "1.31", "2015-09-30": "1.25", "2015-06-30": "1.31", "2015-03-31": "0.00", "2014-12-31": "0.00", "2014-09-30": "8.31", "2014-06-30": "6.96", "2014-03-31": "4.05", "2013-12-31": "3.50", "2013-09-30": "10.58", "2013-06-30": "10.21", "2013-03-31": "9.06", "2012-12-31": "17.03", "2012-09-30": "42.91", "2012-06-30": "19.71", "2012-03-31": "141.82", "2011-12-31": "19.22", "2011-09-30": "6.84"}, "price sales": {"2021-02-05": "1.56", "2020-09-30": "0.77", "2020-06-30": "0.77", "2020-03-31": "0.47", "2019-12-31": "0.83", "2019-09-30": "0.80", "2019-06-30": "0.59", "2019-03-31": "0.68", "2018-12-31": "0.61", "2018-09-30": "0.93", "2018-06-30": "1.28", "2018-03-31": "1.11", "2017-12-31": "1.28", "2017-09-30": "1.29", "2017-06-30": "1.08", "2017-03-31": "1.06", "2016-12-31": "0.91", "2016-09-30": "0.84", "2016-06-30": "0.80", "2016-03-31": "1.01", "2015-12-31": "0.89", "2015-09-30": "0.81", "2015-06-30": "0.86", "2015-03-31": "0.88", "2014-12-31": "0.77", "2014-09-30": "0.59", "2014-06-30": "0.52", "2014-03-31": "0.40", "2013-12-31": "0.37", "2013-09-30": "0.41", "2013-06-30": "0.34", "2013-03-31": "0.31", "2012-12-31": "0.29", "2012-09-30": "0.20", "2012-06-30": "0.16", "2012-03-31": "0.22", "2011-12-31": "0.20", "2011-09-30": "0.18"}, "price book": {"current": "7.73", "2021-02-05": "7.78", "2020-09-30": "3.86", "2020-06-30": "4.10", "2020-03-31": "2.68", "2019-12-31": "4.07", "2019-09-30": "3.96", "2019-06-30": "2.77", "2019-03-31": "3.12", "2018-12-31": "2.90", "2018-09-30": "4.56", "2018-06-30": "6.29", "2018-03-31": "5.38", "2017-12-31": "5.10", "2017-09-30": "5.23", "2017-06-30": "4.49", "2017-03-31": "4.61", "2016-12-31": "3.66", "2016-09-30": "3.07", "2016-06-30": "2.93", "2016-03-31": "3.70", "2015-12-31": "2.25", "2015-09-30": "0.86", "2015-06-30": "0.87", "2015-03-31": "1.37", "2014-12-31": "1.52", "2014-09-30": "1.16", "2014-06-30": "1.13", "2014-03-31": "0.88", "2013-12-31": "0.81", "2013-09-30": "1.05", "2013-06-30": "0.89", "2013-03-31": "0.83", "2012-12-31": "0.77", "2012-09-30": "0.62", "2012-06-30": "0.55", "2012-03-31": "0.79", "2011-12-31": "0.77", "2011-09-30": "0.64", "2011-06-30": "0.95", "2011-03-31": "0.91", "2010-12-31": "1.14"}, "price fcf": {"2021-02-05": "", "2020-09-30": "$1.63", "2020-06-30": "$-1.00", "2020-03-31": "$1.93", "2019-12-31": "$1.45", "2019-09-30": "$2.54", "2019-06-30": "$0.33", "2019-03-31": "$0.23", "2018-12-31": "$2.59", "2018-09-30": "$2.09", "2018-06-30": "$4.32", "2018-03-31": "$5.80", "2017-12-31": "$3.60", "2017-09-30": "$3.57", "2017-06-30": "$3.01", "2017-03-31": "$2.24", "2016-12-31": "$1.16", "2016-09-30": "$0.22", "2016-06-30": "$1.20", "2016-03-31": "$-1.02", "2015-12-31": "$3.72", "2015-09-30": "$2.37", "2015-06-30": "$0.58", "2015-03-31": "$0.51", "2014-12-31": "$-1.26", "2014-09-30": "$-0.87", "2014-06-30": "$-0.78", "2014-03-31": "$0.62", "2013-12-31": "$0.87", "2013-09-30": "$4.53", "2013-06-30": "$7.18", "2013-03-31": "$5.56", "2012-12-31": "$3.77", "2012-09-30": "$1.01", "2012-06-30": "$-1.52", "2012-03-31": "$-0.23", "2011-12-31": "$-1.60", "2011-09-30": "$-1.79"}, "net worth": {"value": "$3.88B"}, "current ratio": {"2020-09-30": "1.61", "2020-06-30": "2.39", "2020-03-31": "2.17", "2019-12-31": "1.69", "2019-09-30": "1.69", "2019-06-30": "1.68", "2019-03-31": "1.74", "2018-12-31": "1.80", "2018-09-30": "1.88", "2018-06-30": "1.90", "2018-03-31": "1.80", "2017-12-31": "2.00", "2017-09-30": "1.97", "2017-06-30": "1.96", "2017-03-31": "1.92", "2016-12-31": "1.88", "2016-09-30": "1.99", "2016-06-30": "1.97", "2016-03-31": "1.87", "2015-12-31": "1.46", "2015-09-30": "4.06", "2015-06-30": "3.92", "2015-03-31": "1.69", "2014-12-31": "1.71", "2014-09-30": "1.76", "2014-06-30": "1.88", "2014-03-31": "1.67", "2013-12-31": "2.08", "2013-09-30": "1.67", "2013-06-30": "1.68", "2013-03-31": "1.65", "2012-12-31": "1.72", "2012-09-30": "1.75", "2012-06-30": "1.72", "2012-03-31": "1.58", "2011-12-31": "1.60", "2011-09-30": "1.56", "2011-06-30": "1.55", "2011-03-31": "1.48", "2010-12-31": "1.47", "2010-09-30": "1.70", "2010-06-30": "1.64", "2010-03-31": "1.64", "2009-12-31": "1.63", "2009-09-30": "1.67", "2009-06-30": "1.78", "2009-03-31": "0.57", "2008-12-31": "0.65", "2008-09-30": "1.55", "2008-06-30": "1.50", "2008-03-31": "1.56", "2007-12-31": "1.61", "2007-09-30": "1.56", "2007-06-30": "1.57", "2007-03-31": "1.36", "2006-12-31": "1.39", "2006-09-30": "1.33", "2006-06-30": "1.36", "2006-03-31": "1.30", "2005-12-31": "1.13", "2005-09-30": "1.10", "2005-06-30": "1.15", "2005-03-31": "1.13"}, "quick ratio": {"2020-09-30": "1.40", "2020-06-30": "2.10", "2020-03-31": "1.93", "2019-12-31": "1.47", "2019-09-30": "1.44", "2019-06-30": "1.44", "2019-03-31": "1.47", "2018-12-31": "1.54", "2018-09-30": "1.56", "2018-06-30": "1.62", "2018-03-31": "1.55", "2017-12-31": "1.77", "2017-09-30": "1.76", "2017-06-30": "1.75", "2017-03-31": "1.72", "2016-12-31": "1.71", "2016-09-30": "1.79", "2016-06-30": "1.75", "2016-03-31": "1.67", "2015-12-31": "1.40", "2015-09-30": "3.85", "2015-06-30": "3.72", "2015-03-31": "1.41", "2014-12-31": "1.60", "2014-09-30": "1.48", "2014-06-30": "1.64", "2014-03-31": "1.46", "2013-12-31": "1.82", "2013-09-30": "1.39", "2013-06-30": "1.44", "2013-03-31": "1.40", "2012-12-31": "1.47", "2012-09-30": "1.49", "2012-06-30": "1.47", "2012-03-31": "1.35", "2011-12-31": "1.36", "2011-09-30": "1.32", "2011-06-30": "1.33", "2011-03-31": "1.26", "2010-12-31": "1.27", "2010-09-30": "1.47", "2010-06-30": "1.44", "2010-03-31": "1.44", "2009-12-31": "1.43", "2009-09-30": "1.43", "2009-06-30": "1.53", "2009-03-31": "0.49", "2008-12-31": "0.56", "2008-09-30": "1.34", "2008-06-30": "1.33", "2008-03-31": "1.37", "2007-12-31": "1.42", "2007-09-30": "1.35", "2007-06-30": "1.38", "2007-03-31": "1.16", "2006-12-31": "1.19", "2006-09-30": "1.11", "2006-06-30": "1.14", "2006-03-31": "1.09", "2005-12-31": "0.95", "2005-09-30": "0.96", "2005-06-30": "0.99", "2005-03-31": "0.90"}, "debt equity ratio": {"current": "0.69", "2020-09-30": "3.31", "2020-06-30": "3.96", "2020-03-31": "3.97", "2019-12-31": "2.82", "2019-09-30": "2.71", "2019-06-30": "2.70", "2019-03-31": "2.61", "2018-12-31": "2.45", "2018-09-30": "2.38", "2018-06-30": "2.31", "2018-03-31": "2.49", "2017-12-31": "2.03", "2017-09-30": "2.11", "2017-06-30": "2.19", "2017-03-31": "2.29", "2016-12-31": "2.28", "2016-09-30": "1.99", "2016-06-30": "2.07", "2016-03-31": "2.24", "2015-12-31": "2.90", "2015-09-30": "0.71", "2015-06-30": "0.73", "2015-03-31": "1.93", "2014-12-31": "1.92", "2014-09-30": "1.62", "2014-06-30": "1.54", "2014-03-31": "1.15", "2013-12-31": "1.10", "2013-09-30": "1.54", "2013-06-30": "1.59", "2013-03-31": "1.63", "2012-12-31": "1.41", "2012-09-30": "1.33", "2012-06-30": "1.37", "2012-03-31": "1.47", "2011-12-31": "1.49", "2011-09-30": "1.53", "2011-06-30": "1.60", "2011-03-31": "1.65", "2010-12-31": "1.67", "2010-09-30": "-7.98", "2010-06-30": "-7.46", "2010-03-31": "-13.50", "2009-12-31": "-12.03", "2009-09-30": "-8.02", "2009-06-30": "-7.44", "2009-03-31": "-7.08", "2008-12-31": "-9.42", "2008-09-30": "-12.21", "2008-06-30": "-34.89", "2008-03-31": "-54.15", "2007-12-31": "-81.06", "2007-09-30": "-44.94", "2007-06-30": "-72.82", "2007-03-31": "-65.49", "2006-12-31": "-37.90", "2006-09-30": "-66.89", "2006-06-30": "120.00", "2006-03-31": "-455.53", "2005-12-31": "-141.33", "2005-09-30": "-7.17", "2005-06-30": "-8.17", "2005-03-31": "88.44"}, "return on equity": {"2020-09-30": "-7.55%", "2020-06-30": "-5.77%", "2020-03-31": "3.70%", "2019-12-31": "11.78%", "2019-09-30": "13.20%", "2019-06-30": "14.34%", "2019-03-31": "18.88%", "2018-12-31": "27.29%", "2018-09-30": "22.61%", "2018-06-30": "24.66%", "2018-03-31": "25.30%", "2017-12-31": "24.45%", "2017-09-30": "21.53%", "2017-06-30": "19.01%", "2017-03-31": "16.07%", "2016-12-31": "9.95%", "2016-09-30": "10.78%", "2016-06-30": "5.12%", "2016-03-31": "118.13%", "2015-12-31": "104.77%", "2015-09-30": "90.99%", "2015-06-30": "96.83%", "2015-03-31": "-13.13%", "2014-12-31": "-13.02%", "2014-09-30": "14.08%", "2014-06-30": "16.76%", "2014-03-31": "25.86%", "2013-12-31": "30.35%", "2013-09-30": "10.33%", "2013-06-30": "8.85%", "2013-03-31": "9.28%", "2012-12-31": "4.66%", "2012-09-30": "1.66%", "2012-06-30": "2.95%", "2012-03-31": "0.58%", "2011-12-31": "3.87%", "2011-09-30": "60.26%", "2011-06-30": "78.05%", "2011-03-31": "133.07%", "2010-12-31": "11725.71%", "2010-09-30": "-28.35%", "2010-06-30": "-46.31%", "2010-03-31": "-62.87%", "2009-12-31": "-19.50%", "2009-09-30": "70.72%", "2009-06-30": "98.13%", "2009-03-31": "108.82%", "2008-12-31": "182.09%", "2008-09-30": "157.01%", "2008-06-30": "201.01%", "2008-03-31": "264.49%", "2007-12-31": "323.48%", "2007-09-30": "263.80%", "2007-06-30": "350.20%", "2007-03-31": "376.40%", "2006-12-31": "262.90%", "2006-09-30": "-4496.30%", "2006-06-30": "-329.81%", "2006-03-31": "15.31%", "2005-12-31": "41.73%"}, "return on assets": {"2020-09-30": "-1.69%", "2020-06-30": "-1.34%", "2020-03-31": "0.92%", "2019-12-31": "3.18%", "2019-09-30": "3.65%", "2019-06-30": "4.06%", "2019-03-31": "5.50%", "2018-12-31": "8.01%", "2018-09-30": "6.88%", "2018-06-30": "7.67%", "2018-03-31": "7.93%", "2017-12-31": "7.76%", "2017-09-30": "6.70%", "2017-06-30": "5.98%", "2017-03-31": "5.10%", "2016-12-31": "3.17%", "2016-09-30": "3.20%", "2016-06-30": "1.99%", "2016-03-31": "53.47%", "2015-12-31": "46.09%", "2015-09-30": "41.53%", "2015-06-30": "39.43%", "2015-03-31": "-4.80%", "2014-12-31": "-5.18%", "2014-09-30": "6.06%", "2014-06-30": "7.27%", "2014-03-31": "11.19%", "2013-12-31": "12.48%", "2013-09-30": "4.07%", "2013-06-30": "3.56%", "2013-03-31": "3.82%", "2012-12-31": "1.95%", "2012-09-30": "0.69%", "2012-06-30": "1.20%", "2012-03-31": "0.23%", "2011-12-31": "1.51%", "2011-09-30": "23.09%", "2011-06-30": "19.80%", "2011-03-31": "16.02%", "2010-12-31": "20.09%", "2010-09-30": "3.32%", "2010-06-30": "5.40%", "2010-03-31": "7.30%", "2009-12-31": "2.68%", "2009-09-30": "-10.21%", "2009-06-30": "-12.63%", "2009-03-31": "-10.09%", "2008-12-31": "-10.71%", "2008-09-30": "-5.52%", "2008-06-30": "-4.19%", "2008-03-31": "-4.49%", "2007-12-31": "-5.22%", "2007-09-30": "-5.22%", "2007-06-30": "-6.27%", "2007-03-31": "-4.66%", "2006-12-31": "-2.38%", "2006-09-30": "17.87%", "2006-06-30": "16.18%", "2006-03-31": "-1.34%", "2005-12-31": "-3.12%"}, "return on investments": {"2020-09-30": "-0.47%", "2020-06-30": "0.37%", "2020-03-31": "5.61%", "2019-12-31": "10.51%", "2019-09-30": "9.80%", "2019-06-30": "9.04%", "2019-03-31": "12.36%", "2018-12-31": "19.92%", "2018-09-30": "21.75%", "2018-06-30": "23.82%", "2018-03-31": "24.27%", "2017-12-31": "23.53%", "2017-09-30": "20.43%", "2017-06-30": "19.58%", "2017-03-31": "18.76%", "2016-12-31": "16.64%", "2016-09-30": "15.02%", "2016-06-30": "10.33%", "2016-03-31": "6.79%", "2015-12-31": "5.62%", "2015-09-30": "4.78%", "2015-06-30": "3.87%", "2015-03-31": "2.99%", "2014-12-31": "4.28%", "2014-09-30": "6.29%", "2014-06-30": "7.62%", "2014-03-31": "10.76%", "2013-12-31": "10.29%", "2013-09-30": "12.34%", "2013-06-30": "11.86%", "2013-03-31": "9.92%", "2012-12-31": "6.70%", "2012-09-30": "3.86%", "2012-06-30": "4.11%", "2012-03-31": "5.49%", "2011-12-31": "8.05%", "2011-09-30": "17.00%", "2011-06-30": "16.37%", "2011-03-31": "20.73%", "2010-12-31": "277.31%", "2010-09-30": "-67.27%", "2010-06-30": "-84.86%", "2010-03-31": "-87.66%", "2009-12-31": "-47.70%", "2009-09-30": "51.00%", "2009-06-30": "-3081.48%", "2009-03-31": "-42.08%", "2008-12-31": "-25.40%", "2008-09-30": "-5.36%", "2008-06-30": "-2.27%", "2008-03-31": "-3.96%", "2007-12-31": "-6.99%", "2007-09-30": "-6.24%", "2007-06-30": "-10.47%", "2007-03-31": "-6.65%", "2006-12-31": "1.53%", "2006-09-30": "82.23%", "2006-06-30": "106.99%", "2006-03-31": "13.83%", "2005-12-31": "-6.63%"}, "return on tangible equity": {"2020-09-30": "-9.99%", "2020-06-30": "-7.53%", "2020-03-31": "4.75%", "2019-12-31": "14.96%", "2019-09-30": "16.80%", "2019-06-30": "18.30%", "2019-03-31": "24.02%", "2018-12-31": "34.76%", "2018-09-30": "28.31%", "2018-06-30": "30.45%", "2018-03-31": "31.04%", "2017-12-31": "29.78%", "2017-09-30": "26.27%", "2017-06-30": "23.17%", "2017-03-31": "19.47%", "2016-12-31": "12.02%", "2016-09-30": "12.67%", "2016-06-30": "5.66%", "2016-03-31": "127.32%", "2015-12-31": "115.57%", "2015-09-30": "99.95%", "2015-06-30": "111.31%", "2015-03-31": "-15.89%", "2014-12-31": "-15.46%", "2014-09-30": "16.97%", "2014-06-30": "19.92%", "2014-03-31": "30.38%", "2013-12-31": "35.68%", "2013-09-30": "12.14%", "2013-06-30": "10.40%", "2013-03-31": "10.95%", "2012-12-31": "5.51%", "2012-09-30": "1.97%", "2012-06-30": "3.54%", "2012-03-31": "0.70%", "2011-12-31": "4.72%", "2011-09-30": "74.28%", "2011-06-30": "99.93%", "2011-03-31": "194.85%", "2010-12-31": "-1118.26%", "2010-09-30": "-28.35%", "2010-06-30": "-46.31%", "2010-03-31": "-62.87%", "2009-12-31": "-19.50%", "2009-09-30": "70.72%", "2009-06-30": "98.13%", "2009-03-31": "108.82%", "2008-12-31": "182.09%", "2008-09-30": "157.01%", "2008-06-30": "201.01%", "2008-03-31": "264.49%", "2007-12-31": "323.48%", "2007-09-30": "263.80%", "2007-06-30": "350.20%", "2007-03-31": "376.40%", "2006-12-31": "262.90%", "2006-09-30": "-4496.30%", "2006-06-30": "-329.81%", "2006-03-31": "15.31%", "2005-12-31": "41.73%"}, "dividend yield history": {"last payout": "$0.00", "last yield": "0.00%"}}