{"ticker": "VMC", "price": {"title": "Vulcan Materials Historical Annual Stock Price Data", "value": 160.06, "historical": {"2021": {"Average Stock Price": "156.1318", "Year Open": "146.5300", "Year High": "166.2000", "Year Low": "146.0300", "Year Close": "160.0600", "Annual % Change": "7.92%"}, "2020": {"Average Stock Price": "126.4415", "Year Open": "142.7200", "Year High": "153.0900", "Year Low": "76.6100", "Year Close": "148.3100", "Annual % Change": "3.00%"}, "2019": {"Average Stock Price": "130.2736", "Year Open": "97.5900", "Year High": "151.6200", "Year Low": "96.5900", "Year Close": "143.9900", "Annual % Change": "45.74%"}, "2018": {"Average Stock Price": "116.6078", "Year Open": "131.8700", "Year High": "141.1100", "Year Low": "84.2000", "Year Close": "98.8000", "Annual % Change": "-23.03%"}, "2017": {"Average Stock Price": "122.5137", "Year Open": "124.6400", "Year High": "135.2800", "Year Low": "112.5000", "Year Close": "128.3700", "Annual % Change": "2.57%"}, "2016": {"Average Stock Price": "111.8844", "Year Open": "92.4200", "Year High": "136.0400", "Year Low": "81.6000", "Year Close": "125.1500", "Annual % Change": "31.78%"}, "2015": {"Average Stock Price": "88.7550", "Year Open": "66.9800", "Year High": "105.7000", "Year Low": "64.9800", "Year Close": "94.9700", "Annual % Change": "44.49%"}, "2014": {"Average Stock Price": "63.3235", "Year Open": "58.6800", "Year High": "69.0100", "Year Low": "55.2800", "Year Close": "65.7300", "Annual % Change": "10.62%"}, "2013": {"Average Stock Price": "52.5312", "Year Open": "53.8800", "Year High": "59.4900", "Year Low": "45.5900", "Year Close": "59.4200", "Annual % Change": "14.16%"}, "2012": {"Average Stock Price": "43.2118", "Year Open": "39.6800", "Year High": "53.2500", "Year Low": "32.5700", "Year Close": "52.0500", "Annual % Change": "32.27%"}, "2011": {"Average Stock Price": "37.5859", "Year Open": "44.4600", "Year High": "46.9800", "Year Low": "26.1900", "Year Close": "39.3500", "Annual % Change": "-11.29%"}, "2010": {"Average Stock Price": "44.6224", "Year Open": "52.7300", "Year High": "58.8900", "Year Low": "35.7000", "Year Close": "44.3600", "Annual % Change": "-15.78%"}, "2009": {"Average Stock Price": "48.0556", "Year Open": "69.7400", "Year High": "69.9500", "Year Low": "34.5500", "Year Close": "52.6700", "Annual % Change": "-24.30%"}, "2008": {"Average Stock Price": "66.6341", "Year Open": "76.4200", "Year High": "83.0000", "Year Low": "40.5600", "Year Close": "69.5800", "Annual % Change": "-12.02%"}, "2007": {"Average Stock Price": "101.4289", "Year Open": "89.9500", "Year High": "123.6700", "Year Low": "77.4300", "Year Close": "79.0900", "Annual % Change": "-12.00%"}, "2006": {"Average Stock Price": "79.9679", "Year Open": "68.6700", "Year High": "93.4900", "Year Low": "66.9700", "Year Close": "89.8700", "Annual % Change": "32.65%"}, "2005": {"Average Stock Price": "63.0600", "Year Open": "53.2200", "Year High": "75.7900", "Year Low": "52.4400", "Year Close": "67.7500", "Annual % Change": "24.06%"}, "2004": {"Average Stock Price": "48.0754", "Year Open": "47.2100", "Year High": "54.9500", "Year Low": "42.3500", "Year Close": "54.6100", "Annual % Change": "14.80%"}, "2003": {"Average Stock Price": "38.2581", "Year Open": "38.3500", "Year High": "48.2500", "Year Low": "29.0600", "Year Close": "47.5700", "Annual % Change": "26.85%"}, "2002": {"Average Stock Price": "42.2093", "Year Open": "47.5600", "Year High": "49.5500", "Year Low": "32.3700", "Year Close": "37.5000", "Annual % Change": "-21.78%"}, "2001": {"Average Stock Price": "47.1724", "Year Open": "46.1900", "Year High": "55.1000", "Year Low": "38.1500", "Year Close": "47.9400", "Annual % Change": "0.13%"}, "2000": {"Average Stock Price": "43.1382", "Year Open": "39.3800", "Year High": "48.5000", "Year Low": "36.6900", "Year Close": "47.8800", "Annual % Change": "19.88%"}, "1999": {"Average Stock Price": "43.0952", "Year Open": "44.5667", "Year High": "50.5000", "Year Low": "34.8800", "Year Close": "39.9400", "Annual % Change": "-8.95%"}, "1998": {"Average Stock Price": "37.1979", "Year Open": "33.7333", "Year High": "44.0667", "Year Low": "31.6267", "Year Close": "43.8667", "Annual % Change": "28.89%"}, "1997": {"Average Stock Price": "26.0575", "Year Open": "19.7500", "Year High": "34.4333", "Year Low": "18.4600", "Year Close": "34.0333", "Annual % Change": "67.71%"}, "1996": {"Average Stock Price": "19.4785", "Year Open": "19.1667", "Year High": "21.5833", "Year Low": "17.8333", "Year Close": "20.2933", "Annual % Change": "5.64%"}, "1995": {"Average Stock Price": "18.1849", "Year Open": "16.9167", "Year High": "20.0000", "Year Low": "16.0833", "Year Close": "19.2100", "Annual % Change": "13.83%"}, "1994": {"Average Stock Price": "16.3053", "Year Open": "15.3333", "Year High": "18.8333", "Year Low": "14.7933", "Year Close": "16.8767", "Annual % Change": "8.00%"}, "1993": {"Average Stock Price": "15.7232", "Year Open": "16.1667", "Year High": "18.5833", "Year Low": "13.5000", "Year Close": "15.6267", "Annual % Change": "-2.84%"}, "1992": {"Average Stock Price": "13.9766", "Year Open": "12.2500", "Year High": "16.3767", "Year Low": "12.2500", "Year Close": "16.0833", "Annual % Change": "34.03%"}, "1991": {"Average Stock Price": "12.2805", "Year Open": "11.2100", "Year High": "13.2933", "Year Low": "10.2100", "Year Close": "12.0000", "Annual % Change": "5.88%"}, "1990": {"Average Stock Price": "13.4995", "Year Open": "14.9167", "Year High": "15.5833", "Year Low": "9.8767", "Year Close": "11.3333", "Annual % Change": "-23.60%"}, "1989": {"Average Stock Price": "14.7620", "Year Open": "13.5833", "Year High": "16.0433", "Year Low": "13.5833", "Year Close": "14.8333", "Annual % Change": "7.23%"}}}, "market cap": {"value": "$20.63B"}, "income statement": {"Revenue": {"2019-12-31": "4929.10300", "2018-12-31": "4382.86900", "2017-12-31": "3890.29600", "2016-12-31": "3592.66700", "2015-12-31": "3422.18100", "2014-12-31": "2994.16900", "2013-12-31": "2770.70900", "2012-12-31": "2567.31000", "2011-12-31": "2564.55000", "2010-12-31": "2558.86200", "2009-12-31": "2690.49000", "2008-12-31": "3651.43800", "2007-12-31": "3327.78700", "2006-12-31": "3342.47500", "2005-12-31": "2895.32700"}, "Cost Of Goods Sold": {"2019-12-31": "3673.20200", "2018-12-31": "3281.92400", "2017-12-31": "2896.78300", "2016-12-31": "2603.78200", "2015-12-31": "2564.64800", "2014-12-31": "2406.58700", "2013-12-31": "2343.82900", "2012-12-31": "2233.28400", "2011-12-31": "2280.68100", "2010-12-31": "2258.13600", "2009-12-31": "2244.52800", "2008-12-31": "2901.72600", "2007-12-31": "2376.88400", "2006-12-31": "2410.57100", "2005-12-31": "2186.51300"}, "Gross Profit": {"2019-12-31": "1255.90100", "2018-12-31": "1100.94500", "2017-12-31": "993.51290", "2016-12-31": "988.88500", "2015-12-31": "857.53300", "2014-12-31": "587.58200", "2013-12-31": "426.87990", "2012-12-31": "334.02610", "2011-12-31": "283.86890", "2010-12-31": "300.72610", "2009-12-31": "445.96190", "2008-12-31": "749.71190", "2007-12-31": "950.90310", "2006-12-31": "931.90410", "2005-12-31": "708.81400"}, "Research And Development Expenses": {"2019-12-31": "", "2018-12-31": "", "2017-12-31": "", "2016-12-31": "", "2015-12-31": "", "2014-12-31": "", "2013-12-31": "", "2012-12-31": "", "2011-12-31": "", "2010-12-31": "", "2009-12-31": "", "2008-12-31": "", "2007-12-31": "", "2006-12-31": "", "2005-12-31": ""}, "SG&A Expenses": {"2019-12-31": "370.54800", "2018-12-31": "333.37100", "2017-12-31": "324.97200", "2016-12-31": "316.76900", "2015-12-31": "286.84400", "2014-12-31": "272.28800", "2013-12-31": "259.42700", "2012-12-31": "259.14000", "2011-12-31": "289.99300", "2010-12-31": "327.53700", "2009-12-31": "321.60800", "2008-12-31": "342.58400", "2007-12-31": "289.60400", "2006-12-31": "264.27600", "2005-12-31": "232.41100"}, "Other Operating Income Or Expenses": {"2019-12-31": "-7.89500", "2018-12-31": "-19.86100", "2017-12-31": "-29.49700", "2016-12-31": "-6.21400", "2015-12-31": "-20.91100", "2014-12-31": "222.84400", "2013-12-31": "24.46000", "2012-12-31": "19.45200", "2011-12-31": "82.53900", "2010-12-31": "12.27100", "2009-12-31": "24.09800", "2008-12-31": "94.63800", "2007-12-31": "53.11800", "2006-12-31": "27.46100", "2005-12-31": "0.43300"}, "Operating Expenses": {"2019-12-31": "4051.64500", "2018-12-31": "3635.15600", "2017-12-31": "3251.25200", "2016-12-31": "2926.76500", "2015-12-31": "2872.40300", "2014-12-31": "2456.03100", "2013-12-31": "2580.30500", "2012-12-31": "2482.52900", "2011-12-31": "2501.10600", "2010-12-31": "2573.40200", "2009-12-31": "2542.03800", "2008-12-31": "3402.33600", "2007-12-31": "2613.37000", "2006-12-31": "2647.38600", "2005-12-31": "2418.49100"}, "Operating Income": {"2019-12-31": "877.45800", "2018-12-31": "747.71290", "2017-12-31": "639.04390", "2016-12-31": "665.90190", "2015-12-31": "549.77810", "2014-12-31": "538.13790", "2013-12-31": "190.40380", "2012-12-31": "84.78130", "2011-12-31": "63.44410", "2010-12-31": "-14.53980", "2009-12-31": "148.45190", "2008-12-31": "249.10180", "2007-12-31": "714.41700", "2006-12-31": "695.08890", "2005-12-31": "476.83620"}, "Total Non-Operating Income/Expense": {"2019-12-31": "-119.75700", "2018-12-31": "-124.42300", "2017-12-31": "-277.72800", "2016-12-31": "-118.64500", "2015-12-31": "-221.92100", "2014-12-31": "-239.30000", "2013-12-31": "-194.10700", "2012-12-31": "-205.19900", "2011-12-31": "-217.18200", "2010-12-31": "-177.66600", "2009-12-31": "-167.67300", "2008-12-31": "-174.04400", "2007-12-31": "-46.91500", "2006-12-31": "8.40200", "2005-12-31": "3.85900"}, "Pre-Tax Income": {"2019-12-31": "757.70100", "2018-12-31": "623.29000", "2017-12-31": "361.31600", "2016-12-31": "547.25700", "2015-12-31": "327.85700", "2014-12-31": "298.83800", "2013-12-31": "-3.70300", "2012-12-31": "-120.41800", "2011-12-31": "-153.73800", "2010-12-31": "-192.20600", "2009-12-31": "-19.22100", "2008-12-31": "75.05800", "2007-12-31": "667.50200", "2006-12-31": "703.49100", "2005-12-31": "480.69500"}, "Income Taxes": {"2019-12-31": "135.19800", "2018-12-31": "105.44900", "2017-12-31": "-232.07500", "2016-12-31": "124.85100", "2015-12-31": "94.94300", "2014-12-31": "91.69200", "2013-12-31": "-24.45900", "2012-12-31": "-66.49200", "2011-12-31": "-78.48300", "2010-12-31": "-89.66300", "2009-12-31": "-37.86900", "2008-12-31": "71.69100", "2007-12-31": "204.41600", "2006-12-31": "223.31300", "2005-12-31": "136.56700"}, "Income After Taxes": {"2019-12-31": "622.50300", "2018-12-31": "517.84100", "2017-12-31": "593.39100", "2016-12-31": "422.40600", "2015-12-31": "232.91400", "2014-12-31": "207.14600", "2013-12-31": "20.75600", "2012-12-31": "-53.92600", "2011-12-31": "-75.25500", "2010-12-31": "-102.54300", "2009-12-31": "18.64800", "2008-12-31": "3.36700", "2007-12-31": "463.08600", "2006-12-31": "480.17800", "2005-12-31": "344.12800"}, "Other Income": {"2019-12-31": "", "2018-12-31": "", "2017-12-31": "", "2016-12-31": "", "2015-12-31": "", "2014-12-31": "", "2013-12-31": "", "2012-12-31": "", "2011-12-31": "", "2010-12-31": "", "2009-12-31": "", "2008-12-31": "", "2007-12-31": "", "2006-12-31": "", "2005-12-31": ""}, "Income From Continuous Operations": {"2019-12-31": "622.50300", "2018-12-31": "517.84100", "2017-12-31": "593.39100", "2016-12-31": "422.40600", "2015-12-31": "232.91400", "2014-12-31": "207.14600", "2013-12-31": "20.75600", "2012-12-31": "-53.92600", "2011-12-31": "-75.25500", "2010-12-31": "-102.54300", "2009-12-31": "18.64800", "2008-12-31": "3.36700", "2007-12-31": "463.08600", "2006-12-31": "480.17800", "2005-12-31": "344.12800"}, "Income From Discontinued Operations": {"2019-12-31": "-4.84100", "2018-12-31": "-2.03600", "2017-12-31": "7.79400", "2016-12-31": "-2.91500", "2015-12-31": "-11.73700", "2014-12-31": "-2.22300", "2013-12-31": "3.62600", "2012-12-31": "1.33300", "2011-12-31": "4.47700", "2010-12-31": "6.05300", "2009-12-31": "11.66600", "2008-12-31": "-2.44900", "2007-12-31": "-12.17600", "2006-12-31": "-9.96400", "2005-12-31": "44.92200"}, "Net Income": {"2019-12-31": "617.66200", "2018-12-31": "515.80500", "2017-12-31": "601.18500", "2016-12-31": "419.49100", "2015-12-31": "221.17700", "2014-12-31": "204.92300", "2013-12-31": "24.38200", "2012-12-31": "-52.59300", "2011-12-31": "-70.77800", "2010-12-31": "-96.49000", "2009-12-31": "30.31400", "2008-12-31": "0.91800", "2007-12-31": "450.91000", "2006-12-31": "470.21400", "2005-12-31": "389.05000"}, "EBITDA": {"2019-12-31": "1252.05400", "2018-12-31": "1093.95900", "2017-12-31": "945.00890", "2016-12-31": "950.84190", "2015-12-31": "824.60110", "2014-12-31": "817.63490", "2013-12-31": "497.51180", "2012-12-31": "416.74030", "2011-12-31": "425.16310", "2010-12-31": "367.55320", "2009-12-31": "543.06390", "2008-12-31": "890.82580", "2007-12-31": "985.89200", "2006-12-31": "921.45890", "2005-12-31": "699.70420"}, "EBIT": {"2019-12-31": "877.45800", "2018-12-31": "747.71290", "2017-12-31": "639.04390", "2016-12-31": "665.90190", "2015-12-31": "549.77810", "2014-12-31": "538.13790", "2013-12-31": "190.40380", "2012-12-31": "84.78130", "2011-12-31": "63.44410", "2010-12-31": "-14.53980", "2009-12-31": "148.45190", "2008-12-31": "249.10180", "2007-12-31": "714.41700", "2006-12-31": "695.08890", "2005-12-31": "476.83620"}, "Basic Shares Outstanding": {"2019-12-31": "132.30000", "2018-12-31": "132.39300", "2017-12-31": "132.51300", "2016-12-31": "133.20500", "2015-12-31": "133.21000", "2014-12-31": "131.46100", "2013-12-31": "130.27200", "2012-12-31": "129.74500", "2011-12-31": "129.38100", "2010-12-31": "128.05000", "2009-12-31": "118.89100", "2008-12-31": "109.77400", "2007-12-31": "97.03600", "2006-12-31": "97.57700", "2005-12-31": "102.17900"}, "Shares Outstanding": {"2019-12-31": "133.38500", "2018-12-31": "133.92600", "2017-12-31": "134.87800", "2016-12-31": "135.79000", "2015-12-31": "135.09300", "2014-12-31": "132.99100", "2013-12-31": "131.46700", "2012-12-31": "129.74500", "2011-12-31": "129.38100", "2010-12-31": "128.05000", "2009-12-31": "119.43000", "2008-12-31": "110.95400", "2007-12-31": "99.40300", "2006-12-31": "99.77700", "2005-12-31": "104.08500"}, "Basic EPS": {"2019-12-31": "4.67000", "2018-12-31": "3.90000", "2017-12-31": "4.54000", "2016-12-31": "3.15000", "2015-12-31": "1.66000", "2014-12-31": "1.56000", "2013-12-31": "0.19000", "2012-12-31": "-0.41000", "2011-12-31": "-0.55000", "2010-12-31": "-0.75000", "2009-12-31": "0.25000", "2008-12-31": "0.01000", "2007-12-31": "4.65000", "2006-12-31": "4.82000", "2005-12-31": "3.81000"}, "EPS - Earnings Per Share": {"2019-12-31": "4.63000", "2018-12-31": "3.85000", "2017-12-31": "4.46000", "2016-12-31": "3.09000", "2015-12-31": "1.64000", "2014-12-31": "1.54000", "2013-12-31": "0.19000", "2012-12-31": "-0.41000", "2011-12-31": "-0.55000", "2010-12-31": "-0.75000", "2009-12-31": "0.25000", "2008-12-31": "0.01000", "2007-12-31": "4.54000", "2006-12-31": "4.71000", "2005-12-31": "3.74000"}}, "income statement, quarterly": {"Revenue": {"2020-09-30": "1309.89000", "2020-06-30": "1322.57500", "2020-03-31": "1049.24200", "2019-12-31": "1186.15200", "2019-09-30": "1418.75800", "2019-06-30": "1327.68200", "2019-03-31": "996.51100", "2018-12-31": "1088.04700", "2018-09-30": "1240.19700", "2018-06-30": "1200.15100", "2018-03-31": "854.47400", "2017-12-31": "977.49010", "2017-09-30": "1094.71500", "2017-06-30": "1030.76300", "2017-03-31": "787.32800", "2016-12-31": "872.97390", "2016-09-30": "1008.14000", "2016-06-30": "956.82500", "2016-03-31": "754.72800", "2015-12-31": "857.28490", "2015-09-30": "1038.46000", "2015-06-30": "895.14300", "2015-03-31": "631.29300", "2014-12-31": "755.02680", "2014-09-30": "873.57900", "2014-06-30": "791.14300", "2014-03-31": "574.42000", "2013-12-31": "680.24600", "2013-09-30": "813.56800", "2013-06-30": "738.73300", "2013-03-31": "538.16200", "2012-12-31": "608.43100", "2012-09-30": "728.86100", "2012-06-30": "694.13600", "2012-03-31": "535.88200", "2011-12-31": "614.62710", "2011-09-30": "760.75200", "2011-06-30": "701.97100", "2011-03-31": "487.20000", "2010-12-31": "586.24210", "2010-09-30": "743.20400", "2010-06-30": "736.15200", "2010-03-31": "493.26400", "2009-12-31": "590.14500", "2009-09-30": "778.19200", "2009-06-30": "721.85900", "2009-03-31": "600.29400", "2008-12-31": "799.19890", "2008-09-30": "1013.34900", "2008-06-30": "1021.55100", "2008-03-31": "817.33900", "2007-12-31": "856.89010", "2007-09-30": "904.86600", "2007-06-30": "878.84400", "2007-03-31": "687.18700", "2006-12-31": "816.30510", "2006-09-30": "929.32100", "2006-06-30": "888.16200", "2006-03-31": "708.68700", "2005-12-31": "754.62100", "2005-09-30": "830.01600", "2005-06-30": "782.07400", "2005-03-31": "528.61600"}, "Cost Of Goods Sold": {"2020-09-30": "929.39200", "2020-06-30": "926.05600", "2020-03-31": "847.51900", "2019-12-31": "893.07100", "2019-09-30": "1018.11500", "2019-06-30": "957.18000", "2019-03-31": "804.83600", "2018-12-31": "812.76210", "2018-09-30": "897.05500", "2018-06-30": "876.96700", "2018-03-31": "695.14000", "2017-12-31": "735.97300", "2017-09-30": "790.95700", "2017-06-30": "740.74600", "2017-03-31": "629.10700", "2016-12-31": "645.20000", "2016-09-30": "703.93100", "2016-06-30": "664.64100", "2016-03-31": "590.01000", "2015-12-31": "603.35610", "2015-09-30": "747.17000", "2015-06-30": "660.69400", "2015-03-31": "553.42800", "2014-12-31": "585.36690", "2014-09-30": "664.53700", "2014-06-30": "616.35500", "2014-03-31": "540.32800", "2013-12-31": "562.89920", "2013-09-30": "654.58500", "2013-06-30": "605.83800", "2013-03-31": "520.50700", "2012-12-31": "529.22490", "2012-09-30": "601.93800", "2012-06-30": "588.19700", "2012-03-31": "513.92400", "2011-12-31": "540.27220", "2011-09-30": "644.97200", "2011-06-30": "601.13100", "2011-03-31": "494.30600", "2010-12-31": "535.49190", "2010-09-30": "616.45700", "2010-06-30": "613.81700", "2010-03-31": "492.37000", "2009-12-31": "522.10410", "2009-09-30": "623.71200", "2009-06-30": "576.02500", "2009-03-31": "522.68700", "2008-12-31": "650.00920", "2008-09-30": "812.50300", "2008-06-30": "776.32500", "2008-03-31": "662.88900", "2007-12-31": "635.80710", "2007-09-30": "627.47400", "2007-06-30": "593.61100", "2007-03-31": "519.99200", "2006-12-31": "579.07000", "2006-09-30": "656.42900", "2006-06-30": "630.27900", "2006-03-31": "544.79300", "2005-12-31": "575.67100", "2005-09-30": "602.76000", "2005-06-30": "571.69900", "2005-03-31": "436.38300"}, "Gross Profit": {"2020-09-30": "380.49800", "2020-06-30": "396.51890", "2020-03-31": "201.72300", "2019-12-31": "293.08110", "2019-09-30": "400.64310", "2019-06-30": "370.50200", "2019-03-31": "191.67500", "2018-12-31": "275.28500", "2018-09-30": "343.14200", "2018-06-30": "323.18400", "2018-03-31": "159.33400", "2017-12-31": "241.51720", "2017-09-30": "303.75800", "2017-06-30": "290.01700", "2017-03-31": "158.22100", "2016-12-31": "227.77390", "2016-09-30": "304.20900", "2016-06-30": "292.18400", "2016-03-31": "164.71800", "2015-12-31": "253.92880", "2015-09-30": "291.29000", "2015-06-30": "234.44900", "2015-03-31": "77.86510", "2014-12-31": "169.65990", "2014-09-30": "209.04200", "2014-06-30": "174.78800", "2014-03-31": "34.09200", "2013-12-31": "117.34680", "2013-09-30": "158.98300", "2013-06-30": "132.89500", "2013-03-31": "17.65500", "2012-12-31": "79.20610", "2012-09-30": "126.92300", "2012-06-30": "105.93900", "2012-03-31": "21.95800", "2011-12-31": "74.35490", "2011-09-30": "115.78000", "2011-06-30": "100.84000", "2011-03-31": "-7.10600", "2010-12-31": "50.75010", "2010-09-30": "126.74700", "2010-06-30": "122.33500", "2010-03-31": "0.89400", "2009-12-31": "68.04080", "2009-09-30": "154.48000", "2009-06-30": "145.83400", "2009-03-31": "77.60700", "2008-12-31": "149.18960", "2008-09-30": "200.84600", "2008-06-30": "245.22600", "2008-03-31": "154.45000", "2007-12-31": "221.08310", "2007-09-30": "277.39200", "2007-06-30": "285.23300", "2007-03-31": "167.19500", "2006-12-31": "237.23500", "2006-09-30": "272.89200", "2006-06-30": "257.88300", "2006-03-31": "163.89400", "2005-12-31": "178.95010", "2005-09-30": "227.25600", "2005-06-30": "210.37500", "2005-03-31": "92.23300"}, "Research And Development Expenses": {"2020-09-30": "", "2020-06-30": "", "2020-03-31": "", "2019-12-31": "", "2019-09-30": "", "2019-06-30": "", "2019-03-31": "", "2018-12-31": "", "2018-09-30": "", "2018-06-30": "", "2018-03-31": "", "2017-12-31": "", "2017-09-30": "", "2017-06-30": "", "2017-03-31": "", "2016-12-31": "", "2016-09-30": "", "2016-06-30": "", "2016-03-31": "", "2015-12-31": "", "2015-09-30": "", "2015-06-30": "", "2015-03-31": "", "2014-12-31": "", "2014-09-30": "", "2014-06-30": "", "2014-03-31": "", "2013-12-31": "", "2013-09-30": "", "2013-06-30": "", "2013-03-31": "", "2012-12-31": "", "2012-09-30": "", "2012-06-30": "", "2012-03-31": "", "2011-12-31": "", "2011-09-30": "", "2011-06-30": "", "2011-03-31": "", "2010-12-31": "", "2010-09-30": "", "2010-06-30": "", "2010-03-31": "", "2009-12-31": "", "2009-09-30": "", "2009-06-30": "", "2009-03-31": "", "2008-12-31": "", "2008-09-30": "", "2008-06-30": "", "2008-03-31": "", "2007-12-31": "", "2007-09-30": "", "2007-06-30": "", "2007-03-31": "", "2006-12-31": "", "2006-09-30": "", "2006-06-30": "", "2006-03-31": "", "2005-12-31": "", "2005-09-30": "", "2005-06-30": "", "2005-03-31": ""}, "SG&A Expenses": {"2020-09-30": "83.51100", "2020-06-30": "91.20500", "2020-03-31": "86.43000", "2019-12-31": "95.80200", "2019-09-30": "88.78900", "2019-06-30": "95.68900", "2019-03-31": "90.26800", "2018-12-31": "84.38200", "2018-09-30": "81.60600", "2018-06-30": "89.04300", "2018-03-31": "78.34000", "2017-12-31": "85.92100", "2017-09-30": "73.61200", "2017-06-30": "83.05600", "2017-03-31": "82.38300", "2016-12-31": "81.30900", "2016-09-30": "76.31100", "2016-06-30": "82.68100", "2016-03-31": "76.46800", "2015-12-31": "79.49400", "2015-09-30": "71.39000", "2015-06-30": "69.19700", "2015-03-31": "66.76300", "2014-12-31": "72.48000", "2014-09-30": "66.07400", "2014-06-30": "67.61500", "2014-03-31": "66.11900", "2013-12-31": "64.01600", "2013-09-30": "65.85400", "2013-06-30": "64.90200", "2013-03-31": "64.65500", "2012-12-31": "66.87300", "2012-09-30": "65.44100", "2012-06-30": "61.91400", "2012-03-31": "64.91200", "2011-12-31": "71.39500", "2011-09-30": "67.02000", "2011-06-30": "74.06200", "2011-03-31": "77.51600", "2010-12-31": "80.10600", "2010-09-30": "77.56000", "2010-06-30": "83.37600", "2010-03-31": "86.49500", "2009-12-31": "82.98000", "2009-09-30": "79.55800", "2009-06-30": "79.35300", "2009-03-31": "79.71700", "2008-12-31": "88.86300", "2008-09-30": "76.36400", "2008-06-30": "84.78100", "2008-03-31": "92.57600", "2007-12-31": "77.49600", "2007-09-30": "66.39800", "2007-06-30": "71.30800", "2007-03-31": "74.40200", "2006-12-31": "66.28900", "2006-09-30": "67.82400", "2006-06-30": "65.15100", "2006-03-31": "65.01200", "2005-12-31": "62.90000", "2005-09-30": "62.38700", "2005-06-30": "55.68800", "2005-03-31": "51.43600"}, "Other Operating Income Or Expenses": {"2020-09-30": "-8.88300", "2020-06-30": "-6.41800", "2020-03-31": "-2.99200", "2019-12-31": "-3.70400", "2019-09-30": "-8.47800", "2019-06-30": "1.26100", "2019-03-31": "3.02600", "2018-12-31": "-3.82200", "2018-09-30": "-12.35200", "2018-06-30": "-3.88800", "2018-03-31": "0.20100", "2017-12-31": "-6.37500", "2017-09-30": "-2.66800", "2017-06-30": "-14.99500", "2017-03-31": "-5.45900", "2016-12-31": "13.65400", "2016-09-30": "-0.82200", "2016-06-30": "4.28300", "2016-03-31": "-23.32900", "2015-12-31": "-5.94400", "2015-09-30": "-7.24600", "2015-06-30": "-10.19600", "2015-03-31": "2.47500", "2014-12-31": "1.96200", "2014-09-30": "-1.88700", "2014-06-30": "-3.92700", "2014-03-31": "226.69600", "2013-12-31": "0.49800", "2013-09-30": "6.63800", "2013-06-30": "18.87300", "2013-03-31": "-1.54900", "2012-12-31": "43.73800", "2012-09-30": "-2.56000", "2012-06-30": "-19.81200", "2012-03-31": "-1.91400", "2011-12-31": "1.81300", "2011-09-30": "58.74700", "2011-06-30": "-1.45900", "2011-03-31": "23.43800", "2010-12-31": "-0.05600", "2010-09-30": "1.24500", "2010-06-30": "-37.74900", "2010-03-31": "48.83100", "2009-12-31": "16.32900", "2009-09-30": "7.78200", "2009-06-30": "-0.79700", "2009-03-31": "0.78400", "2008-12-31": "7.90900", "2008-09-30": "3.82100", "2008-06-30": "78.02400", "2008-03-31": "4.88400", "2007-12-31": "2.15000", "2007-09-30": "3.30700", "2007-06-30": "3.30800", "2007-03-31": "44.35300", "2006-12-31": "0.65300", "2006-09-30": "1.28400", "2006-06-30": "25.39200", "2006-03-31": "0.13200", "2005-12-31": "4.60700", "2005-09-30": "0.03700", "2005-06-30": "-1.18200", "2005-03-31": "-3.02900"}, "Operating Expenses": {"2020-09-30": "1021.78600", "2020-06-30": "1023.67900", "2020-03-31": "936.94100", "2019-12-31": "992.57690", "2019-09-30": "1115.38200", "2019-06-30": "1051.60800", "2019-03-31": "892.07800", "2018-12-31": "900.96640", "2018-09-30": "991.01300", "2018-06-30": "969.89800", "2018-03-31": "773.27900", "2017-12-31": "828.26890", "2017-09-30": "867.23700", "2017-06-30": "838.79700", "2017-03-31": "716.94900", "2016-12-31": "712.85510", "2016-09-30": "781.06400", "2016-06-30": "743.03900", "2016-03-31": "689.80700", "2015-12-31": "684.24800", "2015-09-30": "826.25400", "2015-06-30": "741.36700", "2015-03-31": "620.53400", "2014-12-31": "655.13490", "2014-09-30": "733.24800", "2014-06-30": "687.89700", "2014-03-31": "379.75100", "2013-12-31": "626.41720", "2013-09-30": "713.80100", "2013-06-30": "651.86700", "2013-03-31": "588.22000", "2012-12-31": "552.89880", "2012-09-30": "672.99500", "2012-06-30": "674.47400", "2012-03-31": "582.16100", "2011-12-31": "620.15500", "2011-09-30": "654.08400", "2011-06-30": "678.48300", "2011-03-31": "548.38400", "2010-12-31": "615.65390", "2010-09-30": "692.77200", "2010-06-30": "734.94200", "2010-03-31": "530.03400", "2009-12-31": "588.75500", "2009-09-30": "695.48800", "2009-06-30": "656.17500", "2009-03-31": "601.62000", "2008-12-31": "983.62700", "2008-09-30": "885.04600", "2008-06-30": "783.08200", "2008-03-31": "750.58100", "2007-12-31": "711.15310", "2007-09-30": "690.56500", "2007-06-30": "661.61100", "2007-03-31": "550.04100", "2006-12-31": "644.70620", "2006-09-30": "722.96900", "2006-06-30": "670.03800", "2006-03-31": "609.67300", "2005-12-31": "633.96360", "2005-09-30": "665.11000", "2005-06-30": "628.56900", "2005-03-31": "490.84800"}, "Operating Income": {"2020-09-30": "288.10400", "2020-06-30": "298.89590", "2020-03-31": "112.30100", "2019-12-31": "193.57520", "2019-09-30": "303.37600", "2019-06-30": "276.07400", "2019-03-31": "104.43300", "2018-12-31": "187.08070", "2018-09-30": "249.18400", "2018-06-30": "230.25300", "2018-03-31": "81.19500", "2017-12-31": "149.22120", "2017-09-30": "227.47800", "2017-06-30": "191.96590", "2017-03-31": "70.37900", "2016-12-31": "160.11880", "2016-09-30": "227.07600", "2016-06-30": "213.78600", "2016-03-31": "64.92100", "2015-12-31": "173.03690", "2015-09-30": "212.20600", "2015-06-30": "153.77600", "2015-03-31": "10.75900", "2014-12-31": "99.89190", "2014-09-30": "140.33100", "2014-06-30": "103.24600", "2014-03-31": "194.66890", "2013-12-31": "53.82870", "2013-09-30": "99.76700", "2013-06-30": "86.86600", "2013-03-31": "-50.05800", "2012-12-31": "55.53220", "2012-09-30": "55.86600", "2012-06-30": "19.66200", "2012-03-31": "-46.27900", "2011-12-31": "-5.52790", "2011-09-30": "106.66800", "2011-06-30": "23.48800", "2011-03-31": "-61.18400", "2010-12-31": "-29.41180", "2010-09-30": "50.43200", "2010-06-30": "1.21000", "2010-03-31": "-36.77000", "2009-12-31": "1.39000", "2009-09-30": "82.70400", "2009-06-30": "65.68400", "2009-03-31": "-1.32600", "2008-12-31": "-184.42820", "2008-09-30": "128.30300", "2008-06-30": "238.46900", "2008-03-31": "66.75800", "2007-12-31": "145.73700", "2007-09-30": "214.30100", "2007-06-30": "217.23300", "2007-03-31": "137.14610", "2006-12-31": "171.59880", "2006-09-30": "206.35200", "2006-06-30": "218.12400", "2006-03-31": "99.01400", "2005-12-31": "120.65740", "2005-09-30": "164.90590", "2005-06-30": "153.50500", "2005-03-31": "37.76800"}, "Total Non-Operating Income/Expense": {"2020-09-30": "-29.99500", "2020-06-30": "-26.58700", "2020-03-31": "-40.10900", "2019-12-31": "-27.54500", "2019-09-30": "-31.83800", "2019-06-30": "-30.56900", "2019-03-31": "-29.80500", "2018-12-31": "-33.15800", "2018-09-30": "-28.65700", "2018-06-30": "-29.90500", "2018-03-31": "-32.70300", "2017-12-31": "-134.88400", "2017-09-30": "-78.24800", "2017-06-30": "-34.56500", "2017-03-31": "-30.03100", "2016-12-31": "-18.77900", "2016-09-30": "-32.13600", "2016-06-30": "-33.30400", "2016-03-31": "-34.42600", "2015-12-31": "-35.71200", "2015-09-30": "-40.61800", "2015-06-30": "-84.09000", "2015-03-31": "-61.50100", "2014-12-31": "-41.79900", "2014-09-30": "-41.48400", "2014-06-30": "-38.75300", "2014-03-31": "-117.26400", "2013-12-31": "-46.31700", "2013-09-30": "-46.82400", "2013-06-30": "-50.58700", "2013-03-31": "-50.37900", "2012-12-31": "-50.39800", "2012-09-30": "-51.23700", "2012-06-30": "-54.39600", "2012-03-31": "-49.16800", "2011-12-31": "-50.96000", "2011-09-30": "-54.42300", "2011-06-30": "-70.93100", "2011-03-31": "-40.86800", "2010-12-31": "-44.90500", "2010-09-30": "-45.88900", "2010-06-30": "-44.95600", "2010-03-31": "-41.91600", "2009-12-31": "-42.22000", "2009-09-30": "-40.76300", "2009-06-30": "-40.49100", "2009-03-31": "-44.19900", "2008-12-31": "-47.40500", "2008-09-30": "-47.44900", "2008-06-30": "-33.75200", "2008-03-31": "-45.43800", "2007-12-31": "-28.27400", "2007-09-30": "-7.44400", "2007-06-30": "-7.08700", "2007-03-31": "-4.11000", "2006-12-31": "-4.60200", "2006-09-30": "-1.98900", "2006-06-30": "6.53800", "2006-03-31": "8.45500", "2005-12-31": "6.85600", "2005-09-30": "8.00700", "2005-06-30": "-5.78900", "2005-03-31": "-5.21500"}, "Pre-Tax Income": {"2020-09-30": "258.10900", "2020-06-30": "272.30900", "2020-03-31": "72.19200", "2019-12-31": "166.03000", "2019-09-30": "271.53800", "2019-06-30": "245.50500", "2019-03-31": "74.62800", "2018-12-31": "153.92300", "2018-09-30": "220.52700", "2018-06-30": "200.34800", "2018-03-31": "48.49200", "2017-12-31": "14.33700", "2017-09-30": "149.23000", "2017-06-30": "157.40100", "2017-03-31": "40.34800", "2016-12-31": "141.34000", "2016-09-30": "194.94000", "2016-06-30": "180.48200", "2016-03-31": "30.49500", "2015-12-31": "137.32500", "2015-09-30": "171.58800", "2015-06-30": "69.68600", "2015-03-31": "-50.74200", "2014-12-31": "58.09300", "2014-09-30": "98.84700", "2014-06-30": "64.49300", "2014-03-31": "77.40500", "2013-12-31": "7.51200", "2013-09-30": "52.94300", "2013-06-30": "36.27900", "2013-03-31": "-100.43700", "2012-12-31": "5.13400", "2012-09-30": "4.62900", "2012-06-30": "-34.73400", "2012-03-31": "-95.44700", "2011-12-31": "-56.48800", "2011-09-30": "52.24500", "2011-06-30": "-47.44300", "2011-03-31": "-102.05200", "2010-12-31": "-74.31700", "2010-09-30": "4.54300", "2010-06-30": "-43.74600", "2010-03-31": "-78.68600", "2009-12-31": "-40.83000", "2009-09-30": "41.94100", "2009-06-30": "25.19300", "2009-03-31": "-45.52500", "2008-12-31": "-231.83300", "2008-09-30": "80.85400", "2008-06-30": "204.71700", "2008-03-31": "21.32000", "2007-12-31": "117.46300", "2007-09-30": "206.85700", "2007-06-30": "210.14600", "2007-03-31": "133.03600", "2006-12-31": "166.99700", "2006-09-30": "204.36300", "2006-06-30": "224.66200", "2006-03-31": "107.46900", "2005-12-31": "127.51300", "2005-09-30": "172.91300", "2005-06-30": "147.71600", "2005-03-31": "32.55300"}, "Income Taxes": {"2020-09-30": "56.98400", "2020-06-30": "61.35200", "2020-03-31": "12.19400", "2019-12-31": "23.43500", "2019-09-30": "53.47200", "2019-06-30": "47.59800", "2019-03-31": "10.69300", "2018-12-31": "29.64300", "2018-09-30": "40.66300", "2018-06-30": "40.04600", "2018-03-31": "-4.90300", "2017-12-31": "-313.63200", "2017-09-30": "39.08000", "2017-06-30": "45.65200", "2017-03-31": "-3.17500", "2016-12-31": "33.27700", "2016-09-30": "49.80300", "2016-06-30": "53.24100", "2016-03-31": "-11.47000", "2015-12-31": "43.76500", "2015-09-30": "45.38600", "2015-06-30": "19.86700", "2015-03-31": "-14.07500", "2014-12-31": "19.74400", "2014-09-30": "31.06600", "2014-06-30": "17.98200", "2014-03-31": "22.90000", "2013-12-31": "-2.58500", "2013-09-30": "10.79300", "2013-06-30": "6.15100", "2013-03-31": "-38.81800", "2012-12-31": "0.64600", "2012-09-30": "-10.99200", "2012-06-30": "-17.74900", "2012-03-31": "-38.39700", "2011-12-31": "-30.54500", "2011-09-30": "29.83300", "2011-06-30": "-40.34100", "2011-03-31": "-37.43000", "2010-12-31": "-28.17200", "2010-09-30": "-6.04800", "2010-06-30": "-21.23100", "2010-03-31": "-34.21200", "2009-12-31": "-28.24800", "2009-09-30": "-5.98300", "2009-06-30": "9.63200", "2009-03-31": "-13.27000", "2008-12-31": "-19.67400", "2008-09-30": "21.03800", "2008-06-30": "63.49200", "2008-03-31": "6.83500", "2007-12-31": "31.32500", "2007-09-30": "62.92900", "2007-06-30": "66.46500", "2007-03-31": "43.69700", "2006-12-31": "52.00200", "2006-09-30": "63.43300", "2006-06-30": "72.31400", "2006-03-31": "35.56400", "2005-12-31": "35.09200", "2005-09-30": "44.59200", "2005-06-30": "45.76400", "2005-03-31": "11.11900"}, "Income After Taxes": {"2020-09-30": "201.12500", "2020-06-30": "210.95700", "2020-03-31": "59.99800", "2019-12-31": "142.59500", "2019-09-30": "218.06600", "2019-06-30": "197.90700", "2019-03-31": "63.93500", "2018-12-31": "124.28000", "2018-09-30": "179.86400", "2018-06-30": "160.30200", "2018-03-31": "53.39500", "2017-12-31": "327.96900", "2017-09-30": "110.15000", "2017-06-30": "111.74900", "2017-03-31": "43.52300", "2016-12-31": "108.06300", "2016-09-30": "145.13700", "2016-06-30": "127.24100", "2016-03-31": "41.96500", "2015-12-31": "93.56000", "2015-09-30": "126.20200", "2015-06-30": "49.81900", "2015-03-31": "-36.66700", "2014-12-31": "38.34900", "2014-09-30": "67.78100", "2014-06-30": "46.51100", "2014-03-31": "54.50500", "2013-12-31": "10.09700", "2013-09-30": "42.15000", "2013-06-30": "30.12800", "2013-03-31": "-61.61900", "2012-12-31": "4.48800", "2012-09-30": "15.62100", "2012-06-30": "-16.98500", "2012-03-31": "-57.05000", "2011-12-31": "-25.94300", "2011-09-30": "22.41200", "2011-06-30": "-7.10200", "2011-03-31": "-64.62200", "2010-12-31": "-46.14500", "2010-09-30": "10.59100", "2010-06-30": "-22.51500", "2010-03-31": "-44.47400", "2009-12-31": "-12.58200", "2009-09-30": "47.92400", "2009-06-30": "15.56100", "2009-03-31": "-32.25500", "2008-12-31": "-212.15900", "2008-09-30": "59.81600", "2008-06-30": "141.22500", "2008-03-31": "14.48500", "2007-12-31": "86.13800", "2007-09-30": "143.92800", "2007-06-30": "143.68100", "2007-03-31": "89.33900", "2006-12-31": "114.99510", "2006-09-30": "140.93000", "2006-06-30": "152.34800", "2006-03-31": "71.90500", "2005-12-31": "92.42100", "2005-09-30": "128.32100", "2005-06-30": "101.95200", "2005-03-31": "21.43400"}, "Other Income": {"2020-09-30": "", "2020-06-30": "", "2020-03-31": "", "2019-12-31": "", "2019-09-30": "", "2019-06-30": "", "2019-03-31": "", "2018-12-31": "", "2018-09-30": "", "2018-06-30": "", "2018-03-31": "", "2017-12-31": "", "2017-09-30": "", "2017-06-30": "", "2017-03-31": "", "2016-12-31": "", "2016-09-30": "", "2016-06-30": "", "2016-03-31": "", "2015-12-31": "", "2015-09-30": "", "2015-06-30": "", "2015-03-31": "", "2014-12-31": "", "2014-09-30": "", "2014-06-30": "", "2014-03-31": "", "2013-12-31": "", "2013-09-30": "", "2013-06-30": "", "2013-03-31": "", "2012-12-31": "", "2012-09-30": "", "2012-06-30": "", "2012-03-31": "", "2011-12-31": "", "2011-09-30": "", "2011-06-30": "", "2011-03-31": "", "2010-12-31": "", "2010-09-30": "", "2010-06-30": "", "2010-03-31": "", "2009-12-31": "", "2009-09-30": "", "2009-06-30": "", "2009-03-31": "", "2008-12-31": "", "2008-09-30": "", "2008-06-30": "", "2008-03-31": "", "2007-12-31": "", "2007-09-30": "", "2007-06-30": "", "2007-03-31": "", "2006-12-31": "", "2006-09-30": "", "2006-06-30": "", "2006-03-31": "", "2005-12-31": "", "2005-09-30": "", "2005-06-30": "", "2005-03-31": ""}, "Income From Continuous Operations": {"2020-09-30": "201.12500", "2020-06-30": "210.95700", "2020-03-31": "59.99800", "2019-12-31": "142.59500", "2019-09-30": "218.06600", "2019-06-30": "197.90700", "2019-03-31": "63.93500", "2018-12-31": "124.28000", "2018-09-30": "179.86400", "2018-06-30": "160.30200", "2018-03-31": "53.39500", "2017-12-31": "327.96900", "2017-09-30": "110.15000", "2017-06-30": "111.74900", "2017-03-31": "43.52300", "2016-12-31": "108.06300", "2016-09-30": "145.13700", "2016-06-30": "127.24100", "2016-03-31": "41.96500", "2015-12-31": "93.56000", "2015-09-30": "126.20200", "2015-06-30": "49.81900", "2015-03-31": "-36.66700", "2014-12-31": "38.34900", "2014-09-30": "67.78100", "2014-06-30": "46.51100", "2014-03-31": "54.50500", "2013-12-31": "10.09700", "2013-09-30": "42.15000", "2013-06-30": "30.12800", "2013-03-31": "-61.61900", "2012-12-31": "4.48800", "2012-09-30": "15.62100", "2012-06-30": "-16.98500", "2012-03-31": "-57.05000", "2011-12-31": "-25.94300", "2011-09-30": "22.41200", "2011-06-30": "-7.10200", "2011-03-31": "-64.62200", "2010-12-31": "-46.14500", "2010-09-30": "10.59100", "2010-06-30": "-22.51500", "2010-03-31": "-44.47400", "2009-12-31": "-12.58200", "2009-09-30": "47.92400", "2009-06-30": "15.56100", "2009-03-31": "-32.25500", "2008-12-31": "-212.15900", "2008-09-30": "59.81600", "2008-06-30": "141.22500", "2008-03-31": "14.48500", "2007-12-31": "86.13800", "2007-09-30": "143.92800", "2007-06-30": "143.68100", "2007-03-31": "89.33900", "2006-12-31": "114.99500", "2006-09-30": "140.93000", "2006-06-30": "152.34800", "2006-03-31": "71.90500", "2005-12-31": "92.42100", "2005-09-30": "128.32100", "2005-06-30": "101.95200", "2005-03-31": "21.43400"}, "Income From Discontinued Operations": {"2020-09-30": "-1.33700", "2020-06-30": "-1.04100", "2020-03-31": "0.26000", "2019-12-31": "-1.50300", "2019-09-30": "-2.35300", "2019-06-30": "-0.34900", "2019-03-31": "-0.63600", "2018-12-31": "-0.25700", "2018-09-30": "-0.71300", "2018-06-30": "-0.65000", "2018-03-31": "-0.41600", "2017-12-31": "-0.42300", "2017-09-30": "-1.57100", "2017-06-30": "8.39000", "2017-03-31": "1.39800", "2016-12-31": "4.53700", "2016-09-30": "-3.11300", "2016-06-30": "-2.53200", "2016-03-31": "-1.80700", "2015-12-31": "-4.67200", "2015-09-30": "-2.39700", "2015-06-30": "-1.65700", "2015-03-31": "-3.01100", "2014-12-31": "-0.32700", "2014-09-30": "-0.84200", "2014-06-30": "-0.54400", "2014-03-31": "-0.51000", "2013-12-31": "-1.01400", "2013-09-30": "-0.78700", "2013-06-30": "-1.35600", "2013-03-31": "6.78300", "2012-12-31": "-1.00500", "2012-09-30": "-1.36100", "2012-06-30": "-1.29800", "2012-03-31": "4.99700", "2011-12-31": "-1.92200", "2011-09-30": "-2.45300", "2011-06-30": "-1.03700", "2011-03-31": "9.88900", "2010-12-31": "-0.85200", "2010-09-30": "2.65500", "2010-06-30": "-1.47700", "2010-03-31": "5.72700", "2009-12-31": "-0.76800", "2009-09-30": "6.30800", "2009-06-30": "6.65100", "2009-03-31": "-0.52500", "2008-12-31": "-0.66100", "2008-09-30": "-0.76600", "2008-06-30": "-0.47000", "2008-03-31": "-0.55200", "2007-12-31": "-1.52600", "2007-09-30": "-8.51500", "2007-06-30": "-1.67000", "2007-03-31": "-0.46500", "2006-12-31": "-1.18600", "2006-09-30": "-5.24300", "2006-06-30": "-1.71500", "2006-03-31": "-1.82000", "2005-12-31": "-1.48500", "2005-09-30": "-6.10500", "2005-06-30": "19.59500", "2005-03-31": "32.91700"}, "Net Income": {"2020-09-30": "199.78800", "2020-06-30": "209.91600", "2020-03-31": "60.25800", "2019-12-31": "141.09200", "2019-09-30": "215.71300", "2019-06-30": "197.55800", "2019-03-31": "63.29900", "2018-12-31": "124.02300", "2018-09-30": "179.15100", "2018-06-30": "159.65200", "2018-03-31": "52.97900", "2017-12-31": "327.54600", "2017-09-30": "108.57900", "2017-06-30": "120.13900", "2017-03-31": "44.92100", "2016-12-31": "112.60000", "2016-09-30": "142.02400", "2016-06-30": "124.70900", "2016-03-31": "40.15800", "2015-12-31": "88.88800", "2015-09-30": "123.80500", "2015-06-30": "48.16200", "2015-03-31": "-39.67800", "2014-12-31": "38.02200", "2014-09-30": "66.93900", "2014-06-30": "45.96700", "2014-03-31": "53.99500", "2013-12-31": "9.08300", "2013-09-30": "41.36300", "2013-06-30": "28.77200", "2013-03-31": "-54.83600", "2012-12-31": "3.48300", "2012-09-30": "14.26000", "2012-06-30": "-18.28300", "2012-03-31": "-52.05300", "2011-12-31": "-27.86500", "2011-09-30": "19.95900", "2011-06-30": "-8.13900", "2011-03-31": "-54.73300", "2010-12-31": "-46.99700", "2010-09-30": "13.24600", "2010-06-30": "-23.99200", "2010-03-31": "-38.74700", "2009-12-31": "-13.35000", "2009-09-30": "54.23200", "2009-06-30": "22.21200", "2009-03-31": "-32.78000", "2008-12-31": "-212.82000", "2008-09-30": "59.05000", "2008-06-30": "140.75500", "2008-03-31": "13.93300", "2007-12-31": "84.61200", "2007-09-30": "135.41300", "2007-06-30": "142.01100", "2007-03-31": "88.87400", "2006-12-31": "113.80900", "2006-09-30": "135.68700", "2006-06-30": "150.63300", "2006-03-31": "70.08500", "2005-12-31": "90.93600", "2005-09-30": "122.21600", "2005-06-30": "121.54700", "2005-03-31": "54.35100"}, "EBITDA": {"2020-09-30": "389.06500", "2020-06-30": "398.36690", "2020-03-31": "207.78100", "2019-12-31": "289.24620", "2019-09-30": "399.62400", "2019-06-30": "369.57000", "2019-03-31": "193.61400", "2018-12-31": "276.86370", "2018-09-30": "338.57500", "2018-06-30": "315.88600", "2018-03-31": "162.63400", "2017-12-31": "227.21220", "2017-09-30": "307.11300", "2017-06-30": "268.74190", "2017-03-31": "141.94200", "2016-12-31": "231.69680", "2016-09-30": "299.12400", "2016-06-30": "285.69400", "2016-03-31": "134.32700", "2015-12-31": "243.08990", "2015-09-30": "281.86800", "2015-06-30": "222.16100", "2015-03-31": "77.48200", "2014-12-31": "170.53090", "2014-09-30": "211.48700", "2014-06-30": "171.57000", "2014-03-31": "264.04690", "2013-12-31": "130.05970", "2013-09-30": "178.08700", "2013-06-30": "163.82600", "2013-03-31": "25.53900", "2012-12-31": "134.10020", "2012-09-30": "139.97400", "2012-06-30": "103.77800", "2012-03-31": "38.88800", "2011-12-31": "82.52010", "2011-09-30": "197.61600", "2011-06-30": "115.62500", "2011-03-31": "29.40200", "2010-12-31": "63.50720", "2010-09-30": "148.13000", "2010-06-30": "98.48900", "2010-03-31": "57.42700", "2009-12-31": "97.84400", "2009-09-30": "181.94700", "2009-06-30": "165.28400", "2009-03-31": "97.98900", "2008-12-31": "165.80480", "2008-09-30": "227.01900", "2008-06-30": "335.38800", "2008-03-31": "162.61400", "2007-12-31": "226.14100", "2007-09-30": "280.66700", "2007-06-30": "281.13700", "2007-03-31": "197.94710", "2006-12-31": "231.08080", "2006-09-30": "264.37900", "2006-06-30": "273.29400", "2006-03-31": "152.70500", "2005-12-31": "180.13340", "2005-09-30": "220.65890", "2005-06-30": "208.48300", "2005-03-31": "90.42900"}, "EBIT": {"2020-09-30": "288.10400", "2020-06-30": "298.89590", "2020-03-31": "112.30100", "2019-12-31": "193.57510", "2019-09-30": "303.37600", "2019-06-30": "276.07400", "2019-03-31": "104.43300", "2018-12-31": "187.08090", "2018-09-30": "249.18400", "2018-06-30": "230.25300", "2018-03-31": "81.19500", "2017-12-31": "149.22100", "2017-09-30": "227.47800", "2017-06-30": "191.96590", "2017-03-31": "70.37900", "2016-12-31": "160.11880", "2016-09-30": "227.07600", "2016-06-30": "213.78600", "2016-03-31": "64.92100", "2015-12-31": "173.03700", "2015-09-30": "212.20600", "2015-06-30": "153.77600", "2015-03-31": "10.75900", "2014-12-31": "99.89200", "2014-09-30": "140.33100", "2014-06-30": "103.24600", "2014-03-31": "194.66890", "2013-12-31": "53.82890", "2013-09-30": "99.76700", "2013-06-30": "86.86600", "2013-03-31": "-50.05800", "2012-12-31": "55.53220", "2012-09-30": "55.86600", "2012-06-30": "19.66200", "2012-03-31": "-46.27900", "2011-12-31": "-5.52800", "2011-09-30": "106.66800", "2011-06-30": "23.48800", "2011-03-31": "-61.18400", "2010-12-31": "-29.41180", "2010-09-30": "50.43200", "2010-06-30": "1.21000", "2010-03-31": "-36.77000", "2009-12-31": "1.38990", "2009-09-30": "82.70400", "2009-06-30": "65.68400", "2009-03-31": "-1.32600", "2008-12-31": "-184.42820", "2008-09-30": "128.30300", "2008-06-30": "238.46900", "2008-03-31": "66.75800", "2007-12-31": "145.73690", "2007-09-30": "214.30100", "2007-06-30": "217.23300", "2007-03-31": "137.14610", "2006-12-31": "171.59890", "2006-09-30": "206.35200", "2006-06-30": "218.12400", "2006-03-31": "99.01400", "2005-12-31": "120.65720", "2005-09-30": "164.90590", "2005-06-30": "153.50500", "2005-03-31": "37.76800"}, "Basic Shares Outstanding": {"2020-09-30": "132.57300", "2020-06-30": "132.55200", "2020-03-31": "132.56700", "2019-12-31": "132.30000", "2019-09-30": "132.41400", "2019-06-30": "132.26900", "2019-03-31": "132.04300", "2018-12-31": "132.39300", "2018-09-30": "132.39200", "2018-06-30": "132.43700", "2018-03-31": "132.69000", "2017-12-31": "132.51300", "2017-09-30": "132.48400", "2017-06-30": "132.41300", "2017-03-31": "132.63600", "2016-12-31": "133.20500", "2016-09-30": "133.01900", "2016-06-30": "133.41900", "2016-03-31": "133.82100", "2015-12-31": "133.21000", "2015-09-30": "133.47400", "2015-06-30": "133.10300", "2015-03-31": "132.65900", "2014-12-31": "131.46100", "2014-09-30": "131.79700", "2014-06-30": "131.14900", "2014-03-31": "130.81000", "2013-12-31": "130.27200", "2013-09-30": "130.26600", "2013-06-30": "130.25000", "2013-03-31": "130.18600", "2012-12-31": "129.74500", "2012-09-30": "129.75300", "2012-06-30": "129.67600", "2012-03-31": "129.59300", "2011-12-31": "129.38100", "2011-09-30": "129.49300", "2011-06-30": "129.44600", "2011-03-31": "129.07800", "2010-12-31": "128.05000", "2010-09-30": "128.60200", "2010-06-30": "128.16800", "2010-03-31": "126.69200", "2009-12-31": "118.89100", "2009-09-30": "125.36100", "2009-06-30": "113.47700", "2009-03-31": "110.59800", "2008-12-31": "109.77400", "2008-09-30": "110.11400", "2008-06-30": "109.92200", "2008-03-31": "108.64400", "2007-12-31": "97.03600", "2007-09-30": "95.76300", "2007-06-30": "95.57800", "2007-03-31": "95.17200", "2006-12-31": "97.57700", "2006-09-30": "95.70800", "2006-06-30": "99.43000", "2006-03-31": "100.55200", "2005-12-31": "102.17900", "2005-09-30": "102.32000", "2005-06-30": "102.25900", "2005-03-31": "102.93500"}, "Shares Outstanding": {"2020-09-30": "133.26800", "2020-06-30": "133.11500", "2020-03-31": "133.25900", "2019-12-31": "133.38500", "2019-09-30": "133.37500", "2019-06-30": "133.35400", "2019-03-31": "133.05400", "2018-12-31": "133.92600", "2018-09-30": "133.89400", "2018-06-30": "134.05100", "2018-03-31": "134.35900", "2017-12-31": "134.87800", "2017-09-30": "134.76500", "2017-06-30": "134.73500", "2017-03-31": "134.96800", "2016-12-31": "135.79000", "2016-09-30": "135.82300", "2016-06-30": "136.20800", "2016-03-31": "136.10000", "2015-12-31": "135.09300", "2015-09-30": "135.55800", "2015-06-30": "135.23400", "2015-03-31": "132.65900", "2014-12-31": "132.99100", "2014-09-30": "133.36900", "2014-06-30": "132.87600", "2014-03-31": "132.31400", "2013-12-31": "131.46700", "2013-09-30": "131.32000", "2013-06-30": "131.33200", "2013-03-31": "130.18600", "2012-12-31": "129.74500", "2012-09-30": "130.21500", "2012-06-30": "129.67600", "2012-03-31": "129.59300", "2011-12-31": "129.38100", "2011-09-30": "129.76800", "2011-06-30": "129.44600", "2011-03-31": "129.07800", "2010-12-31": "128.05000", "2010-09-30": "128.91000", "2010-06-30": "128.16800", "2010-03-31": "126.69200", "2009-12-31": "119.43000", "2009-09-30": "125.85900", "2009-06-30": "113.82900", "2009-03-31": "110.59800", "2008-12-31": "110.95400", "2008-09-30": "111.27000", "2008-06-30": "111.11700", "2008-03-31": "109.89800", "2007-12-31": "99.40300", "2007-09-30": "97.88800", "2007-06-30": "98.15700", "2007-03-31": "97.77800", "2006-12-31": "99.77700", "2006-09-30": "97.67900", "2006-06-30": "101.63600", "2006-03-31": "102.34600", "2005-12-31": "104.08500", "2005-09-30": "104.39700", "2005-06-30": "104.02600", "2005-03-31": "104.61200"}, "Basic EPS": {"2020-09-30": "1.51000", "2020-06-30": "1.58000", "2020-03-31": "0.45000", "2019-12-31": "1.07000", "2019-09-30": "1.63000", "2019-06-30": "1.49000", "2019-03-31": "0.48000", "2018-12-31": "0.94000", "2018-09-30": "1.35000", "2018-06-30": "1.21000", "2018-03-31": "0.40000", "2017-12-31": "2.47000", "2017-09-30": "0.82000", "2017-06-30": "0.91000", "2017-03-31": "0.34000", "2016-12-31": "0.85000", "2016-09-30": "1.07000", "2016-06-30": "0.93000", "2016-03-31": "0.30000", "2015-12-31": "0.67000", "2015-09-30": "0.93000", "2015-06-30": "0.36000", "2015-03-31": "-0.30000", "2014-12-31": "0.29000", "2014-09-30": "0.51000", "2014-06-30": "0.35000", "2014-03-31": "0.41000", "2013-12-31": "0.07000", "2013-09-30": "0.32000", "2013-06-30": "0.22000", "2013-03-31": "-0.42000", "2012-12-31": "0.02000", "2012-09-30": "0.11000", "2012-06-30": "-0.14000", "2012-03-31": "-0.40000", "2011-12-31": "-0.22000", "2011-09-30": "0.15000", "2011-06-30": "-0.06000", "2011-03-31": "-0.42000", "2010-12-31": "-0.35000", "2010-09-30": "0.10000", "2010-06-30": "-0.19000", "2010-03-31": "-0.31000", "2009-12-31": "-0.08000", "2009-09-30": "0.43000", "2009-06-30": "0.20000", "2009-03-31": "-0.30000", "2008-12-31": "-1.94000", "2008-09-30": "0.54000", "2008-06-30": "1.28000", "2008-03-31": "0.13000", "2007-12-31": "0.82000", "2007-09-30": "1.41000", "2007-06-30": "1.49000", "2007-03-31": "0.93000", "2006-12-31": "1.19000", "2006-09-30": "1.42000", "2006-06-30": "1.51000", "2006-03-31": "0.70000", "2005-12-31": "0.90000", "2005-09-30": "1.19000", "2005-06-30": "1.19000", "2005-03-31": "0.53000"}, "EPS - Earnings Per Share": {"2020-09-30": "1.50000", "2020-06-30": "1.58000", "2020-03-31": "0.45000", "2019-12-31": "1.05000", "2019-09-30": "1.62000", "2019-06-30": "1.48000", "2019-03-31": "0.48000", "2018-12-31": "0.93000", "2018-09-30": "1.34000", "2018-06-30": "1.19000", "2018-03-31": "0.39000", "2017-12-31": "2.43000", "2017-09-30": "0.81000", "2017-06-30": "0.89000", "2017-03-31": "0.33000", "2016-12-31": "0.82000", "2016-09-30": "1.05000", "2016-06-30": "0.92000", "2016-03-31": "0.30000", "2015-12-31": "0.67000", "2015-09-30": "0.91000", "2015-06-30": "0.36000", "2015-03-31": "-0.30000", "2014-12-31": "0.28000", "2014-09-30": "0.50000", "2014-06-30": "0.35000", "2014-03-31": "0.41000", "2013-12-31": "0.08000", "2013-09-30": "0.31000", "2013-06-30": "0.22000", "2013-03-31": "-0.42000", "2012-12-31": "0.02000", "2012-09-30": "0.11000", "2012-06-30": "-0.14000", "2012-03-31": "-0.40000", "2011-12-31": "-0.22000", "2011-09-30": "0.15000", "2011-06-30": "-0.06000", "2011-03-31": "-0.42000", "2010-12-31": "-0.35000", "2010-09-30": "0.10000", "2010-06-30": "-0.19000", "2010-03-31": "-0.31000", "2009-12-31": "-0.08000", "2009-09-30": "0.43000", "2009-06-30": "0.20000", "2009-03-31": "-0.30000", "2008-12-31": "-1.92000", "2008-09-30": "0.53000", "2008-06-30": "1.27000", "2008-03-31": "0.13000", "2007-12-31": "0.80000", "2007-09-30": "1.38000", "2007-06-30": "1.45000", "2007-03-31": "0.91000", "2006-12-31": "1.16000", "2006-09-30": "1.39000", "2006-06-30": "1.48000", "2006-03-31": "0.68000", "2005-12-31": "0.88000", "2005-09-30": "1.17000", "2005-06-30": "1.17000", "2005-03-31": "0.52000"}}, "balance sheet": {"Cash On Hand": {"2019-12-31": "274.50600", "2018-12-31": "44.40400", "2017-12-31": "146.64600", "2016-12-31": "268.01900", "2015-12-31": "285.21000", "2014-12-31": "141.27300", "2013-12-31": "193.73800", "2012-12-31": "275.47800", "2011-12-31": "155.92000", "2010-12-31": "48.08800", "2009-12-31": "26.37600", "2008-12-31": "46.92800", "2007-12-31": "34.88800", "2006-12-31": "55.23000", "2005-12-31": "450.27800"}, "Receivables": {"2019-12-31": "570.11600", "2018-12-31": "540.77800", "2017-12-31": "588.33700", "2016-12-31": "491.82100", "2015-12-31": "418.02400", "2014-12-31": "373.84200", "2013-12-31": "339.62100", "2012-12-31": "296.98000", "2011-12-31": "314.89300", "2010-12-31": "317.79800", "2009-12-31": "268.02400", "2008-12-31": "356.97700", "2007-12-31": "421.86100", "2006-12-31": "391.46000", "2005-12-31": "476.37000"}, "Inventory": {"2019-12-31": "458.30800", "2018-12-31": "429.33000", "2017-12-31": "384.33800", "2016-12-31": "345.61600", "2015-12-31": "347.07300", "2014-12-31": "321.80400", "2013-12-31": "344.60600", "2012-12-31": "335.02200", "2011-12-31": "327.65700", "2010-12-31": "319.84500", "2009-12-31": "325.03300", "2008-12-31": "364.31100", "2007-12-31": "356.31800", "2006-12-31": "243.53700", "2005-12-31": "197.75200"}, "Pre-Paid Expenses": {"2019-12-31": "", "2018-12-31": "", "2017-12-31": "", "2016-12-31": "31.72600", "2015-12-31": "34.28400", "2014-12-31": "28.64000", "2013-12-31": "22.54900", "2012-12-31": "21.71300", "2011-12-31": "21.59800", "2010-12-31": "20.10900", "2009-12-31": "42.36700", "2008-12-31": "54.46900", "2007-12-31": "40.17700", "2006-12-31": "15.38800", "2005-12-31": "17.13800"}, "Other Current Assets": {"2019-12-31": "76.39600", "2018-12-31": "64.63300", "2017-12-31": "60.78000", "2016-12-31": "", "2015-12-31": "", "2014-12-31": "15.18400", "2013-12-31": "10.55900", "2012-12-31": "15.08300", "2011-12-31": "", "2010-12-31": "13.20700", "2009-12-31": "15.07200", "2008-12-31": "", "2007-12-31": "259.77500", "2006-12-31": "", "2005-12-31": ""}, "Total Current Assets": {"2019-12-31": "1379.32600", "2018-12-31": "1079.14500", "2017-12-31": "1180.10100", "2016-12-31": "1137.18200", "2015-12-31": "1084.59100", "2014-12-31": "920.46900", "2013-12-31": "951.49600", "2012-12-31": "984.97200", "2011-12-31": "863.10000", "2010-12-31": "773.75100", "2009-12-31": "732.88900", "2008-12-31": "893.89000", "2007-12-31": "1157.22900", "2006-12-31": "731.19400", "2005-12-31": "1164.58400"}, "Property, Plant, And Equipment": {"2019-12-31": "4316.03800", "2018-12-31": "4237.30700", "2017-12-31": "3918.93100", "2016-12-31": "3261.43800", "2015-12-31": "3156.29000", "2014-12-31": "3071.63000", "2013-12-31": "3312.01700", "2012-12-31": "3159.18500", "2011-12-31": "3418.17900", "2010-12-31": "3632.91400", "2009-12-31": "3874.67100", "2008-12-31": "4155.81200", "2007-12-31": "3620.09400", "2006-12-31": "1869.11400", "2005-12-31": "1603.96700"}, "Long-Term Investments": {"2019-12-31": "60.70900", "2018-12-31": "44.61500", "2017-12-31": "35.11500", "2016-12-31": "39.22600", "2015-12-31": "40.55800", "2014-12-31": "41.65000", "2013-12-31": "42.38700", "2012-12-31": "42.08100", "2011-12-31": "29.00400", "2010-12-31": "37.38600", "2009-12-31": "33.28300", "2008-12-31": "27.99800", "2007-12-31": "25.44500", "2006-12-31": "6.66400", "2005-12-31": "6.94200"}, "Goodwill And Intangible Assets": {"2019-12-31": "4258.53600", "2018-12-31": "4260.77400", "2017-12-31": "4185.95100", "2016-12-31": "3863.87600", "2015-12-31": "3861.40300", "2014-12-31": "3853.06700", "2013-12-31": "3779.09900", "2012-12-31": "3779.24800", "2011-12-31": "3784.21800", "2010-12-31": "3788.70900", "2009-12-31": "3778.94300", "2008-12-31": "3759.26000", "2007-12-31": "3911.01500", "2006-12-31": "690.48500", "2005-12-31": "617.08300"}, "Other Long-Term Assets": {"2019-12-31": "225.99500", "2018-12-31": "210.28900", "2017-12-31": "184.79300", "2016-12-31": "169.75300", "2015-12-31": "158.79000", "2014-12-31": "154.28100", "2013-12-31": "174.14400", "2012-12-31": "161.11300", "2011-12-31": "134.81300", "2010-12-31": "106.77600", "2009-12-31": "105.08500", "2008-12-31": "79.66400", "2007-12-31": "222.58700", "2006-12-31": "130.37700", "2005-12-31": "197.84700"}, "Total Long-Term Assets": {"2019-12-31": "9269.46800", "2018-12-31": "8752.98500", "2017-12-31": "8324.79000", "2016-12-31": "7334.29300", "2015-12-31": "7217.04100", "2014-12-31": "7120.62800", "2013-12-31": "7307.64700", "2012-12-31": "7141.62700", "2011-12-31": "7366.21400", "2010-12-31": "7565.78500", "2009-12-31": "7791.98200", "2008-12-31": "8022.73400", "2007-12-31": "7779.14100", "2006-12-31": "2696.64000", "2005-12-31": "2425.83900"}, "Total Assets": {"2019-12-31": "10648.79000", "2018-12-31": "9832.13000", "2017-12-31": "9504.89100", "2016-12-31": "8471.47500", "2015-12-31": "8301.63200", "2014-12-31": "8041.09700", "2013-12-31": "8259.14300", "2012-12-31": "8126.59900", "2011-12-31": "8229.31400", "2010-12-31": "8339.53600", "2009-12-31": "8524.87100", "2008-12-31": "8916.62400", "2007-12-31": "8936.37000", "2006-12-31": "3427.83400", "2005-12-31": "3590.42300"}, "Total Current Liabilities": {"2019-12-31": "535.56300", "2018-12-31": "602.55000", "2017-12-31": "442.87200", "2016-12-31": "372.24400", "2015-12-31": "353.47900", "2014-12-31": "451.87800", "2013-12-31": "299.13500", "2012-12-31": "436.41100", "2011-12-31": "406.25300", "2010-12-31": "582.34800", "2009-12-31": "856.69500", "2008-12-31": "1663.06600", "2007-12-31": "2528.18700", "2006-12-31": "487.50800", "2005-12-31": "570.74900"}, "Long Term Debt": {"2019-12-31": "2784.31500", "2018-12-31": "2779.35700", "2017-12-31": "2813.48200", "2016-12-31": "1982.75100", "2015-12-31": "1980.33400", "2014-12-31": "1834.64200", "2013-12-31": "2522.24300", "2012-12-31": "2526.40100", "2011-12-31": "2680.67700", "2010-12-31": "2427.51600", "2009-12-31": "2116.12000", "2008-12-31": "2153.58800", "2007-12-31": "1529.82800", "2006-12-31": "322.06400", "2005-12-31": "323.39200"}, "Other Non-Current Liabilities": {"2019-12-31": "305.03000", "2018-12-31": "322.17500", "2017-12-31": "320.92600", "2016-12-31": "335.74700", "2015-12-31": "332.91600", "2014-12-31": "321.44900", "2013-12-31": "324.99300", "2012-12-31": "243.84900", "2011-12-31": "238.15800", "2010-12-31": "246.12900", "2009-12-31": "265.49500", "2008-12-31": "286.99800", "2007-12-31": "255.00800", "2006-12-31": "164.18400", "2005-12-31": "153.55600"}, "Total Long Term Liabilities": {"2019-12-31": "4491.37300", "2018-12-31": "4026.67700", "2017-12-31": "4093.12600", "2016-12-31": "3526.75500", "2015-12-31": "3493.96500", "2014-12-31": "3412.52000", "2013-12-31": "4021.90200", "2012-12-31": "3929.12600", "2011-12-31": "4031.44400", "2010-12-31": "3801.39000", "2009-12-31": "3630.93900", "2008-12-31": "3699.80600", "2007-12-31": "2648.58300", "2006-12-31": "929.42710", "2005-12-31": "886.02500"}, "Total Liabilities": {"2019-12-31": "5026.93600", "2018-12-31": "4629.22700", "2017-12-31": "4535.99800", "2016-12-31": "3898.99900", "2015-12-31": "3847.44400", "2014-12-31": "3864.39800", "2013-12-31": "4321.03700", "2012-12-31": "4365.53700", "2011-12-31": "4437.69700", "2010-12-31": "4383.73800", "2009-12-31": "4487.63400", "2008-12-31": "5362.87200", "2007-12-31": "5176.77000", "2006-12-31": "1416.93500", "2005-12-31": "1456.77400"}, "Common Stock Net": {"2019-12-31": "132.37100", "2018-12-31": "131.76200", "2017-12-31": "132.32400", "2016-12-31": "132.33900", "2015-12-31": "133.17200", "2014-12-31": "131.90700", "2013-12-31": "130.20000", "2012-12-31": "129.72100", "2011-12-31": "129.24500", "2010-12-31": "128.57000", "2009-12-31": "125.91200", "2008-12-31": "110.27000", "2007-12-31": "108.23400", "2006-12-31": "139.70500", "2005-12-31": "139.70500"}, "Retained Earnings (Accumulated Deficit)": {"2019-12-31": "2895.87100", "2018-12-31": "2444.87000", "2017-12-31": "2180.44800", "2016-12-31": "1771.51800", "2015-12-31": "1618.50700", "2014-12-31": "1471.84500", "2013-12-31": "1295.83400", "2012-12-31": "1276.64900", "2011-12-31": "1334.47600", "2010-12-31": "1503.68100", "2009-12-31": "1737.45500", "2008-12-31": "1893.92900", "2007-12-31": "2083.71800", "2006-12-31": "2982.52600", "2005-12-31": "2644.53500"}, "Comprehensive Income": {"2019-12-31": "-197.73800", "2018-12-31": "-172.21500", "2017-12-31": "-149.46600", "2016-12-31": "-139.37600", "2015-12-31": "-120.06900", "2014-12-31": "-161.71400", "2013-12-31": "-99.63100", "2012-12-31": "-225.51700", "2011-12-31": "-216.84400", "2010-12-31": "-177.33900", "2009-12-31": "-194.35800", "2008-12-31": "-185.28200", "2007-12-31": "-40.21700", "2006-12-31": "-4.95300", "2005-12-31": "-2.21300"}, "Other Share Holders Equity": {"2019-12-31": "", "2018-12-31": "", "2017-12-31": "", "2016-12-31": "", "2015-12-31": "", "2014-12-31": "", "2013-12-31": "", "2012-12-31": "", "2011-12-31": "", "2010-12-31": "", "2009-12-31": "", "2008-12-31": "", "2007-12-31": "", "2006-12-31": "", "2005-12-31": ""}, "Share Holder Equity": {"2019-12-31": "5621.85700", "2018-12-31": "5202.90300", "2017-12-31": "4968.89300", "2016-12-31": "4572.47600", "2015-12-31": "4454.18800", "2014-12-31": "4176.69900", "2013-12-31": "3938.10600", "2012-12-31": "3761.06200", "2011-12-31": "3791.61700", "2010-12-31": "3955.79800", "2009-12-31": "4037.23700", "2008-12-31": "3553.75200", "2007-12-31": "3759.60000", "2006-12-31": "2010.89900", "2005-12-31": "2133.64900"}, "Total Liabilities And Share Holders Equity": {"2019-12-31": "10648.79000", "2018-12-31": "9832.13000", "2017-12-31": "9504.89100", "2016-12-31": "8471.47500", "2015-12-31": "8301.63200", "2014-12-31": "8041.09700", "2013-12-31": "8259.14300", "2012-12-31": "8126.59900", "2011-12-31": "8229.31400", "2010-12-31": "8339.53600", "2009-12-31": "8524.87100", "2008-12-31": "8916.62400", "2007-12-31": "8936.37000", "2006-12-31": "3427.83400", "2005-12-31": "3590.42300"}}, "balance sheet, quarterly": {"Cash On Hand": {"2020-09-30": "1084.73000", "2020-06-30": "817.19900", "2020-03-31": "120.27300", "2019-12-31": "274.50600", "2019-09-30": "91.10200", "2019-06-30": "26.52200", "2019-03-31": "31.10800", "2018-12-31": "44.40400", "2018-09-30": "43.06900", "2018-06-30": "61.11500", "2018-03-31": "46.51400", "2017-12-31": "146.64600", "2017-09-30": "701.16300", "2017-06-30": "1129.79900", "2017-03-31": "286.95700", "2016-12-31": "268.01900", "2016-09-30": "135.36500", "2016-06-30": "91.90200", "2016-03-31": "191.88600", "2015-12-31": "285.21000", "2015-09-30": "168.68100", "2015-06-30": "74.73600", "2015-03-31": "392.65700", "2014-12-31": "141.27300", "2014-09-30": "91.86800", "2014-06-30": "289.77100", "2014-03-31": "331.79700", "2013-12-31": "193.73800", "2013-09-30": "245.81300", "2013-06-30": "86.97900", "2013-03-31": "188.08100", "2012-12-31": "275.47800", "2012-09-30": "243.12600", "2012-06-30": "158.30100", "2012-03-31": "191.17200", "2011-12-31": "155.92000", "2011-09-30": "152.46000", "2011-06-30": "106.85300", "2011-03-31": "63.27300", "2010-12-31": "48.08800", "2010-09-30": "86.93700", "2010-06-30": "49.82900", "2010-03-31": "43.69200", "2009-12-31": "26.37600", "2009-09-30": "53.35000", "2009-06-30": "50.46600", "2009-03-31": "58.97600", "2008-12-31": "46.92800", "2008-09-30": "127.96100", "2008-06-30": "151.21000", "2008-03-31": "51.02300", "2007-12-31": "34.88800", "2007-09-30": "31.07900", "2007-06-30": "34.59300", "2007-03-31": "69.96000", "2006-12-31": "55.23000", "2006-09-30": "68.65100", "2006-06-30": "71.19100", "2006-03-31": "149.30800", "2005-12-31": "450.27800", "2005-09-30": "446.31400", "2005-06-30": "535.11400", "2005-03-31": "397.96700"}, "Receivables": {"2020-09-30": "644.20700", "2020-06-30": "695.86000", "2020-03-31": "597.66500", "2019-12-31": "570.11600", "2019-09-30": "724.94000", "2019-06-30": "697.33100", "2019-03-31": "560.53000", "2018-12-31": "540.77800", "2018-09-30": "645.71500", "2018-06-30": "638.11400", "2018-03-31": "489.43600", "2017-12-31": "588.33700", "2017-09-30": "579.20200", "2017-06-30": "570.08600", "2017-03-31": "468.83300", "2016-12-31": "491.82100", "2016-09-30": "531.98200", "2016-06-30": "532.79500", "2016-03-31": "443.76300", "2015-12-31": "418.02400", "2015-09-30": "552.98500", "2015-06-30": "490.41100", "2015-03-31": "369.95200", "2014-12-31": "373.84200", "2014-09-30": "479.74800", "2014-06-30": "434.33200", "2014-03-31": "348.33700", "2013-12-31": "339.62100", "2013-09-30": "445.23000", "2013-06-30": "404.68200", "2013-03-31": "322.17200", "2012-12-31": "296.98000", "2012-09-30": "397.41400", "2012-06-30": "390.13100", "2012-03-31": "318.17600", "2011-12-31": "314.89300", "2011-09-30": "430.03900", "2011-06-30": "389.78200", "2011-03-31": "278.12600", "2010-12-31": "317.79800", "2010-09-30": "404.93400", "2010-06-30": "389.32300", "2010-03-31": "291.41200", "2009-12-31": "268.02400", "2009-09-30": "399.01300", "2009-06-30": "385.50100", "2009-03-31": "330.06300", "2008-12-31": "356.97700", "2008-09-30": "519.19500", "2008-06-30": "523.30300", "2008-03-31": "437.27500", "2007-12-31": "421.86100", "2007-09-30": "454.02300", "2007-06-30": "460.91900", "2007-03-31": "392.01600", "2006-12-31": "391.46000", "2006-09-30": "478.78400", "2006-06-30": "608.24600", "2006-03-31": "502.01900", "2005-12-31": "476.37000", "2005-09-30": "536.54300", "2005-06-30": "426.02300", "2005-03-31": "290.79200"}, "Inventory": {"2020-09-30": "455.46100", "2020-06-30": "451.48000", "2020-03-31": "470.74700", "2019-12-31": "458.30800", "2019-09-30": "429.66000", "2019-06-30": "441.42300", "2019-03-31": "429.39700", "2018-12-31": "429.33000", "2018-09-30": "408.65200", "2018-06-30": "403.76400", "2018-03-31": "399.75400", "2017-12-31": "384.33800", "2017-09-30": "365.82600", "2017-06-30": "374.92900", "2017-03-31": "363.39900", "2016-12-31": "345.61600", "2016-09-30": "338.04200", "2016-06-30": "347.86600", "2016-03-31": "337.75800", "2015-12-31": "347.07300", "2015-09-30": "326.70600", "2015-06-30": "341.82800", "2015-03-31": "333.69200", "2014-12-31": "321.80400", "2014-09-30": "306.58400", "2014-06-30": "309.71400", "2014-03-31": "305.83300", "2013-12-31": "344.60600", "2013-09-30": "328.17900", "2013-06-30": "340.48700", "2013-03-31": "340.57400", "2012-12-31": "335.02200", "2012-09-30": "336.97800", "2012-06-30": "334.60600", "2012-03-31": "341.33300", "2011-12-31": "327.65700", "2011-09-30": "317.77700", "2011-06-30": "329.26500", "2011-03-31": "329.18700", "2010-12-31": "319.84500", "2010-09-30": "316.24400", "2010-06-30": "311.34000", "2010-03-31": "307.60100", "2009-12-31": "325.03300", "2009-09-30": "331.69500", "2009-06-30": "363.58300", "2009-03-31": "361.82000", "2008-12-31": "364.31100", "2008-09-30": "372.08100", "2008-06-30": "383.50000", "2008-03-31": "384.83600", "2007-12-31": "356.31800", "2007-09-30": "266.52200", "2007-06-30": "286.11200", "2007-03-31": "266.41600", "2006-12-31": "243.53700", "2006-09-30": "238.09700", "2006-06-30": "234.66300", "2006-03-31": "232.43800", "2005-12-31": "197.75200", "2005-09-30": "185.87900", "2005-06-30": "191.33500", "2005-03-31": "195.34300"}, "Pre-Paid Expenses": {"2020-09-30": "", "2020-06-30": "", "2020-03-31": "", "2019-12-31": "", "2019-09-30": "", "2019-06-30": "", "2019-03-31": "", "2018-12-31": "", "2018-09-30": "", "2018-06-30": "", "2018-03-31": "", "2017-12-31": "", "2017-09-30": "", "2017-06-30": "", "2017-03-31": "38.57300", "2016-12-31": "31.72600", "2016-09-30": "71.37000", "2016-06-30": "50.84400", "2016-03-31": "34.09600", "2015-12-31": "34.28400", "2015-09-30": "56.01700", "2015-06-30": "75.66300", "2015-03-31": "58.48300", "2014-12-31": "28.64000", "2014-09-30": "34.67300", "2014-06-30": "27.30900", "2014-03-31": "28.18400", "2013-12-31": "22.54900", "2013-09-30": "31.85400", "2013-06-30": "27.30000", "2013-03-31": "24.76200", "2012-12-31": "21.71300", "2012-09-30": "26.38400", "2012-06-30": "24.84000", "2012-03-31": "24.57400", "2011-12-31": "21.59800", "2011-09-30": "27.80900", "2011-06-30": "22.39400", "2011-03-31": "25.03500", "2010-12-31": "20.10900", "2010-09-30": "34.27900", "2010-06-30": "33.97200", "2010-03-31": "43.08800", "2009-12-31": "42.36700", "2009-09-30": "33.46600", "2009-06-30": "58.42500", "2009-03-31": "60.84000", "2008-12-31": "54.46900", "2008-09-30": "42.93800", "2008-06-30": "19.39200", "2008-03-31": "69.53700", "2007-12-31": "40.17700", "2007-09-30": "39.36400", "2007-06-30": "14.71100", "2007-03-31": "15.01600", "2006-12-31": "15.38800", "2006-09-30": "27.07000", "2006-06-30": "13.83000", "2006-03-31": "16.37800", "2005-12-31": "17.13800", "2005-09-30": "20.64300", "2005-06-30": "13.47000", "2005-03-31": "15.98100"}, "Other Current Assets": {"2020-09-30": "80.93500", "2020-06-30": "65.57100", "2020-03-31": "88.09500", "2019-12-31": "76.39600", "2019-09-30": "78.54000", "2019-06-30": "89.73900", "2019-03-31": "62.81600", "2018-12-31": "64.63300", "2018-09-30": "78.47600", "2018-06-30": "80.20900", "2018-03-31": "75.49500", "2017-12-31": "60.78000", "2017-09-30": "100.78100", "2017-06-30": "109.99800", "2017-03-31": "", "2016-12-31": "", "2016-09-30": "", "2016-06-30": "", "2016-03-31": "", "2015-12-31": "", "2015-09-30": "", "2015-06-30": "", "2015-03-31": "", "2014-12-31": "15.18400", "2014-09-30": "", "2014-06-30": "", "2014-03-31": "", "2013-12-31": "10.55900", "2013-09-30": "10.55900", "2013-06-30": "12.92600", "2013-03-31": "12.92900", "2012-12-31": "15.08300", "2012-09-30": "", "2012-06-30": "", "2012-03-31": "", "2011-12-31": "", "2011-09-30": "26.88300", "2011-06-30": "", "2011-03-31": "13.28100", "2010-12-31": "13.20700", "2010-09-30": "14.58200", "2010-06-30": "14.86400", "2010-03-31": "14.83900", "2009-12-31": "15.07200", "2009-09-30": "", "2009-06-30": "", "2009-03-31": "", "2008-12-31": "", "2008-09-30": "", "2008-06-30": "", "2008-03-31": "148.72700", "2007-12-31": "259.77500", "2007-09-30": "", "2007-06-30": "", "2007-03-31": "", "2006-12-31": "", "2006-09-30": "", "2006-06-30": "", "2006-03-31": "", "2005-12-31": "", "2005-09-30": "", "2005-06-30": "", "2005-03-31": "475.53600"}, "Total Current Assets": {"2020-09-30": "2265.33300", "2020-06-30": "2030.11000", "2020-03-31": "1276.78000", "2019-12-31": "1379.32600", "2019-09-30": "1324.24200", "2019-06-30": "1255.01500", "2019-03-31": "1083.85100", "2018-12-31": "1079.14500", "2018-09-30": "1175.91200", "2018-06-30": "1183.20200", "2018-03-31": "1011.19900", "2017-12-31": "1180.10100", "2017-09-30": "1746.97200", "2017-06-30": "2184.81200", "2017-03-31": "1157.76200", "2016-12-31": "1137.18200", "2016-09-30": "1076.75900", "2016-06-30": "1023.40700", "2016-03-31": "1007.50300", "2015-12-31": "1084.59100", "2015-09-30": "1143.69000", "2015-06-30": "1022.20000", "2015-03-31": "1194.66500", "2014-12-31": "920.46900", "2014-09-30": "954.61800", "2014-06-30": "1101.98400", "2014-03-31": "1053.74200", "2013-12-31": "951.49600", "2013-09-30": "1100.96100", "2013-06-30": "911.64900", "2013-03-31": "927.36200", "2012-12-31": "984.97200", "2012-09-30": "1049.25500", "2012-06-30": "951.23500", "2012-03-31": "918.64900", "2011-12-31": "863.10000", "2011-09-30": "1003.71100", "2011-06-30": "893.99800", "2011-03-31": "766.89500", "2010-12-31": "773.75100", "2010-09-30": "921.74400", "2010-06-30": "856.90300", "2010-03-31": "755.67200", "2009-12-31": "732.88900", "2009-09-30": "885.49100", "2009-06-30": "927.05500", "2009-03-31": "882.14100", "2008-12-31": "893.89000", "2008-09-30": "1125.54500", "2008-06-30": "1139.47900", "2008-03-31": "1159.92000", "2007-12-31": "1157.22900", "2007-09-30": "821.39000", "2007-06-30": "814.86600", "2007-03-31": "765.57300", "2006-12-31": "731.19400", "2006-09-30": "831.16400", "2006-06-30": "947.21100", "2006-03-31": "921.10200", "2005-12-31": "1164.58400", "2005-09-30": "1231.82500", "2005-06-30": "1202.20600", "2005-03-31": "1410.44400"}, "Property, Plant, And Equipment": {"2020-09-30": "4343.79900", "2020-06-30": "4383.01000", "2020-03-31": "4401.08800", "2019-12-31": "4316.03800", "2019-09-30": "4287.34500", "2019-06-30": "4290.68200", "2019-03-31": "4275.33800", "2018-12-31": "4237.30700", "2018-09-30": "4188.72300", "2018-06-30": "4106.41400", "2018-03-31": "4025.86500", "2017-12-31": "3918.93100", "2017-09-30": "3537.70100", "2017-06-30": "3538.80800", "2017-03-31": "3451.82100", "2016-12-31": "3261.43800", "2016-09-30": "3228.29300", "2016-06-30": "3217.37100", "2016-03-31": "3197.82700", "2015-12-31": "3156.29000", "2015-09-30": "3119.62700", "2015-06-30": "3115.52400", "2015-03-31": "3084.09300", "2014-12-31": "3071.63000", "2014-09-30": "3068.57000", "2014-06-30": "2901.76200", "2014-03-31": "2893.29000", "2013-12-31": "3312.01700", "2013-09-30": "3214.46000", "2013-06-30": "3215.34100", "2013-03-31": "3168.17500", "2012-12-31": "3159.18500", "2012-09-30": "3212.95200", "2012-06-30": "3278.51100", "2012-03-31": "3349.69400", "2011-12-31": "3418.17900", "2011-09-30": "3443.46800", "2011-06-30": "3542.74500", "2011-03-31": "3592.83000", "2010-12-31": "3632.91400", "2010-09-30": "3677.04800", "2010-06-30": "3717.01500", "2010-03-31": "3793.04100", "2009-12-31": "3874.67100", "2009-09-30": "3965.26000", "2009-06-30": "4028.24800", "2009-03-31": "4089.66800", "2008-12-31": "4155.81200", "2008-09-30": "3720.08500", "2008-06-30": "3721.88400", "2008-03-31": "3688.82000", "2007-12-31": "3620.09400", "2007-09-30": "2052.77000", "2007-06-30": "2005.62300", "2007-03-31": "1956.12000", "2006-12-31": "1869.11400", "2006-09-30": "1765.91600", "2006-06-30": "1715.25200", "2006-03-31": "1665.05300", "2005-12-31": "1603.96700", "2005-09-30": "1590.82600", "2005-06-30": "1575.88500", "2005-03-31": "1568.86600"}, "Long-Term Investments": {"2020-09-30": "41.77800", "2020-06-30": "43.84900", "2020-03-31": "57.98700", "2019-12-31": "60.70900", "2019-09-30": "57.05900", "2019-06-30": "51.66700", "2019-03-31": "50.95200", "2018-12-31": "44.61500", "2018-09-30": "42.94400", "2018-06-30": "41.98900", "2018-03-31": "35.05600", "2017-12-31": "35.11500", "2017-09-30": "35.99900", "2017-06-30": "38.88800", "2017-03-31": "34.31100", "2016-12-31": "39.22600", "2016-09-30": "38.91400", "2016-06-30": "38.92400", "2016-03-31": "38.89500", "2015-12-31": "40.55800", "2015-09-30": "40.51600", "2015-06-30": "41.60300", "2015-03-31": "41.61300", "2014-12-31": "41.65000", "2014-09-30": "42.11700", "2014-06-30": "42.12800", "2014-03-31": "42.13700", "2013-12-31": "42.38700", "2013-09-30": "43.27500", "2013-06-30": "43.19400", "2013-03-31": "41.70700", "2012-12-31": "42.08100", "2012-09-30": "42.22600", "2012-06-30": "28.50600", "2012-03-31": "29.17200", "2011-12-31": "29.00400", "2011-09-30": "28.91700", "2011-06-30": "37.25100", "2011-03-31": "37.27100", "2010-12-31": "37.38600", "2010-09-30": "33.80800", "2010-06-30": "34.07800", "2010-03-31": "33.29800", "2009-12-31": "33.28300", "2009-09-30": "31.42400", "2009-06-30": "30.61400", "2009-03-31": "28.01100", "2008-12-31": "27.99800", "2008-09-30": "25.00300", "2008-06-30": "24.26500", "2008-03-31": "24.74300", "2007-12-31": "25.44500", "2007-09-30": "5.06900", "2007-06-30": "5.00400", "2007-03-31": "2.38300", "2006-12-31": "6.66400", "2006-09-30": "6.98500", "2006-06-30": "6.72900", "2006-03-31": "6.86400", "2005-12-31": "6.94200", "2005-09-30": "6.91900", "2005-06-30": "6.99400", "2005-03-31": "7.12200"}, "Goodwill And Intangible Assets": {"2020-09-30": "4279.20300", "2020-06-30": "4286.70400", "2020-03-31": "4250.57600", "2019-12-31": "4258.53600", "2019-09-30": "4238.39100", "2019-06-30": "4244.04700", "2019-03-31": "4247.24000", "2018-12-31": "4260.77400", "2018-09-30": "4268.96900", "2018-06-30": "4320.85200", "2018-03-31": "4190.99200", "2017-12-31": "4185.95100", "2017-09-30": "3936.60600", "2017-06-30": "3936.41000", "2017-03-31": "3930.35500", "2016-12-31": "3863.87600", "2016-09-30": "3848.13800", "2016-06-30": "3849.16500", "2016-03-31": "3848.19600", "2015-12-31": "3861.40300", "2015-09-30": "3861.51900", "2015-06-30": "3862.81900", "2015-03-31": "3858.89600", "2014-12-31": "3853.06700", "2014-09-30": "3854.18000", "2014-06-30": "3714.96300", "2014-03-31": "3715.39100", "2013-12-31": "3779.09900", "2013-09-30": "3779.17600", "2013-06-30": "3779.99200", "2013-03-31": "3780.70200", "2012-12-31": "3779.24800", "2012-09-30": "3780.02400", "2012-06-30": "3781.68800", "2012-03-31": "3782.56800", "2011-12-31": "3784.21800", "2011-09-30": "3785.41900", "2011-06-30": "3791.52500", "2011-03-31": "3798.06200", "2010-12-31": "3788.70900", "2010-09-30": "3781.99600", "2010-06-30": "3777.35900", "2010-03-31": "3778.17200", "2009-12-31": "3778.94300", "2009-09-30": "3775.06600", "2009-06-30": "3777.07100", "2009-03-31": "3757.79300", "2008-12-31": "3759.26000", "2008-09-30": "4057.11400", "2008-06-30": "4048.36100", "2008-03-31": "4022.16200", "2007-12-31": "3911.01500", "2007-09-30": "650.20500", "2007-06-30": "650.20500", "2007-03-31": "650.20600", "2006-12-31": "690.48500", "2006-09-30": "625.07600", "2006-06-30": "630.80200", "2006-03-31": "628.68300", "2005-12-31": "617.08300", "2005-09-30": "646.83300", "2005-06-30": "636.58200", "2005-03-31": "616.34100"}, "Other Long-Term Assets": {"2020-09-30": "229.19300", "2020-06-30": "228.43300", "2020-03-31": "222.02100", "2019-12-31": "225.99500", "2019-09-30": "221.80300", "2019-06-30": "220.45700", "2019-03-31": "213.09000", "2018-12-31": "210.28900", "2018-09-30": "199.08700", "2018-06-30": "192.32700", "2018-03-31": "190.09900", "2017-12-31": "184.79300", "2017-09-30": "182.05600", "2017-06-30": "171.02500", "2017-03-31": "170.07500", "2016-12-31": "169.75300", "2016-09-30": "165.98100", "2016-06-30": "161.24600", "2016-03-31": "154.60400", "2015-12-31": "158.79000", "2015-09-30": "151.51400", "2015-06-30": "153.73700", "2015-03-31": "147.25800", "2014-12-31": "154.28100", "2014-09-30": "150.16000", "2014-06-30": "150.00100", "2014-03-31": "167.67500", "2013-12-31": "174.14400", "2013-09-30": "172.18400", "2013-06-30": "170.04800", "2013-03-31": "160.52900", "2012-12-31": "161.11300", "2012-09-30": "141.45900", "2012-06-30": "140.13500", "2012-03-31": "135.95600", "2011-12-31": "134.81300", "2011-09-30": "122.01100", "2011-06-30": "121.73600", "2011-03-31": "105.37800", "2010-12-31": "106.77600", "2010-09-30": "106.92200", "2010-06-30": "101.61000", "2010-03-31": "106.62000", "2009-12-31": "105.08500", "2009-09-30": "105.92700", "2009-06-30": "87.33900", "2009-03-31": "80.40600", "2008-12-31": "79.66400", "2008-09-30": "199.37300", "2008-06-30": "200.49300", "2008-03-31": "164.36000", "2007-12-31": "222.58700", "2007-09-30": "205.07400", "2007-06-30": "213.95100", "2007-03-31": "196.63300", "2006-12-31": "130.37700", "2006-09-30": "185.12200", "2006-06-30": "189.50000", "2006-03-31": "185.25500", "2005-12-31": "197.84700", "2005-09-30": "178.31800", "2005-06-30": "234.73100", "2005-03-31": "110.75800"}, "Total Long-Term Assets": {"2020-09-30": "9325.19900", "2020-06-30": "9368.61300", "2020-03-31": "9352.60200", "2019-12-31": "9269.46800", "2019-09-30": "9215.43100", "2019-06-30": "9225.75000", "2019-03-31": "9213.00100", "2018-12-31": "8752.98500", "2018-09-30": "8699.72300", "2018-06-30": "8661.58200", "2018-03-31": "8442.01200", "2017-12-31": "8324.79000", "2017-09-30": "7692.36200", "2017-06-30": "7685.13100", "2017-03-31": "7586.56300", "2016-12-31": "7334.29300", "2016-09-30": "7281.32600", "2016-06-30": "7266.70600", "2016-03-31": "7239.52200", "2015-12-31": "7217.04100", "2015-09-30": "7173.17600", "2015-06-30": "7173.68300", "2015-03-31": "7131.86000", "2014-12-31": "7120.62800", "2014-09-30": "7115.02700", "2014-06-30": "6808.85400", "2014-03-31": "6818.49300", "2013-12-31": "7307.64700", "2013-09-30": "7209.09500", "2013-06-30": "7208.57500", "2013-03-31": "7151.11300", "2012-12-31": "7141.62700", "2012-09-30": "7176.66100", "2012-06-30": "7228.84000", "2012-03-31": "7297.39100", "2011-12-31": "7366.21400", "2011-09-30": "7379.81500", "2011-06-30": "7493.25700", "2011-03-31": "7533.54100", "2010-12-31": "7565.78500", "2010-09-30": "7599.77400", "2010-06-30": "7630.06200", "2010-03-31": "7711.13100", "2009-12-31": "7791.98200", "2009-09-30": "7877.67700", "2009-06-30": "7923.27200", "2009-03-31": "7955.87800", "2008-12-31": "8022.73400", "2008-09-30": "8001.57500", "2008-06-30": "7995.00300", "2008-03-31": "7900.08500", "2007-12-31": "7779.14100", "2007-09-30": "2913.11800", "2007-06-30": "2874.78300", "2007-03-31": "2805.34200", "2006-12-31": "2696.64000", "2006-09-30": "2583.09900", "2006-06-30": "2542.28300", "2006-03-31": "2485.85500", "2005-12-31": "2425.83900", "2005-09-30": "2422.89600", "2005-06-30": "2454.19200", "2005-03-31": "2303.08700"}, "Total Assets": {"2020-09-30": "11590.53000", "2020-06-30": "11398.72000", "2020-03-31": "10629.38000", "2019-12-31": "10648.79000", "2019-09-30": "10539.67000", "2019-06-30": "10480.76000", "2019-03-31": "10296.85000", "2018-12-31": "9832.13000", "2018-09-30": "9875.63500", "2018-06-30": "9844.78400", "2018-03-31": "9453.21100", "2017-12-31": "9504.89100", "2017-09-30": "9439.33400", "2017-06-30": "9869.94300", "2017-03-31": "8744.32400", "2016-12-31": "8471.47500", "2016-09-30": "8358.08500", "2016-06-30": "8290.11300", "2016-03-31": "8247.02500", "2015-12-31": "8301.63200", "2015-09-30": "8316.86600", "2015-06-30": "8195.88300", "2015-03-31": "8326.52500", "2014-12-31": "8041.09700", "2014-09-30": "8069.64500", "2014-06-30": "7910.83800", "2014-03-31": "7872.23500", "2013-12-31": "8259.14300", "2013-09-30": "8310.05600", "2013-06-30": "8120.22400", "2013-03-31": "8078.47500", "2012-12-31": "8126.59900", "2012-09-30": "8225.91600", "2012-06-30": "8180.07500", "2012-03-31": "8216.03900", "2011-12-31": "8229.31400", "2011-09-30": "8383.52600", "2011-06-30": "8387.25500", "2011-03-31": "8300.43600", "2010-12-31": "8339.53600", "2010-09-30": "8521.51800", "2010-06-30": "8486.96500", "2010-03-31": "8466.80300", "2009-12-31": "8524.87100", "2009-09-30": "8763.16800", "2009-06-30": "8850.32700", "2009-03-31": "8838.01900", "2008-12-31": "8916.62400", "2008-09-30": "9127.12000", "2008-06-30": "9134.48200", "2008-03-31": "9060.00500", "2007-12-31": "8936.37000", "2007-09-30": "3734.50800", "2007-06-30": "3689.64900", "2007-03-31": "3570.91500", "2006-12-31": "3427.83400", "2006-09-30": "3414.26300", "2006-06-30": "3489.49400", "2006-03-31": "3406.95700", "2005-12-31": "3590.42300", "2005-09-30": "3654.72100", "2005-06-30": "3656.39800", "2005-03-31": "3713.53100"}, "Total Current Liabilities": {"2020-09-30": "1069.89300", "2020-06-30": "1038.74900", "2020-03-31": "475.67600", "2019-12-31": "535.56300", "2019-09-30": "535.28400", "2019-06-30": "663.58800", "2019-03-31": "659.60700", "2018-12-31": "602.55000", "2018-09-30": "690.41500", "2018-06-30": "811.79600", "2018-03-31": "583.30700", "2017-12-31": "442.87200", "2017-09-30": "413.69900", "2017-06-30": "925.79300", "2017-03-31": "360.89800", "2016-12-31": "372.24400", "2016-09-30": "360.91200", "2016-06-30": "332.67800", "2016-03-31": "356.48500", "2015-12-31": "353.47900", "2015-09-30": "412.07700", "2015-06-30": "506.64000", "2015-03-31": "703.33600", "2014-12-31": "451.87800", "2014-09-30": "364.81200", "2014-06-30": "349.40500", "2014-03-31": "340.86800", "2013-12-31": "299.13500", "2013-09-30": "358.64300", "2013-06-30": "391.76900", "2013-03-31": "469.85300", "2012-12-31": "436.41100", "2012-09-30": "632.09700", "2012-06-30": "616.46700", "2012-03-31": "481.09300", "2011-12-31": "406.25300", "2011-09-30": "380.98000", "2011-06-30": "437.63600", "2011-03-31": "634.95800", "2010-12-31": "582.34800", "2010-09-30": "671.25600", "2010-06-30": "1074.12900", "2010-03-31": "909.22200", "2009-12-31": "856.69500", "2009-09-30": "675.83300", "2009-06-30": "748.56400", "2009-03-31": "1272.06000", "2008-12-31": "1663.06600", "2008-09-30": "1902.82300", "2008-06-30": "1934.19100", "2008-03-31": "2615.26400", "2007-12-31": "2528.18700", "2007-09-30": "455.57200", "2007-06-30": "512.10900", "2007-03-31": "526.21500", "2006-12-31": "487.50800", "2006-09-30": "569.06600", "2006-06-30": "617.54700", "2006-03-31": "324.18700", "2005-12-31": "570.74900", "2005-09-30": "547.22600", "2005-06-30": "581.09100", "2005-03-31": "719.25200"}, "Long Term Debt": {"2020-09-30": "2777.07200", "2020-06-30": "2785.64600", "2020-03-31": "2785.56600", "2019-12-31": "2784.31500", "2019-09-30": "2783.06800", "2019-06-30": "2781.82600", "2019-03-31": "2780.58900", "2018-12-31": "2779.35700", "2018-09-30": "2778.12900", "2018-06-30": "2776.90600", "2018-03-31": "2775.68700", "2017-12-31": "2813.48200", "2017-09-30": "2809.96600", "2017-06-30": "2809.29300", "2017-03-31": "2329.24800", "2016-12-31": "1982.75100", "2016-09-30": "1983.63900", "2016-06-30": "1982.52700", "2016-03-31": "1981.42500", "2015-12-31": "1980.33400", "2015-09-30": "1979.49300", "2015-06-30": "1893.73700", "2015-03-31": "1888.36500", "2014-12-31": "1834.64200", "2014-09-30": "1984.07500", "2014-06-30": "1983.31900", "2014-03-31": "2006.78200", "2013-12-31": "2522.24300", "2013-09-30": "2523.38900", "2013-06-30": "2524.42000", "2013-03-31": "2525.42000", "2012-12-31": "2526.40100", "2012-09-30": "2527.45000", "2012-06-30": "2528.38700", "2012-03-31": "2669.75200", "2011-12-31": "2680.67700", "2011-09-30": "2816.22300", "2011-06-30": "2785.84300", "2011-03-31": "2427.59600", "2010-12-31": "2427.51600", "2010-09-30": "2432.52100", "2010-06-30": "2001.18000", "2010-03-31": "2101.14700", "2009-12-31": "2116.12000", "2009-09-30": "2506.17000", "2009-06-30": "2521.19000", "2009-03-31": "2536.21100", "2008-12-31": "2153.58800", "2008-09-30": "2168.80700", "2008-06-30": "2183.58400", "2008-03-31": "1529.67200", "2007-12-31": "1529.82800", "2007-09-30": "321.22700", "2007-06-30": "321.36500", "2007-03-31": "321.50300", "2006-12-31": "322.06400", "2006-09-30": "322.26700", "2006-06-30": "322.64500", "2006-03-31": "322.85900", "2005-12-31": "323.39200", "2005-09-30": "355.30800", "2005-06-30": "355.70600", "2005-03-31": "364.15100"}, "Other Non-Current Liabilities": {"2020-09-30": "547.87200", "2020-06-30": "555.96900", "2020-03-31": "551.35200", "2019-12-31": "506.09700", "2019-09-30": "478.73600", "2019-06-30": "483.09600", "2019-03-31": "483.04800", "2018-12-31": "322.17500", "2018-09-30": "493.44700", "2018-06-30": "500.87000", "2018-03-31": "510.84600", "2017-12-31": "320.92600", "2017-09-30": "621.25300", "2017-06-30": "631.00700", "2017-03-31": "633.18700", "2016-12-31": "335.74700", "2016-09-30": "601.11700", "2016-06-30": "607.77800", "2016-03-31": "618.80600", "2015-12-31": "332.91600", "2015-09-30": "659.72500", "2015-06-30": "670.94900", "2015-03-31": "678.82100", "2014-12-31": "321.44900", "2014-09-30": "569.84100", "2014-06-30": "569.79400", "2014-03-31": "581.28600", "2013-12-31": "324.99300", "2013-09-30": "666.11500", "2013-06-30": "652.48000", "2013-03-31": "680.47600", "2012-12-31": "243.84900", "2012-09-30": "618.29200", "2012-06-30": "604.94800", "2012-03-31": "615.42100", "2011-12-31": "238.15800", "2011-09-30": "524.48500", "2011-06-30": "535.13600", "2011-03-31": "534.41800", "2010-12-31": "246.12900", "2010-09-30": "537.04100", "2010-06-30": "538.92900", "2010-03-31": "537.83500", "2009-12-31": "265.49500", "2009-09-30": "599.03900", "2009-06-30": "617.65100", "2009-03-31": "619.38600", "2008-12-31": "286.99800", "2008-09-30": "428.69400", "2008-06-30": "415.50600", "2008-03-31": "492.62500", "2007-12-31": "255.00800", "2007-09-30": "358.43000", "2007-06-30": "340.38600", "2007-03-31": "338.23700", "2006-12-31": "164.18400", "2006-09-30": "302.80100", "2006-06-30": "289.60800", "2006-03-31": "287.22900", "2005-12-31": "153.55600", "2005-09-30": "287.87000", "2005-06-30": "300.56000", "2005-03-31": "283.66900"}, "Total Long Term Liabilities": {"2020-09-30": "4592.28800", "2020-06-30": "4595.82400", "2020-03-31": "4563.38000", "2019-12-31": "4491.37300", "2019-09-30": "4462.15000", "2019-06-30": "4445.72900", "2019-03-31": "4420.03600", "2018-12-31": "4026.67700", "2018-09-30": "4039.43100", "2018-06-30": "4012.35800", "2018-03-31": "3956.69400", "2017-12-31": "4093.12600", "2017-09-30": "4340.50100", "2017-06-30": "4342.04600", "2017-03-31": "3862.66500", "2016-12-31": "3526.75500", "2016-09-30": "3493.20300", "2016-06-30": "3478.10400", "2016-03-31": "3469.48700", "2015-12-31": "3493.96500", "2015-09-30": "3541.51200", "2015-06-30": "3462.28600", "2015-03-31": "3463.02200", "2014-12-31": "3412.52000", "2014-09-30": "3503.73400", "2014-06-30": "3475.24600", "2014-03-31": "3500.24800", "2013-12-31": "4021.90200", "2013-09-30": "4088.50200", "2013-06-30": "3914.93500", "2013-03-31": "3893.69300", "2012-12-31": "3929.12600", "2012-09-30": "3826.62200", "2012-06-30": "3820.67200", "2012-03-31": "3989.33900", "2011-12-31": "4031.44400", "2011-09-30": "4135.62900", "2011-06-30": "4077.53600", "2011-03-31": "3769.04300", "2010-12-31": "3801.39000", "2010-09-30": "3826.19300", "2010-06-30": "3383.51700", "2010-03-31": "3509.36600", "2009-12-31": "3630.93900", "2009-09-30": "4001.80700", "2009-06-30": "4067.52800", "2009-03-31": "4081.61300", "2008-12-31": "3699.80600", "2008-09-30": "3255.61600", "2008-06-30": "3284.52200", "2008-03-31": "2697.72200", "2007-12-31": "2648.58300", "2007-09-30": "979.26800", "2007-06-30": "954.95000", "2007-03-31": "950.14400", "2006-12-31": "929.42710", "2006-09-30": "922.25900", "2006-06-30": "891.03100", "2006-03-31": "892.48800", "2005-12-31": "886.02500", "2005-09-30": "943.61000", "2005-06-30": "982.62900", "2005-03-31": "993.20600"}, "Total Liabilities": {"2020-09-30": "5662.18100", "2020-06-30": "5634.57300", "2020-03-31": "5039.05600", "2019-12-31": "5026.93600", "2019-09-30": "4997.43400", "2019-06-30": "5109.31700", "2019-03-31": "5079.64300", "2018-12-31": "4629.22700", "2018-09-30": "4729.84600", "2018-06-30": "4824.15400", "2018-03-31": "4540.00100", "2017-12-31": "4535.99800", "2017-09-30": "4754.20000", "2017-06-30": "5267.83900", "2017-03-31": "4223.56300", "2016-12-31": "3898.99900", "2016-09-30": "3854.11500", "2016-06-30": "3810.78200", "2016-03-31": "3825.97200", "2015-12-31": "3847.44400", "2015-09-30": "3953.58900", "2015-06-30": "3968.92600", "2015-03-31": "4166.35800", "2014-12-31": "3864.39800", "2014-09-30": "3868.54600", "2014-06-30": "3824.65100", "2014-03-31": "3841.11600", "2013-12-31": "4321.03700", "2013-09-30": "4447.14500", "2013-06-30": "4306.70400", "2013-03-31": "4363.54600", "2012-12-31": "4365.53700", "2012-09-30": "4458.71900", "2012-06-30": "4437.13900", "2012-03-31": "4470.43200", "2011-12-31": "4437.69700", "2011-09-30": "4516.60900", "2011-06-30": "4515.17200", "2011-03-31": "4404.00100", "2010-12-31": "4383.73800", "2010-09-30": "4497.44900", "2010-06-30": "4457.64600", "2010-03-31": "4418.58800", "2009-12-31": "4487.63400", "2009-09-30": "4677.64000", "2009-06-30": "4816.09200", "2009-03-31": "5353.67300", "2008-12-31": "5362.87200", "2008-09-30": "5158.43900", "2008-06-30": "5218.71300", "2008-03-31": "5312.98600", "2007-12-31": "5176.77000", "2007-09-30": "1434.84000", "2007-06-30": "1467.05900", "2007-03-31": "1476.35900", "2006-12-31": "1416.93500", "2006-09-30": "1491.32500", "2006-06-30": "1508.57800", "2006-03-31": "1216.67500", "2005-12-31": "1456.77400", "2005-09-30": "1490.83600", "2005-06-30": "1563.72000", "2005-03-31": "1712.45800"}, "Common Stock Net": {"2020-09-30": "132.45400", "2020-06-30": "132.44600", "2020-03-31": "132.43300", "2019-12-31": "132.37100", "2019-09-30": "132.35000", "2019-06-30": "132.23100", "2019-03-31": "132.06900", "2018-12-31": "131.76200", "2018-09-30": "132.04500", "2018-06-30": "132.26800", "2018-03-31": "132.29000", "2017-12-31": "132.32400", "2017-09-30": "132.28100", "2017-06-30": "132.18100", "2017-03-31": "132.22200", "2016-12-31": "132.33900", "2016-09-30": "132.30900", "2016-06-30": "133.02700", "2016-03-31": "133.34800", "2015-12-31": "133.17200", "2015-09-30": "133.31500", "2015-06-30": "132.98400", "2015-03-31": "132.66000", "2014-12-31": "131.90700", "2014-09-30": "131.70300", "2014-06-30": "130.91000", "2014-03-31": "130.80200", "2013-12-31": "130.20000", "2013-09-30": "129.98900", "2013-06-30": "129.96300", "2013-03-31": "129.95200", "2012-12-31": "129.72100", "2012-09-30": "129.59600", "2012-06-30": "129.39300", "2012-03-31": "129.38900", "2011-12-31": "129.24500", "2011-09-30": "129.23300", "2011-06-30": "129.22400", "2011-03-31": "129.10700", "2010-12-31": "128.57000", "2010-09-30": "128.39100", "2010-06-30": "128.27000", "2010-03-31": "127.69300", "2009-12-31": "125.91200", "2009-09-30": "125.40100", "2009-06-30": "124.98900", "2009-03-31": "110.55600", "2008-12-31": "110.27000", "2008-09-30": "110.14600", "2008-06-30": "109.83400", "2008-03-31": "109.44100", "2007-12-31": "108.23400", "2007-09-30": "139.70500", "2007-06-30": "139.70500", "2007-03-31": "139.70500", "2006-12-31": "139.70500", "2006-09-30": "139.70500", "2006-06-30": "139.70500", "2006-03-31": "", "2005-12-31": "139.70500", "2005-09-30": "", "2005-06-30": "", "2005-03-31": ""}, "Retained Earnings (Accumulated Deficit)": {"2020-09-30": "3204.67100", "2020-06-30": "3049.94300", "2020-03-31": "2885.08400", "2019-12-31": "2895.87100", "2019-09-30": "2795.83400", "2019-06-30": "2623.74700", "2019-03-31": "2467.20100", "2018-12-31": "2444.87000", "2018-09-30": "2361.90300", "2018-06-30": "2244.54500", "2018-03-31": "2138.88500", "2017-12-31": "2180.44800", "2017-09-30": "1886.00600", "2017-06-30": "1810.52800", "2017-03-31": "1734.44800", "2016-12-31": "1771.51800", "2016-09-30": "1685.41200", "2016-06-30": "1661.45900", "2016-03-31": "1605.57800", "2015-12-31": "1618.50700", "2015-09-30": "1564.21500", "2015-06-30": "1453.75200", "2015-03-31": "1418.90100", "2014-12-31": "1471.84500", "2014-09-30": "1441.74200", "2014-06-30": "1382.71100", "2014-03-31": "1343.29400", "2013-12-31": "1295.83400", "2013-09-30": "1288.05400", "2013-06-30": "1247.98400", "2013-03-31": "1220.51200", "2012-12-31": "1276.64900", "2012-09-30": "1274.46500", "2012-06-30": "1261.50100", "2012-03-31": "1281.08000", "2011-12-31": "1334.47600", "2011-09-30": "1363.64000", "2011-06-30": "1376.02600", "2011-03-31": "1416.48600", "2010-12-31": "1503.68100", "2010-09-30": "1591.96900", "2010-06-30": "1610.83500", "2010-03-31": "1666.83900", "2009-12-31": "1737.45500", "2009-09-30": "1797.03600", "2009-06-30": "1774.11300", "2009-03-31": "1806.60300", "2008-12-31": "1893.92900", "2008-09-30": "2160.73100", "2008-06-30": "2129.55400", "2008-03-31": "2040.86400", "2007-12-31": "2083.71800", "2007-09-30": "3215.84600", "2007-06-30": "3124.38500", "2007-03-31": "3026.22400", "2006-12-31": "2982.52600", "2006-09-30": "2903.69800", "2006-06-30": "2803.27500", "2006-03-31": "", "2005-12-31": "2644.53500", "2005-09-30": "", "2005-06-30": "", "2005-03-31": ""}, "Comprehensive Income": {"2020-09-30": "-205.99500", "2020-06-30": "-208.03900", "2020-03-31": "-209.92900", "2019-12-31": "-197.73800", "2019-09-30": "-171.19000", "2019-06-30": "-171.53300", "2019-03-31": "-171.92500", "2018-12-31": "-172.21500", "2018-09-30": "-143.52500", "2018-06-30": "-144.66900", "2018-03-31": "-145.81300", "2017-12-31": "-149.46600", "2017-09-30": "-136.25900", "2017-06-30": "-137.87400", "2017-03-31": "-138.62900", "2016-12-31": "-139.37600", "2016-09-30": "-119.10600", "2016-06-30": "-119.43400", "2016-03-31": "-119.75500", "2015-12-31": "-120.06900", "2015-09-30": "-146.84600", "2015-06-30": "-151.01100", "2015-03-31": "-156.78500", "2014-12-31": "-161.71400", "2014-09-30": "-91.51500", "2014-06-30": "-93.22700", "2014-03-31": "-94.92600", "2013-12-31": "-99.63100", "2013-09-30": "-153.87600", "2013-06-30": "-156.66600", "2013-03-31": "-221.23100", "2012-12-31": "-225.51700", "2012-09-30": "-204.72300", "2012-06-30": "-208.78200", "2012-03-31": "-212.82100", "2011-12-31": "-216.84400", "2011-09-30": "-164.94300", "2011-06-30": "-167.72900", "2011-03-31": "-173.67200", "2010-12-31": "-177.33900", "2010-09-30": "-183.82900", "2010-06-30": "-187.45800", "2010-03-31": "-191.04900", "2009-12-31": "-194.35800", "2009-09-30": "-179.67400", "2009-06-30": "-181.37400", "2009-03-31": "-183.50100", "2008-12-31": "-185.28200", "2008-09-30": "-26.53900", "2008-06-30": "-26.56500", "2008-03-31": "-74.44800", "2007-12-31": "-40.21700", "2007-09-30": "-17.99500", "2007-06-30": "2.92400", "2007-03-31": "-4.39000", "2006-12-31": "-4.95300", "2006-09-30": "-2.23300", "2006-06-30": "-2.21300", "2006-03-31": "", "2005-12-31": "-2.21300", "2005-09-30": "", "2005-06-30": "", "2005-03-31": ""}, "Other Share Holders Equity": {"2020-09-30": "", "2020-06-30": "", "2020-03-31": "", "2019-12-31": "", "2019-09-30": "", "2019-06-30": "", "2019-03-31": "", "2018-12-31": "", "2018-09-30": "", "2018-06-30": "", "2018-03-31": "", "2017-12-31": "", "2017-09-30": "", "2017-06-30": "", "2017-03-31": "", "2016-12-31": "", "2016-09-30": "", "2016-06-30": "", "2016-03-31": "", "2015-12-31": "", "2015-09-30": "", "2015-06-30": "", "2015-03-31": "", "2014-12-31": "", "2014-09-30": "", "2014-06-30": "", "2014-03-31": "", "2013-12-31": "", "2013-09-30": "", "2013-06-30": "", "2013-03-31": "", "2012-12-31": "", "2012-09-30": "", "2012-06-30": "", "2012-03-31": "", "2011-12-31": "", "2011-09-30": "", "2011-06-30": "", "2011-03-31": "", "2010-12-31": "", "2010-09-30": "", "2010-06-30": "", "2010-03-31": "", "2009-12-31": "", "2009-09-30": "", "2009-06-30": "", "2009-03-31": "", "2008-12-31": "", "2008-09-30": "", "2008-06-30": "", "2008-03-31": "", "2007-12-31": "", "2007-09-30": "", "2007-06-30": "", "2007-03-31": "", "2006-12-31": "", "2006-09-30": "", "2006-06-30": "", "2006-03-31": "", "2005-12-31": "", "2005-09-30": "", "2005-06-30": "", "2005-03-31": ""}, "Share Holder Equity": {"2020-09-30": "5928.35200", "2020-06-30": "5764.15100", "2020-03-31": "5590.32600", "2019-12-31": "5621.85700", "2019-09-30": "5542.23900", "2019-06-30": "5371.44700", "2019-03-31": "5217.20900", "2018-12-31": "5202.90300", "2018-09-30": "5145.78900", "2018-06-30": "5020.63000", "2018-03-31": "4913.21000", "2017-12-31": "4968.89300", "2017-09-30": "4685.13400", "2017-06-30": "4602.10400", "2017-03-31": "4520.76100", "2016-12-31": "4572.47600", "2016-09-30": "4503.97000", "2016-06-30": "4479.33100", "2016-03-31": "4421.05300", "2015-12-31": "4454.18800", "2015-09-30": "4363.27700", "2015-06-30": "4226.95700", "2015-03-31": "4160.16700", "2014-12-31": "4176.69900", "2014-09-30": "4201.09900", "2014-06-30": "4086.18700", "2014-03-31": "4031.11900", "2013-12-31": "3938.10600", "2013-09-30": "3862.91100", "2013-06-30": "3813.52000", "2013-03-31": "3714.92900", "2012-12-31": "3761.06200", "2012-09-30": "3767.19700", "2012-06-30": "3742.93600", "2012-03-31": "3745.60700", "2011-12-31": "3791.61700", "2011-09-30": "3866.91700", "2011-06-30": "3872.08300", "2011-03-31": "3896.43500", "2010-12-31": "3955.79800", "2010-09-30": "4024.06900", "2010-06-30": "4029.31900", "2010-03-31": "4048.21500", "2009-12-31": "4037.23700", "2009-09-30": "4085.52800", "2009-06-30": "4034.23500", "2009-03-31": "3484.34600", "2008-12-31": "3553.75200", "2008-09-30": "3968.68100", "2008-06-30": "3915.76900", "2008-03-31": "3747.01900", "2007-12-31": "3759.60000", "2007-09-30": "2299.66800", "2007-06-30": "2222.59000", "2007-03-31": "2094.55600", "2006-12-31": "2010.89900", "2006-09-30": "1922.93800", "2006-06-30": "1980.91600", "2006-03-31": "2190.28200", "2005-12-31": "2133.64900", "2005-09-30": "2163.88500", "2005-06-30": "2092.67800", "2005-03-31": "2001.07300"}, "Total Liabilities And Share Holders Equity": {"2020-09-30": "11590.53000", "2020-06-30": "11398.72000", "2020-03-31": "10629.38000", "2019-12-31": "10648.79000", "2019-09-30": "10539.67000", "2019-06-30": "10480.76000", "2019-03-31": "10296.85000", "2018-12-31": "9832.13000", "2018-09-30": "9875.63500", "2018-06-30": "9844.78400", "2018-03-31": "9453.21100", "2017-12-31": "9504.89100", "2017-09-30": "9439.33400", "2017-06-30": "9869.94300", "2017-03-31": "8744.32400", "2016-12-31": "8471.47500", "2016-09-30": "8358.08500", "2016-06-30": "8290.11300", "2016-03-31": "8247.02500", "2015-12-31": "8301.63200", "2015-09-30": "8316.86600", "2015-06-30": "8195.88300", "2015-03-31": "8326.52500", "2014-12-31": "8041.09700", "2014-09-30": "8069.64500", "2014-06-30": "7910.83800", "2014-03-31": "7872.23500", "2013-12-31": "8259.14300", "2013-09-30": "8310.05600", "2013-06-30": "8120.22400", "2013-03-31": "8078.47500", "2012-12-31": "8126.59900", "2012-09-30": "8225.91600", "2012-06-30": "8180.07500", "2012-03-31": "8216.03900", "2011-12-31": "8229.31400", "2011-09-30": "8383.52600", "2011-06-30": "8387.25500", "2011-03-31": "8300.43600", "2010-12-31": "8339.53600", "2010-09-30": "8521.51800", "2010-06-30": "8486.96500", "2010-03-31": "8466.80300", "2009-12-31": "8524.87100", "2009-09-30": "8763.16800", "2009-06-30": "8850.32700", "2009-03-31": "8838.01900", "2008-12-31": "8916.62400", "2008-09-30": "9127.12000", "2008-06-30": "9134.48200", "2008-03-31": "9060.00500", "2007-12-31": "8936.37000", "2007-09-30": "3734.50800", "2007-06-30": "3689.64900", "2007-03-31": "3570.91500", "2006-12-31": "3427.83400", "2006-09-30": "3414.26300", "2006-06-30": "3489.49400", "2006-03-31": "3406.95700", "2005-12-31": "3590.42300", "2005-09-30": "3654.72100", "2005-06-30": "3656.39800", "2005-03-31": "3713.53100"}}, "cash flow statement": {"Net Income/Loss": {"2019-12-31": "617.66200", "2018-12-31": "515.80500", "2017-12-31": "601.18500", "2016-12-31": "419.49100", "2015-12-31": "221.17700", "2014-12-31": "204.92300", "2013-12-31": "24.38200", "2012-12-31": "-52.59300", "2011-12-31": "-70.77800", "2010-12-31": "-96.49000", "2009-12-31": "30.31400", "2008-12-31": "0.91800", "2007-12-31": "450.91000", "2006-12-31": "470.21400", "2005-12-31": "389.05000"}, "Total Depreciation And Amortization - Cash Flow": {"2019-12-31": "374.59600", "2018-12-31": "346.24600", "2017-12-31": "305.96500", "2016-12-31": "284.94000", "2015-12-31": "274.82300", "2014-12-31": "279.49700", "2013-12-31": "307.10800", "2012-12-31": "331.95900", "2011-12-31": "361.71900", "2010-12-31": "382.09300", "2009-12-31": "394.61200", "2008-12-31": "641.72400", "2007-12-31": "271.47500", "2006-12-31": "226.37000", "2005-12-31": "222.86800"}, "Other Non-Cash Items": {"2019-12-31": "110.56400", "2018-12-31": "-27.79900", "2017-12-31": "-106.14000", "2016-12-31": "29.25400", "2015-12-31": "46.04200", "2014-12-31": "-137.96300", "2013-12-31": "84.13100", "2012-12-31": "-62.20300", "2011-12-31": "-119.95300", "2010-12-31": "-124.44600", "2009-12-31": "-78.25700", "2008-12-31": "-109.22300", "2007-12-31": "-65.31800", "2006-12-31": "-8.16500", "2005-12-31": "-100.68500"}, "Total Non-Cash Items": {"2019-12-31": "485.16000", "2018-12-31": "318.44700", "2017-12-31": "199.82500", "2016-12-31": "314.19400", "2015-12-31": "320.86500", "2014-12-31": "141.53400", "2013-12-31": "391.23900", "2012-12-31": "269.75600", "2011-12-31": "241.76600", "2010-12-31": "257.64700", "2009-12-31": "316.35500", "2008-12-31": "532.50100", "2007-12-31": "206.15700", "2006-12-31": "218.20500", "2005-12-31": "122.18300"}, "Change In Accounts Receivable": {"2019-12-31": "-29.73400", "2018-12-31": "63.23000", "2017-12-31": "-81.56100", "2016-12-31": "-72.76300", "2015-12-31": "-42.16400", "2014-12-31": "-25.11800", "2013-12-31": "-42.26000", "2012-12-31": "17.41200", "2011-12-31": "5.03500", "2010-12-31": "-49.65600", "2009-12-31": "79.93000", "2008-12-31": "61.35200", "2007-12-31": "44.77900", "2006-12-31": "-56.59900", "2005-12-31": "-64.78200"}, "Change In Inventories": {"2019-12-31": "-28.27300", "2018-12-31": "-34.97600", "2017-12-31": "-14.12100", "2016-12-31": "1.62500", "2015-12-31": "-20.92500", "2014-12-31": "-5.59500", "2013-12-31": "-7.70000", "2012-12-31": "-9.02800", "2011-12-31": "-6.92700", "2010-12-31": "6.70800", "2009-12-31": "39.28900", "2008-12-31": "-7.63000", "2007-12-31": "-29.50800", "2006-12-31": "-28.55200", "2005-12-31": "-6.21000"}, "Change In Accounts Payable": {"2019-12-31": "", "2018-12-31": "", "2017-12-31": "", "2016-12-31": "", "2015-12-31": "", "2014-12-31": "", "2013-12-31": "", "2012-12-31": "", "2011-12-31": "", "2010-12-31": "", "2009-12-31": "", "2008-12-31": "", "2007-12-31": "", "2006-12-31": "", "2005-12-31": ""}, "Change In Assets/Liabilities": {"2019-12-31": "-106.35500", "2018-12-31": "-87.55700", "2017-12-31": "-84.79600", "2016-12-31": "-41.12500", "2015-12-31": "-13.12700", "2014-12-31": "-55.12600", "2013-12-31": "-13.71000", "2012-12-31": "0.61200", "2011-12-31": "21.98700", "2010-12-31": "5.65200", "2009-12-31": "4.72000", "2008-12-31": "-34.92800", "2007-12-31": "10.40000", "2006-12-31": "8.91900", "2005-12-31": "-21.44300"}, "Total Change In Assets/Liabilities": {"2019-12-31": "-147.21800", "2018-12-31": "-6.97400", "2017-12-31": "-169.35200", "2016-12-31": "-89.09700", "2015-12-31": "-23.12000", "2014-12-31": "-85.45000", "2013-12-31": "-59.12200", "2012-12-31": "20.37800", "2011-12-31": "-1.94500", "2010-12-31": "19.93800", "2009-12-31": "90.27500", "2008-12-31": "-98.23400", "2007-12-31": "51.07700", "2006-12-31": "-109.07000", "2005-12-31": "-55.21900"}, "Cash Flow From Operating Activities": {"2019-12-31": "984.12200", "2018-12-31": "832.77700", "2017-12-31": "644.67800", "2016-12-31": "644.58800", "2015-12-31": "519.53800", "2014-12-31": "261.00700", "2013-12-31": "356.49900", "2012-12-31": "238.47500", "2011-12-31": "169.04300", "2010-12-31": "202.70600", "2009-12-31": "453.03500", "2008-12-31": "435.18500", "2007-12-31": "708.14400", "2006-12-31": "579.34900", "2005-12-31": "473.18400"}, "Net Change In Property, Plant, And Equipment": {"2019-12-31": "-361.43300", "2018-12-31": "-446.87800", "2017-12-31": "-443.81000", "2016-12-31": "-326.83000", "2015-12-31": "-281.04400", "2014-12-31": "-198.82400", "2013-12-31": "-257.80400", "2012-12-31": "-12.52800", "2011-12-31": "-85.23700", "2010-12-31": "-72.72200", "2009-12-31": "-91.97900", "2008-12-31": "-327.65400", "2007-12-31": "-394.38300", "2006-12-31": "-427.28900", "2005-12-31": "-205.01700"}, "Net Change In Intangible Assets": {"2019-12-31": "", "2018-12-31": "", "2017-12-31": "", "2016-12-31": "", "2015-12-31": "0.00000", "2014-12-31": "721.35900", "2013-12-31": "51.60400", "2012-12-31": "21.16600", "2011-12-31": "", "2010-12-31": "", "2009-12-31": "", "2008-12-31": "225.78300", "2007-12-31": "", "2006-12-31": "24.84900", "2005-12-31": ""}, "Net Acquisitions/Divestitures": {"2019-12-31": "-42.40700", "2018-12-31": "-210.16300", "2017-12-31": "-822.43300", "2016-12-31": "-32.53700", "2015-12-31": "-27.19800", "2014-12-31": "-284.23700", "2013-12-31": "-89.95100", "2012-12-31": "", "2011-12-31": "64.20800", "2010-12-31": "-19.58000", "2009-12-31": "-20.90500", "2008-12-31": "-84.05700", "2007-12-31": "-3267.33800", "2006-12-31": "121.38500", "2005-12-31": "50.11700"}, "Net Change In Short-term Investments": {"2019-12-31": "", "2018-12-31": "", "2017-12-31": "", "2016-12-31": "", "2015-12-31": "", "2014-12-31": "", "2013-12-31": "", "2012-12-31": "", "2011-12-31": "", "2010-12-31": "", "2009-12-31": "33.28200", "2008-12-31": "-36.73400", "2007-12-31": "", "2006-12-31": "175.14000", "2005-12-31": "4.07000"}, "Net Change In Long-Term Investments": {"2019-12-31": "", "2018-12-31": "", "2017-12-31": "", "2016-12-31": "", "2015-12-31": "", "2014-12-31": "", "2013-12-31": "", "2012-12-31": "", "2011-12-31": "", "2010-12-31": "", "2009-12-31": "", "2008-12-31": "", "2007-12-31": "", "2006-12-31": "0.30400", "2005-12-31": "0.59600"}, "Net Change In Investments - Total": {"2019-12-31": "", "2018-12-31": "", "2017-12-31": "", "2016-12-31": "", "2015-12-31": "", "2014-12-31": "", "2013-12-31": "", "2012-12-31": "", "2011-12-31": "", "2010-12-31": "", "2009-12-31": "33.28200", "2008-12-31": "-36.73400", "2007-12-31": "", "2006-12-31": "175.44400", "2005-12-31": "4.66600"}, "Investing Activities - Other": {"2019-12-31": "-11.99700", "2018-12-31": "-12.85000", "2017-12-31": "-3.24800", "2016-12-31": "2.17300", "2015-12-31": "-0.35000", "2014-12-31": "0.03300", "2013-12-31": "-0.03900", "2012-12-31": "1.76100", "2011-12-31": "1.55000", "2010-12-31": "3.92600", "2009-12-31": "-0.40000", "2008-12-31": "33.62200", "2007-12-31": "7.42200", "2006-12-31": "0.60400", "2005-12-31": "1.06200"}, "Cash Flow From Investing Activities": {"2019-12-31": "-415.83700", "2018-12-31": "-669.89100", "2017-12-31": "-1269.49100", "2016-12-31": "-357.19400", "2015-12-31": "-308.59200", "2014-12-31": "238.33100", "2013-12-31": "-296.19000", "2012-12-31": "10.39900", "2011-12-31": "-19.47900", "2010-12-31": "-88.37600", "2009-12-31": "-80.00200", "2008-12-31": "-189.04000", "2007-12-31": "-3654.29900", "2006-12-31": "-105.00700", "2005-12-31": "-149.17200"}, "Net Long-Term Debt": {"2019-12-31": "", "2018-12-31": "850.00000", "2017-12-31": "2200.00000", "2016-12-31": "", "2015-12-31": "400.00000", "2014-12-31": "", "2013-12-31": "", "2012-12-31": "", "2011-12-31": "1080.84700", "2010-12-31": "450.00000", "2009-12-31": "35.93600", "2008-12-31": "900.28400", "2007-12-31": "1221.50400", "2006-12-31": "", "2005-12-31": "-8.25300"}, "Net Current Debt": {"2019-12-31": "-133.02300", "2018-12-31": "-759.05490", "2017-12-31": "-1463.30800", "2016-12-31": "-0.13000", "2015-12-31": "-460.06000", "2014-12-31": "-579.82900", "2013-12-31": "-150.60200", "2012-12-31": "-134.78000", "2011-12-31": "-1028.57500", "2010-12-31": "-470.21600", "2009-12-31": "-847.96300", "2008-12-31": "-1009.00000", "2007-12-31": "1892.60000", "2006-12-31": "-73.63200", "2005-12-31": "-3.35000"}, "Debt Issuance/Retirement Net - Total": {"2019-12-31": "-133.02300", "2018-12-31": "90.94510", "2017-12-31": "736.69200", "2016-12-31": "-0.13000", "2015-12-31": "-60.06000", "2014-12-31": "-579.82900", "2013-12-31": "-150.60200", "2012-12-31": "-134.78000", "2011-12-31": "52.27210", "2010-12-31": "-20.21600", "2009-12-31": "-812.02700", "2008-12-31": "-108.71600", "2007-12-31": "3114.10400", "2006-12-31": "-73.63200", "2005-12-31": "-11.60300"}, "Net Common Equity Issued/Repurchased": {"2019-12-31": "-2.60200", "2018-12-31": "-133.98300", "2017-12-31": "-60.30300", "2016-12-31": "-161.46300", "2015-12-31": "51.49600", "2014-12-31": "54.12200", "2013-12-31": "13.58300", "2012-12-31": "10.46200", "2011-12-31": "8.55100", "2010-12-31": "62.23600", "2009-12-31": "623.87300", "2008-12-31": "79.67400", "2007-12-31": "30.27400", "2006-12-31": "-493.91200", "2005-12-31": "-190.53900"}, "Net Total Equity Issued/Repurchased": {"2019-12-31": "-2.60200", "2018-12-31": "-133.98300", "2017-12-31": "-60.30300", "2016-12-31": "-161.46300", "2015-12-31": "51.49600", "2014-12-31": "54.12200", "2013-12-31": "13.58300", "2012-12-31": "10.46200", "2011-12-31": "8.55100", "2010-12-31": "62.23600", "2009-12-31": "623.87300", "2008-12-31": "79.67400", "2007-12-31": "30.27400", "2006-12-31": "-493.91200", "2005-12-31": "-190.53900"}, "Total Common And Preferred Stock Dividends Paid": {"2019-12-31": "-163.97300", "2018-12-31": "-148.10900", "2017-12-31": "-132.33500", "2016-12-31": "-106.33300", "2015-12-31": "-53.21400", "2014-12-31": "-28.88400", "2013-12-31": "-5.19100", "2012-12-31": "-5.18300", "2011-12-31": "-98.17200", "2010-12-31": "-127.79200", "2009-12-31": "-171.46800", "2008-12-31": "-214.78300", "2007-12-31": "-181.31500", "2006-12-31": "-144.08200", "2005-12-31": "-118.22900"}, "Financial Activities - Other": {"2019-12-31": "-38.58500", "2018-12-31": "-73.98100", "2017-12-31": "-40.61400", "2016-12-31": "-36.65900", "2015-12-31": "-5.23100", "2014-12-31": "2.78800", "2013-12-31": "0.16100", "2012-12-31": "0.26600", "2011-12-31": "-3.91700", "2010-12-31": "-3.28200", "2009-12-31": "-1.34000", "2008-12-31": "-27.01400", "2007-12-31": "-37.25000", "2006-12-31": "17.37600", "2005-12-31": "0.04700"}, "Cash Flow From Financial Activities": {"2019-12-31": "-338.18300", "2018-12-31": "-265.12800", "2017-12-31": "503.44000", "2016-12-31": "-304.58500", "2015-12-31": "-67.00900", "2014-12-31": "-551.80300", "2013-12-31": "-142.04900", "2012-12-31": "-129.23500", "2011-12-31": "-41.26600", "2010-12-31": "-89.05400", "2009-12-31": "-360.96200", "2008-12-31": "-270.83900", "2007-12-31": "2925.81300", "2006-12-31": "-694.25000", "2005-12-31": "-320.32400"}, "Net Cash Flow": {"2019-12-31": "230.10200", "2018-12-31": "-102.24200", "2017-12-31": "-121.37300", "2016-12-31": "-17.19100", "2015-12-31": "143.93700", "2014-12-31": "-52.46500", "2013-12-31": "-81.74000", "2012-12-31": "119.63900", "2011-12-31": "108.29800", "2010-12-31": "25.27600", "2009-12-31": "12.07100", "2008-12-31": "-24.69400", "2007-12-31": "-20.34200", "2006-12-31": "-219.90800", "2005-12-31": "3.68800"}, "Stock-Based Compensation": {"2019-12-31": "31.84300", "2018-12-31": "25.21500", "2017-12-31": "26.63500", "2016-12-31": "20.67000", "2015-12-31": "18.24800", "2014-12-31": "23.88400", "2013-12-31": "22.09300", "2012-12-31": "17.47400", "2011-12-31": "18.45400", "2010-12-31": "20.63700", "2009-12-31": "23.12000", "2008-12-31": "19.09600", "2007-12-31": "16.94200", "2006-12-31": "14.35200", "2005-12-31": "17.17000"}, "Common Stock Dividends Paid": {"2019-12-31": "-163.97300", "2018-12-31": "-148.10900", "2017-12-31": "-132.33500", "2016-12-31": "-106.33300", "2015-12-31": "-53.21400", "2014-12-31": "-28.88400", "2013-12-31": "-5.19100", "2012-12-31": "-5.18300", "2011-12-31": "-98.17200", "2010-12-31": "-127.79200", "2009-12-31": "-171.46800", "2008-12-31": "-214.78300", "2007-12-31": "-181.31500", "2006-12-31": "-144.08200", "2005-12-31": "-118.22900"}}, "cash flow statement, quarterly": {"Net Income/Loss": {"2020-09-30": 199.788, "2020-06-30": 209.916, "2020-03-31": "60.25800", "2019-12-31": 141.093, "2019-09-30": 215.712, "2019-06-30": 197.558, "2019-03-31": "63.29900", "2018-12-31": 124.022, "2018-09-30": 179.152, "2018-06-30": 159.652, "2018-03-31": "52.97900", "2017-12-31": 327.546, "2017-09-30": 108.579, "2017-06-30": 120.139, "2017-03-31": "44.92100", "2016-12-31": 112.601, "2016-09-30": 142.024, "2016-06-30": 124.708, "2016-03-31": "40.15800", "2015-12-31": 88.888, "2015-09-30": 123.805, "2015-06-30": 48.162, "2015-03-31": "-39.67800", "2014-12-31": 38.021, "2014-09-30": 66.939, "2014-06-30": 45.968, "2014-03-31": "53.99500", "2013-12-31": 9.082, "2013-09-30": 41.364, "2013-06-30": 28.772, "2013-03-31": "-54.83600", "2012-12-31": 3.483, "2012-09-30": 14.26, "2012-06-30": -18.283, "2012-03-31": "-52.05300", "2011-12-31": -27.865, "2011-09-30": 19.959, "2011-06-30": -8.139, "2011-03-31": "-54.73300", "2010-12-31": -46.997, "2010-09-30": 13.246, "2010-06-30": -23.992, "2010-03-31": "-38.74700", "2009-12-31": -13.349, "2009-09-30": 54.232, "2009-06-30": 22.211, "2009-03-31": "-32.78000", "2008-12-31": -212.82, "2008-09-30": 59.05, "2008-06-30": 140.755, "2008-03-31": "13.93300", "2007-12-31": 84.613, "2007-09-30": 135.412, "2007-06-30": 142.011, "2007-03-31": "88.87400", "2006-12-31": 113.808, "2006-09-30": 135.688, "2006-06-30": 150.633, "2006-03-31": "70.08500", "2005-12-31": 90.936, "2005-09-30": 122.216, "2005-06-30": 121.547, "2005-03-31": "54.35100"}, "Total Depreciation And Amortization - Cash Flow": {"2020-09-30": 100.961, "2020-06-30": 99.471, "2020-03-31": "95.48000", "2019-12-31": 95.671, "2019-09-30": 96.248, "2019-06-30": 93.496, "2019-03-31": "89.18100", "2018-12-31": 89.783, "2018-09-30": 89.391, "2018-06-30": 85.633, "2018-03-31": "81.43900", "2017-12-31": 77.991, "2017-09-30": 79.635, "2017-06-30": 76.776, "2017-03-31": "71.56300", "2016-12-31": 71.578, "2016-09-30": 72.048, "2016-06-30": 71.908, "2016-03-31": "69.40600", "2015-12-31": 70.053, "2015-09-30": 69.662, "2015-06-30": 68.385, "2015-03-31": "66.72300", "2014-12-31": 70.639, "2014-09-30": 71.156, "2014-06-30": 68.324, "2014-03-31": "69.37800", "2013-12-31": 76.231, "2013-09-30": 78.32, "2013-06-30": 76.96, "2013-03-31": "75.59700", "2012-12-31": 78.568, "2012-09-30": 84.108, "2012-06-30": 84.116, "2012-03-31": "85.16700", "2011-12-31": 88.048, "2011-09-30": 90.948, "2011-06-30": 92.137, "2011-03-31": "90.58600", "2010-12-31": 92.919, "2010-09-30": 97.698, "2010-06-30": 97.279, "2010-03-31": "94.19700", "2009-12-31": 96.454, "2009-09-30": 99.243, "2009-06-30": 99.6, "2009-03-31": "99.31500", "2008-12-31": 350.233, "2008-09-30": 98.716, "2008-06-30": 96.919, "2008-03-31": "95.85600", "2007-12-31": 80.404, "2007-09-30": 66.366, "2007-06-30": 63.904, "2007-03-31": "60.80100", "2006-12-31": 59.482, "2006-09-30": 58.027, "2006-06-30": 55.17, "2006-03-31": "53.69100", "2005-12-31": 59.476, "2005-09-30": 55.753, "2005-06-30": 54.978, "2005-03-31": "52.66100"}, "Other Non-Cash Items": {"2020-09-30": 27.857, "2020-06-30": 32.596, "2020-03-31": "32.09500", "2019-12-31": 14.917, "2019-09-30": 44.298, "2019-06-30": 45.751, "2019-03-31": "5.59800", "2018-12-31": -17.574, "2018-09-30": 38.605, "2018-06-30": 36.093, "2018-03-31": "-84.92300", "2017-12-31": -158.171, "2017-09-30": 43.345, "2017-06-30": 4.788, "2017-03-31": "3.89800", "2016-12-31": -1.425, "2016-09-30": 22.903, "2016-06-30": 24.232, "2016-03-31": "-16.45600", "2015-12-31": 8.297, "2015-09-30": -6.45, "2015-06-30": 44.75, "2015-03-31": "-0.55500", "2014-12-31": 3.522, "2014-09-30": 17.173, "2014-06-30": 12.438, "2014-03-31": "-171.09600", "2013-12-31": -6.863, "2013-09-30": 155.219, "2013-06-30": -10.111, "2013-03-31": "-54.11400", "2012-12-31": 29.894, "2012-09-30": -10.823, "2012-06-30": -33.199, "2012-03-31": "-48.07500", "2011-12-31": -33.88, "2011-09-30": -4.392, "2011-06-30": -21.043, "2011-03-31": "-60.63800", "2010-12-31": -6.18, "2010-09-30": 5.567, "2010-06-30": -19.526, "2010-03-31": "-104.30700", "2009-12-31": -35.392, "2009-09-30": -56.424, "2009-06-30": 9.507, "2009-03-31": "4.05200", "2008-12-31": -24.165, "2008-09-30": -4.78, "2008-06-30": -78.272, "2008-03-31": "-2.00600", "2007-12-31": -19.869, "2007-09-30": -1.908, "2007-06-30": -0.733, "2007-03-31": "-42.80800", "2006-12-31": 21.469, "2006-09-30": -1.946, "2006-06-30": -26.613, "2006-03-31": "-1.07500", "2005-12-31": -67.619, "2005-09-30": -29.473, "2005-06-30": -2.149, "2005-03-31": "-1.44400"}, "Total Non-Cash Items": {"2020-09-30": 128.818, "2020-06-30": 132.067, "2020-03-31": "127.57500", "2019-12-31": 110.588, "2019-09-30": 140.546, "2019-06-30": 139.247, "2019-03-31": "94.77900", "2018-12-31": 72.209, "2018-09-30": 127.996, "2018-06-30": 121.726, "2018-03-31": "-3.48400", "2017-12-31": -80.18, "2017-09-30": 122.98, "2017-06-30": 81.564, "2017-03-31": "75.46100", "2016-12-31": 70.153, "2016-09-30": 94.951, "2016-06-30": 96.14, "2016-03-31": "52.95000", "2015-12-31": 78.35, "2015-09-30": 63.212, "2015-06-30": 113.135, "2015-03-31": "66.16800", "2014-12-31": 74.161, "2014-09-30": 88.329, "2014-06-30": 80.762, "2014-03-31": "-101.71800", "2013-12-31": 69.368, "2013-09-30": 233.539, "2013-06-30": 66.849, "2013-03-31": "21.48300", "2012-12-31": 108.462, "2012-09-30": 73.285, "2012-06-30": 50.917, "2012-03-31": "37.09200", "2011-12-31": 54.168, "2011-09-30": 86.556, "2011-06-30": 71.094, "2011-03-31": "29.94800", "2010-12-31": 86.739, "2010-09-30": 103.265, "2010-06-30": 77.753, "2010-03-31": "-10.11000", "2009-12-31": 61.062, "2009-09-30": 42.819, "2009-06-30": 109.107, "2009-03-31": "103.36700", "2008-12-31": 326.068, "2008-09-30": 93.936, "2008-06-30": 18.647, "2008-03-31": "93.85000", "2007-12-31": 60.535, "2007-09-30": 64.458, "2007-06-30": 63.171, "2007-03-31": "17.99300", "2006-12-31": 80.951, "2006-09-30": 56.081, "2006-06-30": 28.557, "2006-03-31": "52.61600", "2005-12-31": -8.143, "2005-09-30": 26.28, "2005-06-30": 52.829, "2005-03-31": "51.21700"}, "Change In Accounts Receivable": {"2020-09-30": 0, "2020-06-30": 0, "2020-03-31": "", "2019-12-31": -29.734, "2019-09-30": 0, "2019-06-30": 0, "2019-03-31": "", "2018-12-31": 63.23, "2018-09-30": 0, "2018-06-30": 0, "2018-03-31": "", "2017-12-31": -81.561, "2017-09-30": 0, "2017-06-30": 0, "2017-03-31": "", "2016-12-31": -72.763, "2016-09-30": 0, "2016-06-30": 0, "2016-03-31": "", "2015-12-31": -42.164, "2015-09-30": 0, "2015-06-30": 0, "2015-03-31": "", "2014-12-31": -25.118, "2014-09-30": 0, "2014-06-30": 0, "2014-03-31": "", "2013-12-31": -42.26, "2013-09-30": 0, "2013-06-30": 0, "2013-03-31": "", "2012-12-31": 17.412, "2012-09-30": 0, "2012-06-30": 0, "2012-03-31": "", "2011-12-31": 5.035, "2011-09-30": 0, "2011-06-30": 0, "2011-03-31": "", "2010-12-31": -49.656, "2010-09-30": 0, "2010-06-30": 0, "2010-03-31": "", "2009-12-31": 79.93, "2009-09-30": 0, "2009-06-30": 0, "2009-03-31": "", "2008-12-31": 61.352, "2008-09-30": 0, "2008-06-30": 0, "2008-03-31": "", "2007-12-31": 44.779, "2007-09-30": 0, "2007-06-30": 0, "2007-03-31": "", "2006-12-31": -56.599, "2006-09-30": 0, "2006-06-30": 0, "2006-03-31": "", "2005-12-31": -64.782, "2005-09-30": 0, "2005-06-30": 0, "2005-03-31": ""}, "Change In Inventories": {"2020-09-30": 0, "2020-06-30": 0, "2020-03-31": "", "2019-12-31": -28.273, "2019-09-30": 0, "2019-06-30": 0, "2019-03-31": "", "2018-12-31": -34.976, "2018-09-30": 0, "2018-06-30": 0, "2018-03-31": "", "2017-12-31": -14.121, "2017-09-30": 0, "2017-06-30": 0, "2017-03-31": "", "2016-12-31": 1.625, "2016-09-30": 0, "2016-06-30": 0, "2016-03-31": "", "2015-12-31": -20.925, "2015-09-30": 0, "2015-06-30": 0, "2015-03-31": "", "2014-12-31": -5.595, "2014-09-30": 0, "2014-06-30": 0, "2014-03-31": "", "2013-12-31": -7.7, "2013-09-30": 0, "2013-06-30": 0, "2013-03-31": "", "2012-12-31": -9.028, "2012-09-30": 0, "2012-06-30": 0, "2012-03-31": "", "2011-12-31": -6.927, "2011-09-30": 0, "2011-06-30": 0, "2011-03-31": "", "2010-12-31": 6.708, "2010-09-30": 0, "2010-06-30": 0, "2010-03-31": "", "2009-12-31": 39.289, "2009-09-30": 0, "2009-06-30": 0, "2009-03-31": "", "2008-12-31": -7.63, "2008-09-30": 0, "2008-06-30": 0, "2008-03-31": "", "2007-12-31": -29.508, "2007-09-30": 0, "2007-06-30": 0, "2007-03-31": "", "2006-12-31": -28.552, "2006-09-30": 0, "2006-06-30": 0, "2006-03-31": "", "2005-12-31": -6.21, "2005-09-30": 0, "2005-06-30": 0, "2005-03-31": ""}, "Change In Accounts Payable": {"2020-09-30": 0, "2020-06-30": 0, "2020-03-31": "", "2019-12-31": 0, "2019-09-30": 0, "2019-06-30": 0, "2019-03-31": "", "2018-12-31": 0, "2018-09-30": 0, "2018-06-30": 0, "2018-03-31": "", "2017-12-31": 0, "2017-09-30": 0, "2017-06-30": 0, "2017-03-31": "", "2016-12-31": 0, "2016-09-30": 0, "2016-06-30": 0, "2016-03-31": "", "2015-12-31": 0, "2015-09-30": 0, "2015-06-30": 0, "2015-03-31": "", "2014-12-31": 0, "2014-09-30": 0, "2014-06-30": 0, "2014-03-31": "", "2013-12-31": 0, "2013-09-30": 0, "2013-06-30": 0, "2013-03-31": "", "2012-12-31": 0, "2012-09-30": 0, "2012-06-30": 0, "2012-03-31": "", "2011-12-31": 0, "2011-09-30": 0, "2011-06-30": 0, "2011-03-31": "", "2010-12-31": 0, "2010-09-30": 0, "2010-06-30": 0, "2010-03-31": "", "2009-12-31": 0, "2009-09-30": 0, "2009-06-30": 0, "2009-03-31": "", "2008-12-31": 0, "2008-09-30": 0, "2008-06-30": 0, "2008-03-31": "", "2007-12-31": 0, "2007-09-30": 0, "2007-06-30": 0, "2007-03-31": "", "2006-12-31": 0, "2006-09-30": 0, "2006-06-30": 0, "2006-03-31": "", "2005-12-31": 0, "2005-09-30": 0, "2005-06-30": 0, "2005-03-31": ""}, "Change In Assets/Liabilities": {"2020-09-30": 27.68, "2020-06-30": 1.133, "2020-03-31": "-105.35800", "2019-12-31": 114.646, "2019-09-30": -28.034, "2019-06-30": -151.053, "2019-03-31": "-41.91400", "2018-12-31": -22.167, "2018-09-30": -9.975, "2018-06-30": -98.888, "2018-03-31": "43.47300", "2017-12-31": 69.313, "2017-09-30": 12.754, "2017-06-30": -138.794, "2017-03-31": "-28.06900", "2016-12-31": 105.197, "2016-09-30": 12.632, "2016-06-30": -154.574, "2016-03-31": "-4.38000", "2015-12-31": 80.34, "2015-09-30": 29.683, "2015-06-30": -115.814, "2015-03-31": "-7.33600", "2014-12-31": 29.423, "2014-09-30": -28.442, "2014-06-30": -96.234, "2014-03-31": "40.12700", "2013-12-31": 65.237, "2013-09-30": 29.348, "2013-06-30": -128.781, "2013-03-31": "20.48600", "2012-12-31": 12.071, "2012-09-30": 9.275, "2012-06-30": -64.839, "2012-03-31": "44.10500", "2011-12-31": 44.946, "2011-09-30": 14.632, "2011-06-30": -105.965, "2011-03-31": "68.37400", "2010-12-31": -0.76, "2010-09-30": 3.827, "2010-06-30": -52.711, "2010-03-31": "55.29600", "2009-12-31": -47.125, "2009-09-30": 87.695, "2009-06-30": -72.161, "2009-03-31": "36.31100", "2008-12-31": 109.766, "2008-09-30": -18.128, "2008-06-30": -35.877, "2008-03-31": "-90.68900", "2007-12-31": 115.932, "2007-09-30": -11.274, "2007-06-30": -84.316, "2007-03-31": "-9.94200", "2006-12-31": 151.569, "2006-09-30": -33.17, "2006-06-30": -56.462, "2006-03-31": "-53.01800", "2005-12-31": 142.056, "2005-09-30": -104.302, "2005-06-30": -59.747, "2005-03-31": "0.55000"}, "Total Change In Assets/Liabilities": {"2020-09-30": 27.68, "2020-06-30": 1.133, "2020-03-31": "-105.35800", "2019-12-31": 73.783, "2019-09-30": -28.034, "2019-06-30": -151.053, "2019-03-31": "-41.91400", "2018-12-31": 58.416, "2018-09-30": -9.975, "2018-06-30": -98.888, "2018-03-31": "43.47300", "2017-12-31": -15.243, "2017-09-30": 12.754, "2017-06-30": -138.794, "2017-03-31": "-28.06900", "2016-12-31": 57.225, "2016-09-30": 12.632, "2016-06-30": -154.574, "2016-03-31": "-4.38000", "2015-12-31": 70.347, "2015-09-30": 29.683, "2015-06-30": -115.814, "2015-03-31": "-7.33600", "2014-12-31": -0.901, "2014-09-30": -28.442, "2014-06-30": -96.234, "2014-03-31": "40.12700", "2013-12-31": 19.825, "2013-09-30": 29.348, "2013-06-30": -128.781, "2013-03-31": "20.48600", "2012-12-31": 31.837, "2012-09-30": 9.275, "2012-06-30": -64.839, "2012-03-31": "44.10500", "2011-12-31": 21.014, "2011-09-30": 14.632, "2011-06-30": -105.965, "2011-03-31": "68.37400", "2010-12-31": 13.526, "2010-09-30": 3.827, "2010-06-30": -52.711, "2010-03-31": "55.29600", "2009-12-31": 38.43, "2009-09-30": 87.695, "2009-06-30": -72.161, "2009-03-31": "36.31100", "2008-12-31": 46.46, "2008-09-30": -18.128, "2008-06-30": -35.877, "2008-03-31": "-90.68900", "2007-12-31": 156.609, "2007-09-30": -11.274, "2007-06-30": -84.316, "2007-03-31": "-9.94200", "2006-12-31": 33.58, "2006-09-30": -33.17, "2006-06-30": -56.462, "2006-03-31": "-53.01800", "2005-12-31": 108.28, "2005-09-30": -104.302, "2005-06-30": -59.747, "2005-03-31": "0.55000"}, "Cash Flow From Operating Activities": {"2020-09-30": 352.335, "2020-06-30": 343.116, "2020-03-31": "82.47500", "2019-12-31": 337.993, "2019-09-30": 344.213, "2019-06-30": 185.752, "2019-03-31": "116.16400", "2018-12-31": 260.146, "2018-09-30": 296.871, "2018-06-30": 182.792, "2018-03-31": "92.96800", "2017-12-31": 245.143, "2017-09-30": 244.313, "2017-06-30": 61.07, "2017-03-31": "94.15200", "2016-12-31": 239.979, "2016-09-30": 249.607, "2016-06-30": 66.274, "2016-03-31": "88.72800", "2015-12-31": 238.201, "2015-09-30": 216.7, "2015-06-30": 45.483, "2015-03-31": "19.15400", "2014-12-31": 111.281, "2014-09-30": 126.826, "2014-06-30": 27.872, "2014-03-31": "-4.97200", "2013-12-31": 96.487, "2013-09-30": 305.357, "2013-06-30": -32.478, "2013-03-31": "-12.86700", "2012-12-31": 144.716, "2012-09-30": 96.82, "2012-06-30": -32.205, "2012-03-31": "29.14400", "2011-12-31": 47.317, "2011-09-30": 114.71, "2011-06-30": -37.034, "2011-03-31": "44.05000", "2010-12-31": 74.879, "2010-09-30": 109.171, "2010-06-30": 12.217, "2010-03-31": "6.43900", "2009-12-31": 98.213, "2009-09-30": 185.42, "2009-06-30": 64.304, "2009-03-31": "105.09800", "2008-12-31": 156.943, "2008-09-30": 144.189, "2008-06-30": 121.136, "2008-03-31": "12.91700", "2007-12-31": 286.831, "2007-09-30": 203.374, "2007-06-30": 119.794, "2007-03-31": "98.14500", "2006-12-31": 215.731, "2006-09-30": 169.517, "2006-06-30": 122.084, "2006-03-31": "72.01700", "2005-12-31": 199.046, "2005-09-30": 60.071, "2005-06-30": 111.72, "2005-03-31": "102.34700"}, "Net Change In Property, Plant, And Equipment": {"2020-09-30": -39.465, "2020-06-30": -79.97, "2020-03-31": "-140.11400", "2019-12-31": -66.652, "2019-09-30": -80.144, "2019-06-30": -99.13, "2019-03-31": "-115.50700", "2018-12-31": -111.478, "2018-09-30": -96.757, "2018-06-30": -111.656, "2018-03-31": "-126.98700", "2017-12-31": -87.368, "2017-09-30": -73.938, "2017-06-30": -150.721, "2017-03-31": "-131.78300", "2016-12-31": -45.255, "2016-09-30": -84.238, "2016-06-30": -90.139, "2016-03-31": "-107.19800", "2015-12-31": -70.693, "2015-09-30": -65.049, "2015-06-30": -98.045, "2015-03-31": "-47.25700", "2014-12-31": -50.924, "2014-09-30": -52.042, "2014-06-30": -67.637, "2014-03-31": "-28.22100", "2013-12-31": -155.468, "2013-09-30": -44.812, "2013-06-30": -32.296, "2013-03-31": "-25.22800", "2012-12-31": 7.96, "2012-09-30": -12.973, "2012-06-30": 0.583, "2012-03-31": "-8.09800", "2011-12-31": -19.635, "2011-09-30": -20.807, "2011-06-30": -21.18, "2011-03-31": "-23.61500", "2010-12-31": -14.626, "2010-09-30": -19.162, "2010-06-30": -20.229, "2010-03-31": "-18.70500", "2009-12-31": -4.213, "2009-09-30": -31.716, "2009-06-30": -33.482, "2009-03-31": "-22.56800", "2008-12-31": -49.566, "2008-09-30": -93.006, "2008-06-30": -82.384, "2008-03-31": "-102.69800", "2007-12-31": -104.011, "2007-09-30": -111.064, "2007-06-30": -107.495, "2007-03-31": "-71.81300", "2006-12-31": -134.051, "2006-09-30": -110.707, "2006-06-30": -89.316, "2006-03-31": "-93.21500", "2005-12-31": -58.876, "2005-09-30": -50.363, "2005-06-30": -52.054, "2005-03-31": "-43.72400"}, "Net Change In Intangible Assets": {"2020-09-30": 0, "2020-06-30": 0, "2020-03-31": "", "2019-12-31": 0, "2019-09-30": 0, "2019-06-30": 0, "2019-03-31": "", "2018-12-31": 0, "2018-09-30": 0, "2018-06-30": 0, "2018-03-31": "", "2017-12-31": 0, "2017-09-30": 0, "2017-06-30": 0, "2017-03-31": "", "2016-12-31": 0, "2016-09-30": 0, "2016-06-30": 0, "2016-03-31": "", "2015-12-31": 0, "2015-09-30": 0, "2015-06-30": 0, "2015-03-31": "", "2014-12-31": 721.359, "2014-09-30": 0, "2014-06-30": 0, "2014-03-31": "", "2013-12-31": 51.604, "2013-09-30": 0, "2013-06-30": 0, "2013-03-31": "", "2012-12-31": 21.166, "2012-09-30": 0, "2012-06-30": 0, "2012-03-31": "", "2011-12-31": 0, "2011-09-30": 0, "2011-06-30": 0, "2011-03-31": "", "2010-12-31": 0, "2010-09-30": 0, "2010-06-30": 0, "2010-03-31": "", "2009-12-31": 0, "2009-09-30": 0, "2009-06-30": 0, "2009-03-31": "", "2008-12-31": 225.783, "2008-09-30": 0, "2008-06-30": 0, "2008-03-31": "", "2007-12-31": 0, "2007-09-30": 0, "2007-06-30": 0, "2007-03-31": "", "2006-12-31": 24.849, "2006-09-30": 0, "2006-06-30": 0, "2006-03-31": "", "2005-12-31": 0, "2005-09-30": 0, "2005-06-30": 0, "2005-03-31": ""}, "Net Acquisitions/Divestitures": {"2020-09-30": 0, "2020-06-30": -5.017, "2020-03-31": "", "2019-12-31": -45.273, "2019-09-30": 0, "2019-06-30": 0, "2019-03-31": "2.86600", "2018-12-31": -8.281, "2018-09-30": 5.858, "2018-06-30": -142.737, "2018-03-31": "-65.00300", "2017-12-31": -611.871, "2017-09-30": 0, "2017-06-30": -25.495, "2017-03-31": "-185.06700", "2016-12-31": -30.926, "2016-09-30": 0, "2016-06-30": 0, "2016-03-31": "-1.61100", "2015-12-31": -6.397, "2015-09-30": 0.586, "2015-06-30": -21.387, "2015-03-31": "", "2014-12-31": -734.722, "2014-09-30": -268.397, "2014-06-30": -1.174, "2014-03-31": "720.05600", "2013-12-31": -51.604, "2013-09-30": -1.304, "2013-06-30": 5.005, "2013-03-31": "-42.04800", "2012-12-31": -10.69, "2012-09-30": -1.137, "2012-06-30": 0, "2012-03-31": "11.82700", "2011-12-31": -8.622, "2011-09-30": 60.546, "2011-06-30": 0, "2011-03-31": "12.28400", "2010-12-31": -35.13, "2010-09-30": -35.404, "2010-06-30": -0.11, "2010-03-31": "51.06400", "2009-12-31": 0, "2009-09-30": 4.538, "2009-06-30": -36.98, "2009-03-31": "11.53700", "2008-12-31": -230.727, "2008-09-30": 0.709, "2008-06-30": 184.332, "2008-03-31": "-38.37100", "2007-12-31": -3239.037, "2007-09-30": 22.142, "2007-06-30": -0.004, "2007-03-31": "-50.43900", "2006-12-31": -24.883, "2006-09-30": 137.805, "2006-06-30": 22.144, "2006-03-31": "-13.68100", "2005-12-31": -65.896, "2005-09-30": -24.896, "2005-06-30": 188.21, "2005-03-31": "-47.30100"}, "Net Change In Short-term Investments": {"2020-09-30": 0, "2020-06-30": 0, "2020-03-31": "", "2019-12-31": 0, "2019-09-30": 0, "2019-06-30": 0, "2019-03-31": "", "2018-12-31": 0, "2018-09-30": 0, "2018-06-30": 0, "2018-03-31": "", "2017-12-31": 0, "2017-09-30": 0, "2017-06-30": 0, "2017-03-31": "", "2016-12-31": 0, "2016-09-30": 0, "2016-06-30": 0, "2016-03-31": "", "2015-12-31": 0, "2015-09-30": 0, "2015-06-30": 0, "2015-03-31": "", "2014-12-31": 0, "2014-09-30": 0, "2014-06-30": 0, "2014-03-31": "", "2013-12-31": 0, "2013-09-30": 0, "2013-06-30": 0, "2013-03-31": "", "2012-12-31": 0, "2012-09-30": 0, "2012-06-30": 0, "2012-03-31": "", "2011-12-31": 0, "2011-09-30": 0, "2011-06-30": 0, "2011-03-31": "", "2010-12-31": 0, "2010-09-30": 0, "2010-06-30": 0, "2010-03-31": "", "2009-12-31": 2.692, "2009-09-30": 0, "2009-06-30": 5.387, "2009-03-31": "25.20300", "2008-12-31": 0.258, "2008-09-30": -36.992, "2008-06-30": 0, "2008-03-31": "0.00000", "2007-12-31": 0, "2007-09-30": 0, "2007-06-30": 0, "2007-03-31": "", "2006-12-31": 0, "2006-09-30": 0, "2006-06-30": 68.965, "2006-03-31": "106.17500", "2005-12-31": 17.58, "2005-09-30": 56.26, "2005-06-30": -122.565, "2005-03-31": "52.79500"}, "Net Change In Long-Term Investments": {"2020-09-30": 0, "2020-06-30": 0, "2020-03-31": "", "2019-12-31": 0, "2019-09-30": 0, "2019-06-30": 0, "2019-03-31": "", "2018-12-31": 0, "2018-09-30": 0, "2018-06-30": 0, "2018-03-31": "", "2017-12-31": 0, "2017-09-30": 0, "2017-06-30": 0, "2017-03-31": "", "2016-12-31": 0, "2016-09-30": 0, "2016-06-30": 0, "2016-03-31": "", "2015-12-31": 0, "2015-09-30": 0, "2015-06-30": 0, "2015-03-31": "", "2014-12-31": 0, "2014-09-30": 0, "2014-06-30": 0, "2014-03-31": "", "2013-12-31": 0, "2013-09-30": 0, "2013-06-30": 0, "2013-03-31": "", "2012-12-31": 0, "2012-09-30": 0, "2012-06-30": 0, "2012-03-31": "", "2011-12-31": 0, "2011-09-30": 0, "2011-06-30": 0, "2011-03-31": "", "2010-12-31": 0, "2010-09-30": 0, "2010-06-30": 0, "2010-03-31": "", "2009-12-31": 0, "2009-09-30": 0, "2009-06-30": 0, "2009-03-31": "", "2008-12-31": 0, "2008-09-30": 0, "2008-06-30": 0, "2008-03-31": "", "2007-12-31": -1.595, "2007-09-30": -0.065, "2007-06-30": 0.225, "2007-03-31": "1.43500", "2006-12-31": 0.132, "2006-09-30": -0.068, "2006-06-30": 0.136, "2006-03-31": "0.10400", "2005-12-31": -0.024, "2005-09-30": 0.076, "2005-06-30": 0.26, "2005-03-31": "0.28400"}, "Net Change In Investments - Total": {"2020-09-30": 0, "2020-06-30": 0, "2020-03-31": "", "2019-12-31": 0, "2019-09-30": 0, "2019-06-30": 0, "2019-03-31": "", "2018-12-31": 0, "2018-09-30": 0, "2018-06-30": 0, "2018-03-31": "", "2017-12-31": 0, "2017-09-30": 0, "2017-06-30": 0, "2017-03-31": "", "2016-12-31": 0, "2016-09-30": 0, "2016-06-30": 0, "2016-03-31": "", "2015-12-31": 0, "2015-09-30": 0, "2015-06-30": 0, "2015-03-31": "", "2014-12-31": 0, "2014-09-30": 0, "2014-06-30": 0, "2014-03-31": "", "2013-12-31": 0, "2013-09-30": 0, "2013-06-30": 0, "2013-03-31": "", "2012-12-31": 0, "2012-09-30": 0, "2012-06-30": 0, "2012-03-31": "", "2011-12-31": 0, "2011-09-30": 0, "2011-06-30": 0, "2011-03-31": "", "2010-12-31": 0, "2010-09-30": 0, "2010-06-30": 0, "2010-03-31": "", "2009-12-31": 2.692, "2009-09-30": 0, "2009-06-30": 5.387, "2009-03-31": "25.20300", "2008-12-31": 0.258, "2008-09-30": -36.992, "2008-06-30": 0, "2008-03-31": "", "2007-12-31": -1.595, "2007-09-30": -0.065, "2007-06-30": 0.225, "2007-03-31": "1.43500", "2006-12-31": 0.132, "2006-09-30": -0.068, "2006-06-30": 69.101, "2006-03-31": "106.27900", "2005-12-31": 17.556, "2005-09-30": 56.336, "2005-06-30": -122.305, "2005-03-31": "53.07900"}, "Investing Activities - Other": {"2020-09-30": 5.244, "2020-06-30": -4.297, "2020-03-31": "9.87200", "2019-12-31": -0.655, "2019-09-30": -6.765, "2019-06-30": 2.66, "2019-03-31": "-7.23700", "2018-12-31": -0.634, "2018-09-30": -1.99, "2018-06-30": -10.192, "2018-03-31": "-0.03400", "2017-12-31": -3.653, "2017-09-30": 0, "2017-06-30": 0.405, "2017-03-31": "", "2016-12-31": -1.465, "2016-09-30": 0.626, "2016-06-30": 0.313, "2016-03-31": "2.69900", "2015-12-31": -0.049, "2015-09-30": 0.033, "2015-06-30": 0, "2015-03-31": "-0.33400", "2014-12-31": 0.033, "2014-09-30": 62.087, "2014-06-30": 0.937, "2014-03-31": "-63.02400", "2013-12-31": -0.041, "2013-09-30": 0, "2013-06-30": 0, "2013-03-31": "0.00200", "2012-12-31": 0.798, "2012-09-30": 0.914, "2012-06-30": 0.018, "2012-03-31": "0.03100", "2011-12-31": -0.134, "2011-09-30": 0.32, "2011-06-30": 0.964, "2011-03-31": "0.40000", "2010-12-31": 3.563, "2010-09-30": 4.392, "2010-06-30": -0.357, "2010-03-31": "-3.67200", "2009-12-31": -1.076, "2009-09-30": -0.038, "2009-06-30": 0.278, "2009-03-31": "0.43600", "2008-12-31": 0.191, "2008-09-30": -0.692, "2008-06-30": 0.359, "2008-03-31": "33.76400", "2007-12-31": 5.716, "2007-09-30": 0.988, "2007-06-30": 0.406, "2007-03-31": "0.31200", "2006-12-31": 0.617, "2006-09-30": -0.556, "2006-06-30": 0.556, "2006-03-31": "-0.01300", "2005-12-31": 63.763, "2005-09-30": 0, "2005-06-30": -62.701, "2005-03-31": ""}, "Cash Flow From Investing Activities": {"2020-09-30": -34.221, "2020-06-30": -89.284, "2020-03-31": "-130.24200", "2019-12-31": -112.58, "2019-09-30": -86.909, "2019-06-30": -96.47, "2019-03-31": "-119.87800", "2018-12-31": -120.393, "2018-09-30": -92.889, "2018-06-30": -264.585, "2018-03-31": "-192.02400", "2017-12-31": -702.892, "2017-09-30": -73.938, "2017-06-30": -175.811, "2017-03-31": "-316.85000", "2016-12-31": -77.646, "2016-09-30": -83.612, "2016-06-30": -89.826, "2016-03-31": "-106.11000", "2015-12-31": -77.139, "2015-09-30": -64.43, "2015-06-30": -119.432, "2015-03-31": "-47.59100", "2014-12-31": -64.254, "2014-09-30": -258.352, "2014-06-30": -67.874, "2014-03-31": "628.81100", "2013-12-31": -155.509, "2013-09-30": -46.116, "2013-06-30": -27.291, "2013-03-31": "-67.27400", "2012-12-31": 19.234, "2012-09-30": -13.196, "2012-06-30": 0.601, "2012-03-31": "3.76000", "2011-12-31": -28.391, "2011-09-30": 40.059, "2011-06-30": -20.216, "2011-03-31": "-10.93100", "2010-12-31": -46.193, "2010-09-30": -50.174, "2010-06-30": -20.696, "2010-03-31": "28.68700", "2009-12-31": -2.597, "2009-09-30": -27.216, "2009-06-30": -64.797, "2009-03-31": "14.60800", "2008-12-31": -54.061, "2008-09-30": -129.981, "2008-06-30": 102.307, "2008-03-31": "-107.30500", "2007-12-31": -3338.927, "2007-09-30": -87.999, "2007-06-30": -106.868, "2007-03-31": "-120.50500", "2006-12-31": -133.336, "2006-09-30": 26.474, "2006-06-30": 2.485, "2006-03-31": "-0.63000", "2005-12-31": -43.453, "2005-09-30": -18.923, "2005-06-30": -48.85, "2005-03-31": "-37.94600"}, "Net Long-Term Debt": {"2020-09-30": 0, "2020-06-30": 750.006, "2020-03-31": "-0.00600", "2019-12-31": 0, "2019-09-30": 0, "2019-06-30": 0.006, "2019-03-31": "-0.00600", "2018-12-31": 0, "2018-09-30": 0, "2018-06-30": 0, "2018-03-31": "850.00000", "2017-12-31": 600, "2017-09-30": 0, "2017-06-30": 1250, "2017-03-31": "350.00000", "2016-12-31": 0.014, "2016-09-30": -0.005, "2016-06-30": -0.009, "2016-03-31": "", "2015-12-31": 0, "2015-09-30": 530.945, "2015-06-30": -530.945, "2015-03-31": "400.00000", "2014-12-31": 0, "2014-09-30": 0, "2014-06-30": 0, "2014-03-31": "", "2013-12-31": 0, "2013-09-30": 0, "2013-06-30": 0, "2013-03-31": "", "2012-12-31": 0, "2012-09-30": 0, "2012-06-30": 0, "2012-03-31": "", "2011-12-31": 0, "2011-09-30": 0, "2011-06-30": 1080.847, "2011-03-31": "", "2010-12-31": 0, "2010-09-30": 450, "2010-06-30": 0, "2010-03-31": "", "2009-12-31": -361.724, "2009-09-30": 0, "2009-06-30": 0, "2009-03-31": "397.66000", "2008-12-31": -48.794, "2008-09-30": 0, "2008-06-30": 949.078, "2008-03-31": "", "2007-12-31": 1221.504, "2007-09-30": 0, "2007-06-30": 0.027, "2007-03-31": "-0.02700", "2006-12-31": 0, "2006-09-30": 0, "2006-06-30": 0, "2006-03-31": "", "2005-12-31": 0, "2005-09-30": 0, "2005-06-30": -8.253, "2005-03-31": ""}, "Net Current Debt": {"2020-09-30": -0.006, "2020-06-30": -250.012, "2020-03-31": "", "2019-12-31": -0.006, "2019-09-30": -137.006, "2019-06-30": -41.511, "2019-03-31": "45.50000", "2018-12-31": -67.0059, "2018-09-30": -160.005, "2018-06-30": 159.994, "2018-03-31": "-692.03800", "2017-12-31": -662.736, "2017-09-30": -565.565, "2017-06-30": -235.002, "2017-03-31": "-0.00500", "2016-12-31": -0.13, "2016-09-30": 0, "2016-06-30": 0.005, "2016-03-31": "-0.00500", "2015-12-31": -0.004, "2015-09-30": -598.556, "2015-06-30": 284.418, "2015-03-31": "-145.91800", "2014-12-31": -0.118, "2014-09-30": -0.017, "2014-06-30": -0.018, "2014-03-31": "-579.67600", "2013-12-31": -0.109, "2013-09-30": -100.016, "2013-06-30": -40.461, "2013-03-31": "-10.01600", "2012-12-31": -134.66, "2012-09-30": -0.015, "2012-06-30": -0.015, "2012-03-31": "-0.09000", "2011-12-31": -5.123, "2011-09-30": -100.213, "2011-06-30": -934.68, "2011-03-31": "11.44100", "2010-12-31": -39.71, "2010-09-30": -438.806, "2010-06-30": 19.906, "2010-03-31": "-11.60600", "2009-12-31": 246.71, "2009-09-30": -141.036, "2009-06-30": -521.079, "2009-03-31": "-432.55800", "2008-12-31": -80.435, "2008-09-30": -46.082, "2008-06-30": -983.269, "2008-03-31": "100.78600", "2007-12-31": 1944.277, "2007-09-30": -76.41, "2007-06-30": -16.447, "2007-03-31": "41.18000", "2006-12-31": -69.912, "2006-09-30": 19.585, "2006-06-30": 217, "2006-03-31": "-240.30500", "2005-12-31": -2.059, "2005-09-30": -0.164, "2005-06-30": -0.638, "2005-03-31": "-0.48900"}, "Debt Issuance/Retirement Net - Total": {"2020-09-30": -0.006, "2020-06-30": 499.994, "2020-03-31": "-0.00600", "2019-12-31": -0.006, "2019-09-30": -137.006, "2019-06-30": -41.505, "2019-03-31": "45.49400", "2018-12-31": -67.0059, "2018-09-30": -160.005, "2018-06-30": 159.994, "2018-03-31": "157.96200", "2017-12-31": -62.736, "2017-09-30": -565.565, "2017-06-30": 1014.998, "2017-03-31": "349.99500", "2016-12-31": -0.116, "2016-09-30": -0.005, "2016-06-30": -0.004, "2016-03-31": "-0.00500", "2015-12-31": -0.004, "2015-09-30": -67.611, "2015-06-30": -246.527, "2015-03-31": "254.08200", "2014-12-31": -0.118, "2014-09-30": -0.017, "2014-06-30": -0.018, "2014-03-31": "-579.67600", "2013-12-31": -0.109, "2013-09-30": -100.016, "2013-06-30": -40.461, "2013-03-31": "-10.01600", "2012-12-31": -134.66, "2012-09-30": -0.015, "2012-06-30": -0.015, "2012-03-31": "-0.09000", "2011-12-31": -5.1229, "2011-09-30": -100.213, "2011-06-30": 146.167, "2011-03-31": "11.44100", "2010-12-31": -39.71, "2010-09-30": 11.194, "2010-06-30": 19.906, "2010-03-31": "-11.60600", "2009-12-31": -115.0141, "2009-09-30": -141.0358, "2009-06-30": -521.0791, "2009-03-31": "-34.89800", "2008-12-31": -129.229, "2008-09-30": -46.082, "2008-06-30": -34.191, "2008-03-31": "100.78600", "2007-12-31": 3165.781, "2007-09-30": -76.41, "2007-06-30": -16.42, "2007-03-31": "41.15300", "2006-12-31": -69.912, "2006-09-30": 19.585, "2006-06-30": 217, "2006-03-31": "-240.30500", "2005-12-31": -2.059, "2005-09-30": -0.164, "2005-06-30": -8.891, "2005-03-31": "-0.48900"}, "Net Common Equity Issued/Repurchased": {"2020-09-30": 0, "2020-06-30": 0, "2020-03-31": "-26.13200", "2019-12-31": 0, "2019-09-30": -2.602, "2019-06-30": 0, "2019-03-31": "", "2018-12-31": -34.067, "2018-09-30": -24.995, "2018-06-30": -19.353, "2018-03-31": "-55.56800", "2017-12-31": 0, "2017-09-30": 0, "2017-06-30": -11.082, "2017-03-31": "-49.22100", "2016-12-31": 0, "2016-09-30": -92.307, "2016-06-30": -45.723, "2016-03-31": "-23.43300", "2015-12-31": -16.392, "2015-09-30": 17.119, "2015-06-30": 19.353, "2015-03-31": "31.41600", "2014-12-31": 10.989, "2014-09-30": 3.499, "2014-06-30": 5.227, "2014-03-31": "34.40700", "2013-12-31": 9.092, "2013-09-30": 0.893, "2013-06-30": 0.395, "2013-03-31": "3.20300", "2012-12-31": 4.295, "2012-09-30": 2.643, "2012-06-30": 0.041, "2012-03-31": "3.48300", "2011-12-31": 0.383, "2011-09-30": 0, "2011-06-30": 4.865, "2011-03-31": "3.30300", "2010-12-31": 7.905, "2010-09-30": 6.42, "2010-06-30": 26.556, "2010-03-31": "21.35500", "2009-12-31": 36.744, "2009-09-30": 5.195, "2009-06-30": 572.379, "2009-03-31": "9.55500", "2008-12-31": -3.217, "2008-09-30": 20.969, "2008-06-30": 2.645, "2008-03-31": "59.27700", "2007-12-31": 1.27, "2007-09-30": 0.841, "2007-06-30": 9.983, "2007-03-31": "18.18000", "2006-12-31": 4.684, "2006-09-30": -182.909, "2006-06-30": -310.994, "2006-03-31": "-4.69300", "2005-12-31": -102.808, "2005-09-30": -43.913, "2005-06-30": -3.712, "2005-03-31": "-40.10600"}, "Net Total Equity Issued/Repurchased": {"2020-09-30": 0, "2020-06-30": 0, "2020-03-31": "-26.13200", "2019-12-31": 0, "2019-09-30": -2.602, "2019-06-30": 0, "2019-03-31": "", "2018-12-31": -34.067, "2018-09-30": -24.995, "2018-06-30": -19.353, "2018-03-31": "-55.56800", "2017-12-31": 0, "2017-09-30": 0, "2017-06-30": -11.082, "2017-03-31": "-49.22100", "2016-12-31": 0, "2016-09-30": -92.307, "2016-06-30": -45.723, "2016-03-31": "-23.43300", "2015-12-31": -16.392, "2015-09-30": 17.119, "2015-06-30": 19.353, "2015-03-31": "31.41600", "2014-12-31": 10.989, "2014-09-30": 3.499, "2014-06-30": 5.227, "2014-03-31": "34.40700", "2013-12-31": 9.092, "2013-09-30": 0.893, "2013-06-30": 0.395, "2013-03-31": "3.20300", "2012-12-31": 4.295, "2012-09-30": 2.643, "2012-06-30": 0.041, "2012-03-31": "3.48300", "2011-12-31": 0.383, "2011-09-30": 0, "2011-06-30": 4.865, "2011-03-31": "3.30300", "2010-12-31": 7.905, "2010-09-30": 6.42, "2010-06-30": 26.556, "2010-03-31": "21.35500", "2009-12-31": 36.744, "2009-09-30": 5.195, "2009-06-30": 572.379, "2009-03-31": "9.55500", "2008-12-31": -3.217, "2008-09-30": 20.969, "2008-06-30": 2.645, "2008-03-31": "59.27700", "2007-12-31": 1.27, "2007-09-30": 0.841, "2007-06-30": 9.983, "2007-03-31": "18.18000", "2006-12-31": 4.684, "2006-09-30": -182.909, "2006-06-30": -310.994, "2006-03-31": "-4.69300", "2005-12-31": -102.808, "2005-09-30": -43.913, "2005-06-30": -3.712, "2005-03-31": "-40.10600"}, "Total Common And Preferred Stock Dividends Paid": {"2020-09-30": -45.033, "2020-06-30": -45.028, "2020-03-31": "-45.10000", "2019-12-31": -41.03, "2019-09-30": -41.016, "2019-06-30": -40.988, "2019-03-31": "-40.93900", "2018-12-31": -36.917, "2018-09-30": -36.996, "2018-06-30": -37.02, "2018-03-31": "-37.17600", "2017-12-31": -33.072, "2017-09-30": -33.069, "2017-06-30": -33.042, "2017-03-31": "-33.15200", "2016-12-31": -26.468, "2016-09-30": -26.527, "2016-06-30": -26.62, "2016-03-31": "-26.71800", "2015-12-31": -13.336, "2015-09-30": -13.329, "2015-06-30": -13.296, "2015-03-31": "-13.25300", "2014-12-31": -7.911, "2014-09-30": -7.899, "2014-06-30": -6.543, "2014-03-31": "-6.53100", "2013-12-31": -1.301, "2013-09-30": -1.292, "2013-06-30": -1.299, "2013-03-31": "-1.29900", "2012-12-31": -1.298, "2012-09-30": -1.295, "2012-06-30": -1.295, "2012-03-31": "-1.29500", "2011-12-31": -1.294, "2011-09-30": -32.308, "2011-06-30": -32.305, "2011-03-31": "-32.26500", "2010-12-31": -32.096, "2010-09-30": -32.096, "2010-06-30": -32, "2010-03-31": "-31.60000", "2009-12-31": -31.42, "2009-09-30": -31.296, "2009-06-30": -54.683, "2009-03-31": "-54.06900", "2008-12-31": -53.967, "2008-09-30": -53.84, "2008-06-30": -53.799, "2008-03-31": "-53.17700", "2007-12-31": -49.756, "2007-09-30": -43.949, "2007-06-30": -43.848, "2007-03-31": "-43.76200", "2006-12-31": -34.973, "2006-09-30": -35.254, "2006-06-30": -36.688, "2006-03-31": "-37.16700", "2005-12-31": -29.183, "2005-09-30": -29.61, "2005-06-30": -29.597, "2005-03-31": "-29.83900"}, "Financial Activities - Other": {"2020-09-30": -5.544, "2020-06-30": -11.872, "2020-03-31": "-35.22800", "2019-12-31": -0.973, "2019-09-30": -12.1, "2019-06-30": -11.375, "2019-03-31": "-14.13700", "2018-12-31": -0.428, "2018-09-30": -0.032, "2018-06-30": -7.227, "2018-03-31": "-66.29400", "2017-12-31": -0.96, "2017-09-30": -0.377, "2017-06-30": -13.291, "2017-03-31": "-25.98600", "2016-12-31": -4.245, "2016-09-30": -3.693, "2016-06-30": -4.085, "2016-03-31": "-24.63600", "2015-12-31": -14.801, "2015-09-30": 5.496, "2015-06-30": -3.502, "2015-03-31": "7.57600", "2014-12-31": -0.582, "2014-09-30": 0.127, "2014-06-30": 0.247, "2014-03-31": "2.99600", "2013-12-31": -0.735, "2013-09-30": 0.008, "2013-06-30": 0.032, "2013-03-31": "0.85600", "2012-12-31": 0.065, "2012-09-30": -0.132, "2012-06-30": 0.002, "2012-03-31": "0.33100", "2011-12-31": -9.432, "2011-09-30": 23.387, "2011-06-30": -17.897, "2011-03-31": "0.02500", "2010-12-31": 0.26, "2010-09-30": -4.192, "2010-06-30": 0.25, "2010-03-31": "0.40000", "2009-12-31": -10.208, "2009-09-30": 11.769, "2009-06-30": 0.141, "2009-03-31": "-3.04200", "2008-12-31": 2.756, "2008-09-30": 4.504, "2008-06-30": -37.911, "2008-03-31": "3.63700", "2007-12-31": -61.39, "2007-09-30": 0.629, "2007-06-30": 1.992, "2007-03-31": "21.51900", "2006-12-31": 4.385, "2006-09-30": 0.047, "2006-06-30": -3.039, "2006-03-31": "15.98300", "2005-12-31": 0.001, "2005-09-30": -0.001, "2005-06-30": -6.088, "2005-03-31": "6.13500"}, "Cash Flow From Financial Activities": {"2020-09-30": -50.583, "2020-06-30": 443.094, "2020-03-31": "-106.46600", "2019-12-31": -42.009, "2019-09-30": -192.724, "2019-06-30": -93.868, "2019-03-31": "-9.58200", "2018-12-31": -138.418, "2018-09-30": -222.028, "2018-06-30": 96.394, "2018-03-31": "-1.07600", "2017-12-31": -96.768, "2017-09-30": -599.011, "2017-06-30": 957.583, "2017-03-31": "241.63600", "2016-12-31": -30.829, "2016-09-30": -122.532, "2016-06-30": -76.432, "2016-03-31": "-74.79200", "2015-12-31": -44.533, "2015-09-30": -58.325, "2015-06-30": -243.972, "2015-03-31": "279.82100", "2014-12-31": 2.378, "2014-09-30": -4.29, "2014-06-30": -1.087, "2014-03-31": "-548.80400", "2013-12-31": 6.947, "2013-09-30": -100.407, "2013-06-30": -41.333, "2013-03-31": "-7.25600", "2012-12-31": -131.598, "2012-09-30": 1.201, "2012-06-30": -1.267, "2012-03-31": "2.42900", "2011-12-31": -15.466, "2011-09-30": -109.134, "2011-06-30": 100.83, "2011-03-31": "-17.49600", "2010-12-31": -63.641, "2010-09-30": -18.674, "2010-06-30": 14.712, "2010-03-31": "-21.45100", "2009-12-31": -119.898, "2009-09-30": -155.368, "2009-06-30": -3.242, "2009-03-31": "-82.45400", "2008-12-31": -183.657, "2008-09-30": -74.449, "2008-06-30": -123.256, "2008-03-31": "110.52300", "2007-12-31": 3055.905, "2007-09-30": -118.889, "2007-06-30": -48.293, "2007-03-31": "37.09000", "2006-12-31": -95.816, "2006-09-30": -198.531, "2006-06-30": -133.721, "2006-03-31": "-266.18200", "2005-12-31": -134.049, "2005-09-30": -73.688, "2005-06-30": -48.288, "2005-03-31": "-64.29900"}, "Net Cash Flow": {"2020-09-30": 267.531, "2020-06-30": 696.926, "2020-03-31": "-154.23300", "2019-12-31": 183.404, "2019-09-30": 64.58, "2019-06-30": -4.586, "2019-03-31": "-13.29600", "2018-12-31": 1.335, "2018-09-30": -18.046, "2018-06-30": 14.601, "2018-03-31": "-100.13200", "2017-12-31": -554.517, "2017-09-30": -428.636, "2017-06-30": 842.842, "2017-03-31": "18.93800", "2016-12-31": 131.504, "2016-09-30": 43.463, "2016-06-30": -99.984, "2016-03-31": "-92.17400", "2015-12-31": 116.529, "2015-09-30": 93.945, "2015-06-30": -317.921, "2015-03-31": "251.38400", "2014-12-31": 49.405, "2014-09-30": -135.816, "2014-06-30": -41.089, "2014-03-31": "75.03500", "2013-12-31": -52.075, "2013-09-30": 158.834, "2013-06-30": -101.102, "2013-03-31": "-87.39700", "2012-12-31": 32.352, "2012-09-30": 84.825, "2012-06-30": -32.871, "2012-03-31": "35.33300", "2011-12-31": 3.46, "2011-09-30": 45.635, "2011-06-30": 43.58, "2011-03-31": "15.62300", "2010-12-31": -34.955, "2010-09-30": 40.323, "2010-06-30": 6.233, "2010-03-31": "13.67500", "2009-12-31": -24.282, "2009-09-30": 2.836, "2009-06-30": -3.735, "2009-03-31": "37.25200", "2008-12-31": -80.775, "2008-09-30": -60.241, "2008-06-30": 100.187, "2008-03-31": "16.13500", "2007-12-31": 3.809, "2007-09-30": -3.514, "2007-06-30": -35.367, "2007-03-31": "14.73000", "2006-12-31": -13.421, "2006-09-30": -2.54, "2006-06-30": -9.152, "2006-03-31": "-194.79500", "2005-12-31": 21.544, "2005-09-30": -32.54, "2005-06-30": 14.582, "2005-03-31": "0.10200"}, "Stock-Based Compensation": {"2020-09-30": 8.019, "2020-06-30": 8.504, "2020-03-31": "6.71600", "2019-12-31": 7.028, "2019-09-30": 10.445, "2019-06-30": 8.646, "2019-03-31": "5.72400", "2018-12-31": 3.565, "2018-09-30": 6.887, "2018-06-30": 7.969, "2018-03-31": "6.79400", "2017-12-31": 6.682, "2017-09-30": 6.282, "2017-06-30": 7.183, "2017-03-31": "6.48800", "2016-12-31": 5.025, "2016-09-30": 4.813, "2016-06-30": 6.511, "2016-03-31": "4.32100", "2015-12-31": 4.228, "2015-09-30": 4.341, "2015-06-30": 4.979, "2015-03-31": "4.70000", "2014-12-31": 5.459, "2014-09-30": 6.497, "2014-06-30": 7.609, "2014-03-31": "4.31900", "2013-12-31": 5.304, "2013-09-30": 5.687, "2013-06-30": 6.169, "2013-03-31": "4.93300", "2012-12-31": 8.112, "2012-09-30": 5.761, "2012-06-30": 1.724, "2012-03-31": "1.87700", "2011-12-31": 5.463, "2011-09-30": 4.142, "2011-06-30": 5.173, "2011-03-31": "3.67600", "2010-12-31": 5.439, "2010-09-30": 4.674, "2010-06-30": 5.247, "2010-03-31": "5.27700", "2009-12-31": 1.25, "2009-09-30": 7.86, "2009-06-30": 8.219, "2009-03-31": "5.79100", "2008-12-31": 4.713, "2008-09-30": 5.214, "2008-06-30": 4.95, "2008-03-31": "4.21900", "2007-12-31": 4.347, "2007-09-30": 4.313, "2007-06-30": 4.411, "2007-03-31": "3.87100", "2006-12-31": 3.103, "2006-09-30": 2.895, "2006-06-30": 2.876, "2006-03-31": "5.47800", "2005-12-31": 17.17, "2005-09-30": 0, "2005-06-30": 0, "2005-03-31": ""}, "Common Stock Dividends Paid": {"2020-09-30": -45.033, "2020-06-30": -45.028, "2020-03-31": "-45.10000", "2019-12-31": -41.03, "2019-09-30": -41.016, "2019-06-30": -40.988, "2019-03-31": "-40.93900", "2018-12-31": -36.917, "2018-09-30": -36.996, "2018-06-30": -37.02, "2018-03-31": "-37.17600", "2017-12-31": -33.072, "2017-09-30": -33.069, "2017-06-30": -33.042, "2017-03-31": "-33.15200", "2016-12-31": -26.468, "2016-09-30": -26.527, "2016-06-30": -26.62, "2016-03-31": "-26.71800", "2015-12-31": -13.336, "2015-09-30": -13.329, "2015-06-30": -13.296, "2015-03-31": "-13.25300", "2014-12-31": -7.911, "2014-09-30": -7.899, "2014-06-30": -6.543, "2014-03-31": "-6.53100", "2013-12-31": -1.301, "2013-09-30": -1.292, "2013-06-30": -1.299, "2013-03-31": "-1.29900", "2012-12-31": -1.298, "2012-09-30": -1.295, "2012-06-30": -1.295, "2012-03-31": "-1.29500", "2011-12-31": -1.294, "2011-09-30": -32.308, "2011-06-30": -32.305, "2011-03-31": "-32.26500", "2010-12-31": -32.096, "2010-09-30": -32.096, "2010-06-30": -32, "2010-03-31": "-31.60000", "2009-12-31": -31.42, "2009-09-30": -31.296, "2009-06-30": -54.683, "2009-03-31": "-54.06900", "2008-12-31": -53.967, "2008-09-30": -53.84, "2008-06-30": -53.799, "2008-03-31": "-53.17700", "2007-12-31": -49.756, "2007-09-30": -43.949, "2007-06-30": -43.848, "2007-03-31": "-43.76200", "2006-12-31": -34.973, "2006-09-30": -35.254, "2006-06-30": -36.688, "2006-03-31": "-37.16700", "2005-12-31": -29.183, "2005-09-30": -29.61, "2005-06-30": -29.597, "2005-03-31": "-29.83900"}}, "financial ratios": {"Current Ratio": {"2019-12-31": "2.57550", "2018-12-31": "1.79100", "2017-12-31": "2.66470", "2016-12-31": "3.05490", "2015-12-31": "3.06830", "2014-12-31": "2.03700", "2013-12-31": "3.18080", "2012-12-31": "2.25700", "2011-12-31": "2.12450", "2010-12-31": "1.32870", "2009-12-31": "0.85550", "2008-12-31": "0.53750", "2007-12-31": "0.45770", "2006-12-31": "1.49990", "2005-12-31": "2.04040"}, "Long-term Debt / Capital": {"2019-12-31": "0.33120", "2018-12-31": "0.34820", "2017-12-31": "0.36150", "2016-12-31": "0.30250", "2015-12-31": "0.30780", "2014-12-31": "0.30520", "2013-12-31": "0.39040", "2012-12-31": "0.40180", "2011-12-31": "0.41420", "2010-12-31": "0.38030", "2009-12-31": "0.34390", "2008-12-31": "0.37730", "2007-12-31": "0.28920", "2006-12-31": "0.13800", "2005-12-31": "0.13160"}, "Debt/Equity Ratio": {"2019-12-31": "0.49530", "2018-12-31": "0.55980", "2017-12-31": "0.57450", "2016-12-31": "0.43370", "2015-12-31": "0.44460", "2014-12-31": "0.47520", "2013-12-31": "0.64050", "2012-12-31": "0.71180", "2011-12-31": "0.74250", "2010-12-31": "0.68720", "2009-12-31": "0.67820", "2008-12-31": "0.99830", "2007-12-31": "0.97260", "2006-12-31": "0.25940", "2005-12-31": "0.27910"}, "Gross Margin": {"2019-12-31": "25.47930", "2018-12-31": "25.11930", "2017-12-31": "25.53820", "2016-12-31": "27.52510", "2015-12-31": "25.05810", "2014-12-31": "19.62420", "2013-12-31": "15.40690", "2012-12-31": "13.01070", "2011-12-31": "11.06900", "2010-12-31": "11.75230", "2009-12-31": "16.57550", "2008-12-31": "20.53200", "2007-12-31": "28.57460", "2006-12-31": "27.88070", "2005-12-31": "24.48130"}, "Operating Margin": {"2019-12-31": "17.80160", "2018-12-31": "17.05990", "2017-12-31": "16.42660", "2016-12-31": "18.53500", "2015-12-31": "16.06510", "2014-12-31": "17.97290", "2013-12-31": "6.87200", "2012-12-31": "3.30230", "2011-12-31": "2.47390", "2010-12-31": "-0.56820", "2009-12-31": "5.51770", "2008-12-31": "6.82200", "2007-12-31": "21.46820", "2006-12-31": "20.79560", "2005-12-31": "16.46920"}, "EBIT Margin": {"2019-12-31": "17.80160", "2018-12-31": "17.05990", "2017-12-31": "16.42660", "2016-12-31": "18.53500", "2015-12-31": "16.06510", "2014-12-31": "17.97290", "2013-12-31": "6.87200", "2012-12-31": "3.30230", "2011-12-31": "2.47390", "2010-12-31": "-0.56820", "2009-12-31": "5.51770", "2008-12-31": "6.82200", "2007-12-31": "21.46820", "2006-12-31": "20.79560", "2005-12-31": "16.46920"}, "EBITDA Margin": {"2019-12-31": "25.40130", "2018-12-31": "24.95990", "2017-12-31": "24.29140", "2016-12-31": "26.46620", "2015-12-31": "24.09580", "2014-12-31": "27.30760", "2013-12-31": "17.95610", "2012-12-31": "16.23260", "2011-12-31": "16.57850", "2010-12-31": "14.36390", "2009-12-31": "20.18460", "2008-12-31": "24.39660", "2007-12-31": "29.62610", "2006-12-31": "27.56820", "2005-12-31": "24.16670"}, "Pre-Tax Profit Margin": {"2019-12-31": "15.37200", "2018-12-31": "14.22110", "2017-12-31": "9.28760", "2016-12-31": "15.23260", "2015-12-31": "9.58040", "2014-12-31": "9.98070", "2013-12-31": "-0.13360", "2012-12-31": "-4.69040", "2011-12-31": "-5.99470", "2010-12-31": "-7.51140", "2009-12-31": "-0.71440", "2008-12-31": "2.05560", "2007-12-31": "20.05840", "2006-12-31": "21.04700", "2005-12-31": "16.60240"}, "Net Profit Margin": {"2019-12-31": "12.53090", "2018-12-31": "11.76870", "2017-12-31": "15.45350", "2016-12-31": "11.67630", "2015-12-31": "6.46300", "2014-12-31": "6.84410", "2013-12-31": "0.88000", "2012-12-31": "-2.04860", "2011-12-31": "-2.75990", "2010-12-31": "-3.77080", "2009-12-31": "1.12670", "2008-12-31": "0.02510", "2007-12-31": "13.54980", "2006-12-31": "14.06780", "2005-12-31": "13.43720"}, "Asset Turnover": {"2019-12-31": "0.46290", "2018-12-31": "0.44580", "2017-12-31": "0.40930", "2016-12-31": "0.42410", "2015-12-31": "0.41220", "2014-12-31": "0.37240", "2013-12-31": "0.33550", "2012-12-31": "0.31590", "2011-12-31": "0.31160", "2010-12-31": "0.30680", "2009-12-31": "0.31560", "2008-12-31": "0.40950", "2007-12-31": "0.37240", "2006-12-31": "0.97510", "2005-12-31": "0.80640"}, "Inventory Turnover Ratio": {"2019-12-31": "8.01470", "2018-12-31": "7.64430", "2017-12-31": "7.53710", "2016-12-31": "7.53370", "2015-12-31": "7.38940", "2014-12-31": "7.47840", "2013-12-31": "6.80150", "2012-12-31": "6.66610", "2011-12-31": "6.96060", "2010-12-31": "7.06010", "2009-12-31": "6.90550", "2008-12-31": "7.96500", "2007-12-31": "6.67070", "2006-12-31": "9.89820", "2005-12-31": "11.05680"}, "Receiveable Turnover": {"2019-12-31": "8.64580", "2018-12-31": "8.10470", "2017-12-31": "6.61240", "2016-12-31": "7.30480", "2015-12-31": "8.18660", "2014-12-31": "8.00920", "2013-12-31": "8.15820", "2012-12-31": "8.64470", "2011-12-31": "8.14420", "2010-12-31": "8.05190", "2009-12-31": "10.03820", "2008-12-31": "10.22880", "2007-12-31": "7.88840", "2006-12-31": "8.53850", "2005-12-31": "6.07790"}, "Days Sales In Receivables": {"2019-12-31": "42.21710", "2018-12-31": "45.03530", "2017-12-31": "55.19970", "2016-12-31": "49.96700", "2015-12-31": "44.58520", "2014-12-31": "45.57270", "2013-12-31": "44.74010", "2012-12-31": "42.22230", "2011-12-31": "44.81720", "2010-12-31": "45.33120", "2009-12-31": "36.36100", "2008-12-31": "35.68360", "2007-12-31": "46.27080", "2006-12-31": "42.74760", "2005-12-31": "60.05370"}, "ROE - Return On Equity": {"2019-12-31": "11.07290", "2018-12-31": "9.95290", "2017-12-31": "11.94210", "2016-12-31": "9.23800", "2015-12-31": "5.22910", "2014-12-31": "4.95960", "2013-12-31": "0.52710", "2012-12-31": "-1.43380", "2011-12-31": "-1.98480", "2010-12-31": "-2.59220", "2009-12-31": "0.46190", "2008-12-31": "0.09470", "2007-12-31": "12.31740", "2006-12-31": "23.87880", "2005-12-31": "16.12860"}, "Return On Tangible Equity": {"2019-12-31": "45.66080", "2018-12-31": "54.96500", "2017-12-31": "75.79000", "2016-12-31": "59.61140", "2015-12-31": "39.29150", "2014-12-31": "64.00660", "2013-12-31": "13.05360", "2012-12-31": "296.52420", "2011-12-31": "-1017.00600", "2010-12-31": "-61.37020", "2009-12-31": "7.21970", "2008-12-31": "-1.63840", "2007-12-31": "-305.83880", "2006-12-31": "36.36570", "2005-12-31": "22.69130"}, "ROA - Return On Assets": {"2019-12-31": "5.84580", "2018-12-31": "5.26680", "2017-12-31": "6.24300", "2016-12-31": "4.98620", "2015-12-31": "2.80560", "2014-12-31": "2.57610", "2013-12-31": "0.25130", "2012-12-31": "-0.66360", "2011-12-31": "-0.91450", "2010-12-31": "-1.22960", "2009-12-31": "0.21870", "2008-12-31": "0.03780", "2007-12-31": "5.18200", "2006-12-31": "14.00820", "2005-12-31": "9.58460"}, "ROI - Return On Investment": {"2019-12-31": "7.40530", "2018-12-31": "6.48740", "2017-12-31": "7.62480", "2016-12-31": "6.44380", "2015-12-31": "3.61980", "2014-12-31": "3.44590", "2013-12-31": "0.32130", "2012-12-31": "-0.85770", "2011-12-31": "-1.16270", "2010-12-31": "-1.60640", "2009-12-31": "0.30310", "2008-12-31": "0.05900", "2007-12-31": "8.75490", "2006-12-31": "20.58230", "2005-12-31": "14.00580"}, "Book Value Per Share": {"2019-12-31": "42.47050", "2018-12-31": "39.48710", "2017-12-31": "37.55100", "2016-12-31": "34.55120", "2015-12-31": "33.44690", "2014-12-31": "31.66400", "2013-12-31": "30.24660", "2012-12-31": "28.99350", "2011-12-31": "29.33670", "2010-12-31": "30.76770", "2009-12-31": "32.06400", "2008-12-31": "32.22770", "2007-12-31": "34.73590", "2006-12-31": "21.25550", "2005-12-31": "21.26720"}, "Operating Cash Flow Per Share": {"2019-12-31": 1.1599, "2018-12-31": 1.4385, "2017-12-31": 0.0328, "2016-12-31": 0.9011, "2015-12-31": 1.8832, "2014-12-31": -0.7491, "2013-12-31": 0.8737, "2012-12-31": 0.5314, "2011-12-31": -0.2764, "2010-12-31": -2.2103, "2009-12-31": -0.1289, "2008-12-31": -3.2018, "2007-12-31": 1.3176, "2006-12-31": 1.2603, "2005-12-31": 4.5461}, "Free Cash Flow Per Share": {"2019-12-31": 1.787, "2018-12-31": 1.3921, "2017-12-31": -0.8508, "2016-12-31": 0.5747, "2015-12-31": 1.2978, "2014-12-31": -0.2831, "2013-12-31": -0.9908, "2012-12-31": 1.0938, "2011-12-31": -0.3674, "2010-12-31": -2.0081, "2009-12-31": 2.0541, "2008-12-31": -2.1874, "2007-12-31": 1.6325, "2006-12-31": -1.0524, "2005-12-31": 2.5764}}, "financial ratios, quarterly": {"Current Ratio": {"2020-09-30": "2.11730", "2020-06-30": "1.95440", "2020-03-31": "2.68410", "2019-12-31": "2.57550", "2019-09-30": "2.47390", "2019-06-30": "1.89130", "2019-03-31": "1.64320", "2018-12-31": "1.79100", "2018-09-30": "1.70320", "2018-06-30": "1.45750", "2018-03-31": "1.73360", "2017-12-31": "2.66470", "2017-09-30": "4.22280", "2017-06-30": "2.35990", "2017-03-31": "3.20800", "2016-12-31": "3.05490", "2016-09-30": "2.98340", "2016-06-30": "3.07630", "2016-03-31": "2.82620", "2015-12-31": "3.06830", "2015-09-30": "2.77540", "2015-06-30": "2.01760", "2015-03-31": "1.69860", "2014-12-31": "2.03700", "2014-09-30": "2.61670", "2014-06-30": "3.15390", "2014-03-31": "3.09130", "2013-12-31": "3.18080", "2013-09-30": "3.06980", "2013-06-30": "2.32700", "2013-03-31": "1.97370", "2012-12-31": "2.25700", "2012-09-30": "1.66000", "2012-06-30": "1.54300", "2012-03-31": "1.90950", "2011-12-31": "2.12450", "2011-09-30": "2.63460", "2011-06-30": "2.04280", "2011-03-31": "1.20780", "2010-12-31": "1.32870", "2010-09-30": "1.37320", "2010-06-30": "0.79780", "2010-03-31": "0.83110", "2009-12-31": "0.85550", "2009-09-30": "1.31020", "2009-06-30": "1.23840", "2009-03-31": "0.69350", "2008-12-31": "0.53750", "2008-09-30": "0.59150", "2008-06-30": "0.58910", "2008-03-31": "0.44350", "2007-12-31": "0.45770", "2007-09-30": "1.80300", "2007-06-30": "1.59120", "2007-03-31": "1.45490", "2006-12-31": "1.49990", "2006-09-30": "1.46060", "2006-06-30": "1.53380", "2006-03-31": "2.84130", "2005-12-31": "2.04040", "2005-09-30": "2.25100", "2005-06-30": "2.06890", "2005-03-31": "1.96100"}, "Long-term Debt / Capital": {"2020-09-30": "0.31900", "2020-06-30": "0.32580", "2020-03-31": "0.33260", "2019-12-31": "0.33120", "2019-09-30": "0.33430", "2019-06-30": "0.34120", "2019-03-31": "0.34770", "2018-12-31": "0.34820", "2018-09-30": "0.35060", "2018-06-30": "0.35610", "2018-03-31": "0.36100", "2017-12-31": "0.36150", "2017-09-30": "0.37490", "2017-06-30": "0.37910", "2017-03-31": "0.34000", "2016-12-31": "0.30250", "2016-09-30": "0.30580", "2016-06-30": "0.30680", "2016-03-31": "0.30950", "2015-12-31": "0.30780", "2015-09-30": "0.31210", "2015-06-30": "0.30940", "2015-03-31": "0.31220", "2014-12-31": "0.30520", "2014-09-30": "0.32080", "2014-06-30": "0.32680", "2014-03-31": "0.33240", "2013-12-31": "0.39040", "2013-09-30": "0.39510", "2013-06-30": "0.39830", "2013-03-31": "0.40470", "2012-12-31": "0.40180", "2012-09-30": "0.40150", "2012-06-30": "0.40320", "2012-03-31": "0.41620", "2011-12-31": "0.41420", "2011-09-30": "0.42140", "2011-06-30": "0.41840", "2011-03-31": "0.38390", "2010-12-31": "0.38030", "2010-09-30": "0.37680", "2010-06-30": "0.33180", "2010-03-31": "0.34170", "2009-12-31": "0.34390", "2009-09-30": "0.38020", "2009-06-30": "0.38460", "2009-03-31": "0.42130", "2008-12-31": "0.37730", "2008-09-30": "0.35340", "2008-06-30": "0.35800", "2008-03-31": "0.28990", "2007-12-31": "0.28920", "2007-09-30": "0.12260", "2007-06-30": "0.12630", "2007-03-31": "0.13310", "2006-12-31": "0.13800", "2006-09-30": "0.14350", "2006-06-30": "0.14010", "2006-03-31": "0.12850", "2005-12-31": "0.13160", "2005-09-30": "0.14100", "2005-06-30": "0.14530", "2005-03-31": "0.15400"}, "Debt/Equity Ratio": {"2020-09-30": "0.55440", "2020-06-30": "0.57000", "2020-03-31": "0.49830", "2019-12-31": "0.49530", "2019-09-30": "0.50220", "2019-06-30": "0.54340", "2019-03-31": "0.56720", "2018-12-31": "0.55980", "2018-09-30": "0.57880", "2018-06-30": "0.62480", "2018-03-31": "0.60570", "2017-12-31": "0.57450", "2017-09-30": "0.60080", "2017-06-30": "0.72470", "2017-03-31": "0.51530", "2016-12-31": "0.43370", "2016-09-30": "0.44040", "2016-06-30": "0.44260", "2016-03-31": "0.44820", "2015-12-31": "0.44460", "2015-09-30": "0.45370", "2015-06-30": "0.48410", "2015-03-31": "0.54180", "2014-12-31": "0.47520", "2014-09-30": "0.47230", "2014-06-30": "0.48540", "2014-03-31": "0.49790", "2013-12-31": "0.64050", "2013-09-30": "0.65330", "2013-06-30": "0.68820", "2013-03-31": "0.71770", "2012-12-31": "0.71180", "2012-09-30": "0.74660", "2012-06-30": "0.75170", "2012-03-31": "0.75140", "2011-12-31": "0.74250", "2011-09-30": "0.72960", "2011-06-30": "0.74660", "2011-03-31": "0.70140", "2010-12-31": "0.68720", "2010-09-30": "0.68530", "2010-06-30": "0.68160", "2010-03-31": "0.67350", "2009-12-31": "0.67820", "2009-09-30": "0.69830", "2009-06-30": "0.74210", "2009-03-31": "1.00880", "2008-12-31": "0.99830", "2008-09-30": "0.92650", "2008-06-30": "0.95080", "2008-03-31": "1.00270", "2007-12-31": "0.97260", "2007-09-30": "0.20420", "2007-06-30": "0.24570", "2007-03-31": "0.26860", "2006-12-31": "0.25940", "2006-09-30": "0.30760", "2006-06-30": "0.28890", "2006-03-31": "0.16230", "2005-12-31": "0.27910", "2005-09-30": "0.27610", "2005-06-30": "0.28560", "2005-03-31": "0.30320"}, "Gross Margin": {"2020-09-30": "29.04810", "2020-06-30": "29.98080", "2020-03-31": "19.22560", "2019-12-31": "24.70860", "2019-09-30": "28.23900", "2019-06-30": "27.90590", "2019-03-31": "19.23460", "2018-12-31": "25.30080", "2018-09-30": "27.66830", "2018-06-30": "26.92860", "2018-03-31": "18.64700", "2017-12-31": "24.70790", "2017-09-30": "27.74770", "2017-06-30": "28.13620", "2017-03-31": "20.09590", "2016-12-31": "26.09170", "2016-09-30": "30.17530", "2016-06-30": "30.53680", "2016-03-31": "21.82480", "2015-12-31": "29.62020", "2015-09-30": "28.05020", "2015-06-30": "26.19120", "2015-03-31": "12.33420", "2014-12-31": "22.47070", "2014-09-30": "23.92940", "2014-06-30": "22.09310", "2014-03-31": "5.93500", "2013-12-31": "17.25070", "2013-09-30": "19.54150", "2013-06-30": "17.98960", "2013-03-31": "3.28060", "2012-12-31": "13.01810", "2012-09-30": "17.41390", "2012-06-30": "15.26200", "2012-03-31": "4.09750", "2011-12-31": "12.09760", "2011-09-30": "15.21920", "2011-06-30": "14.36530", "2011-03-31": "-1.45850", "2010-12-31": "8.65680", "2010-09-30": "17.05410", "2010-06-30": "16.61820", "2010-03-31": "0.18120", "2009-12-31": "11.52950", "2009-09-30": "19.85110", "2009-06-30": "20.20260", "2009-03-31": "12.92820", "2008-12-31": "18.66740", "2008-09-30": "19.82000", "2008-06-30": "24.00530", "2008-03-31": "18.89670", "2007-12-31": "25.80060", "2007-09-30": "30.65560", "2007-06-30": "32.45550", "2007-03-31": "24.33040", "2006-12-31": "29.06210", "2006-09-30": "29.36470", "2006-06-30": "29.03560", "2006-03-31": "23.12640", "2005-12-31": "23.71390", "2005-09-30": "27.37970", "2005-06-30": "26.89960", "2005-03-31": "17.44800"}, "Operating Margin": {"2020-09-30": "21.99450", "2020-06-30": "22.59950", "2020-03-31": "10.70310", "2019-12-31": "16.31960", "2019-09-30": "21.38320", "2019-06-30": "20.79370", "2019-03-31": "10.47990", "2018-12-31": "17.19420", "2018-09-30": "20.09230", "2018-06-30": "19.18530", "2018-03-31": "9.50230", "2017-12-31": "15.26580", "2017-09-30": "20.77970", "2017-06-30": "18.62370", "2017-03-31": "8.93900", "2016-12-31": "18.34180", "2016-09-30": "22.52430", "2016-06-30": "22.34330", "2016-03-31": "8.60190", "2015-12-31": "20.18430", "2015-09-30": "20.43470", "2015-06-30": "17.17890", "2015-03-31": "1.70430", "2014-12-31": "13.23020", "2014-09-30": "16.06390", "2014-06-30": "13.05020", "2014-03-31": "33.88970", "2013-12-31": "7.91310", "2013-09-30": "12.26290", "2013-06-30": "11.75880", "2013-03-31": "-9.30170", "2012-12-31": "9.12710", "2012-09-30": "7.66480", "2012-06-30": "2.83260", "2012-03-31": "-8.63600", "2011-12-31": "-0.89940", "2011-09-30": "14.02140", "2011-06-30": "3.34600", "2011-03-31": "-12.55830", "2010-12-31": "-5.01700", "2010-09-30": "6.78580", "2010-06-30": "0.16440", "2010-03-31": "-7.45440", "2009-12-31": "0.23550", "2009-09-30": "10.62770", "2009-06-30": "9.09930", "2009-03-31": "-0.22090", "2008-12-31": "-23.07660", "2008-09-30": "12.66130", "2008-06-30": "23.34380", "2008-03-31": "8.16770", "2007-12-31": "17.00770", "2007-09-30": "23.68320", "2007-06-30": "24.71800", "2007-03-31": "19.95760", "2006-12-31": "21.02140", "2006-09-30": "22.20460", "2006-06-30": "24.55900", "2006-03-31": "13.97150", "2005-12-31": "15.98910", "2005-09-30": "19.86780", "2005-06-30": "19.62790", "2005-03-31": "7.14470"}, "EBIT Margin": {"2020-09-30": "21.99450", "2020-06-30": "22.59950", "2020-03-31": "10.70310", "2019-12-31": "16.31960", "2019-09-30": "21.38320", "2019-06-30": "20.79370", "2019-03-31": "10.47990", "2018-12-31": "17.19420", "2018-09-30": "20.09230", "2018-06-30": "19.18530", "2018-03-31": "9.50230", "2017-12-31": "15.26570", "2017-09-30": "20.77970", "2017-06-30": "18.62370", "2017-03-31": "8.93900", "2016-12-31": "18.34180", "2016-09-30": "22.52430", "2016-06-30": "22.34330", "2016-03-31": "8.60190", "2015-12-31": "20.18430", "2015-09-30": "20.43470", "2015-06-30": "17.17890", "2015-03-31": "1.70430", "2014-12-31": "13.23030", "2014-09-30": "16.06390", "2014-06-30": "13.05020", "2014-03-31": "33.88970", "2013-12-31": "7.91310", "2013-09-30": "12.26290", "2013-06-30": "11.75880", "2013-03-31": "-9.30170", "2012-12-31": "9.12710", "2012-09-30": "7.66480", "2012-06-30": "2.83260", "2012-03-31": "-8.63600", "2011-12-31": "-0.89940", "2011-09-30": "14.02140", "2011-06-30": "3.34600", "2011-03-31": "-12.55830", "2010-12-31": "-5.01700", "2010-09-30": "6.78580", "2010-06-30": "0.16440", "2010-03-31": "-7.45440", "2009-12-31": "0.23550", "2009-09-30": "10.62770", "2009-06-30": "9.09930", "2009-03-31": "-0.22090", "2008-12-31": "-23.07660", "2008-09-30": "12.66130", "2008-06-30": "23.34380", "2008-03-31": "8.16770", "2007-12-31": "17.00770", "2007-09-30": "23.68320", "2007-06-30": "24.71800", "2007-03-31": "19.95760", "2006-12-31": "21.02140", "2006-09-30": "22.20460", "2006-06-30": "24.55900", "2006-03-31": "13.97150", "2005-12-31": "15.98910", "2005-09-30": "19.86780", "2005-06-30": "19.62790", "2005-03-31": "7.14470"}, "EBITDA Margin": {"2020-09-30": "", "2020-06-30": "", "2020-03-31": "", "2019-12-31": "", "2019-09-30": "", "2019-06-30": "", "2019-03-31": "", "2018-12-31": "", "2018-09-30": "", "2018-06-30": "", "2018-03-31": "", "2017-12-31": "", "2017-09-30": "", "2017-06-30": "", "2017-03-31": "", "2016-12-31": "", "2016-09-30": "", "2016-06-30": "", "2016-03-31": "", "2015-12-31": "", "2015-09-30": "", "2015-06-30": "", "2015-03-31": "", "2014-12-31": "", "2014-09-30": "", "2014-06-30": "", "2014-03-31": "", "2013-12-31": "", "2013-09-30": "", "2013-06-30": "", "2013-03-31": "", "2012-12-31": "", "2012-09-30": "", "2012-06-30": "", "2012-03-31": "", "2011-12-31": "", "2011-09-30": "", "2011-06-30": "", "2011-03-31": "", "2010-12-31": "", "2010-09-30": "", "2010-06-30": "", "2010-03-31": "", "2009-12-31": "", "2009-09-30": "", "2009-06-30": "", "2009-03-31": "", "2008-12-31": "", "2008-09-30": "", "2008-06-30": "", "2008-03-31": "", "2007-12-31": "", "2007-09-30": "", "2007-06-30": "", "2007-03-31": "", "2006-12-31": "", "2006-09-30": "", "2006-06-30": "", "2006-03-31": "", "2005-12-31": "", "2005-09-30": "", "2005-06-30": "", "2005-03-31": ""}, "Pre-Tax Profit Margin": {"2020-09-30": "19.70460", "2020-06-30": "20.58930", "2020-03-31": "6.88040", "2019-12-31": "13.99740", "2019-09-30": "19.13910", "2019-06-30": "18.49130", "2019-03-31": "7.48890", "2018-12-31": "14.14670", "2018-09-30": "17.78160", "2018-06-30": "16.69360", "2018-03-31": "5.67510", "2017-12-31": "1.46670", "2017-09-30": "13.63190", "2017-06-30": "15.27030", "2017-03-31": "5.12470", "2016-12-31": "16.19060", "2016-09-30": "19.33660", "2016-06-30": "18.86260", "2016-03-31": "4.04050", "2015-12-31": "16.01860", "2015-09-30": "16.52330", "2015-06-30": "7.78490", "2015-03-31": "-8.03780", "2014-12-31": "7.69420", "2014-09-30": "11.31520", "2014-06-30": "8.15190", "2014-03-31": "13.47530", "2013-12-31": "1.10430", "2013-09-30": "6.50750", "2013-06-30": "4.91100", "2013-03-31": "-18.66300", "2012-12-31": "0.84380", "2012-09-30": "0.63510", "2012-06-30": "-5.00390", "2012-03-31": "-17.81120", "2011-12-31": "-9.19060", "2011-09-30": "6.86750", "2011-06-30": "-6.75850", "2011-03-31": "-20.94660", "2010-12-31": "-12.67680", "2010-09-30": "0.61130", "2010-06-30": "-5.94250", "2010-03-31": "-15.95210", "2009-12-31": "-6.91860", "2009-09-30": "5.38950", "2009-06-30": "3.49000", "2009-03-31": "-7.58380", "2008-12-31": "-29.00820", "2008-09-30": "7.97890", "2008-06-30": "20.03980", "2008-03-31": "2.60850", "2007-12-31": "13.70810", "2007-09-30": "22.86050", "2007-06-30": "23.91160", "2007-03-31": "19.35950", "2006-12-31": "20.45770", "2006-09-30": "21.99060", "2006-06-30": "25.29520", "2006-03-31": "15.16450", "2005-12-31": "16.89760", "2005-09-30": "20.83250", "2005-06-30": "18.88770", "2005-03-31": "6.15820"}, "Net Profit Margin": {"2020-09-30": "15.25230", "2020-06-30": "15.87180", "2020-03-31": "5.74300", "2019-12-31": "11.89490", "2019-09-30": "15.20440", "2019-06-30": "14.87990", "2019-03-31": "6.35210", "2018-12-31": "11.39870", "2018-09-30": "14.44540", "2018-06-30": "13.30270", "2018-03-31": "6.20020", "2017-12-31": "33.50890", "2017-09-30": "9.91850", "2017-06-30": "11.65540", "2017-03-31": "5.70550", "2016-12-31": "12.89840", "2016-09-30": "14.08770", "2016-06-30": "13.03360", "2016-03-31": "5.32090", "2015-12-31": "10.36860", "2015-09-30": "11.92200", "2015-06-30": "5.38040", "2015-03-31": "-6.28520", "2014-12-31": "5.03590", "2014-09-30": "7.66260", "2014-06-30": "5.81020", "2014-03-31": "9.39990", "2013-12-31": "1.33530", "2013-09-30": "5.08410", "2013-06-30": "3.89480", "2013-03-31": "-10.18950", "2012-12-31": "0.57250", "2012-09-30": "1.95650", "2012-06-30": "-2.63390", "2012-03-31": "-9.71350", "2011-12-31": "-4.53360", "2011-09-30": "2.62360", "2011-06-30": "-1.15950", "2011-03-31": "-11.23420", "2010-12-31": "-8.01670", "2010-09-30": "1.78230", "2010-06-30": "-3.25910", "2010-03-31": "-7.85520", "2009-12-31": "-2.26220", "2009-09-30": "6.96900", "2009-06-30": "3.07710", "2009-03-31": "-5.46070", "2008-12-31": "-26.62920", "2008-09-30": "5.82720", "2008-06-30": "13.77860", "2008-03-31": "1.70470", "2007-12-31": "9.87430", "2007-09-30": "14.96500", "2007-06-30": "16.15880", "2007-03-31": "12.93300", "2006-12-31": "13.94200", "2006-09-30": "14.60070", "2006-06-30": "16.96010", "2006-03-31": "9.88940", "2005-12-31": "12.05060", "2005-09-30": "14.72450", "2005-06-30": "15.54160", "2005-03-31": "10.28180"}, "Asset Turnover": {"2020-09-30": "0.11300", "2020-06-30": "0.11600", "2020-03-31": "0.09870", "2019-12-31": "0.11140", "2019-09-30": "0.13460", "2019-06-30": "0.12670", "2019-03-31": "0.09680", "2018-12-31": "0.11070", "2018-09-30": "0.12560", "2018-06-30": "0.12190", "2018-03-31": "0.09040", "2017-12-31": "0.10280", "2017-09-30": "0.11600", "2017-06-30": "0.10440", "2017-03-31": "0.09000", "2016-12-31": "0.10300", "2016-09-30": "0.12060", "2016-06-30": "0.11540", "2016-03-31": "0.09150", "2015-12-31": "0.10330", "2015-09-30": "0.12490", "2015-06-30": "0.10920", "2015-03-31": "0.07580", "2014-12-31": "0.09390", "2014-09-30": "0.10830", "2014-06-30": "0.10000", "2014-03-31": "0.07300", "2013-12-31": "0.08240", "2013-09-30": "0.09790", "2013-06-30": "0.09100", "2013-03-31": "0.06660", "2012-12-31": "0.07490", "2012-09-30": "0.08860", "2012-06-30": "0.08490", "2012-03-31": "0.06520", "2011-12-31": "0.07470", "2011-09-30": "0.09070", "2011-06-30": "0.08370", "2011-03-31": "0.05870", "2010-12-31": "0.07030", "2010-09-30": "0.08720", "2010-06-30": "0.08670", "2010-03-31": "0.05830", "2009-12-31": "0.06920", "2009-09-30": "0.08880", "2009-06-30": "0.08160", "2009-03-31": "0.06790", "2008-12-31": "0.08960", "2008-09-30": "0.11100", "2008-06-30": "0.11180", "2008-03-31": "0.09020", "2007-12-31": "0.09590", "2007-09-30": "0.24230", "2007-06-30": "0.23820", "2007-03-31": "0.19240", "2006-12-31": "0.23810", "2006-09-30": "0.27220", "2006-06-30": "0.25450", "2006-03-31": "0.20800", "2005-12-31": "0.21020", "2005-09-30": "0.22710", "2005-06-30": "0.21390", "2005-03-31": "0.14230"}, "Inventory Turnover Ratio": {"2020-09-30": "2.04060", "2020-06-30": "2.05120", "2020-03-31": "1.80040", "2019-12-31": "1.94860", "2019-09-30": "2.36960", "2019-06-30": "2.16840", "2019-03-31": "1.87430", "2018-12-31": "1.89310", "2018-09-30": "2.19520", "2018-06-30": "2.17200", "2018-03-31": "1.73890", "2017-12-31": "1.91490", "2017-09-30": "2.16210", "2017-06-30": "1.97570", "2017-03-31": "1.73120", "2016-12-31": "1.86680", "2016-09-30": "2.08240", "2016-06-30": "1.91060", "2016-03-31": "1.74680", "2015-12-31": "1.73840", "2015-09-30": "2.28700", "2015-06-30": "1.93280", "2015-03-31": "1.65850", "2014-12-31": "1.81900", "2014-09-30": "2.16760", "2014-06-30": "1.99010", "2014-03-31": "1.76670", "2013-12-31": "1.63350", "2013-09-30": "1.99460", "2013-06-30": "1.77930", "2013-03-31": "1.52830", "2012-12-31": "1.57970", "2012-09-30": "1.78630", "2012-06-30": "1.75790", "2012-03-31": "1.50560", "2011-12-31": "1.64890", "2011-09-30": "2.02960", "2011-06-30": "1.82570", "2011-03-31": "1.50160", "2010-12-31": "1.67420", "2010-09-30": "1.94930", "2010-06-30": "1.97150", "2010-03-31": "1.60070", "2009-12-31": "1.60630", "2009-09-30": "1.88040", "2009-06-30": "1.58430", "2009-03-31": "1.44460", "2008-12-31": "1.78420", "2008-09-30": "2.18370", "2008-06-30": "2.02430", "2008-03-31": "1.72250", "2007-12-31": "1.78440", "2007-09-30": "2.35430", "2007-06-30": "2.07480", "2007-03-31": "1.95180", "2006-12-31": "2.37780", "2006-09-30": "2.75700", "2006-06-30": "2.68590", "2006-03-31": "2.34380", "2005-12-31": "2.91110", "2005-09-30": "3.24280", "2005-06-30": "2.98790", "2005-03-31": "2.23390"}, "Receiveable Turnover": {"2020-09-30": "2.03330", "2020-06-30": "1.90060", "2020-03-31": "1.75560", "2019-12-31": "2.08050", "2019-09-30": "1.95710", "2019-06-30": "1.90390", "2019-03-31": "1.77780", "2018-12-31": "2.01200", "2018-09-30": "1.92070", "2018-06-30": "1.88080", "2018-03-31": "1.74580", "2017-12-31": "1.66140", "2017-09-30": "1.89000", "2017-06-30": "1.80810", "2017-03-31": "1.67930", "2016-12-31": "1.77500", "2016-09-30": "1.89510", "2016-06-30": "1.79590", "2016-03-31": "1.70070", "2015-12-31": "2.05080", "2015-09-30": "1.87790", "2015-06-30": "1.82530", "2015-03-31": "1.70640", "2014-12-31": "2.01960", "2014-09-30": "1.82090", "2014-06-30": "1.82150", "2014-03-31": "1.64900", "2013-12-31": "2.00300", "2013-09-30": "1.82730", "2013-06-30": "1.82550", "2013-03-31": "1.67040", "2012-12-31": "2.04870", "2012-09-30": "1.83400", "2012-06-30": "1.77920", "2012-03-31": "1.68420", "2011-12-31": "1.95190", "2011-09-30": "1.76900", "2011-06-30": "1.80090", "2011-03-31": "1.75170", "2010-12-31": "1.84470", "2010-09-30": "1.83540", "2010-06-30": "1.89090", "2010-03-31": "1.69270", "2009-12-31": "2.20180", "2009-09-30": "1.95030", "2009-06-30": "1.87250", "2009-03-31": "1.81870", "2008-12-31": "2.23880", "2008-09-30": "1.95180", "2008-06-30": "1.95210", "2008-03-31": "1.86920", "2007-12-31": "2.03120", "2007-09-30": "1.99300", "2007-06-30": "1.90670", "2007-03-31": "1.75300", "2006-12-31": "2.08530", "2006-09-30": "1.94100", "2006-06-30": "1.46020", "2006-03-31": "1.41170", "2005-12-31": "1.58410", "2005-09-30": "1.54700", "2005-06-30": "1.83580", "2005-03-31": "1.81780"}, "Days Sales In Receivables": {"2020-09-30": "44.26220", "2020-06-30": "47.35260", "2020-03-31": "51.26540", "2019-12-31": "43.25790", "2019-09-30": "45.98710", "2019-06-30": "47.27020", "2019-03-31": "50.62430", "2018-12-31": "44.73150", "2018-09-30": "46.85900", "2018-06-30": "47.85250", "2018-03-31": "51.55130", "2017-12-31": "54.16970", "2017-09-30": "47.61800", "2017-06-30": "49.77650", "2017-03-31": "53.59260", "2016-12-31": "50.70470", "2016-09-30": "47.49180", "2016-06-30": "50.11530", "2016-03-31": "52.91800", "2015-12-31": "43.88530", "2015-09-30": "47.92540", "2015-06-30": "49.30720", "2015-03-31": "52.74200", "2014-12-31": "44.56240", "2014-09-30": "49.42580", "2014-06-30": "49.40940", "2014-03-31": "54.57740", "2013-12-31": "44.93360", "2013-09-30": "49.25300", "2013-06-30": "49.30250", "2013-03-31": "53.87870", "2012-12-31": "43.92970", "2012-09-30": "49.07280", "2012-06-30": "50.58350", "2012-03-31": "53.43680", "2011-12-31": "46.10990", "2011-09-30": "50.87530", "2011-06-30": "49.97410", "2011-03-31": "51.37800", "2010-12-31": "48.78840", "2010-09-30": "49.03640", "2010-06-30": "47.59760", "2010-03-31": "53.17050", "2009-12-31": "40.87500", "2009-09-30": "46.14690", "2009-06-30": "48.06350", "2009-03-31": "49.48520", "2008-12-31": "40.20020", "2008-09-30": "46.11200", "2008-06-30": "46.10370", "2008-03-31": "48.14990", "2007-12-31": "44.30850", "2007-09-30": "45.15820", "2007-06-30": "47.20150", "2007-03-31": "51.34180", "2006-12-31": "43.15960", "2006-09-30": "46.36780", "2006-06-30": "61.63530", "2006-03-31": "63.75410", "2005-12-31": "56.81440", "2005-09-30": "58.17830", "2005-06-30": "49.02610", "2005-03-31": "49.50910"}, "ROE - Return On Equity": {"2020-09-30": "3.39260", "2020-06-30": "3.65980", "2020-03-31": "1.07320", "2019-12-31": "2.53640", "2019-09-30": "3.93460", "2019-06-30": "3.68440", "2019-03-31": "1.22550", "2018-12-31": "2.38870", "2018-09-30": "3.49540", "2018-06-30": "3.19290", "2018-03-31": "1.08680", "2017-12-31": "6.60040", "2017-09-30": "2.35110", "2017-06-30": "2.42820", "2017-03-31": "0.96270", "2016-12-31": "2.36330", "2016-09-30": "3.22240", "2016-06-30": "2.84060", "2016-03-31": "0.94920", "2015-12-31": "2.10050", "2015-09-30": "2.89240", "2015-06-30": "1.17860", "2015-03-31": "-0.88140", "2014-12-31": "0.91820", "2014-09-30": "1.61340", "2014-06-30": "1.13830", "2014-03-31": "1.35210", "2013-12-31": "0.25640", "2013-09-30": "1.09110", "2013-06-30": "0.79000", "2013-03-31": "-1.65870", "2012-12-31": "0.11930", "2012-09-30": "0.41470", "2012-06-30": "-0.45380", "2012-03-31": "-1.52310", "2011-12-31": "-0.68420", "2011-09-30": "0.57960", "2011-06-30": "-0.18340", "2011-03-31": "-1.65850", "2010-12-31": "-1.16650", "2010-09-30": "0.26320", "2010-06-30": "-0.55880", "2010-03-31": "-1.09860", "2009-12-31": "-0.31160", "2009-09-30": "1.17300", "2009-06-30": "0.38570", "2009-03-31": "-0.92570", "2008-12-31": "-5.97000", "2008-09-30": "1.50720", "2008-06-30": "3.60660", "2008-03-31": "0.38660", "2007-12-31": "2.29110", "2007-09-30": "6.25860", "2007-06-30": "6.46460", "2007-03-31": "4.26530", "2006-12-31": "5.71860", "2006-09-30": "7.32890", "2006-06-30": "7.69080", "2006-03-31": "", "2005-12-31": "4.33160", "2005-09-30": "", "2005-06-30": "", "2005-03-31": ""}, "Return On Tangible Equity": {"2020-09-30": "12.19570", "2020-06-30": "14.27850", "2020-03-31": "4.47830", "2019-12-31": "10.45940", "2019-09-30": "16.72480", "2019-06-30": "17.55430", "2019-03-31": "6.59150", "2018-12-31": "13.19140", "2018-09-30": "20.51320", "2018-06-30": "22.90750", "2018-03-31": "7.39320", "2017-12-31": "41.88930", "2017-09-30": "14.71560", "2017-06-30": "16.78680", "2017-03-31": "7.37170", "2016-12-31": "15.25020", "2016-09-30": "22.13020", "2016-06-30": "20.19170", "2016-03-31": "7.32560", "2015-12-31": "15.78310", "2015-09-30": "25.15200", "2015-06-30": "13.68130", "2015-03-31": "-12.17080", "2014-12-31": "11.84960", "2014-09-30": "19.53800", "2014-06-30": "12.52910", "2014-03-31": "17.26330", "2013-12-31": "6.35010", "2013-09-30": "50.33760", "2013-06-30": "89.85900", "2013-03-31": "93.68480", "2012-12-31": "-24.67830", "2012-09-30": "-121.78080", "2012-06-30": "43.83010", "2012-03-31": "154.35110", "2011-12-31": "-350.59730", "2011-09-30": "27.49990", "2011-06-30": "-8.81600", "2011-03-31": "-65.69110", "2010-12-31": "-27.61700", "2010-09-30": "4.37510", "2010-06-30": "-8.93600", "2010-03-31": "-16.46930", "2009-12-31": "-4.87120", "2009-09-30": "15.43640", "2009-06-30": "6.05100", "2009-03-31": "11.79570", "2008-12-31": "103.23640", "2008-09-30": "-67.64000", "2008-06-30": "-106.51130", "2008-03-31": "-5.26450", "2007-12-31": "-56.88870", "2007-09-30": "8.72570", "2007-06-30": "9.13780", "2007-03-31": "6.18540", "2006-12-31": "8.70900", "2006-09-30": "10.85860", "2006-06-30": "11.28410", "2006-03-31": "4.60460", "2005-12-31": "6.09410", "2005-09-30": "8.45860", "2005-06-30": "7.00170", "2005-03-31": "1.54790"}, "ROA - Return On Assets": {"2020-09-30": "1.73530", "2020-06-30": "1.85070", "2020-03-31": "0.56450", "2019-12-31": "1.33910", "2019-09-30": "2.06900", "2019-06-30": "1.88830", "2019-03-31": "0.62090", "2018-12-31": "1.26400", "2018-09-30": "1.82130", "2018-06-30": "1.62830", "2018-03-31": "0.56480", "2017-12-31": "3.45050", "2017-09-30": "1.16690", "2017-06-30": "1.13220", "2017-03-31": "0.49770", "2016-12-31": "1.27560", "2016-09-30": "1.73650", "2016-06-30": "1.53490", "2016-03-31": "0.50890", "2015-12-31": "1.12700", "2015-09-30": "1.51740", "2015-06-30": "0.60790", "2015-03-31": "-0.44040", "2014-12-31": "0.47690", "2014-09-30": "0.84000", "2014-06-30": "0.58790", "2014-03-31": "0.69240", "2013-12-31": "0.12230", "2013-09-30": "0.50720", "2013-06-30": "0.37100", "2013-03-31": "-0.76280", "2012-12-31": "0.05520", "2012-09-30": "0.18990", "2012-06-30": "-0.20760", "2012-03-31": "-0.69440", "2011-12-31": "-0.31530", "2011-09-30": "0.26730", "2011-06-30": "-0.08470", "2011-03-31": "-0.77850", "2010-12-31": "-0.55330", "2010-09-30": "0.12430", "2010-06-30": "-0.26530", "2010-03-31": "-0.52530", "2009-12-31": "-0.14760", "2009-09-30": "0.54690", "2009-06-30": "0.17580", "2009-03-31": "-0.36500", "2008-12-31": "-2.37940", "2008-09-30": "0.65540", "2008-06-30": "1.54610", "2008-03-31": "0.15990", "2007-12-31": "0.96390", "2007-09-30": "3.85400", "2007-06-30": "3.89420", "2007-03-31": "2.50190", "2006-12-31": "3.35470", "2006-09-30": "4.12770", "2006-06-30": "4.36590", "2006-03-31": "2.11050", "2005-12-31": "2.57410", "2005-09-30": "3.51110", "2005-06-30": "2.78830", "2005-03-31": "0.57720"}, "ROI - Return On Investment": {"2020-09-30": "2.31030", "2020-06-30": "2.46740", "2020-03-31": "0.71630", "2019-12-31": "1.69630", "2019-09-30": "2.61930", "2019-06-30": "2.42730", "2019-03-31": "0.79940", "2018-12-31": "1.55700", "2018-09-30": "2.26990", "2018-06-30": "2.05580", "2018-03-31": "0.69440", "2017-12-31": "4.21430", "2017-09-30": "1.46960", "2017-06-30": "1.50780", "2017-03-31": "0.63540", "2016-12-31": "1.64850", "2016-09-30": "2.23710", "2016-06-30": "1.96910", "2016-03-31": "0.65540", "2015-12-31": "1.45400", "2015-09-30": "1.98970", "2015-06-30": "0.81390", "2015-03-31": "-0.60620", "2014-12-31": "0.63790", "2014-09-30": "1.09590", "2014-06-30": "0.76630", "2014-03-31": "0.90270", "2013-12-31": "0.15630", "2013-09-30": "0.66000", "2013-06-30": "0.47540", "2013-03-31": "-0.98740", "2012-12-31": "0.07140", "2012-09-30": "0.24820", "2012-06-30": "-0.27080", "2012-03-31": "-0.88930", "2011-12-31": "-0.40080", "2011-09-30": "0.33540", "2011-06-30": "-0.10670", "2011-03-31": "-1.02180", "2010-12-31": "-0.72290", "2010-09-30": "0.16400", "2010-06-30": "-0.37340", "2010-03-31": "-0.72320", "2009-12-31": "-0.20450", "2009-09-30": "0.72700", "2009-06-30": "0.23740", "2009-03-31": "-0.53570", "2008-12-31": "-3.71730", "2008-09-30": "0.97460", "2008-06-30": "2.31540", "2008-03-31": "0.27450", "2007-12-31": "1.62850", "2007-09-30": "5.49160", "2007-06-30": "5.64790", "2007-03-31": "3.69770", "2006-12-31": "4.92910", "2006-09-30": "6.27690", "2006-06-30": "6.61360", "2006-03-31": "2.86120", "2005-12-31": "3.76150", "2005-09-30": "5.09370", "2005-06-30": "4.16410", "2005-03-31": "0.90620"}, "Book Value Per Share": {"2020-09-30": "44.75780", "2020-06-30": "43.52080", "2020-03-31": "42.21250", "2019-12-31": "42.47050", "2019-09-30": "41.87560", "2019-06-30": "40.62170", "2019-03-31": "39.50370", "2018-12-31": "39.48710", "2018-09-30": "38.97000", "2018-06-30": "37.95800", "2018-03-31": "37.13970", "2017-12-31": "37.55100", "2017-09-30": "35.41800", "2017-06-30": "34.81670", "2017-03-31": "34.19070", "2016-12-31": "34.55120", "2016-09-30": "34.04130", "2016-06-30": "33.67240", "2016-03-31": "33.15430", "2015-12-31": "33.44690", "2015-09-30": "32.72910", "2015-06-30": "31.78550", "2015-03-31": "31.35960", "2014-12-31": "31.66400", "2014-09-30": "31.89830", "2014-06-30": "31.21370", "2014-03-31": "30.81850", "2013-12-31": "30.24660", "2013-09-30": "29.71720", "2013-06-30": "29.34310", "2013-03-31": "28.58690", "2012-12-31": "28.99350", "2012-09-30": "29.06880", "2012-06-30": "28.92690", "2012-03-31": "28.94840", "2011-12-31": "29.33670", "2011-09-30": "29.92210", "2011-06-30": "29.96410", "2011-03-31": "30.18010", "2010-12-31": "30.76770", "2010-09-30": "31.34230", "2010-06-30": "31.41280", "2010-03-31": "31.70270", "2009-12-31": "32.06400", "2009-09-30": "32.57970", "2009-06-30": "32.27670", "2009-03-31": "31.51630", "2008-12-31": "32.22770", "2008-09-30": "36.03110", "2008-06-30": "35.65170", "2008-03-31": "34.23780", "2007-12-31": "34.73590", "2007-09-30": "24.05740", "2007-06-30": "23.26100", "2007-03-31": "21.98060", "2006-12-31": "21.25550", "2006-09-30": "20.36490", "2006-06-30": "20.52850", "2006-03-31": "21.77050", "2005-12-31": "21.26720", "2005-09-30": "21.24910", "2005-06-30": "20.45850", "2005-03-31": "19.59550"}, "Operating Cash Flow Per Share": {"2020-09-30": 2.6401, "2020-06-30": 2.5783, "2020-03-31": "0.61890", "2019-12-31": 2.5336, "2019-09-30": 2.5805, "2019-06-30": 1.3909, "2019-03-31": "0.87310", "2018-12-31": 1.9415, "2018-09-30": 2.2196, "2018-06-30": 1.3652, "2018-03-31": "0.69190", "2017-12-31": 1.815, "2017-09-30": 1.8126, "2017-06-30": 0.4545, "2017-03-31": "0.69760", "2016-12-31": 1.768, "2016-09-30": 1.8409, "2016-06-30": 0.4861, "2016-03-31": "0.65190", "2015-12-31": 1.7704, "2015-09-30": 1.5974, "2015-06-30": 0.3336, "2015-03-31": "0.14440", "2014-12-31": 0.84, "2014-09-30": 0.9503, "2014-06-30": 0.2099, "2014-03-31": "-0.03760", "2013-12-31": 0.7317, "2013-09-30": 2.3253, "2013-06-30": -0.2465, "2013-03-31": "-0.09880", "2012-12-31": 1.118, "2012-09-30": 0.7436, "2012-06-30": -0.2485, "2012-03-31": "0.22490", "2011-12-31": 0.3686, "2011-09-30": 0.8838, "2011-06-30": -0.2871, "2011-03-31": "0.34130", "2010-12-31": 0.5914, "2010-09-30": 0.846, "2010-06-30": 0.0948, "2010-03-31": "0.05080", "2009-12-31": 0.9741, "2009-09-30": 1.331, "2009-06-30": 0.5379, "2009-03-31": "0.95030", "2008-12-31": 1.4216, "2008-09-30": 1.2942, "2008-06-30": 1.0889, "2008-03-31": "0.11750", "2007-12-31": 2.82, "2007-09-30": 2.0837, "2007-06-30": 1.2165, "2007-03-31": "1.00380", "2006-12-31": 2.0838, "2006-09-30": 1.8128, "2006-06-30": 1.2061, "2006-03-31": "0.70370", "2005-12-31": 1.9202, "2005-09-30": 0.5681, "2005-06-30": 1.0795, "2005-03-31": "0.97830"}, "Free Cash Flow Per Share": {"2020-09-30": 2.3459, "2020-06-30": 1.9763, "2020-03-31": "-0.43250", "2019-12-31": 2.0341, "2019-09-30": 1.9798, "2019-06-30": 0.6496, "2019-03-31": "0.00490", "2018-12-31": 1.1096, "2018-09-30": 1.4949, "2018-06-30": 0.5301, "2018-03-31": "-0.25320", "2017-12-31": 1.1695, "2017-09-30": 1.2645, "2017-06-30": -0.6659, "2017-03-31": "-0.27880", "2016-12-31": 1.4343, "2016-09-30": 1.2166, "2016-06-30": -0.1751, "2016-03-31": "-0.13570", "2015-12-31": 1.2417, "2015-09-30": 1.1202, "2015-06-30": -0.3847, "2015-03-31": "-0.21180", "2014-12-31": 0.4539, "2014-09-30": 0.5628, "2014-06-30": -0.2982, "2014-03-31": "-0.25090", "2013-12-31": -0.45, "2013-09-30": 1.984, "2013-06-30": -0.4907, "2013-03-31": "-0.29260", "2012-12-31": 1.1788, "2012-09-30": 0.6443, "2012-06-30": -0.244, "2012-03-31": "0.16240", "2011-12-31": 0.2152, "2011-09-30": 0.7244, "2011-06-30": -0.4502, "2011-03-31": "0.15830", "2010-12-31": 0.4742, "2010-09-30": 0.6991, "2010-06-30": -0.0614, "2010-03-31": "-0.09680", "2009-12-31": 0.9013, "2009-09-30": 1.1261, "2009-06-30": 0.2496, "2009-03-31": "0.74620", "2008-12-31": 0.9677, "2008-09-30": 0.4606, "2008-06-30": 0.3577, "2008-03-31": "-0.81690", "2007-12-31": 1.8188, "2007-09-30": 0.9441, "2007-06-30": 0.1243, "2007-03-31": "0.26930", "2006-12-31": 0.8035, "2006-09-30": 0.6067, "2006-06-30": 0.3209, "2006-03-31": "-0.20710", "2005-12-31": 1.3503, "2005-09-30": 0.089, "2005-06-30": 0.5767, "2005-03-31": "0.56040"}}, "revenue": {"Vulcan Materials Annual Revenue (Millions of US $)": {"2019": "$4,929", "2018": "$4,383", "2017": "$3,890", "2016": "$3,593", "2015": "$3,422", "2014": "$2,994", "2013": "$2,771", "2012": "$2,567", "2011": "$2,565", "2010": "$2,559", "2009": "$2,690", "2008": "$3,651", "2007": "$3,328", "2006": "$3,342", "2005": "$2,895"}, "Vulcan Materials Quarterly Revenue (Millions of US $)": {"2020-09-30": "$1,310", "2020-06-30": "$1,323", "2020-03-31": "$1,049", "2019-12-31": "$1,186", "2019-09-30": "$1,419", "2019-06-30": "$1,328", "2019-03-31": "$997", "2018-12-31": "$1,088", "2018-09-30": "$1,240", "2018-06-30": "$1,200", "2018-03-31": "$854", "2017-12-31": "$977", "2017-09-30": "$1,095", "2017-06-30": "$1,031", "2017-03-31": "$787", "2016-12-31": "$873", "2016-09-30": "$1,008", "2016-06-30": "$957", "2016-03-31": "$755", "2015-12-31": "$857", "2015-09-30": "$1,038", "2015-06-30": "$895", "2015-03-31": "$631", "2014-12-31": "$755", "2014-09-30": "$874", "2014-06-30": "$791", "2014-03-31": "$574", "2013-12-31": "$680", "2013-09-30": "$814", "2013-06-30": "$739", "2013-03-31": "$538", "2012-12-31": "$608", "2012-09-30": "$729", "2012-06-30": "$694", "2012-03-31": "$536", "2011-12-31": "$615", "2011-09-30": "$761", "2011-06-30": "$702", "2011-03-31": "$487", "2010-12-31": "$586", "2010-09-30": "$743", "2010-06-30": "$736", "2010-03-31": "$493", "2009-12-31": "$590", "2009-09-30": "$778", "2009-06-30": "$722", "2009-03-31": "$600", "2008-12-31": "$799", "2008-09-30": "$1,013", "2008-06-30": "$1,022", "2008-03-31": "$817", "2007-12-31": "$857", "2007-09-30": "$905", "2007-06-30": "$879", "2007-03-31": "$687", "2006-12-31": "$816", "2006-09-30": "$929", "2006-06-30": "$888", "2006-03-31": "$709", "2005-12-31": "$755", "2005-09-30": "$830", "2005-06-30": "$782", "2005-03-31": "$529"}}, "gross-profit": {"Vulcan Materials Annual Gross Profit (Millions of US $)": {"2019": "$1,256", "2018": "$1,101", "2017": "$994", "2016": "$989", "2015": "$858", "2014": "$588", "2013": "$427", "2012": "$334", "2011": "$284", "2010": "$301", "2009": "$446", "2008": "$750", "2007": "$951", "2006": "$932", "2005": "$709"}, "Vulcan Materials Quarterly Gross Profit (Millions of US $)": {"2020-09-30": "$380", "2020-06-30": "$397", "2020-03-31": "$202", "2019-12-31": "$293", "2019-09-30": "$401", "2019-06-30": "$371", "2019-03-31": "$192", "2018-12-31": "$275", "2018-09-30": "$343", "2018-06-30": "$323", "2018-03-31": "$159", "2017-12-31": "$242", "2017-09-30": "$304", "2017-06-30": "$290", "2017-03-31": "$158", "2016-12-31": "$228", "2016-09-30": "$304", "2016-06-30": "$292", "2016-03-31": "$165", "2015-12-31": "$254", "2015-09-30": "$291", "2015-06-30": "$234", "2015-03-31": "$78", "2014-12-31": "$170", "2014-09-30": "$209", "2014-06-30": "$175", "2014-03-31": "$34", "2013-12-31": "$117", "2013-09-30": "$159", "2013-06-30": "$133", "2013-03-31": "$18", "2012-12-31": "$79", "2012-09-30": "$127", "2012-06-30": "$106", "2012-03-31": "$22", "2011-12-31": "$74", "2011-09-30": "$116", "2011-06-30": "$101", "2011-03-31": "$-7", "2010-12-31": "$51", "2010-09-30": "$127", "2010-06-30": "$122", "2010-03-31": "$1", "2009-12-31": "$68", "2009-09-30": "$154", "2009-06-30": "$146", "2009-03-31": "$78", "2008-12-31": "$149", "2008-09-30": "$201", "2008-06-30": "$245", "2008-03-31": "$154", "2007-12-31": "$221", "2007-09-30": "$277", "2007-06-30": "$285", "2007-03-31": "$167", "2006-12-31": "$237", "2006-09-30": "$273", "2006-06-30": "$258", "2006-03-31": "$164", "2005-12-31": "$179", "2005-09-30": "$227", "2005-06-30": "$210", "2005-03-31": "$92"}}, "operating-income": {"Vulcan Materials Annual Operating Income (Millions of US $)": {"2019": "$877", "2018": "$748", "2017": "$639", "2016": "$666", "2015": "$550", "2014": "$538", "2013": "$190", "2012": "$85", "2011": "$63", "2010": "$-15", "2009": "$148", "2008": "$249", "2007": "$714", "2006": "$695", "2005": "$477"}, "Vulcan Materials Quarterly Operating Income (Millions of US $)": {"2020-09-30": "$288", "2020-06-30": "$299", "2020-03-31": "$112", "2019-12-31": "$194", "2019-09-30": "$303", "2019-06-30": "$276", "2019-03-31": "$104", "2018-12-31": "$187", "2018-09-30": "$249", "2018-06-30": "$230", "2018-03-31": "$81", "2017-12-31": "$149", "2017-09-30": "$227", "2017-06-30": "$192", "2017-03-31": "$70", "2016-12-31": "$160", "2016-09-30": "$227", "2016-06-30": "$214", "2016-03-31": "$65", "2015-12-31": "$173", "2015-09-30": "$212", "2015-06-30": "$154", "2015-03-31": "$11", "2014-12-31": "$100", "2014-09-30": "$140", "2014-06-30": "$103", "2014-03-31": "$195", "2013-12-31": "$54", "2013-09-30": "$100", "2013-06-30": "$87", "2013-03-31": "$-50", "2012-12-31": "$56", "2012-09-30": "$56", "2012-06-30": "$20", "2012-03-31": "$-46", "2011-12-31": "$-6", "2011-09-30": "$107", "2011-06-30": "$23", "2011-03-31": "$-61", "2010-12-31": "$-29", "2010-09-30": "$50", "2010-06-30": "$1", "2010-03-31": "$-37", "2009-12-31": "$1", "2009-09-30": "$83", "2009-06-30": "$66", "2009-03-31": "$-1", "2008-12-31": "$-184", "2008-09-30": "$128", "2008-06-30": "$238", "2008-03-31": "$67", "2007-12-31": "$146", "2007-09-30": "$214", "2007-06-30": "$217", "2007-03-31": "$137", "2006-12-31": "$172", "2006-09-30": "$206", "2006-06-30": "$218", "2006-03-31": "$99", "2005-12-31": "$121", "2005-09-30": "$165", "2005-06-30": "$154", "2005-03-31": "$38"}}, "ebitda": {"Vulcan Materials Annual EBITDA (Millions of US $)": {"2019": "$1,252", "2018": "$1,094", "2017": "$945", "2016": "$951", "2015": "$825", "2014": "$818", "2013": "$498", "2012": "$417", "2011": "$425", "2010": "$368", "2009": "$543", "2008": "$891", "2007": "$986", "2006": "$921", "2005": "$700"}, "Vulcan Materials Quarterly EBITDA (Millions of US $)": {"2020-09-30": "$389", "2020-06-30": "$398", "2020-03-31": "$208", "2019-12-31": "$289", "2019-09-30": "$400", "2019-06-30": "$370", "2019-03-31": "$194", "2018-12-31": "$277", "2018-09-30": "$339", "2018-06-30": "$316", "2018-03-31": "$163", "2017-12-31": "$227", "2017-09-30": "$307", "2017-06-30": "$269", "2017-03-31": "$142", "2016-12-31": "$232", "2016-09-30": "$299", "2016-06-30": "$286", "2016-03-31": "$134", "2015-12-31": "$243", "2015-09-30": "$282", "2015-06-30": "$222", "2015-03-31": "$77", "2014-12-31": "$171", "2014-09-30": "$211", "2014-06-30": "$172", "2014-03-31": "$264", "2013-12-31": "$130", "2013-09-30": "$178", "2013-06-30": "$164", "2013-03-31": "$26", "2012-12-31": "$134", "2012-09-30": "$140", "2012-06-30": "$104", "2012-03-31": "$39", "2011-12-31": "$83", "2011-09-30": "$198", "2011-06-30": "$116", "2011-03-31": "$29", "2010-12-31": "$64", "2010-09-30": "$148", "2010-06-30": "$98", "2010-03-31": "$57", "2009-12-31": "$98", "2009-09-30": "$182", "2009-06-30": "$165", "2009-03-31": "$98", "2008-12-31": "$166", "2008-09-30": "$227", "2008-06-30": "$335", "2008-03-31": "$163", "2007-12-31": "$226", "2007-09-30": "$281", "2007-06-30": "$281", "2007-03-31": "$198", "2006-12-31": "$231", "2006-09-30": "$264", "2006-06-30": "$273", "2006-03-31": "$153", "2005-12-31": "$180", "2005-09-30": "$221", "2005-06-30": "$208", "2005-03-31": "$90"}}, "net-income": {"Vulcan Materials Annual Net Income (Millions of US $)": {"2019": "$618", "2018": "$516", "2017": "$601", "2016": "$419", "2015": "$221", "2014": "$205", "2013": "$24", "2012": "$-53", "2011": "$-71", "2010": "$-96", "2009": "$30", "2008": "$1", "2007": "$451", "2006": "$470", "2005": "$389"}, "Vulcan Materials Quarterly Net Income (Millions of US $)": {"2020-09-30": "$200", "2020-06-30": "$210", "2020-03-31": "$60", "2019-12-31": "$141", "2019-09-30": "$216", "2019-06-30": "$198", "2019-03-31": "$63", "2018-12-31": "$124", "2018-09-30": "$179", "2018-06-30": "$160", "2018-03-31": "$53", "2017-12-31": "$328", "2017-09-30": "$109", "2017-06-30": "$120", "2017-03-31": "$45", "2016-12-31": "$113", "2016-09-30": "$142", "2016-06-30": "$125", "2016-03-31": "$40", "2015-12-31": "$89", "2015-09-30": "$124", "2015-06-30": "$48", "2015-03-31": "$-40", "2014-12-31": "$38", "2014-09-30": "$67", "2014-06-30": "$46", "2014-03-31": "$54", "2013-12-31": "$9", "2013-09-30": "$41", "2013-06-30": "$29", "2013-03-31": "$-55", "2012-12-31": "$3", "2012-09-30": "$14", "2012-06-30": "$-18", "2012-03-31": "$-52", "2011-12-31": "$-28", "2011-09-30": "$20", "2011-06-30": "$-8", "2011-03-31": "$-55", "2010-12-31": "$-47", "2010-09-30": "$13", "2010-06-30": "$-24", "2010-03-31": "$-39", "2009-12-31": "$-13", "2009-09-30": "$54", "2009-06-30": "$22", "2009-03-31": "$-33", "2008-12-31": "$-213", "2008-09-30": "$59", "2008-06-30": "$141", "2008-03-31": "$14", "2007-12-31": "$85", "2007-09-30": "$135", "2007-06-30": "$142", "2007-03-31": "$89", "2006-12-31": "$114", "2006-09-30": "$136", "2006-06-30": "$151", "2006-03-31": "$70", "2005-12-31": "$91", "2005-09-30": "$122", "2005-06-30": "$122", "2005-03-31": "$54"}}, "eps-earnings-per-share-diluted": {"Vulcan Materials Annual EPS": {"2019": "$4.63", "2018": "$3.85", "2017": "$4.46", "2016": "$3.09", "2015": "$1.64", "2014": "$1.54", "2013": "$0.19", "2012": "$-0.41", "2011": "$-0.55", "2010": "$-0.75", "2009": "$0.25", "2008": "$0.01", "2007": "$4.54", "2006": "$4.71", "2005": "$3.74"}, "Vulcan Materials Quarterly EPS": {"2020-09-30": "$1.50", "2020-06-30": "$1.58", "2020-03-31": "$0.45", "2019-12-31": "$1.05", "2019-09-30": "$1.62", "2019-06-30": "$1.48", "2019-03-31": "$0.48", "2018-12-31": "$0.93", "2018-09-30": "$1.34", "2018-06-30": "$1.19", "2018-03-31": "$0.39", "2017-12-31": "$2.43", "2017-09-30": "$0.81", "2017-06-30": "$0.89", "2017-03-31": "$0.33", "2016-12-31": "$0.82", "2016-09-30": "$1.05", "2016-06-30": "$0.92", "2016-03-31": "$0.30", "2015-12-31": "$0.67", "2015-09-30": "$0.91", "2015-06-30": "$0.36", "2015-03-31": "$-0.30", "2014-12-31": "$0.28", "2014-09-30": "$0.50", "2014-06-30": "$0.35", "2014-03-31": "$0.41", "2013-12-31": "$0.08", "2013-09-30": "$0.31", "2013-06-30": "$0.22", "2013-03-31": "$-0.42", "2012-12-31": "$0.02", "2012-09-30": "$0.11", "2012-06-30": "$-0.14", "2012-03-31": "$-0.40", "2011-12-31": "$-0.22", "2011-09-30": "$0.15", "2011-06-30": "$-0.06", "2011-03-31": "$-0.42", "2010-12-31": "$-0.35", "2010-09-30": "$0.10", "2010-06-30": "$-0.19", "2010-03-31": "$-0.31", "2009-12-31": "$-0.08", "2009-09-30": "$0.43", "2009-06-30": "$0.20", "2009-03-31": "$-0.30", "2008-12-31": "$-1.92", "2008-09-30": "$0.53", "2008-06-30": "$1.27", "2008-03-31": "$0.13", "2007-12-31": "$0.80", "2007-09-30": "$1.38", "2007-06-30": "$1.45", "2007-03-31": "$0.91", "2006-12-31": "$1.16", "2006-09-30": "$1.39", "2006-06-30": "$1.48", "2006-03-31": "$0.68", "2005-12-31": "$0.88", "2005-09-30": "$1.17", "2005-06-30": "$1.17", "2005-03-31": "$0.52"}}, "shares-outstanding": {"Vulcan Materials Annual Shares Outstanding (Millions of Shares)": {"2019": "133", "2018": "134", "2017": "135", "2016": "136", "2015": "135", "2014": "133", "2013": "131", "2012": "130", "2011": "129", "2010": "128", "2009": "119", "2008": "111", "2007": "99", "2006": "100", "2005": "104"}, "Vulcan Materials Quarterly Shares Outstanding (Millions of Shares)": {"2020-09-30": "133", "2020-06-30": "133", "2020-03-31": "133", "2019-12-31": "133", "2019-09-30": "133", "2019-06-30": "133", "2019-03-31": "133", "2018-12-31": "134", "2018-09-30": "134", "2018-06-30": "134", "2018-03-31": "134", "2017-12-31": "135", "2017-09-30": "135", "2017-06-30": "135", "2017-03-31": "135", "2016-12-31": "136", "2016-09-30": "136", "2016-06-30": "136", "2016-03-31": "136", "2015-12-31": "135", "2015-09-30": "136", "2015-06-30": "135", "2015-03-31": "133", "2014-12-31": "133", "2014-09-30": "133", "2014-06-30": "133", "2014-03-31": "132", "2013-12-31": "131", "2013-09-30": "131", "2013-06-30": "131", "2013-03-31": "130", "2012-12-31": "130", "2012-09-30": "130", "2012-06-30": "130", "2012-03-31": "130", "2011-12-31": "129", "2011-09-30": "130", "2011-06-30": "129", "2011-03-31": "129", "2010-12-31": "128", "2010-09-30": "129", "2010-06-30": "128", "2010-03-31": "127", "2009-12-31": "119", "2009-09-30": "126", "2009-06-30": "114", "2009-03-31": "111", "2008-12-31": "111", "2008-09-30": "111", "2008-06-30": "111", "2008-03-31": "110", "2007-12-31": "99", "2007-09-30": "98", "2007-06-30": "98", "2007-03-31": "98", "2006-12-31": "100", "2006-09-30": "98", "2006-06-30": "102", "2006-03-31": "102", "2005-12-31": "104", "2005-09-30": "104", "2005-06-30": "104", "2005-03-31": "105"}}, "total-assets": {"Vulcan Materials Annual Total Assets (Millions of US $)": {"2019": "$10,649", "2018": "$9,832", "2017": "$9,505", "2016": "$8,471", "2015": "$8,302", "2014": "$8,041", "2013": "$8,259", "2012": "$8,127", "2011": "$8,229", "2010": "$8,340", "2009": "$8,525", "2008": "$8,917", "2007": "$8,936", "2006": "$3,428", "2005": "$3,590"}, "Vulcan Materials Quarterly Total Assets (Millions of US $)": {"2020-09-30": "$11,591", "2020-06-30": "$11,399", "2020-03-31": "$10,629", "2019-12-31": "$10,649", "2019-09-30": "$10,540", "2019-06-30": "$10,481", "2019-03-31": "$10,297", "2018-12-31": "$9,832", "2018-09-30": "$9,876", "2018-06-30": "$9,845", "2018-03-31": "$9,453", "2017-12-31": "$9,505", "2017-09-30": "$9,439", "2017-06-30": "$9,870", "2017-03-31": "$8,744", "2016-12-31": "$8,471", "2016-09-30": "$8,358", "2016-06-30": "$8,290", "2016-03-31": "$8,247", "2015-12-31": "$8,302", "2015-09-30": "$8,317", "2015-06-30": "$8,196", "2015-03-31": "$8,327", "2014-12-31": "$8,041", "2014-09-30": "$8,070", "2014-06-30": "$7,911", "2014-03-31": "$7,872", "2013-12-31": "$8,259", "2013-09-30": "$8,310", "2013-06-30": "$8,120", "2013-03-31": "$8,078", "2012-12-31": "$8,127", "2012-09-30": "$8,226", "2012-06-30": "$8,180", "2012-03-31": "$8,216", "2011-12-31": "$8,229", "2011-09-30": "$8,384", "2011-06-30": "$8,387", "2011-03-31": "$8,300", "2010-12-31": "$8,340", "2010-09-30": "$8,522", "2010-06-30": "$8,487", "2010-03-31": "$8,467", "2009-12-31": "$8,525", "2009-09-30": "$8,763", "2009-06-30": "$8,850", "2009-03-31": "$8,838", "2008-12-31": "$8,917", "2008-09-30": "$9,127", "2008-06-30": "$9,134", "2008-03-31": "$9,060", "2007-12-31": "$8,936", "2007-09-30": "$3,735", "2007-06-30": "$3,690", "2007-03-31": "$3,571", "2006-12-31": "$3,428", "2006-09-30": "$3,414", "2006-06-30": "$3,489", "2006-03-31": "$3,407", "2005-12-31": "$3,590", "2005-09-30": "$3,655", "2005-06-30": "$3,656", "2005-03-31": "$3,714"}}, "cash-on-hand": {"Vulcan Materials Annual Cash on Hand (Millions of US $)": {"2019": "$275", "2018": "$44", "2017": "$147", "2016": "$268", "2015": "$285", "2014": "$141", "2013": "$194", "2012": "$275", "2011": "$156", "2010": "$48", "2009": "$26", "2008": "$47", "2007": "$35", "2006": "$55", "2005": "$450"}, "Vulcan Materials Quarterly Cash on Hand (Millions of US $)": {"2020-09-30": "$1,085", "2020-06-30": "$817", "2020-03-31": "$120", "2019-12-31": "$275", "2019-09-30": "$91", "2019-06-30": "$27", "2019-03-31": "$31", "2018-12-31": "$44", "2018-09-30": "$43", "2018-06-30": "$61", "2018-03-31": "$47", "2017-12-31": "$147", "2017-09-30": "$701", "2017-06-30": "$1,130", "2017-03-31": "$287", "2016-12-31": "$268", "2016-09-30": "$135", "2016-06-30": "$92", "2016-03-31": "$192", "2015-12-31": "$285", "2015-09-30": "$169", "2015-06-30": "$75", "2015-03-31": "$393", "2014-12-31": "$141", "2014-09-30": "$92", "2014-06-30": "$290", "2014-03-31": "$332", "2013-12-31": "$194", "2013-09-30": "$246", "2013-06-30": "$87", "2013-03-31": "$188", "2012-12-31": "$275", "2012-09-30": "$243", "2012-06-30": "$158", "2012-03-31": "$191", "2011-12-31": "$156", "2011-09-30": "$152", "2011-06-30": "$107", "2011-03-31": "$63", "2010-12-31": "$48", "2010-09-30": "$87", "2010-06-30": "$50", "2010-03-31": "$44", "2009-12-31": "$26", "2009-09-30": "$53", "2009-06-30": "$50", "2009-03-31": "$59", "2008-12-31": "$47", "2008-09-30": "$128", "2008-06-30": "$151", "2008-03-31": "$51", "2007-12-31": "$35", "2007-09-30": "$31", "2007-06-30": "$35", "2007-03-31": "$70", "2006-12-31": "$55", "2006-09-30": "$69", "2006-06-30": "$71", "2006-03-31": "$149", "2005-12-31": "$450", "2005-09-30": "$446", "2005-06-30": "$535", "2005-03-31": "$398"}}, "long-term-debt": {"Vulcan Materials Annual Long Term Debt (Millions of US $)": {"2019": "$2,784", "2018": "$2,779", "2017": "$2,813", "2016": "$1,983", "2015": "$1,980", "2014": "$1,835", "2013": "$2,522", "2012": "$2,526", "2011": "$2,681", "2010": "$2,428", "2009": "$2,116", "2008": "$2,154", "2007": "$1,530", "2006": "$322", "2005": "$323"}, "Vulcan Materials Quarterly Long Term Debt (Millions of US $)": {"2020-09-30": "$2,777", "2020-06-30": "$2,786", "2020-03-31": "$2,786", "2019-12-31": "$2,784", "2019-09-30": "$2,783", "2019-06-30": "$2,782", "2019-03-31": "$2,781", "2018-12-31": "$2,779", "2018-09-30": "$2,778", "2018-06-30": "$2,777", "2018-03-31": "$2,776", "2017-12-31": "$2,813", "2017-09-30": "$2,810", "2017-06-30": "$2,809", "2017-03-31": "$2,329", "2016-12-31": "$1,983", "2016-09-30": "$1,984", "2016-06-30": "$1,983", "2016-03-31": "$1,981", "2015-12-31": "$1,980", "2015-09-30": "$1,979", "2015-06-30": "$1,894", "2015-03-31": "$1,888", "2014-12-31": "$1,835", "2014-09-30": "$1,984", "2014-06-30": "$1,983", "2014-03-31": "$2,007", "2013-12-31": "$2,522", "2013-09-30": "$2,523", "2013-06-30": "$2,524", "2013-03-31": "$2,525", "2012-12-31": "$2,526", "2012-09-30": "$2,527", "2012-06-30": "$2,528", "2012-03-31": "$2,670", "2011-12-31": "$2,681", "2011-09-30": "$2,816", "2011-06-30": "$2,786", "2011-03-31": "$2,428", "2010-12-31": "$2,428", "2010-09-30": "$2,433", "2010-06-30": "$2,001", "2010-03-31": "$2,101", "2009-12-31": "$2,116", "2009-09-30": "$2,506", "2009-06-30": "$2,521", "2009-03-31": "$2,536", "2008-12-31": "$2,154", "2008-09-30": "$2,169", "2008-06-30": "$2,184", "2008-03-31": "$1,530", "2007-12-31": "$1,530", "2007-09-30": "$321", "2007-06-30": "$321", "2007-03-31": "$322", "2006-12-31": "$322", "2006-09-30": "$322", "2006-06-30": "$323", "2006-03-31": "$323", "2005-12-31": "$323", "2005-09-30": "$355", "2005-06-30": "$356", "2005-03-31": "$364"}}, "total-liabilities": {"Vulcan Materials Annual Total Liabilities (Millions of US $)": {"2019": "$5,027", "2018": "$4,629", "2017": "$4,536", "2016": "$3,899", "2015": "$3,847", "2014": "$3,864", "2013": "$4,321", "2012": "$4,366", "2011": "$4,438", "2010": "$4,384", "2009": "$4,488", "2008": "$5,363", "2007": "$5,177", "2006": "$1,417", "2005": "$1,457"}, "Vulcan Materials Quarterly Total Liabilities (Millions of US $)": {"2020-09-30": "$5,662", "2020-06-30": "$5,635", "2020-03-31": "$5,039", "2019-12-31": "$5,027", "2019-09-30": "$4,997", "2019-06-30": "$5,109", "2019-03-31": "$5,080", "2018-12-31": "$4,629", "2018-09-30": "$4,730", "2018-06-30": "$4,824", "2018-03-31": "$4,540", "2017-12-31": "$4,536", "2017-09-30": "$4,754", "2017-06-30": "$5,268", "2017-03-31": "$4,224", "2016-12-31": "$3,899", "2016-09-30": "$3,854", "2016-06-30": "$3,811", "2016-03-31": "$3,826", "2015-12-31": "$3,847", "2015-09-30": "$3,954", "2015-06-30": "$3,969", "2015-03-31": "$4,166", "2014-12-31": "$3,864", "2014-09-30": "$3,869", "2014-06-30": "$3,825", "2014-03-31": "$3,841", "2013-12-31": "$4,321", "2013-09-30": "$4,447", "2013-06-30": "$4,307", "2013-03-31": "$4,364", "2012-12-31": "$4,366", "2012-09-30": "$4,459", "2012-06-30": "$4,437", "2012-03-31": "$4,470", "2011-12-31": "$4,438", "2011-09-30": "$4,517", "2011-06-30": "$4,515", "2011-03-31": "$4,404", "2010-12-31": "$4,384", "2010-09-30": "$4,497", "2010-06-30": "$4,458", "2010-03-31": "$4,419", "2009-12-31": "$4,488", "2009-09-30": "$4,678", "2009-06-30": "$4,816", "2009-03-31": "$5,354", "2008-12-31": "$5,363", "2008-09-30": "$5,158", "2008-06-30": "$5,219", "2008-03-31": "$5,313", "2007-12-31": "$5,177", "2007-09-30": "$1,435", "2007-06-30": "$1,467", "2007-03-31": "$1,476", "2006-12-31": "$1,417", "2006-09-30": "$1,491", "2006-06-30": "$1,509", "2006-03-31": "$1,217", "2005-12-31": "$1,457", "2005-09-30": "$1,491", "2005-06-30": "$1,564", "2005-03-31": "$1,712"}}, "total-share-holder-equity": {"Vulcan Materials Annual Share Holder Equity (Millions of US $)": {"2019": "$5,622", "2018": "$5,203", "2017": "$4,969", "2016": "$4,572", "2015": "$4,454", "2014": "$4,177", "2013": "$3,938", "2012": "$3,761", "2011": "$3,792", "2010": "$3,956", "2009": "$4,037", "2008": "$3,554", "2007": "$3,760", "2006": "$2,011", "2005": "$2,134"}, "Vulcan Materials Quarterly Share Holder Equity (Millions of US $)": {"2020-09-30": "$5,928", "2020-06-30": "$5,764", "2020-03-31": "$5,590", "2019-12-31": "$5,622", "2019-09-30": "$5,542", "2019-06-30": "$5,371", "2019-03-31": "$5,217", "2018-12-31": "$5,203", "2018-09-30": "$5,146", "2018-06-30": "$5,021", "2018-03-31": "$4,913", "2017-12-31": "$4,969", "2017-09-30": "$4,685", "2017-06-30": "$4,602", "2017-03-31": "$4,521", "2016-12-31": "$4,572", "2016-09-30": "$4,504", "2016-06-30": "$4,479", "2016-03-31": "$4,421", "2015-12-31": "$4,454", "2015-09-30": "$4,363", "2015-06-30": "$4,227", "2015-03-31": "$4,160", "2014-12-31": "$4,177", "2014-09-30": "$4,201", "2014-06-30": "$4,086", "2014-03-31": "$4,031", "2013-12-31": "$3,938", "2013-09-30": "$3,863", "2013-06-30": "$3,814", "2013-03-31": "$3,715", "2012-12-31": "$3,761", "2012-09-30": "$3,767", "2012-06-30": "$3,743", "2012-03-31": "$3,746", "2011-12-31": "$3,792", "2011-09-30": "$3,867", "2011-06-30": "$3,872", "2011-03-31": "$3,896", "2010-12-31": "$3,956", "2010-09-30": "$4,024", "2010-06-30": "$4,029", "2010-03-31": "$4,048", "2009-12-31": "$4,037", "2009-09-30": "$4,086", "2009-06-30": "$4,034", "2009-03-31": "$3,484", "2008-12-31": "$3,554", "2008-09-30": "$3,969", "2008-06-30": "$3,916", "2008-03-31": "$3,747", "2007-12-31": "$3,760", "2007-09-30": "$2,300", "2007-06-30": "$2,223", "2007-03-31": "$2,095", "2006-12-31": "$2,011", "2006-09-30": "$1,923", "2006-06-30": "$1,981", "2006-03-31": "$2,190", "2005-12-31": "$2,134", "2005-09-30": "$2,164", "2005-06-30": "$2,093", "2005-03-31": "$2,001"}}, "profit-margins": {"current": "12.55%"}, "gross margin": {"2020-09-30": "26.13%", "2020-06-30": "25.98%", "2020-03-31": "25.43%", "2019-12-31": "25.50%", "2019-09-30": "25.64%", "2019-06-30": "25.38%", "2019-03-31": "25.04%", "2018-12-31": "25.10%", "2018-09-30": "24.98%", "2018-06-30": "24.92%", "2018-03-31": "25.15%", "2017-12-31": "25.55%", "2017-09-30": "25.88%", "2017-06-30": "26.49%", "2017-03-31": "27.09%", "2016-12-31": "27.53%", "2016-09-30": "28.38%", "2016-06-30": "27.78%", "2016-03-31": "26.63%", "2015-12-31": "25.05%", "2015-09-30": "23.29%", "2015-06-30": "21.90%", "2015-03-31": "20.71%", "2014-12-31": "19.64%", "2014-09-30": "18.33%", "2014-06-30": "16.96%", "2014-03-31": "15.78%", "2013-12-31": "15.41%", "2013-09-30": "14.41%", "2013-06-30": "13.66%", "2013-03-31": "12.85%", "2012-12-31": "13.01%", "2012-09-30": "12.78%", "2012-06-30": "12.20%", "2012-03-31": "11.97%", "2011-12-31": "11.07%", "2011-09-30": "10.29%", "2011-06-30": "10.80%", "2011-03-31": "11.48%", "2010-12-31": "11.77%", "2010-09-30": "12.41%", "2010-06-30": "13.28%", "2010-03-31": "14.29%", "2009-12-31": "16.58%", "2009-09-30": "18.18%", "2009-06-30": "18.32%", "2009-03-31": "19.60%", "2008-12-31": "20.51%", "2008-09-30": "22.14%", "2008-06-30": "24.91%", "2008-03-31": "27.10%", "2007-12-31": "28.55%", "2007-09-30": "29.39%", "2007-06-30": "29.05%", "2007-03-31": "28.16%", "2006-12-31": "27.89%", "2006-09-30": "26.64%", "2006-06-30": "26.02%", "2006-03-31": "25.36%", "2005-12-31": "24.45%"}, "operating margin": {"2020-09-30": "18.34%", "2020-06-30": "18.24%", "2020-03-31": "17.76%", "2019-12-31": "17.79%", "2019-09-30": "18.00%", "2019-06-30": "17.54%", "2019-03-31": "17.02%", "2018-12-31": "17.05%", "2018-09-30": "16.60%", "2018-06-30": "16.65%", "2018-03-31": "16.40%", "2017-12-31": "16.40%", "2017-09-30": "17.14%", "2017-06-30": "17.55%", "2017-03-31": "18.51%", "2016-12-31": "18.54%", "2016-09-30": "18.98%", "2016-06-30": "18.41%", "2016-03-31": "17.04%", "2015-12-31": "16.08%", "2015-09-30": "14.37%", "2015-06-30": "12.84%", "2015-03-31": "11.60%", "2014-12-31": "17.97%", "2014-09-30": "16.86%", "2014-06-30": "15.81%", "2014-03-31": "15.53%", "2013-12-31": "6.89%", "2013-09-30": "7.15%", "2013-06-30": "5.70%", "2013-03-31": "3.19%", "2012-12-31": "3.35%", "2012-09-30": "0.93%", "2012-06-30": "2.88%", "2012-03-31": "2.98%", "2011-12-31": "2.46%", "2011-09-30": "1.58%", "2011-06-30": "-0.68%", "2011-03-31": "-1.53%", "2010-12-31": "-0.59%", "2010-09-30": "0.59%", "2010-06-30": "1.85%", "2010-03-31": "4.37%", "2009-12-31": "5.54%", "2009-09-30": "-1.24%", "2009-06-30": "0.29%", "2009-03-31": "5.27%", "2008-12-31": "6.82%", "2008-09-30": "15.61%", "2008-06-30": "18.47%", "2008-03-31": "18.62%", "2007-12-31": "21.45%", "2007-09-30": "22.51%", "2007-06-30": "22.11%", "2007-03-31": "22.08%", "2006-12-31": "20.80%", "2006-09-30": "19.63%", "2006-06-30": "18.95%", "2006-03-31": "17.52%", "2005-12-31": "16.51%"}, "ebitda margin": {"2020-09-30": "26.38%", "2020-06-30": "26.02%", "2020-03-31": "25.43%", "2019-12-31": "25.42%", "2019-09-30": "25.68%", "2019-06-30": "25.36%", "2019-03-31": "24.88%", "2018-12-31": "24.99%", "2018-09-30": "24.47%", "2018-06-30": "24.55%", "2018-03-31": "24.41%", "2017-12-31": "24.29%", "2017-09-30": "25.09%", "2017-06-30": "25.47%", "2017-03-31": "26.46%", "2016-12-31": "26.47%", "2016-09-30": "26.89%", "2016-06-30": "26.20%", "2016-03-31": "24.85%", "2015-12-31": "24.09%", "2015-09-30": "22.66%", "2015-06-30": "21.58%", "2015-03-31": "20.68%", "2014-12-31": "27.32%", "2014-09-30": "26.62%", "2014-06-30": "26.02%", "2014-03-31": "26.22%", "2013-12-31": "17.97%", "2013-09-30": "18.60%", "2013-06-30": "17.75%", "2013-03-31": "15.73%", "2012-12-31": "16.24%", "2012-09-30": "14.22%", "2012-06-30": "16.27%", "2012-03-31": "16.68%", "2011-12-31": "16.61%", "2011-09-30": "16.05%", "2011-06-30": "14.18%", "2011-03-31": "13.28%", "2010-12-31": "14.35%", "2010-09-30": "15.65%", "2010-06-30": "16.75%", "2010-03-31": "19.43%", "2009-12-31": "20.19%", "2009-09-30": "21.08%", "2009-06-30": "20.93%", "2009-03-31": "24.05%", "2008-12-31": "24.40%", "2008-09-30": "25.64%", "2008-06-30": "27.91%", "2008-03-31": "27.50%", "2007-12-31": "29.63%", "2007-09-30": "30.15%", "2007-06-30": "29.42%", "2007-03-31": "29.10%", "2006-12-31": "27.56%", "2006-09-30": "26.52%", "2006-06-30": "25.99%", "2006-03-31": "24.77%", "2005-12-31": "24.14%"}, "pre tax profit margin": {"2020-09-30": "15.78%", "2020-06-30": "15.71%", "2020-03-31": "15.17%", "2019-12-31": "15.40%", "2019-09-30": "15.46%", "2019-06-30": "14.96%", "2019-03-31": "14.36%", "2018-12-31": "14.22%", "2018-09-30": "11.31%", "2018-06-30": "9.96%", "2018-03-31": "9.30%", "2017-12-31": "9.25%", "2017-09-30": "12.86%", "2017-06-30": "14.41%", "2017-03-31": "15.34%", "2016-12-31": "15.20%", "2016-09-30": "15.15%", "2016-06-30": "14.39%", "2016-03-31": "11.54%", "2015-12-31": "9.59%", "2015-09-30": "7.50%", "2015-06-30": "5.58%", "2015-03-31": "5.57%", "2014-12-31": "9.95%", "2014-09-30": "8.50%", "2014-06-30": "7.07%", "2014-03-31": "6.20%", "2013-12-31": "-0.11%", "2013-09-30": "-0.22%", "2013-06-30": "-2.07%", "2013-03-31": "-4.87%", "2012-12-31": "-4.67%", "2012-09-30": "-7.03%", "2012-06-30": "-5.14%", "2012-03-31": "-5.59%", "2011-12-31": "-5.96%", "2011-09-30": "-6.74%", "2011-06-30": "-8.66%", "2011-03-31": "-8.42%", "2010-12-31": "-7.51%", "2010-09-30": "-6.21%", "2010-06-30": "-4.70%", "2010-03-31": "-2.05%", "2009-12-31": "-0.74%", "2009-09-30": "-7.28%", "2009-06-30": "-5.49%", "2009-03-31": "0.23%", "2008-12-31": "2.05%", "2008-09-30": "11.43%", "2008-06-30": "15.27%", "2008-03-31": "16.05%", "2007-12-31": "20.04%", "2007-09-30": "21.81%", "2007-06-30": "21.56%", "2007-03-31": "21.96%", "2006-12-31": "21.04%", "2006-09-30": "20.24%", "2006-06-30": "19.89%", "2006-03-31": "18.08%", "2005-12-31": "16.64%"}, "net profit margin": {"2020-09-30": "12.55%", "2020-06-30": "12.60%", "2020-03-31": "12.34%", "2019-12-31": "12.54%", "2019-09-30": "12.44%", "2019-06-30": "12.12%", "2019-03-31": "11.62%", "2018-12-31": "11.78%", "2018-09-30": "16.86%", "2018-06-30": "15.75%", "2018-03-31": "15.42%", "2017-12-31": "15.48%", "2017-09-30": "10.22%", "2017-06-30": "11.35%", "2017-03-31": "11.72%", "2016-12-31": "11.69%", "2016-09-30": "11.07%", "2016-06-30": "10.48%", "2016-03-31": "8.49%", "2015-12-31": "6.46%", "2015-09-30": "5.12%", "2015-06-30": "3.58%", "2015-03-31": "3.64%", "2014-12-31": "6.85%", "2014-09-30": "6.03%", "2014-06-30": "5.25%", "2014-03-31": "4.74%", "2013-12-31": "0.87%", "2013-09-30": "0.67%", "2013-06-30": "-0.34%", "2013-03-31": "-2.18%", "2012-12-31": "-2.06%", "2012-09-30": "-3.26%", "2012-06-30": "-2.99%", "2012-03-31": "-2.60%", "2011-12-31": "-2.77%", "2011-09-30": "-3.55%", "2011-06-30": "-3.85%", "2011-03-31": "-4.43%", "2010-12-31": "-3.79%", "2010-09-30": "-2.46%", "2010-06-30": "-0.85%", "2010-03-31": "0.93%", "2009-12-31": "1.12%", "2009-09-30": "-5.86%", "2009-06-30": "-5.26%", "2009-03-31": "-1.34%", "2008-12-31": "0.03%", "2008-09-30": "8.06%", "2008-06-30": "10.41%", "2008-03-31": "10.87%", "2007-12-31": "13.55%", "2007-09-30": "14.60%", "2007-06-30": "14.53%", "2007-03-31": "14.76%", "2006-12-31": "14.09%", "2006-09-30": "13.65%", "2006-06-30": "13.64%", "2006-03-31": "13.17%", "2005-12-31": "13.43%"}, "pe ratio": {"current": "33.05", "2021-02-11": "34.87", "2020-09-30": "29.46", "2020-06-30": "24.47", "2020-03-31": "23.25", "2019-12-31": "30.69", "2019-09-30": "33.09", "2019-06-30": "31.96", "2019-03-31": "29.51", "2018-12-31": "25.14", "2018-09-30": "20.30", "2018-06-30": "26.09", "2018-03-31": "24.56", "2017-12-31": "27.92", "2017-09-30": "40.48", "2017-06-30": "39.60", "2017-03-31": "37.35", "2016-12-31": "41.23", "2016-09-30": "39.87", "2016-06-30": "44.22", "2016-03-31": "49.06", "2015-12-31": "56.00", "2015-09-30": "68.11", "2015-06-30": "95.26", "2015-03-31": "96.73", "2014-12-31": "40.60", "2014-09-30": "43.04", "2014-06-30": "53.09", "2014-03-31": "62.41", "2013-12-31": "312.92", "2013-09-30": "350.74", "2013-06-30": "0.00", "2013-03-31": "0.00", "2012-12-31": "0.00", "2012-09-30": "0.00", "2012-06-30": "0.00", "2012-03-31": "0.00", "2011-12-31": "0.00", "2011-09-30": "0.00", "2011-06-30": "0.00", "2011-03-31": "0.00", "2010-12-31": "0.00", "2010-09-30": "0.00", "2010-06-30": "0.00", "2010-03-31": "204.94", "2009-12-31": "216.90", "2009-09-30": "105.97", "2009-06-30": "69.03", "2009-03-31": "24.08", "2008-12-31": "29.59", "2008-09-30": "23.49", "2008-06-30": "14.30", "2008-03-31": "15.03", "2007-12-31": "14.73", "2007-09-30": "15.34", "2007-06-30": "19.57", "2007-03-31": "19.82", "2006-12-31": "15.98"}, "price sales": {"2021-02-11": "4.38", "2020-09-30": "3.70", "2020-06-30": "3.09", "2020-03-31": "2.87", "2019-12-31": "3.85", "2019-09-30": "4.12", "2019-06-30": "3.88", "2019-03-31": "3.44", "2018-12-31": "2.96", "2018-09-30": "3.41", "2018-06-30": "4.10", "2018-03-31": "3.78", "2017-12-31": "4.32", "2017-09-30": "4.13", "2017-06-30": "4.48", "2017-03-31": "4.35", "2016-12-31": "4.56", "2016-09-30": "4.15", "2016-06-30": "4.34", "2016-03-31": "3.86", "2015-12-31": "3.57", "2015-09-30": "3.44", "2015-06-30": "3.39", "2015-03-31": "3.50", "2014-12-31": "2.78", "2014-09-30": "2.60", "2014-06-30": "2.79", "2014-03-31": "2.95", "2013-12-31": "2.67", "2013-09-30": "2.38", "2013-06-30": "2.29", "2013-03-31": "2.48", "2012-12-31": "2.49", "2012-09-30": "2.26", "2012-06-30": "1.87", "2012-03-31": "2.01", "2011-12-31": "1.88", "2011-09-30": "1.33", "2011-06-30": "1.85", "2011-03-31": "2.14", "2010-12-31": "2.06", "2010-09-30": "1.67", "2010-06-30": "1.93", "2010-03-31": "2.01", "2009-12-31": "2.08", "2009-09-30": "1.94", "2009-06-30": "1.38", "2009-03-31": "1.27", "2008-12-31": "1.85", "2008-09-30": "1.88", "2008-06-30": "1.49", "2008-03-31": "1.66", "2007-12-31": "1.99", "2007-09-30": "2.25", "2007-06-30": "2.86", "2007-03-31": "2.91", "2006-12-31": "2.25"}, "price book": {"current": "3.48", "2021-02-11": "3.58", "2020-09-30": "3.02", "2020-06-30": "2.65", "2020-03-31": "2.54", "2019-12-31": "3.35", "2019-09-30": "3.56", "2019-06-30": "3.33", "2019-03-31": "2.94", "2018-12-31": "2.45", "2018-09-30": "2.79", "2018-06-30": "3.31", "2018-03-31": "2.99", "2017-12-31": "3.32", "2017-09-30": "3.27", "2017-06-30": "3.51", "2017-03-31": "3.40", "2016-12-31": "3.48", "2016-09-30": "3.21", "2016-06-30": "3.43", "2016-03-31": "3.05", "2015-12-31": "2.71", "2015-09-30": "2.60", "2015-06-30": "2.52", "2015-03-31": "2.56", "2014-12-31": "1.97", "2014-09-30": "1.79", "2014-06-30": "1.94", "2014-03-31": "2.05", "2013-12-31": "1.86", "2013-09-30": "1.65", "2013-06-30": "1.56", "2013-03-31": "1.71", "2012-12-31": "1.70", "2012-09-30": "1.54", "2012-06-30": "1.30", "2012-03-31": "1.40", "2011-12-31": "1.27", "2011-09-30": "0.87", "2011-06-30": "1.21", "2011-03-31": "1.41", "2010-12-31": "1.34", "2010-09-30": "1.09", "2010-06-30": "1.28", "2010-03-31": "1.36", "2009-12-31": "1.49", "2009-09-30": "1.50", "2009-06-30": "1.20", "2009-03-31": "1.25", "2008-12-31": "1.89", "2008-09-30": "1.79", "2008-06-30": "1.44", "2008-03-31": "1.66", "2007-12-31": "1.93", "2007-09-30": "3.13", "2007-06-30": "4.14", "2007-03-31": "4.44", "2006-12-31": "3.53", "2006-09-30": "3.19", "2006-06-30": "3.14", "2006-03-31": "3.27"}, "price fcf": {"2021-02-11": "", "2020-09-30": "$5.92", "2020-06-30": "$5.56", "2020-03-31": "$4.23", "2019-12-31": "$4.67", "2019-09-30": "$3.74", "2019-06-30": "$3.26", "2019-03-31": "$3.14", "2018-12-31": "$2.88", "2018-09-30": "$2.94", "2018-06-30": "$2.71", "2018-03-31": "$1.51", "2017-12-31": "$1.49", "2017-09-30": "$1.75", "2017-06-30": "$1.71", "2017-03-31": "$2.20", "2016-12-31": "$2.34", "2016-09-30": "$2.15", "2016-06-30": "$2.05", "2016-03-31": "$1.84", "2015-12-31": "$1.77", "2015-09-30": "$0.98", "2015-06-30": "$0.42", "2015-03-31": "$0.51", "2014-12-31": "$0.47", "2014-09-30": "$-0.44", "2014-06-30": "$0.98", "2014-03-31": "$0.79", "2013-12-31": "$0.75", "2013-09-30": "$2.38", "2013-06-30": "$1.04", "2013-03-31": "$1.29", "2012-12-31": "$1.74", "2012-09-30": "$0.78", "2012-06-30": "$0.86", "2012-03-31": "$0.65", "2011-12-31": "$0.65", "2011-09-30": "$0.91", "2011-06-30": "$0.88", "2011-03-31": "$1.27", "2010-12-31": "$1.02", "2010-09-30": "$1.44", "2010-06-30": "$1.87", "2010-03-31": "$2.18", "2009-12-31": "$3.02", "2009-09-30": "$3.09", "2009-06-30": "$2.42", "2009-03-31": "$2.53", "2008-12-31": "$0.97", "2008-09-30": "$1.82", "2008-06-30": "$2.30", "2008-03-31": "$2.07", "2007-12-31": "$3.16", "2007-09-30": "$2.14", "2007-06-30": "$1.80", "2007-03-31": "$2.00", "2006-12-31": "$1.52"}, "net worth": {"value": "$20.63B"}, "current ratio": {"current": "2.12", "2020-09-30": "2.12", "2020-06-30": "1.95", "2020-03-31": "2.68", "2019-12-31": "2.58", "2019-09-30": "2.47", "2019-06-30": "1.89", "2019-03-31": "1.64", "2018-12-31": "1.79", "2018-09-30": "1.70", "2018-06-30": "1.46", "2018-03-31": "1.73", "2017-12-31": "2.67", "2017-09-30": "4.22", "2017-06-30": "2.36", "2017-03-31": "3.21", "2016-12-31": "3.06", "2016-09-30": "2.98", "2016-06-30": "3.08", "2016-03-31": "2.83", "2015-12-31": "3.07", "2015-09-30": "2.78", "2015-06-30": "2.02", "2015-03-31": "1.70", "2014-12-31": "2.04", "2014-09-30": "2.62", "2014-06-30": "3.15", "2014-03-31": "3.09", "2013-12-31": "3.18", "2013-09-30": "3.07", "2013-06-30": "2.33", "2013-03-31": "1.97", "2012-12-31": "2.26", "2012-09-30": "1.66", "2012-06-30": "1.54", "2012-03-31": "1.91", "2011-12-31": "2.13", "2011-09-30": "2.64", "2011-06-30": "2.04", "2011-03-31": "1.21", "2010-12-31": "1.33", "2010-09-30": "1.37", "2010-06-30": "0.80", "2010-03-31": "0.83", "2009-12-31": "0.86", "2009-09-30": "1.31", "2009-06-30": "1.24", "2009-03-31": "0.69", "2008-12-31": "0.54", "2008-09-30": "0.59", "2008-06-30": "0.59", "2008-03-31": "0.44", "2007-12-31": "0.46", "2007-09-30": "1.80", "2007-06-30": "1.59", "2007-03-31": "1.46", "2006-12-31": "1.50", "2006-09-30": "1.46", "2006-06-30": "1.53", "2006-03-31": "2.84", "2005-12-31": "2.04", "2005-09-30": "2.25", "2005-06-30": "2.07", "2005-03-31": "1.96"}, "quick ratio": {"2020-09-30": "1.69", "2020-06-30": "1.52", "2020-03-31": "1.70", "2019-12-31": "1.72", "2019-09-30": "1.67", "2019-06-30": "1.23", "2019-03-31": "0.99", "2018-12-31": "1.08", "2018-09-30": "1.11", "2018-06-30": "0.96", "2018-03-31": "1.05", "2017-12-31": "1.80", "2017-09-30": "3.34", "2017-06-30": "1.96", "2017-03-31": "2.20", "2016-12-31": "2.13", "2016-09-30": "2.05", "2016-06-30": "2.03", "2016-03-31": "1.88", "2015-12-31": "2.09", "2015-09-30": "1.98", "2015-06-30": "1.34", "2015-03-31": "1.22", "2014-12-31": "1.33", "2014-09-30": "1.78", "2014-06-30": "2.27", "2014-03-31": "2.19", "2013-12-31": "2.03", "2013-09-30": "2.16", "2013-06-30": "1.46", "2013-03-31": "1.25", "2012-12-31": "1.49", "2012-09-30": "1.13", "2012-06-30": "1.00", "2012-03-31": "1.20", "2011-12-31": "1.32", "2011-09-30": "1.80", "2011-06-30": "1.29", "2011-03-31": "0.69", "2010-12-31": "0.78", "2010-09-30": "0.90", "2010-06-30": "0.51", "2010-03-31": "0.49", "2009-12-31": "0.48", "2009-09-30": "0.82", "2009-06-30": "0.75", "2009-03-31": "0.41", "2008-12-31": "0.32", "2008-09-30": "0.40", "2008-06-30": "0.39", "2008-03-31": "0.30", "2007-12-31": "0.32", "2007-09-30": "1.22", "2007-06-30": "1.03", "2007-03-31": "0.95", "2006-12-31": "1.00", "2006-09-30": "1.04", "2006-06-30": "1.15", "2006-03-31": "2.12", "2005-12-31": "1.69", "2005-09-30": "1.91", "2005-06-30": "1.74", "2005-03-31": "1.69"}, "debt equity ratio": {"current": "0.47", "2020-09-30": "0.96", "2020-06-30": "0.98", "2020-03-31": "0.90", "2019-12-31": "0.89", "2019-09-30": "0.90", "2019-06-30": "0.95", "2019-03-31": "0.97", "2018-12-31": "0.89", "2018-09-30": "0.92", "2018-06-30": "0.96", "2018-03-31": "0.92", "2017-12-31": "0.91", "2017-09-30": "1.02", "2017-06-30": "1.15", "2017-03-31": "0.93", "2016-12-31": "0.85", "2016-09-30": "0.86", "2016-06-30": "0.85", "2016-03-31": "0.87", "2015-12-31": "0.86", "2015-09-30": "0.91", "2015-06-30": "0.94", "2015-03-31": "1.00", "2014-12-31": "0.93", "2014-09-30": "0.92", "2014-06-30": "0.94", "2014-03-31": "0.95", "2013-12-31": "1.10", "2013-09-30": "1.15", "2013-06-30": "1.13", "2013-03-31": "1.18", "2012-12-31": "1.16", "2012-09-30": "1.18", "2012-06-30": "1.19", "2012-03-31": "1.19", "2011-12-31": "1.17", "2011-09-30": "1.17", "2011-06-30": "1.17", "2011-03-31": "1.13", "2010-12-31": "1.11", "2010-09-30": "1.12", "2010-06-30": "1.11", "2010-03-31": "1.09", "2009-12-31": "1.11", "2009-09-30": "1.15", "2009-06-30": "1.19", "2009-03-31": "1.54", "2008-12-31": "1.51", "2008-09-30": "1.30", "2008-06-30": "1.33", "2008-03-31": "1.42", "2007-12-31": "1.38", "2007-09-30": "0.62", "2007-06-30": "0.66", "2007-03-31": "0.71", "2006-12-31": "0.71", "2006-09-30": "0.78", "2006-06-30": "0.76", "2006-03-31": "0.56", "2005-12-31": "0.68", "2005-09-30": "0.69", "2005-06-30": "0.75", "2005-03-31": "0.86"}, "return on equity": {"2020-09-30": "10.67%", "2020-06-30": "11.14%", "2020-03-31": "11.12%", "2019-12-31": "11.36%", "2019-09-30": "11.27%", "2019-06-30": "10.78%", "2019-03-31": "10.22%", "2018-12-31": "10.18%", "2018-09-30": "14.36%", "2018-06-30": "13.27%", "2018-03-31": "12.73%", "2017-12-31": "12.82%", "2017-09-30": "8.42%", "2017-06-30": "9.23%", "2017-03-31": "9.40%", "2016-12-31": "9.35%", "2016-09-30": "8.87%", "2016-06-30": "8.53%", "2016-03-31": "6.89%", "2015-12-31": "5.14%", "2015-09-30": "4.02%", "2015-06-30": "2.70%", "2015-03-31": "2.67%", "2014-12-31": "4.97%", "2014-09-30": "4.33%", "2014-06-30": "3.77%", "2014-03-31": "3.40%", "2013-12-31": "0.63%", "2013-09-30": "0.48%", "2013-06-30": "-0.24%", "2013-03-31": "-1.49%", "2012-12-31": "-1.41%", "2012-09-30": "-2.23%", "2012-06-30": "-2.06%", "2012-03-31": "-1.78%", "2011-12-31": "-1.84%", "2011-09-30": "-2.31%", "2011-06-30": "-2.46%", "2011-03-31": "-2.84%", "2010-12-31": "-2.42%", "2010-09-30": "-1.56%", "2010-06-30": "-0.54%", "2010-03-31": "0.59%", "2009-12-31": "0.77%", "2009-09-30": "-4.49%", "2009-06-30": "-4.39%", "2009-03-31": "-1.23%", "2008-12-31": "0.03%", "2008-09-30": "7.77%", "2008-06-30": "10.93%", "2008-03-31": "12.50%", "2007-12-31": "17.38%", "2007-09-30": "22.25%", "2007-06-30": "23.32%", "2007-03-31": "24.47%", "2006-12-31": "23.24%", "2006-09-30": "21.78%", "2006-06-30": "20.50%", "2006-03-31": "18.88%", "2005-12-31": "18.54%"}, "return on assets": {"2020-09-30": "5.52%", "2020-06-30": "5.80%", "2020-03-31": "5.82%", "2019-12-31": "5.89%", "2019-09-30": "5.84%", "2019-06-30": "5.57%", "2019-03-31": "5.28%", "2018-12-31": "5.29%", "2018-09-30": "7.45%", "2018-06-30": "6.80%", "2018-03-31": "6.38%", "2017-12-31": "6.41%", "2017-09-30": "4.24%", "2017-06-30": "4.74%", "2017-03-31": "5.02%", "2016-12-31": "5.04%", "2016-09-30": "4.77%", "2016-06-30": "4.56%", "2016-03-31": "3.64%", "2015-12-31": "2.67%", "2015-09-30": "2.07%", "2015-06-30": "1.39%", "2015-03-31": "1.37%", "2014-12-31": "2.57%", "2014-09-30": "2.19%", "2014-06-30": "1.85%", "2014-03-31": "1.63%", "2013-12-31": "0.29%", "2013-09-30": "0.22%", "2013-06-30": "-0.11%", "2013-03-31": "-0.69%", "2012-12-31": "-0.65%", "2012-09-30": "-1.02%", "2012-06-30": "-0.95%", "2012-03-31": "-0.82%", "2011-12-31": "-0.85%", "2011-09-30": "-1.08%", "2011-06-30": "-1.16%", "2011-03-31": "-1.34%", "2010-12-31": "-1.15%", "2010-09-30": "-0.74%", "2010-06-30": "-0.26%", "2010-03-31": "0.28%", "2009-12-31": "0.34%", "2009-09-30": "-1.92%", "2009-06-30": "-1.85%", "2009-03-31": "-0.51%", "2008-12-31": "0.01%", "2008-09-30": "3.30%", "2008-06-30": "4.86%", "2008-03-31": "5.92%", "2007-12-31": "9.05%", "2007-09-30": "13.31%", "2007-06-30": "13.64%", "2007-03-31": "14.10%", "2006-12-31": "13.71%", "2006-09-30": "12.89%", "2006-06-30": "12.28%", "2006-03-31": "11.32%", "2005-12-31": "10.65%"}, "return on investments": {"2020-09-30": "10.49%", "2020-06-30": "10.79%", "2020-03-31": "10.64%", "2019-12-31": "10.67%", "2019-09-30": "10.72%", "2019-06-30": "10.18%", "2019-03-31": "9.72%", "2018-12-31": "9.52%", "2018-09-30": "9.09%", "2018-06-30": "8.93%", "2018-03-31": "8.55%", "2017-12-31": "8.64%", "2017-09-30": "9.17%", "2017-06-30": "9.51%", "2017-03-31": "10.18%", "2016-12-31": "10.28%", "2016-09-30": "10.53%", "2016-06-30": "10.36%", "2016-03-31": "9.55%", "2015-12-31": "8.82%", "2015-09-30": "7.78%", "2015-06-30": "6.65%", "2015-03-31": "5.82%", "2014-12-31": "8.85%", "2014-09-30": "7.95%", "2014-06-30": "7.25%", "2014-03-31": "6.91%", "2013-12-31": "3.01%", "2013-09-30": "3.06%", "2013-06-30": "2.37%", "2013-03-31": "1.31%", "2012-12-31": "1.36%", "2012-09-30": "0.38%", "2012-06-30": "1.16%", "2012-03-31": "1.19%", "2011-12-31": "0.96%", "2011-09-30": "0.61%", "2011-06-30": "-0.26%", "2011-03-31": "-0.62%", "2010-12-31": "-0.24%", "2010-09-30": "0.24%", "2010-06-30": "0.77%", "2010-03-31": "1.78%", "2009-12-31": "2.35%", "2009-09-30": "-0.58%", "2009-06-30": "0.15%", "2009-03-31": "3.02%", "2008-12-31": "4.29%", "2008-09-30": "10.16%", "2008-06-30": "13.79%", "2008-03-31": "16.38%", "2007-12-31": "22.19%", "2007-09-30": "29.86%", "2007-06-30": "30.70%", "2007-03-31": "31.53%", "2006-12-31": "29.59%", "2006-09-30": "27.06%", "2006-06-30": "24.63%", "2006-03-31": "21.70%", "2005-12-31": "19.53%"}, "return on tangible equity": {"2020-09-30": "41.93%", "2020-06-30": "45.73%", "2020-03-31": "47.92%", "2019-12-31": "51.89%", "2019-09-30": "55.35%", "2019-06-30": "57.61%", "2019-03-31": "60.30%", "2018-12-31": "63.68%", "2018-09-30": "93.45%", "2018-06-30": "88.02%", "2018-03-31": "83.56%", "2017-12-31": "86.37%", "2017-09-30": "57.04%", "2017-06-30": "64.10%", "2017-03-31": "65.76%", "2016-12-31": "65.42%", "2016-09-30": "64.60%", "2016-06-30": "65.80%", "2016-03-31": "59.25%", "2015-12-31": "50.23%", "2015-09-30": "45.61%", "2015-06-30": "33.83%", "2015-03-31": "33.06%", "2014-12-31": "60.38%", "2014-09-30": "59.01%", "2014-06-30": "64.52%", "2014-03-31": "89.71%", "2013-12-31": "45.50%", "2013-09-30": "211.76%", "2013-06-30": "57.14%", "2013-03-31": "164.71%", "2012-12-31": "198.13%", "2012-09-30": "409.76%", "2012-06-30": "-2600.00%", "2012-03-31": "-206.06%", "2011-12-31": "-106.37%", "2011-09-30": "-84.31%", "2011-06-30": "-65.99%", "2011-03-31": "-59.55%", "2010-12-31": "-41.68%", "2010-09-30": "-24.66%", "2010-06-30": "-8.07%", "2010-03-31": "8.77%", "2009-12-31": "21.74%", "2009-09-30": "-772.73%", "2009-06-30": "212.90%", "2009-03-31": "26.29%", "2008-12-31": "-0.57%", "2008-09-30": "-184.85%", "2008-06-30": "137.61%", "2008-03-31": "53.81%", "2007-12-31": "39.96%", "2007-09-30": "32.08%", "2007-06-30": "34.15%", "2007-03-31": "36.22%", "2006-12-31": "34.07%", "2006-09-30": "31.29%", "2006-06-30": "29.20%", "2006-03-31": "26.77%", "2005-12-31": "26.49%"}, "dividend yield history": {"last payout": "$1.36", "last yield": "0.87%"}}