{"ticker": "VMW", "price": {"title": "VMware Historical Annual Stock Price Data", "value": 145.72, "historical": {"2020": {"Average Stock Price": "140.0643", "Year Open": "155.6400", "Year High": "162.3300", "Year Low": "93.0100", "Year Close": "140.2600", "Annual % Change": "-7.60%"}, "2019": {"Average Stock Price": "166.0515", "Year Open": "136.1600", "Year High": "205.5200", "Year Low": "130.5600", "Year Close": "151.7900", "Annual % Change": "10.69%"}, "2018": {"Average Stock Price": "142.0835", "Year Open": "127.2900", "Year High": "167.3400", "Year Low": "108.4600", "Year Close": "137.1300", "Annual % Change": "9.42%"}, "2017": {"Average Stock Price": "99.7881", "Year Open": "78.8800", "Year High": "128.8900", "Year Low": "78.8800", "Year Close": "125.3200", "Annual % Change": "59.18%"}, "2016": {"Average Stock Price": "63.9012", "Year Open": "56.3000", "Year High": "82.5800", "Year Low": "43.8400", "Year Close": "78.7300", "Annual % Change": "39.17%"}, "2015": {"Average Stock Price": "78.5179", "Year Open": "82.0700", "Year High": "91.1400", "Year Low": "55.4200", "Year Close": "56.5700", "Annual % Change": "-31.45%"}, "2014": {"Average Stock Price": "94.4112", "Year Open": "89.5000", "Year High": "111.8000", "Year Low": "76.4300", "Year Close": "82.5200", "Annual % Change": "-8.01%"}, "2013": {"Average Stock Price": "79.6580", "Year Open": "94.9300", "Year High": "99.0000", "Year Low": "65.5300", "Year Close": "89.7100", "Annual % Change": "-4.71%"}, "2012": {"Average Stock Price": "95.2246", "Year Open": "82.2700", "Year High": "114.6200", "Year Low": "80.2900", "Year Close": "94.1400", "Annual % Change": "13.16%"}, "2011": {"Average Stock Price": "91.0172", "Year Open": "92.9700", "Year High": "107.7500", "Year Low": "74.8100", "Year Close": "83.1900", "Annual % Change": "-6.43%"}, "2010": {"Average Stock Price": "68.3231", "Year Open": "43.5700", "Year High": "91.0200", "Year Low": "41.5800", "Year Close": "88.9100", "Annual % Change": "109.79%"}, "2009": {"Average Stock Price": "32.0419", "Year Open": "23.7400", "Year High": "45.5700", "Year Low": "19.8900", "Year Close": "42.3800", "Annual % Change": "78.89%"}, "2008": {"Average Stock Price": "45.7084", "Year Open": "84.6000", "Year High": "84.6000", "Year Low": "17.8800", "Year Close": "23.6900", "Annual % Change": "-72.13%"}, "2007": {"Average Stock Price": "87.5461", "Year Open": "57.7100", "Year High": "124.8300", "Year Low": "55.5500", "Year Close": "84.9900", "Annual % Change": "0.00%"}}}, "market cap": {"value": "$61.17B"}, "income statement": {"Revenue": {"2020-01-31": "10811.00000", "2019-01-31": "9613.00000", "2018-01-31": "8336.00000", "2017-01-31": "", "2016-12-31": "7073.00000", "2015-12-31": "6571.00000", "2014-12-31": "6035.00000", "2013-12-31": "5207.00000", "2012-12-31": "4605.00000", "2011-12-31": "3767.00000", "2010-12-31": "2857.34300", "2009-12-31": "2023.93700", "2008-12-31": "1881.02700", "2007-12-31": "1325.81100", "2007-01-31": "", "2006-12-31": "703.90400", "2006-01-31": "", "2005-12-31": "387.07400", "2005-01-31": ""}, "Cost Of Goods Sold": {"2020-01-31": "1799.00000", "2019-01-31": "1552.00000", "2018-01-31": "1407.00000", "2017-01-31": "", "2016-12-31": "1053.00000", "2015-12-31": "1018.00000", "2014-12-31": "917.00000", "2013-12-31": "730.00000", "2012-12-31": "721.00000", "2011-12-31": "622.00000", "2010-12-31": "493.71500", "2009-12-31": "359.72800", "2008-12-31": "304.10500", "2007-12-31": "218.67400", "2007-01-31": "", "2006-12-31": "123.38200", "2006-01-31": "", "2005-12-31": "65.19200", "2005-01-31": ""}, "Gross Profit": {"2020-01-31": "9012.00000", "2019-01-31": "8061.00000", "2018-01-31": "6929.00000", "2017-01-31": "", "2016-12-31": "6020.00000", "2015-12-31": "5553.00000", "2014-12-31": "5118.00000", "2013-12-31": "4477.00000", "2012-12-31": "3884.00000", "2011-12-31": "3145.00000", "2010-12-31": "2363.62800", "2009-12-31": "1664.20900", "2008-12-31": "1576.92200", "2007-12-31": "1107.13700", "2007-01-31": "", "2006-12-31": "580.52200", "2006-01-31": "", "2005-12-31": "321.88200", "2005-01-31": ""}, "Research And Development Expenses": {"2020-01-31": "2522.00000", "2019-01-31": "2173.00000", "2018-01-31": "1917.00000", "2017-01-31": "", "2016-12-31": "1503.00000", "2015-12-31": "1300.00000", "2014-12-31": "1239.00000", "2013-12-31": "1082.00000", "2012-12-31": "999.00000", "2011-12-31": "775.00000", "2010-12-31": "652.96800", "2009-12-31": "496.55200", "2008-12-31": "429.20400", "2007-12-31": "285.94100", "2007-01-31": "", "2006-12-31": "151.95400", "2006-01-31": "", "2005-12-31": "72.56100", "2005-01-31": ""}, "SG&A Expenses": {"2020-01-31": "4970.00000", "2019-01-31": "4076.00000", "2018-01-31": "3445.00000", "2017-01-31": "", "2016-12-31": "2996.00000", "2015-12-31": "3033.00000", "2014-12-31": "2836.00000", "2013-12-31": "2234.00000", "2012-12-31": "2013.00000", "2011-12-31": "1635.00000", "2010-12-31": "1282.66700", "2009-12-31": "948.36200", "2008-12-31": "835.19300", "2007-12-31": "585.85500", "2007-01-31": "585.85500", "2006-12-31": "307.92900", "2006-01-31": "307.92900", "2005-12-31": "155.72600", "2005-01-31": "155.72600"}, "Other Operating Income Or Expenses": {"2020-01-31": "-79.00000", "2019-01-31": "-9.00000", "2018-01-31": "-104.00000", "2017-01-31": "", "2016-12-31": "-52.00000", "2015-12-31": "-23.00000", "2014-12-31": "-16.00000", "2013-12-31": "-68.00000", "2012-12-31": "0.00000", "2011-12-31": "", "2010-12-31": "", "2009-12-31": "", "2008-12-31": "", "2007-12-31": "", "2007-01-31": "", "2006-12-31": "", "2006-01-31": "", "2005-12-31": "", "2005-01-31": ""}, "Operating Expenses": {"2020-01-31": "9370.00000", "2019-01-31": "7810.00000", "2018-01-31": "6873.00000", "2017-01-31": "", "2016-12-31": "5604.00000", "2015-12-31": "5374.00000", "2014-12-31": "5008.00000", "2013-12-31": "4114.00000", "2012-12-31": "3733.00000", "2011-12-31": "3032.00000", "2010-12-31": "2429.35000", "2009-12-31": "1804.64200", "2008-12-31": "1568.50200", "2007-12-31": "1090.47000", "2007-01-31": "585.85500", "2006-12-31": "583.26500", "2006-01-31": "307.92900", "2005-12-31": "293.47900", "2005-01-31": "155.72600"}, "Operating Income": {"2020-01-31": "1441.00000", "2019-01-31": "1803.00000", "2018-01-31": "1463.00000", "2017-01-31": "", "2016-12-31": "1469.00000", "2015-12-31": "1197.00000", "2014-12-31": "1027.00000", "2013-12-31": "1093.00000", "2012-12-31": "872.00000", "2011-12-31": "735.00000", "2010-12-31": "427.99290", "2009-12-31": "219.29490", "2008-12-31": "312.52500", "2007-12-31": "235.34110", "2007-01-31": "-585.85500", "2006-12-31": "120.63900", "2006-01-31": "-307.92900", "2005-12-31": "93.59500", "2005-01-31": "-155.72600"}, "Total Non-Operating Income/Expense": {"2020-01-31": "-3.00000", "2019-01-31": "26.00000", "2018-01-31": "114.00000", "2017-01-31": "", "2016-12-31": "34.00000", "2015-12-31": "16.00000", "2014-12-31": "21.00000", "2013-12-31": "54.00000", "2012-12-31": "21.00000", "2011-12-31": "59.00000", "2010-12-31": "-11.61800", "2009-12-31": "4.15400", "2008-12-31": "6.76000", "2007-12-31": "5.13700", "2007-01-31": "", "2006-12-31": "1.90800", "2006-01-31": "", "2005-12-31": "1.74500", "2005-01-31": ""}, "Pre-Tax Income": {"2020-01-31": "1438.00000", "2019-01-31": "1829.00000", "2018-01-31": "1577.00000", "2017-01-31": "", "2016-12-31": "1503.00000", "2015-12-31": "1213.00000", "2014-12-31": "1048.00000", "2013-12-31": "1147.00000", "2012-12-31": "893.00000", "2011-12-31": "794.00000", "2010-12-31": "416.37500", "2009-12-31": "223.44900", "2008-12-31": "319.28500", "2007-12-31": "240.47800", "2007-01-31": "-585.85500", "2006-12-31": "122.54700", "2006-01-31": "-307.92900", "2005-12-31": "95.34000", "2005-01-31": "-155.72600"}, "Income Taxes": {"2020-01-31": "-4918.00000", "2019-01-31": "239.00000", "2018-01-31": "1152.00000", "2017-01-31": "", "2016-12-31": "280.00000", "2015-12-31": "216.00000", "2014-12-31": "162.00000", "2013-12-31": "133.00000", "2012-12-31": "147.00000", "2011-12-31": "70.00000", "2010-12-31": "58.93600", "2009-12-31": "26.35100", "2008-12-31": "29.15200", "2007-12-31": "22.34100", "2007-01-31": "", "2006-12-31": "36.83200", "2006-01-31": "", "2005-12-31": "28.56500", "2005-01-31": ""}, "Income After Taxes": {"2020-01-31": "6356.00000", "2019-01-31": "1590.00000", "2018-01-31": "425.00000", "2017-01-31": "", "2016-12-31": "1223.00000", "2015-12-31": "997.00000", "2014-12-31": "886.00000", "2013-12-31": "1014.00000", "2012-12-31": "746.00000", "2011-12-31": "724.00000", "2010-12-31": "357.43900", "2009-12-31": "197.09800", "2008-12-31": "290.13300", "2007-12-31": "218.13700", "2007-01-31": "-585.85500", "2006-12-31": "85.71500", "2006-01-31": "-307.92900", "2005-12-31": "66.77500", "2005-01-31": "-155.72600"}, "Other Income": {"2020-01-31": "", "2019-01-31": "", "2018-01-31": "", "2017-01-31": "", "2016-12-31": "", "2015-12-31": "", "2014-12-31": "", "2013-12-31": "", "2012-12-31": "", "2011-12-31": "", "2010-12-31": "", "2009-12-31": "", "2008-12-31": "", "2007-12-31": "", "2007-01-31": "", "2006-12-31": "", "2006-01-31": "", "2005-12-31": "", "2005-01-31": ""}, "Income From Continuous Operations": {"2020-01-31": "6356.00000", "2019-01-31": "1590.00000", "2018-01-31": "425.00000", "2017-01-31": "", "2016-12-31": "1223.00000", "2015-12-31": "997.00000", "2014-12-31": "886.00000", "2013-12-31": "1014.00000", "2012-12-31": "746.00000", "2011-12-31": "724.00000", "2010-12-31": "357.43900", "2009-12-31": "197.09800", "2008-12-31": "290.13300", "2007-12-31": "218.13700", "2007-01-31": "-585.85500", "2006-12-31": "85.71500", "2006-01-31": "-307.92900", "2005-12-31": "66.77500", "2005-01-31": "-155.72600"}, "Income From Discontinued Operations": {"2020-01-31": "", "2019-01-31": "", "2018-01-31": "", "2017-01-31": "", "2016-12-31": "", "2015-12-31": "", "2014-12-31": "", "2013-12-31": "", "2012-12-31": "", "2011-12-31": "", "2010-12-31": "", "2009-12-31": "", "2008-12-31": "", "2007-12-31": "", "2007-01-31": "0.17500", "2006-12-31": "", "2006-01-31": "0.17500", "2005-12-31": "", "2005-01-31": ""}, "Net Income": {"2020-01-31": "6412.00000", "2019-01-31": "1650.00000", "2018-01-31": "437.00000", "2017-01-31": "", "2016-12-31": "1223.00000", "2015-12-31": "997.00000", "2014-12-31": "886.00000", "2013-12-31": "1014.00000", "2012-12-31": "746.00000", "2011-12-31": "724.00000", "2010-12-31": "357.43900", "2009-12-31": "197.09800", "2008-12-31": "290.13300", "2007-12-31": "218.13700", "2007-01-31": "218.13700", "2006-12-31": "85.89000", "2006-01-31": "85.89000", "2005-12-31": "66.77500", "2005-01-31": "66.77500"}, "EBITDA": {"2020-01-31": "2314.00000", "2019-01-31": "2530.00000", "2018-01-31": "2081.00000", "2017-01-31": "", "2016-12-31": "2011.00000", "2015-12-31": "1532.00000", "2014-12-31": "1372.00000", "2013-12-31": "1430.00000", "2012-12-31": "1227.00000", "2011-12-31": "1051.00000", "2010-12-31": "688.54390", "2009-12-31": "417.78090", "2008-12-31": "471.15300", "2007-12-31": "339.36810", "2007-01-31": "-585.85500", "2006-12-31": "187.21200", "2006-01-31": "-307.92900", "2005-12-31": "133.05600", "2005-01-31": "-155.72600"}, "EBIT": {"2020-01-31": "1441.00000", "2019-01-31": "1803.00000", "2018-01-31": "1463.00000", "2017-01-31": "", "2016-12-31": "1469.00000", "2015-12-31": "1197.00000", "2014-12-31": "1027.00000", "2013-12-31": "1093.00000", "2012-12-31": "872.00000", "2011-12-31": "735.00000", "2010-12-31": "427.99290", "2009-12-31": "219.29490", "2008-12-31": "312.52500", "2007-12-31": "235.34110", "2007-01-31": "-585.85500", "2006-12-31": "120.63900", "2006-01-31": "-307.92900", "2005-12-31": "93.59500", "2005-01-31": "-155.72600"}, "Basic Shares Outstanding": {"2020-01-31": "417.05800", "2019-01-31": "413.76900", "2018-01-31": "410.31500", "2017-01-31": "", "2016-12-31": "420.52000", "2015-12-31": "424.00300", "2014-12-31": "430.35500", "2013-12-31": "429.09300", "2012-12-31": "426.65800", "2011-12-31": "421.18800", "2010-12-31": "409.80500", "2009-12-31": "394.26900", "2008-12-31": "385.06800", "2007-12-31": "350.49300", "2007-01-31": "", "2006-12-31": "332.50000", "2006-01-31": "", "2005-12-31": "332.50000", "2005-01-31": ""}, "Shares Outstanding": {"2020-01-31": "425.23500", "2019-01-31": "421.13100", "2018-01-31": "420.88700", "2017-01-31": "", "2016-12-31": "423.99400", "2015-12-31": "426.54700", "2014-12-31": "434.51300", "2013-12-31": "433.41500", "2012-12-31": "433.97400", "2011-12-31": "431.75000", "2010-12-31": "423.44600", "2009-12-31": "399.77600", "2008-12-31": "397.18500", "2007-12-31": "359.18900", "2007-01-31": "", "2006-12-31": "332.50000", "2006-01-31": "", "2005-12-31": "332.50000", "2005-01-31": ""}, "Basic EPS": {"2020-01-31": "15.37000", "2019-01-31": "3.99000", "2018-01-31": "1.07000", "2017-01-31": "", "2016-12-31": "2.91000", "2015-12-31": "2.35000", "2014-12-31": "2.06000", "2013-12-31": "2.36000", "2012-12-31": "1.75000", "2011-12-31": "1.72000", "2010-12-31": "0.87000", "2009-12-31": "0.50000", "2008-12-31": "0.75000", "2007-12-31": "0.62000", "2007-01-31": "", "2006-12-31": "0.26000", "2006-01-31": "", "2005-12-31": "0.20000", "2005-01-31": ""}, "EPS - Earnings Per Share": {"2020-01-31": "15.08000", "2019-01-31": "3.92000", "2018-01-31": "1.04000", "2017-01-31": "0.00000", "2016-12-31": "2.87000", "2015-12-31": "2.34000", "2014-12-31": "2.04000", "2013-12-31": "2.34000", "2012-12-31": "1.72000", "2011-12-31": "1.68000", "2010-12-31": "0.84000", "2009-12-31": "0.49000", "2008-12-31": "0.73000", "2007-12-31": "0.61000", "2007-01-31": "0.00000", "2006-12-31": "0.26000", "2006-01-31": "0.00000", "2005-12-31": "0.20000", "2005-01-31": "0.00000"}}, "income statement, quarterly": {"Revenue": {"2020-10-31": "2864.00000", "2020-07-31": "2875.00000", "2020-04-30": "2734.00000", "2020-01-31": "3073.00000", "2019-10-31": "2656.00000", "2019-07-31": "2632.00000", "2019-04-30": "2450.00000", "2019-01-31": "3231.00000", "2018-10-31": "2200.00000", "2018-07-31": "2174.00000", "2018-04-30": "2008.00000", "2018-01-31": "2701.00000", "2017-10-31": "1938.00000", "2017-07-31": "1932.00000", "2017-04-30": "1765.00000", "2017-01-31": "", "2016-12-31": "2369.00000", "2016-09-30": "1778.00000", "2016-06-30": "1693.00000", "2016-03-31": "1589.00000", "2015-12-31": "2239.00000", "2015-09-30": "1672.00000", "2015-06-30": "1521.00000", "2015-03-31": "1511.00000", "2014-12-31": "2312.00000", "2014-09-30": "1515.00000", "2014-06-30": "1457.00000", "2014-03-31": "1360.00000", "2013-12-31": "1894.81800", "2013-09-30": "1289.00000", "2013-06-30": "1243.00000", "2013-03-31": "1191.00000", "2012-12-31": "1898.20600", "2012-09-30": "1134.00000", "2012-06-30": "1123.00000", "2012-03-31": "1055.18200", "2011-12-31": "1745.31800", "2011-09-30": "941.86300", "2011-06-30": "921.21000", "2011-03-31": "843.72100", "2010-12-31": "1441.60700", "2010-09-30": "714.24500", "2010-06-30": "673.90400", "2010-03-31": "633.53300", "2009-12-31": "657.51300", "2009-09-30": "489.75100", "2009-06-30": "455.67500", "2009-03-31": "470.31000", "2008-12-31": "967.69100", "2008-09-30": "472.12100", "2008-06-30": "456.12800", "2008-03-31": "438.17500", "2007-12-31": "", "2007-09-30": "357.81600", "2007-06-30": "296.82500", "2007-03-31": "258.69500", "2006-12-31": "", "2006-09-30": "188.80600", "2006-06-30": "156.44000"}, "Cost Of Goods Sold": {"2020-10-31": "516.00000", "2020-07-31": "488.00000", "2020-04-30": "484.00000", "2020-01-31": "473.00000", "2019-10-31": "456.00000", "2019-07-31": "441.00000", "2019-04-30": "429.00000", "2019-01-31": "636.00000", "2018-10-31": "315.00000", "2018-07-31": "305.00000", "2018-04-30": "296.00000", "2018-01-31": "570.00000", "2017-10-31": "278.00000", "2017-07-31": "270.00000", "2017-04-30": "289.00000", "2017-01-31": "", "2016-12-31": "302.00000", "2016-09-30": "266.00000", "2016-06-30": "261.00000", "2016-03-31": "251.00000", "2015-12-31": "357.00000", "2015-09-30": "258.00000", "2015-06-30": "250.00000", "2015-03-31": "243.00000", "2014-12-31": "379.00000", "2014-09-30": "242.00000", "2014-06-30": "218.00000", "2014-03-31": "201.00000", "2013-12-31": "200.78500", "2013-09-30": "183.00000", "2013-06-30": "173.00000", "2013-03-31": "182.00000", "2012-12-31": "265.88700", "2012-09-30": "179.00000", "2012-06-30": "179.30000", "2012-03-31": "170.91500", "2011-12-31": "268.63600", "2011-09-30": "152.74100", "2011-06-30": "152.47500", "2011-03-31": "149.89700", "2010-12-31": "241.49300", "2010-09-30": "126.56200", "2010-06-30": "118.15200", "2010-03-31": "108.65000", "2009-12-31": "127.57300", "2009-09-30": "96.07300", "2009-06-30": "81.14600", "2009-03-31": "75.00300", "2008-12-31": "152.61300", "2008-09-30": "74.45400", "2008-06-30": "80.53100", "2008-03-31": "77.17000", "2007-12-31": "", "2007-09-30": "58.65100", "2007-06-30": "48.81700", "2007-03-31": "44.02400", "2006-12-31": "", "2006-09-30": "37.51200", "2006-06-30": "26.61600"}, "Gross Profit": {"2020-10-31": "2348.00000", "2020-07-31": "2387.00000", "2020-04-30": "2250.00000", "2020-01-31": "2600.00000", "2019-10-31": "2200.00000", "2019-07-31": "2191.00000", "2019-04-30": "2021.00000", "2019-01-31": "2595.00000", "2018-10-31": "1885.00000", "2018-07-31": "1869.00000", "2018-04-30": "1712.00000", "2018-01-31": "2131.00000", "2017-10-31": "1660.00000", "2017-07-31": "1662.00000", "2017-04-30": "1476.00000", "2017-01-31": "", "2016-12-31": "2067.00000", "2016-09-30": "1512.00000", "2016-06-30": "1432.00000", "2016-03-31": "1338.00000", "2015-12-31": "1882.00000", "2015-09-30": "1414.00000", "2015-06-30": "1271.00000", "2015-03-31": "1268.00000", "2014-12-31": "1933.00000", "2014-09-30": "1273.00000", "2014-06-30": "1239.00000", "2014-03-31": "1159.00000", "2013-12-31": "1694.03300", "2013-09-30": "1106.00000", "2013-06-30": "1070.00000", "2013-03-31": "1009.00000", "2012-12-31": "1632.31900", "2012-09-30": "955.00000", "2012-06-30": "943.70000", "2012-03-31": "884.26700", "2011-12-31": "1476.68200", "2011-09-30": "789.12190", "2011-06-30": "768.73500", "2011-03-31": "693.82400", "2010-12-31": "1200.11400", "2010-09-30": "587.68300", "2010-06-30": "555.75200", "2010-03-31": "524.88300", "2009-12-31": "529.94000", "2009-09-30": "393.67800", "2009-06-30": "374.52900", "2009-03-31": "395.30700", "2008-12-31": "815.07800", "2008-09-30": "397.66700", "2008-06-30": "375.59700", "2008-03-31": "361.00500", "2007-12-31": "", "2007-09-30": "299.16500", "2007-06-30": "248.00800", "2007-03-31": "214.67100", "2006-12-31": "", "2006-09-30": "151.29400", "2006-06-30": "129.82400"}, "Research And Development Expenses": {"2020-10-31": "714.00000", "2020-07-31": "679.00000", "2020-04-30": "665.00000", "2020-01-31": "676.00000", "2019-10-31": "642.00000", "2019-07-31": "614.00000", "2019-04-30": "590.00000", "2019-01-31": "740.00000", "2018-10-31": "499.00000", "2018-07-31": "481.00000", "2018-04-30": "453.00000", "2018-01-31": "619.00000", "2017-10-31": "449.00000", "2017-07-31": "428.00000", "2017-04-30": "421.00000", "2017-01-31": "", "2016-12-31": "545.00000", "2016-09-30": "389.00000", "2016-06-30": "363.00000", "2016-03-31": "356.00000", "2015-12-31": "363.00000", "2015-09-30": "331.00000", "2015-06-30": "322.00000", "2015-03-31": "305.00000", "2014-12-31": "441.00000", "2014-09-30": "327.00000", "2014-06-30": "317.00000", "2014-03-31": "293.00000", "2013-12-31": "351.01000", "2013-09-30": "266.00000", "2013-06-30": "261.00000", "2013-03-31": "271.00000", "2012-12-31": "440.94100", "2012-09-30": "260.00000", "2012-06-30": "248.60000", "2012-03-31": "222.39000", "2011-12-31": "299.70300", "2011-09-30": "199.65500", "2011-06-30": "189.24100", "2011-03-31": "169.16300", "2010-12-31": "292.67800", "2010-09-30": "175.42900", "2010-06-30": "161.75600", "2010-03-31": "138.11200", "2009-12-31": "177.85400", "2009-09-30": "133.50900", "2009-06-30": "121.38000", "2009-03-31": "105.40100", "2008-12-31": "234.82500", "2008-09-30": "85.31500", "2008-06-30": "114.12800", "2008-03-31": "119.25500", "2007-12-31": "", "2007-09-30": "67.84000", "2007-06-30": "71.58100", "2007-03-31": "54.95800", "2006-12-31": "", "2006-09-30": "43.16900", "2006-06-30": "32.61900"}, "SG&A Expenses": {"2020-10-31": "1162.00000", "2020-07-31": "1174.00000", "2020-04-30": "1163.00000", "2020-01-31": "1595.00000", "2019-10-31": "1187.00000", "2019-07-31": "1111.00000", "2019-04-30": "1077.00000", "2019-01-31": "1438.00000", "2018-10-31": "885.00000", "2018-07-31": "878.00000", "2018-04-30": "875.00000", "2018-01-31": "1143.00000", "2017-10-31": "799.00000", "2017-07-31": "773.00000", "2017-04-30": "730.00000", "2017-01-31": "", "2016-12-31": "771.00000", "2016-09-30": "742.00000", "2016-06-30": "747.00000", "2016-03-31": "737.00000", "2015-12-31": "987.00000", "2015-09-30": "757.00000", "2015-06-30": "745.00000", "2015-03-31": "723.00000", "2014-12-31": "1231.00000", "2014-09-30": "698.00000", "2014-06-30": "723.00000", "2014-03-31": "625.00000", "2013-12-31": "801.08810", "2013-09-30": "552.00000", "2013-06-30": "538.00000", "2013-03-31": "515.00000", "2012-12-31": "840.49310", "2012-09-30": "505.00000", "2012-06-30": "483.20000", "2012-03-31": "444.71200", "2011-12-31": "739.35800", "2011-09-30": "408.74600", "2011-06-30": "392.60200", "2011-03-31": "371.15900", "2010-12-31": "627.58100", "2010-09-30": "318.24200", "2010-06-30": "292.81500", "2010-03-31": "284.58500", "2009-12-31": "343.20200", "2009-09-30": "236.93300", "2009-06-30": "215.15000", "2009-03-31": "203.00300", "2008-12-31": "426.59500", "2008-09-30": "211.33200", "2008-06-30": "200.46900", "2008-03-31": "193.35900", "2007-12-31": "", "2007-09-30": "165.57500", "2007-06-30": "129.69200", "2007-03-31": "113.33100", "2006-12-31": "", "2006-09-30": "80.09300", "2006-06-30": "67.73200"}, "Other Operating Income Or Expenses": {"2020-10-31": "-44.00000", "2020-07-31": "", "2020-04-30": "-4.00000", "2020-01-31": "", "2019-10-31": "", "2019-07-31": "", "2019-04-30": "", "2019-01-31": "", "2018-10-31": "-6.00000", "2018-07-31": "-1.00000", "2018-04-30": "-2.00000", "2018-01-31": "-2.00000", "2017-10-31": "-2.00000", "2017-07-31": "-36.00000", "2017-04-30": "-64.00000", "2017-01-31": "", "2016-12-31": "-32.00000", "2016-09-30": "", "2016-06-30": "1.00000", "2016-03-31": "-53.00000", "2015-12-31": "-18.00000", "2015-09-30": "", "2015-06-30": "2.00000", "2015-03-31": "-22.00000", "2014-12-31": "49.00000", "2014-09-30": "-6.00000", "2014-06-30": "1.00000", "2014-03-31": "0.00000", "2013-12-31": "", "2013-09-30": "-1.00000", "2013-06-30": "-1.00000", "2013-03-31": "-63.00000", "2012-12-31": "", "2012-09-30": "0.00000", "2012-06-30": "", "2012-03-31": "", "2011-12-31": "", "2011-09-30": "", "2011-06-30": "", "2011-03-31": "", "2010-12-31": "", "2010-09-30": "", "2010-06-30": "", "2010-03-31": "", "2009-12-31": "", "2009-09-30": "", "2009-06-30": "", "2009-03-31": "", "2008-12-31": "", "2008-09-30": "", "2008-06-30": "", "2008-03-31": "", "2007-12-31": "", "2007-09-30": "", "2007-06-30": "", "2007-03-31": "", "2006-12-31": "", "2006-09-30": "", "2006-06-30": ""}, "Operating Expenses": {"2020-10-31": "2436.00000", "2020-07-31": "2341.00000", "2020-04-30": "2316.00000", "2020-01-31": "2823.00000", "2019-10-31": "2285.00000", "2019-07-31": "2166.00000", "2019-04-30": "2096.00000", "2019-01-31": "2814.00000", "2018-10-31": "1705.00000", "2018-07-31": "1665.00000", "2018-04-30": "1626.00000", "2018-01-31": "2334.00000", "2017-10-31": "1528.00000", "2017-07-31": "1507.00000", "2017-04-30": "1504.00000", "2017-01-31": "", "2016-12-31": "1650.00000", "2016-09-30": "1397.00000", "2016-06-30": "1370.00000", "2016-03-31": "1397.00000", "2015-12-31": "1725.00000", "2015-09-30": "1346.00000", "2015-06-30": "1315.00000", "2015-03-31": "1293.00000", "2014-12-31": "2002.00000", "2014-09-30": "1273.00000", "2014-06-30": "1257.00000", "2014-03-31": "1119.00000", "2013-12-31": "1420.88300", "2013-09-30": "1002.00000", "2013-06-30": "973.00000", "2013-03-31": "1031.00000", "2012-12-31": "1547.32100", "2012-09-30": "944.00000", "2012-06-30": "911.10000", "2012-03-31": "838.01700", "2011-12-31": "1307.69700", "2011-09-30": "761.14200", "2011-06-30": "734.31800", "2011-03-31": "690.21900", "2010-12-31": "1161.75200", "2010-09-30": "620.23300", "2010-06-30": "572.72300", "2010-03-31": "531.34700", "2009-12-31": "648.62910", "2009-09-30": "466.51500", "2009-06-30": "417.67600", "2009-03-31": "383.40700", "2008-12-31": "814.03310", "2008-09-30": "371.10100", "2008-06-30": "395.12800", "2008-03-31": "389.78400", "2007-12-31": "", "2007-09-30": "292.06600", "2007-06-30": "250.09000", "2007-03-31": "212.31300", "2006-12-31": "", "2006-09-30": "160.77400", "2006-06-30": "130.66700"}, "Operating Income": {"2020-10-31": "428.00000", "2020-07-31": "534.00000", "2020-04-30": "418.00000", "2020-01-31": "250.00000", "2019-10-31": "371.00000", "2019-07-31": "466.00000", "2019-04-30": "354.00000", "2019-01-31": "417.00000", "2018-10-31": "495.00000", "2018-07-31": "509.00000", "2018-04-30": "382.00000", "2018-01-31": "367.00000", "2017-10-31": "410.00000", "2017-07-31": "425.00000", "2017-04-30": "261.00000", "2017-01-31": "", "2016-12-31": "719.00000", "2016-09-30": "381.00000", "2016-06-30": "323.00000", "2016-03-31": "192.00000", "2015-12-31": "514.00000", "2015-09-30": "326.00000", "2015-06-30": "206.00000", "2015-03-31": "218.00000", "2014-12-31": "310.00000", "2014-09-30": "242.00000", "2014-06-30": "200.00000", "2014-03-31": "241.00000", "2013-12-31": "473.93510", "2013-09-30": "287.00000", "2013-06-30": "270.00000", "2013-03-31": "160.00000", "2012-12-31": "350.88500", "2012-09-30": "190.00000", "2012-06-30": "211.90000", "2012-03-31": "217.16500", "2011-12-31": "437.62080", "2011-09-30": "180.72100", "2011-06-30": "186.89200", "2011-03-31": "153.50200", "2010-12-31": "279.85490", "2010-09-30": "94.01200", "2010-06-30": "101.18100", "2010-03-31": "102.18600", "2009-12-31": "8.88390", "2009-09-30": "23.23600", "2009-06-30": "37.99900", "2009-03-31": "86.90300", "2008-12-31": "153.65790", "2008-09-30": "101.02000", "2008-06-30": "61.00000", "2008-03-31": "48.39100", "2007-12-31": "", "2007-09-30": "65.75000", "2007-06-30": "46.73500", "2007-03-31": "46.38200", "2006-12-31": "", "2006-09-30": "28.03200", "2006-06-30": "25.77300"}, "Total Non-Operating Income/Expense": {"2020-10-31": "126.00000", "2020-07-31": "-39.00000", "2020-04-30": "-50.00000", "2020-01-31": "-10.00000", "2019-10-31": "-11.00000", "2019-07-31": "21.00000", "2019-04-30": "-3.00000", "2019-01-31": "-880.00000", "2018-10-31": "-150.00000", "2018-07-31": "263.00000", "2018-04-30": "793.00000", "2018-01-31": "22.00000", "2017-10-31": "3.00000", "2017-07-31": "69.00000", "2017-04-30": "20.00000", "2017-01-31": "", "2016-12-31": "24.00000", "2016-09-30": "6.00000", "2016-06-30": "14.00000", "2016-03-31": "8.00000", "2015-12-31": "8.00000", "2015-09-30": "-1.00000", "2015-06-30": "7.00000", "2015-03-31": "4.00000", "2014-12-31": "-28.00000", "2014-09-30": "2.00000", "2014-06-30": "2.00000", "2014-03-31": "4.00000", "2013-12-31": "40.05900", "2013-09-30": "21.00000", "2013-06-30": "24.00000", "2013-03-31": "4.00000", "2012-12-31": "-43.43200", "2012-09-30": "5.00000", "2012-06-30": "2.20000", "2012-03-31": "6.74100", "2011-12-31": "65.05100", "2011-09-30": "2.43800", "2011-06-30": "59.38200", "2011-03-31": "2.61200", "2010-12-31": "-19.69200", "2010-09-30": "2.73300", "2010-06-30": "-4.23700", "2010-03-31": "-4.54700", "2009-12-31": "-4.09600", "2009-09-30": "8.63800", "2009-06-30": "0.87200", "2009-03-31": "-1.43600", "2008-12-31": "8.40900", "2008-09-30": "2.51000", "2008-06-30": "3.10100", "2008-03-31": "2.63900", "2007-12-31": "", "2007-09-30": "0.53800", "2007-06-30": "-5.22300", "2007-03-31": "3.03600", "2006-12-31": "", "2006-09-30": "0.96400", "2006-06-30": "-0.28200"}, "Pre-Tax Income": {"2020-10-31": "554.00000", "2020-07-31": "495.00000", "2020-04-30": "368.00000", "2020-01-31": "240.00000", "2019-10-31": "360.00000", "2019-07-31": "487.00000", "2019-04-30": "351.00000", "2019-01-31": "-463.00000", "2018-10-31": "345.00000", "2018-07-31": "772.00000", "2018-04-30": "1175.00000", "2018-01-31": "389.00000", "2017-10-31": "413.00000", "2017-07-31": "494.00000", "2017-04-30": "281.00000", "2017-01-31": "", "2016-12-31": "743.00000", "2016-09-30": "387.00000", "2016-06-30": "337.00000", "2016-03-31": "200.00000", "2015-12-31": "522.00000", "2015-09-30": "325.00000", "2015-06-30": "213.00000", "2015-03-31": "222.00000", "2014-12-31": "282.00000", "2014-09-30": "244.00000", "2014-06-30": "202.00000", "2014-03-31": "245.00000", "2013-12-31": "513.99400", "2013-09-30": "308.00000", "2013-06-30": "294.00000", "2013-03-31": "164.00000", "2012-12-31": "307.45300", "2012-09-30": "195.00000", "2012-06-30": "214.10000", "2012-03-31": "223.90600", "2011-12-31": "502.67200", "2011-09-30": "183.15900", "2011-06-30": "246.27400", "2011-03-31": "156.11400", "2010-12-31": "260.16300", "2010-09-30": "96.74500", "2010-06-30": "96.94400", "2010-03-31": "97.63900", "2009-12-31": "4.78800", "2009-09-30": "31.87400", "2009-06-30": "38.87100", "2009-03-31": "85.46700", "2008-12-31": "162.06700", "2008-09-30": "103.53000", "2008-06-30": "64.10100", "2008-03-31": "51.03000", "2007-12-31": "", "2007-09-30": "66.28800", "2007-06-30": "41.51200", "2007-03-31": "49.41800", "2006-12-31": "", "2006-09-30": "28.99600", "2006-06-30": "25.49100"}, "Income Taxes": {"2020-10-31": "120.00000", "2020-07-31": "48.00000", "2020-04-30": "-18.00000", "2020-01-31": "-76.00000", "2019-10-31": "-30.00000", "2019-07-31": "-4798.00000", "2019-04-30": "-14.00000", "2019-01-31": "-133.00000", "2018-10-31": "11.00000", "2018-07-31": "128.00000", "2018-04-30": "233.00000", "2018-01-31": "1010.00000", "2017-10-31": "18.00000", "2017-07-31": "88.00000", "2017-04-30": "36.00000", "2017-01-31": "", "2016-12-31": "144.00000", "2016-09-30": "68.00000", "2016-06-30": "72.00000", "2016-03-31": "39.00000", "2015-12-31": "85.00000", "2015-09-30": "69.00000", "2015-06-30": "41.00000", "2015-03-31": "26.00000", "2014-12-31": "75.00000", "2014-09-30": "50.00000", "2014-06-30": "35.00000", "2014-03-31": "46.00000", "2013-12-31": "40.13000", "2013-09-30": "47.00000", "2013-06-30": "49.00000", "2013-03-31": "-9.00000", "2012-12-31": "84.96100", "2012-09-30": "38.00000", "2012-06-30": "22.40000", "2012-03-31": "32.47000", "2011-12-31": "16.23100", "2011-09-30": "5.62100", "2011-06-30": "26.11600", "2011-03-31": "30.30200", "2010-12-31": "43.41300", "2010-09-30": "12.14500", "2010-06-30": "22.40600", "2010-03-31": "19.21800", "2009-12-31": "-13.63100", "2009-09-30": "-6.34500", "2009-06-30": "6.33600", "2009-03-31": "15.53200", "2008-12-31": "11.91600", "2008-09-30": "20.24200", "2008-06-30": "11.76500", "2008-03-31": "7.97500", "2007-12-31": "", "2007-09-30": "1.61000", "2007-06-30": "7.28800", "2007-03-31": "8.33800", "2006-12-31": "", "2006-09-30": "9.76500", "2006-06-30": "10.32200"}, "Income After Taxes": {"2020-10-31": "434.00000", "2020-07-31": "447.00000", "2020-04-30": "386.00000", "2020-01-31": "316.00000", "2019-10-31": "390.00000", "2019-07-31": "5285.00000", "2019-04-30": "365.00000", "2019-01-31": "-330.00000", "2018-10-31": "334.00000", "2018-07-31": "644.00000", "2018-04-30": "942.00000", "2018-01-31": "-621.00000", "2017-10-31": "395.00000", "2017-07-31": "406.00000", "2017-04-30": "245.00000", "2017-01-31": "", "2016-12-31": "599.00000", "2016-09-30": "319.00000", "2016-06-30": "265.00000", "2016-03-31": "161.00000", "2015-12-31": "437.00000", "2015-09-30": "256.00000", "2015-06-30": "172.00000", "2015-03-31": "196.00000", "2014-12-31": "207.00000", "2014-09-30": "194.00000", "2014-06-30": "167.00000", "2014-03-31": "199.00000", "2013-12-31": "473.86400", "2013-09-30": "261.00000", "2013-06-30": "245.00000", "2013-03-31": "173.00000", "2012-12-31": "222.49200", "2012-09-30": "157.00000", "2012-06-30": "191.70000", "2012-03-31": "191.43600", "2011-12-31": "486.44100", "2011-09-30": "177.53800", "2011-06-30": "220.15800", "2011-03-31": "125.81200", "2010-12-31": "216.75000", "2010-09-30": "84.60000", "2010-06-30": "74.53800", "2010-03-31": "78.42100", "2009-12-31": "18.41900", "2009-09-30": "38.21900", "2009-06-30": "32.53500", "2009-03-31": "69.93500", "2008-12-31": "150.15100", "2008-09-30": "83.28800", "2008-06-30": "52.33600", "2008-03-31": "43.05500", "2007-12-31": "", "2007-09-30": "64.67800", "2007-06-30": "34.22400", "2007-03-31": "41.08000", "2006-12-31": "", "2006-09-30": "19.23100", "2006-06-30": "15.16900"}, "Other Income": {"2020-10-31": "", "2020-07-31": "", "2020-04-30": "", "2020-01-31": "", "2019-10-31": "", "2019-07-31": "", "2019-04-30": "", "2019-01-31": "", "2018-10-31": "", "2018-07-31": "", "2018-04-30": "", "2018-01-31": "", "2017-10-31": "", "2017-07-31": "", "2017-04-30": "", "2017-01-31": "", "2016-12-31": "", "2016-09-30": "", "2016-06-30": "", "2016-03-31": "", "2015-12-31": "", "2015-09-30": "", "2015-06-30": "", "2015-03-31": "", "2014-12-31": "", "2014-09-30": "", "2014-06-30": "", "2014-03-31": "", "2013-12-31": "", "2013-09-30": "", "2013-06-30": "", "2013-03-31": "", "2012-12-31": "", "2012-09-30": "", "2012-06-30": "", "2012-03-31": "", "2011-12-31": "", "2011-09-30": "", "2011-06-30": "", "2011-03-31": "", "2010-12-31": "", "2010-09-30": "", "2010-06-30": "", "2010-03-31": "", "2009-12-31": "", "2009-09-30": "", "2009-06-30": "", "2009-03-31": "", "2008-12-31": "", "2008-09-30": "", "2008-06-30": "", "2008-03-31": "", "2007-12-31": "", "2007-09-30": "", "2007-06-30": "", "2007-03-31": "", "2006-12-31": "", "2006-09-30": "", "2006-06-30": ""}, "Income From Continuous Operations": {"2020-10-31": "434.00000", "2020-07-31": "447.00000", "2020-04-30": "386.00000", "2020-01-31": "316.00000", "2019-10-31": "390.00000", "2019-07-31": "5285.00000", "2019-04-30": "365.00000", "2019-01-31": "-330.00000", "2018-10-31": "334.00000", "2018-07-31": "644.00000", "2018-04-30": "942.00000", "2018-01-31": "-621.00000", "2017-10-31": "395.00000", "2017-07-31": "406.00000", "2017-04-30": "245.00000", "2017-01-31": "", "2016-12-31": "599.00000", "2016-09-30": "319.00000", "2016-06-30": "265.00000", "2016-03-31": "161.00000", "2015-12-31": "437.00000", "2015-09-30": "256.00000", "2015-06-30": "172.00000", "2015-03-31": "196.00000", "2014-12-31": "207.00000", "2014-09-30": "194.00000", "2014-06-30": "167.00000", "2014-03-31": "199.00000", "2013-12-31": "473.86400", "2013-09-30": "261.00000", "2013-06-30": "245.00000", "2013-03-31": "173.00000", "2012-12-31": "222.49200", "2012-09-30": "157.00000", "2012-06-30": "191.70000", "2012-03-31": "191.43600", "2011-12-31": "486.44100", "2011-09-30": "177.53800", "2011-06-30": "220.15800", "2011-03-31": "125.81200", "2010-12-31": "216.75000", "2010-09-30": "84.60000", "2010-06-30": "74.53800", "2010-03-31": "78.42100", "2009-12-31": "18.41900", "2009-09-30": "38.21900", "2009-06-30": "32.53500", "2009-03-31": "69.93500", "2008-12-31": "150.15100", "2008-09-30": "83.28800", "2008-06-30": "52.33600", "2008-03-31": "43.05500", "2007-12-31": "", "2007-09-30": "64.67800", "2007-06-30": "34.22400", "2007-03-31": "41.08000", "2006-12-31": "", "2006-09-30": "19.23100", "2006-06-30": "15.16900"}, "Income From Discontinued Operations": {"2020-10-31": "", "2020-07-31": "", "2020-04-30": "", "2020-01-31": "", "2019-10-31": "", "2019-07-31": "", "2019-04-30": "", "2019-01-31": "", "2018-10-31": "", "2018-07-31": "", "2018-04-30": "", "2018-01-31": "", "2017-10-31": "", "2017-07-31": "", "2017-04-30": "", "2017-01-31": "", "2016-12-31": "", "2016-09-30": "", "2016-06-30": "", "2016-03-31": "", "2015-12-31": "", "2015-09-30": "", "2015-06-30": "", "2015-03-31": "", "2014-12-31": "", "2014-09-30": "", "2014-06-30": "", "2014-03-31": "", "2013-12-31": "", "2013-09-30": "", "2013-06-30": "", "2013-03-31": "", "2012-12-31": "", "2012-09-30": "", "2012-06-30": "", "2012-03-31": "", "2011-12-31": "", "2011-09-30": "", "2011-06-30": "", "2011-03-31": "", "2010-12-31": "", "2010-09-30": "", "2010-06-30": "", "2010-03-31": "", "2009-12-31": "", "2009-09-30": "", "2009-06-30": "", "2009-03-31": "", "2008-12-31": "", "2008-09-30": "", "2008-06-30": "", "2008-03-31": "", "2007-12-31": "", "2007-09-30": "", "2007-06-30": "", "2007-03-31": "", "2006-12-31": "", "2006-09-30": "", "2006-06-30": ""}, "Net Income": {"2020-10-31": "434.00000", "2020-07-31": "447.00000", "2020-04-30": "386.00000", "2020-01-31": "322.00000", "2019-10-31": "407.00000", "2019-07-31": "5303.00000", "2019-04-30": "380.00000", "2019-01-31": "-270.00000", "2018-10-31": "334.00000", "2018-07-31": "644.00000", "2018-04-30": "942.00000", "2018-01-31": "-609.00000", "2017-10-31": "395.00000", "2017-07-31": "406.00000", "2017-04-30": "245.00000", "2017-01-31": "", "2016-12-31": "599.00000", "2016-09-30": "319.00000", "2016-06-30": "265.00000", "2016-03-31": "161.00000", "2015-12-31": "437.00000", "2015-09-30": "256.00000", "2015-06-30": "172.00000", "2015-03-31": "196.00000", "2014-12-31": "207.00000", "2014-09-30": "194.00000", "2014-06-30": "167.00000", "2014-03-31": "199.00000", "2013-12-31": "473.86400", "2013-09-30": "261.00000", "2013-06-30": "245.00000", "2013-03-31": "173.00000", "2012-12-31": "222.49200", "2012-09-30": "157.00000", "2012-06-30": "191.70000", "2012-03-31": "191.43600", "2011-12-31": "486.44100", "2011-09-30": "177.53800", "2011-06-30": "220.15800", "2011-03-31": "125.81200", "2010-12-31": "216.75000", "2010-09-30": "84.60000", "2010-06-30": "74.53800", "2010-03-31": "78.42100", "2009-12-31": "18.41900", "2009-09-30": "38.21900", "2009-06-30": "32.53500", "2009-03-31": "69.93500", "2008-12-31": "150.15100", "2008-09-30": "83.28800", "2008-06-30": "52.33600", "2008-03-31": "43.05500", "2007-12-31": "", "2007-09-30": "64.67800", "2007-06-30": "34.22400", "2007-03-31": "41.08000", "2006-12-31": "", "2006-09-30": "19.23100", "2006-06-30": "15.16900"}, "EBITDA": {"2020-10-31": "689.00000", "2020-07-31": "786.00000", "2020-04-30": "662.00000", "2020-01-31": "497.00000", "2019-10-31": "590.00000", "2019-07-31": "672.00000", "2019-04-30": "555.00000", "2019-01-31": "679.00000", "2018-10-31": "653.00000", "2018-07-31": "660.00000", "2018-04-30": "538.00000", "2018-01-31": "566.00000", "2017-10-31": "559.00000", "2017-07-31": "559.00000", "2017-04-30": "397.00000", "2017-01-31": "", "2016-12-31": "1015.00000", "2016-09-30": "468.00000", "2016-06-30": "409.00000", "2016-03-31": "280.00000", "2015-12-31": "594.00000", "2015-09-30": "413.00000", "2015-06-30": "289.00000", "2015-03-31": "294.00000", "2014-12-31": "394.00000", "2014-09-30": "333.00000", "2014-06-30": "281.00000", "2014-03-31": "324.00000", "2013-12-31": "548.93510", "2013-09-30": "369.00000", "2013-06-30": "358.00000", "2013-03-31": "251.00000", "2012-12-31": "476.24200", "2012-09-30": "276.80000", "2012-06-30": "301.33400", "2012-03-31": "302.93100", "2011-12-31": "570.15990", "2011-09-30": "254.70600", "2011-06-30": "261.60100", "2011-03-31": "234.45100", "2010-12-31": "398.67580", "2010-09-30": "165.12900", "2010-06-30": "159.73700", "2010-03-31": "155.97400", "2009-12-31": "89.83290", "2009-09-30": "78.65600", "2009-06-30": "82.92600", "2009-03-31": "128.28600", "2008-12-31": "239.82390", "2008-09-30": "141.66400", "2008-06-30": "100.45900", "2008-03-31": "85.82500", "2007-12-31": "", "2007-09-30": "93.39300", "2007-06-30": "70.35700", "2007-03-31": "67.57900", "2006-12-31": "", "2006-09-30": "47.39200", "2006-06-30": "25.77300"}, "EBIT": {"2020-10-31": "428.00000", "2020-07-31": "534.00000", "2020-04-30": "418.00000", "2020-01-31": "250.00000", "2019-10-31": "371.00000", "2019-07-31": "466.00000", "2019-04-30": "354.00000", "2019-01-31": "417.00000", "2018-10-31": "495.00000", "2018-07-31": "509.00000", "2018-04-30": "382.00000", "2018-01-31": "367.00000", "2017-10-31": "410.00000", "2017-07-31": "425.00000", "2017-04-30": "261.00000", "2017-01-31": "", "2016-12-31": "719.00000", "2016-09-30": "381.00000", "2016-06-30": "323.00000", "2016-03-31": "192.00000", "2015-12-31": "514.00000", "2015-09-30": "326.00000", "2015-06-30": "206.00000", "2015-03-31": "218.00000", "2014-12-31": "310.00000", "2014-09-30": "242.00000", "2014-06-30": "200.00000", "2014-03-31": "241.00000", "2013-12-31": "473.93500", "2013-09-30": "287.00000", "2013-06-30": "270.00000", "2013-03-31": "160.00000", "2012-12-31": "350.88490", "2012-09-30": "190.00000", "2012-06-30": "211.90000", "2012-03-31": "217.16500", "2011-12-31": "437.62100", "2011-09-30": "180.72100", "2011-06-30": "186.89200", "2011-03-31": "153.50200", "2010-12-31": "279.85490", "2010-09-30": "94.01200", "2010-06-30": "101.18100", "2010-03-31": "102.18600", "2009-12-31": "8.88390", "2009-09-30": "23.23600", "2009-06-30": "37.99900", "2009-03-31": "86.90300", "2008-12-31": "153.65800", "2008-09-30": "101.02000", "2008-06-30": "61.00000", "2008-03-31": "48.39100", "2007-12-31": "", "2007-09-30": "65.75000", "2007-06-30": "46.73500", "2007-03-31": "46.38200", "2006-12-31": "", "2006-09-30": "28.03200", "2006-06-30": "25.77300"}, "Basic Shares Outstanding": {"2020-10-31": "420.85700", "2020-07-31": "420.03100", "2020-04-30": "418.38300", "2020-01-31": "417.05800", "2019-10-31": "416.38700", "2019-07-31": "416.98300", "2019-04-30": "417.63600", "2019-01-31": "413.76900", "2018-10-31": "408.70800", "2018-07-31": "407.11200", "2018-04-30": "404.96800", "2018-01-31": "410.31500", "2017-10-31": "406.73300", "2017-07-31": "408.39900", "2017-04-30": "408.43100", "2017-01-31": "", "2016-12-31": "420.52000", "2016-09-30": "421.70400", "2016-06-30": "425.10700", "2016-03-31": "423.23000", "2015-12-31": "424.00300", "2015-09-30": "422.32900", "2015-06-30": "424.16900", "2015-03-31": "427.96200", "2014-12-31": "430.35500", "2014-09-30": "430.46300", "2014-06-30": "430.21600", "2014-03-31": "430.54600", "2013-12-31": "429.09300", "2013-09-30": "429.70900", "2013-06-30": "428.33600", "2013-03-31": "428.00500", "2012-12-31": "426.65800", "2012-09-30": "427.00000", "2012-06-30": "427.20000", "2012-03-31": "424.98900", "2011-12-31": "421.18800", "2011-09-30": "422.03000", "2011-06-30": "419.65700", "2011-03-31": "417.44400", "2010-12-31": "409.80500", "2010-09-30": "411.75500", "2010-06-30": "407.93100", "2010-03-31": "404.48000", "2009-12-31": "394.26900", "2009-09-30": "396.36600", "2009-06-30": "391.84100", "2009-03-31": "389.85700", "2008-12-31": "385.06800", "2008-09-30": "387.62100", "2008-06-30": "382.93100", "2008-03-31": "381.02600", "2007-12-31": "", "2007-09-30": "356.43100", "2007-06-30": "332.50000", "2007-03-31": "332.50000", "2006-12-31": "", "2006-09-30": "332.50000", "2006-06-30": "332.50000"}, "Shares Outstanding": {"2020-10-31": "423.40000", "2020-07-31": "423.05000", "2020-04-30": "421.51300", "2020-01-31": "425.23500", "2019-10-31": "423.03500", "2019-07-31": "425.09100", "2019-04-30": "426.69700", "2019-01-31": "421.13100", "2018-10-31": "414.47700", "2018-07-31": "413.28600", "2018-04-30": "410.93200", "2018-01-31": "420.88700", "2017-10-31": "413.01300", "2017-07-31": "412.76800", "2017-04-30": "414.01800", "2017-01-31": "", "2016-12-31": "423.99400", "2016-09-30": "425.00800", "2016-06-30": "427.10200", "2016-03-31": "424.18000", "2015-12-31": "426.54700", "2015-09-30": "423.98100", "2015-06-30": "426.79700", "2015-03-31": "430.49600", "2014-12-31": "434.51300", "2014-09-30": "434.11800", "2014-06-30": "434.19900", "2014-03-31": "434.72900", "2013-12-31": "433.41500", "2013-09-30": "433.18200", "2013-06-30": "431.98700", "2013-03-31": "432.63100", "2012-12-31": "433.97400", "2012-09-30": "433.00000", "2012-06-30": "434.60000", "2012-03-31": "433.21300", "2011-12-31": "431.75000", "2011-09-30": "431.88100", "2011-06-30": "430.47300", "2011-03-31": "429.24700", "2010-12-31": "423.44600", "2010-09-30": "426.58100", "2010-06-30": "422.33300", "2010-03-31": "416.85300", "2009-12-31": "399.77600", "2009-09-30": "402.88800", "2009-06-30": "395.82600", "2009-03-31": "391.11100", "2008-12-31": "397.18500", "2008-09-30": "394.23200", "2008-06-30": "398.97900", "2008-03-31": "398.06300", "2007-12-31": "", "2007-09-30": "368.56700", "2007-06-30": "332.50100", "2007-03-31": "332.50000", "2006-12-31": "", "2006-09-30": "332.50000", "2006-06-30": "332.50000"}, "Basic EPS": {"2020-10-31": "1.03000", "2020-07-31": "1.06000", "2020-04-30": "0.92000", "2020-01-31": "0.76000", "2019-10-31": "0.98000", "2019-07-31": "12.72000", "2019-04-30": "0.91000", "2019-01-31": "-0.74000", "2018-10-31": "0.82000", "2018-07-31": "1.58000", "2018-04-30": "2.33000", "2018-01-31": "-1.49000", "2017-10-31": "0.97000", "2017-07-31": "0.99000", "2017-04-30": "0.60000", "2017-01-31": "", "2016-12-31": "1.43000", "2016-09-30": "0.76000", "2016-06-30": "0.62000", "2016-03-31": "0.38000", "2015-12-31": "1.05000", "2015-09-30": "0.61000", "2015-06-30": "0.41000", "2015-03-31": "0.46000", "2014-12-31": "0.47000", "2014-09-30": "0.45000", "2014-06-30": "0.39000", "2014-03-31": "0.46000", "2013-12-31": "1.09000", "2013-09-30": "0.61000", "2013-06-30": "0.57000", "2013-03-31": "0.41000", "2012-12-31": "0.51000", "2012-09-30": "0.37000", "2012-06-30": "0.45000", "2012-03-31": "0.45000", "2011-12-31": "1.14000", "2011-09-30": "0.42000", "2011-06-30": "0.52000", "2011-03-31": "0.30000", "2010-12-31": "0.51000", "2010-09-30": "0.21000", "2010-06-30": "0.18000", "2010-03-31": "0.19000", "2009-12-31": "0.04000", "2009-09-30": "0.10000", "2009-06-30": "0.08000", "2009-03-31": "0.18000", "2008-12-31": "0.35000", "2008-09-30": "0.21000", "2008-06-30": "0.14000", "2008-03-31": "0.11000", "2007-12-31": "", "2007-09-30": "0.18000", "2007-06-30": "0.10000", "2007-03-31": "0.12000", "2006-12-31": "", "2006-09-30": "0.06000", "2006-06-30": "0.05000"}, "EPS - Earnings Per Share": {"2020-10-31": "1.02000", "2020-07-31": "1.06000", "2020-04-30": "0.92000", "2020-01-31": "0.76000", "2019-10-31": "0.96000", "2019-07-31": "12.47000", "2019-04-30": "0.89000", "2019-01-31": "-0.74000", "2018-10-31": "0.81000", "2018-07-31": "1.56000", "2018-04-30": "2.29000", "2018-01-31": "-1.49000", "2017-10-31": "0.96000", "2017-07-31": "0.98000", "2017-04-30": "0.59000", "2017-01-31": "0.00000", "2016-12-31": "1.42000", "2016-09-30": "0.75000", "2016-06-30": "0.62000", "2016-03-31": "0.38000", "2015-12-31": "1.05000", "2015-09-30": "0.60000", "2015-06-30": "0.40000", "2015-03-31": "0.45000", "2014-12-31": "0.47000", "2014-09-30": "0.45000", "2014-06-30": "0.38000", "2014-03-31": "0.46000", "2013-12-31": "1.10000", "2013-09-30": "0.60000", "2013-06-30": "0.57000", "2013-03-31": "0.40000", "2012-12-31": "0.51000", "2012-09-30": "0.36000", "2012-06-30": "0.44000", "2012-03-31": "0.44000", "2011-12-31": "1.11000", "2011-09-30": "0.41000", "2011-06-30": "0.51000", "2011-03-31": "0.29000", "2010-12-31": "0.49000", "2010-09-30": "0.20000", "2010-06-30": "0.18000", "2010-03-31": "0.19000", "2009-12-31": "0.04000", "2009-09-30": "0.09000", "2009-06-30": "0.08000", "2009-03-31": "0.18000", "2008-12-31": "0.33000", "2008-09-30": "0.21000", "2008-06-30": "0.13000", "2008-03-31": "0.11000", "2007-12-31": "0.00000", "2007-09-30": "0.18000", "2007-06-30": "0.10000", "2007-03-31": "0.12000", "2006-12-31": "0.00000", "2006-09-30": "0.06000", "2006-06-30": "0.05000"}}, "balance sheet": {"Cash On Hand": {"2020-01-31": "2915.00000", "2019-01-31": "3551.00000", "2018-01-31": "11653.00000", "2017-01-31": "8393.00000", "2016-12-31": "7985.00000", "2015-12-31": "7509.00000", "2014-12-31": "7075.00000", "2013-12-31": "6175.00000", "2012-12-31": "4631.00000", "2011-12-31": "4512.20600", "2010-12-31": "3323.64000", "2009-12-31": "2513.82100", "2008-12-31": "1840.81200", "2007-12-31": "1231.16800", "2007-01-31": "", "2006-12-31": "176.13400", "2006-01-31": "", "2005-12-31": "", "2005-01-31": ""}, "Receivables": {"2020-01-31": "3340.00000", "2019-01-31": "2813.00000", "2018-01-31": "1926.00000", "2017-01-31": "1285.00000", "2016-12-31": "1988.00000", "2015-12-31": "1707.00000", "2014-12-31": "1569.00000", "2013-12-31": "1220.00000", "2012-12-31": "1219.00000", "2011-12-31": "956.65600", "2010-12-31": "670.20700", "2009-12-31": "560.59800", "2008-12-31": "449.06400", "2007-12-31": "283.82400", "2007-01-31": "283.82400", "2006-12-31": "195.95500", "2006-01-31": "195.95500", "2005-12-31": "", "2005-01-31": ""}, "Inventory": {"2020-01-31": "", "2019-01-31": "", "2018-01-31": "", "2017-01-31": "", "2016-12-31": "", "2015-12-31": "", "2014-12-31": "", "2013-12-31": "", "2012-12-31": "", "2011-12-31": "", "2010-12-31": "", "2009-12-31": "", "2008-12-31": "", "2007-12-31": "", "2007-01-31": "", "2006-12-31": "", "2006-01-31": "", "2005-12-31": "", "2005-01-31": ""}, "Pre-Paid Expenses": {"2020-01-31": "", "2019-01-31": "", "2018-01-31": "", "2017-01-31": "", "2016-12-31": "", "2015-12-31": "", "2014-12-31": "", "2013-12-31": "", "2012-12-31": "", "2011-12-31": "", "2010-12-31": "", "2009-12-31": "", "2008-12-31": "", "2007-12-31": "", "2007-01-31": "", "2006-12-31": "", "2006-01-31": "", "2005-12-31": "", "2005-01-31": ""}, "Other Current Assets": {"2020-01-31": "436.00000", "2019-01-31": "305.00000", "2018-01-31": "257.00000", "2017-01-31": "173.00000", "2016-12-31": "362.00000", "2015-12-31": "144.00000", "2014-12-31": "238.00000", "2013-12-31": "96.00000", "2012-12-31": "91.00000", "2011-12-31": "80.43900", "2010-12-31": "203.11900", "2009-12-31": "44.70100", "2008-12-31": "55.63900", "2007-12-31": "33.95600", "2007-01-31": "", "2006-12-31": "22.68600", "2006-01-31": "", "2005-12-31": "", "2005-01-31": ""}, "Total Current Assets": {"2020-01-31": "6691.00000", "2019-01-31": "6669.00000", "2018-01-31": "13836.00000", "2017-01-31": "9851.00000", "2016-12-31": "10335.00000", "2015-12-31": "9360.00000", "2014-12-31": "8882.00000", "2013-12-31": "7681.00000", "2012-12-31": "6120.00000", "2011-12-31": "5677.77200", "2010-12-31": "4297.65500", "2009-12-31": "3182.48000", "2008-12-31": "2390.08800", "2007-12-31": "1603.33400", "2007-01-31": "283.82400", "2006-12-31": "422.43100", "2006-01-31": "195.95500", "2005-12-31": "", "2005-01-31": ""}, "Property, Plant, And Equipment": {"2020-01-31": "1280.00000", "2019-01-31": "1162.00000", "2018-01-31": "1074.00000", "2017-01-31": "1042.00000", "2016-12-31": "1049.00000", "2015-12-31": "1128.00000", "2014-12-31": "1035.00000", "2013-12-31": "845.00000", "2012-12-31": "665.00000", "2011-12-31": "525.49000", "2010-12-31": "419.06500", "2009-12-31": "402.35600", "2008-12-31": "418.21200", "2007-12-31": "276.98300", "2007-01-31": "", "2006-12-31": "48.67500", "2006-01-31": "", "2005-12-31": "", "2005-01-31": ""}, "Long-Term Investments": {"2020-01-31": "", "2019-01-31": "", "2018-01-31": "", "2017-01-31": "", "2016-12-31": "", "2015-12-31": "", "2014-12-31": "", "2013-12-31": "", "2012-12-31": "", "2011-12-31": "", "2010-12-31": "", "2009-12-31": "", "2008-12-31": "", "2007-12-31": "", "2007-01-31": "", "2006-12-31": "", "2006-01-31": "", "2005-12-31": "", "2005-01-31": ""}, "Goodwill And Intangible Assets": {"2020-01-31": "10501.00000", "2019-01-31": "8384.00000", "2018-01-31": "5145.00000", "2017-01-31": "4539.00000", "2016-12-31": "4549.00000", "2015-12-31": "4609.00000", "2014-12-31": "4712.00000", "2013-12-31": "3634.00000", "2012-12-31": "3580.00000", "2011-12-31": "2166.45500", "2010-12-31": "1779.52800", "2009-12-31": "1210.32600", "2008-12-31": "828.07200", "2007-12-31": "671.43900", "2007-01-31": "", "2006-12-31": "603.99700", "2006-01-31": "", "2005-12-31": "", "2005-01-31": ""}, "Other Long-Term Assets": {"2020-01-31": "2266.00000", "2019-01-31": "1088.00000", "2018-01-31": "924.00000", "2017-01-31": "249.00000", "2016-12-31": "248.00000", "2015-12-31": "193.00000", "2014-12-31": "174.00000", "2013-12-31": "107.00000", "2012-12-31": "128.00000", "2011-12-31": "154.23600", "2010-12-31": "", "2009-12-31": "", "2008-12-31": "", "2007-12-31": "71.69500", "2007-01-31": "", "2006-12-31": "49.91200", "2006-01-31": "", "2005-12-31": "", "2005-01-31": ""}, "Total Long-Term Assets": {"2020-01-31": "19603.00000", "2019-01-31": "10924.00000", "2018-01-31": "7370.00000", "2017-01-31": "6546.00000", "2016-12-31": "6308.00000", "2015-12-31": "6386.00000", "2014-12-31": "6334.00000", "2013-12-31": "4646.00000", "2012-12-31": "4476.00000", "2011-12-31": "3003.03600", "2010-12-31": "2499.66400", "2009-12-31": "1884.50400", "2008-12-31": "1449.11700", "2007-12-31": "1092.36600", "2007-01-31": "", "2006-12-31": "723.51900", "2006-01-31": "", "2005-12-31": "", "2005-01-31": ""}, "Total Assets": {"2020-01-31": "26294.00000", "2019-01-31": "17593.00000", "2018-01-31": "21206.00000", "2017-01-31": "16397.00000", "2016-12-31": "16643.00000", "2015-12-31": "15746.00000", "2014-12-31": "15216.00000", "2013-12-31": "12327.00000", "2012-12-31": "10596.00000", "2011-12-31": "8680.80800", "2010-12-31": "6797.31900", "2009-12-31": "5066.98400", "2008-12-31": "3839.20500", "2007-12-31": "2695.70000", "2007-01-31": "283.82400", "2006-12-31": "1145.95000", "2006-01-31": "195.95500", "2005-12-31": "0.00000", "2005-01-31": "0.00000"}, "Total Current Liabilities": {"2020-01-31": "10324.00000", "2019-01-31": "6156.00000", "2018-01-31": "4810.00000", "2017-01-31": "4289.00000", "2016-12-31": "4554.00000", "2015-12-31": "4129.00000", "2014-12-31": "3996.00000", "2013-12-31": "3293.00000", "2012-12-31": "2930.00000", "2011-12-31": "2401.50600", "2010-12-31": "1789.15200", "2009-12-31": "1294.04200", "2008-12-31": "879.75000", "2007-12-31": "668.17200", "2007-01-31": "", "2006-12-31": "477.74900", "2006-01-31": "", "2005-12-31": "", "2005-01-31": ""}, "Long Term Debt": {"2020-01-31": "3001.00000", "2019-01-31": "4242.00000", "2018-01-31": "4234.00000", "2017-01-31": "1500.00000", "2016-12-31": "1500.00000", "2015-12-31": "1500.00000", "2014-12-31": "1500.00000", "2013-12-31": "450.00000", "2012-12-31": "450.00000", "2011-12-31": "450.00000", "2010-12-31": "450.00000", "2009-12-31": "450.00000", "2008-12-31": "450.00000", "2007-12-31": "450.00000", "2007-01-31": "", "2006-12-31": "800.00000", "2006-01-31": "", "2005-12-31": "", "2005-01-31": ""}, "Other Non-Current Liabilities": {"2020-01-31": "1164.00000", "2019-01-31": "1204.00000", "2018-01-31": "1137.00000", "2017-01-31": "401.00000", "2016-12-31": "399.00000", "2015-12-31": "363.00000", "2014-12-31": "283.00000", "2013-12-31": "234.00000", "2012-12-31": "211.00000", "2011-12-31": "114.71100", "2010-12-31": "160.05600", "2009-12-31": "103.34600", "2008-12-31": "65.92900", "2007-12-31": "20.10500", "2007-01-31": "", "2006-12-31": "4.52200", "2006-01-31": "", "2005-12-31": "", "2005-01-31": ""}, "Total Long Term Liabilities": {"2020-01-31": "8961.00000", "2019-01-31": "8546.00000", "2018-01-31": "7772.00000", "2017-01-31": "3892.00000", "2016-12-31": "3992.00000", "2015-12-31": "3694.00000", "2014-12-31": "3634.00000", "2013-12-31": "2218.00000", "2012-12-31": "1926.00000", "2011-12-31": "1509.02000", "2010-12-31": "1199.72400", "2009-12-31": "1029.99100", "2008-12-31": "889.38810", "2007-12-31": "686.91100", "2007-01-31": "", "2006-12-31": "899.01290", "2006-01-31": "", "2005-12-31": "", "2005-01-31": ""}, "Total Liabilities": {"2020-01-31": "19285.00000", "2019-01-31": "14702.00000", "2018-01-31": "12582.00000", "2017-01-31": "8181.00000", "2016-12-31": "8546.00000", "2015-12-31": "7823.00000", "2014-12-31": "7630.00000", "2013-12-31": "5511.00000", "2012-12-31": "4856.00000", "2011-12-31": "3910.52600", "2010-12-31": "2988.87600", "2009-12-31": "2324.03300", "2008-12-31": "1769.13800", "2007-12-31": "1355.08300", "2007-01-31": "", "2006-12-31": "1376.76200", "2006-01-31": "", "2005-12-31": "", "2005-01-31": ""}, "Common Stock Net": {"2020-01-31": "4.00000", "2019-01-31": "4.00000", "2018-01-31": "4.00000", "2017-01-31": "4.00000", "2016-12-31": "4.00000", "2015-12-31": "4.00000", "2014-12-31": "4.00000", "2013-12-31": "4.00000", "2012-12-31": "4.00000", "2011-12-31": "4.23600", "2010-12-31": "4.16700", "2009-12-31": "4.02800", "2008-12-31": "3.90400", "2007-12-31": "3.82900", "2007-01-31": "", "2006-12-31": "3.32500", "2006-01-31": "", "2005-12-31": "", "2005-01-31": ""}, "Retained Earnings (Accumulated Deficit)": {"2020-01-31": "5009.00000", "2019-01-31": "-1096.00000", "2018-01-31": "7791.00000", "2017-01-31": "6373.00000", "2016-12-31": "6381.00000", "2015-12-31": "5195.00000", "2014-12-31": "4198.00000", "2013-12-31": "3312.00000", "2012-12-31": "2298.00000", "2011-12-31": "1552.60600", "2010-12-31": "828.67000", "2009-12-31": "471.23100", "2008-12-31": "229.65000", "2007-12-31": "-16.00000", "2007-01-31": "", "2006-12-31": "-234.13700", "2006-01-31": "", "2005-12-31": "", "2005-01-31": ""}, "Comprehensive Income": {"2020-01-31": "-4.00000", "2019-01-31": "-2.00000", "2018-01-31": "-15.00000", "2017-01-31": "-4.00000", "2016-12-31": "-9.00000", "2015-12-31": "-8.00000", "2014-12-31": "-1.00000", "2013-12-31": "4.00000", "2012-12-31": "6.00000", "2011-12-31": "1.17600", "2010-12-31": "19.63500", "2009-12-31": "4.56300", "2008-12-31": "", "2007-12-31": "", "2007-01-31": "", "2006-12-31": "", "2006-01-31": "", "2005-12-31": "", "2005-01-31": ""}, "Other Share Holders Equity": {"2020-01-31": "", "2019-01-31": "", "2018-01-31": "", "2017-01-31": "", "2016-12-31": "", "2015-12-31": "", "2014-12-31": "", "2013-12-31": "", "2012-12-31": "", "2011-12-31": "", "2010-12-31": "", "2009-12-31": "", "2008-12-31": "", "2007-12-31": "", "2007-01-31": "", "2006-12-31": "", "2006-01-31": "", "2005-12-31": "", "2005-01-31": ""}, "Share Holder Equity": {"2020-01-31": "7009.00000", "2019-01-31": "2891.00000", "2018-01-31": "8624.00000", "2017-01-31": "8216.00000", "2016-12-31": "8097.00000", "2015-12-31": "7923.00000", "2014-12-31": "7586.00000", "2013-12-31": "6816.00000", "2012-12-31": "5740.00000", "2011-12-31": "4770.28200", "2010-12-31": "3808.44300", "2009-12-31": "2742.95100", "2008-12-31": "2070.06700", "2007-12-31": "1340.61700", "2007-01-31": "", "2006-12-31": "-230.81200", "2006-01-31": "", "2005-12-31": "", "2005-01-31": ""}, "Total Liabilities And Share Holders Equity": {"2020-01-31": "26294.00000", "2019-01-31": "17593.00000", "2018-01-31": "21206.00000", "2017-01-31": "16397.00000", "2016-12-31": "16643.00000", "2015-12-31": "15746.00000", "2014-12-31": "15216.00000", "2013-12-31": "12327.00000", "2012-12-31": "10596.00000", "2011-12-31": "8680.80800", "2010-12-31": "6797.31900", "2009-12-31": "5066.98400", "2008-12-31": "3839.20500", "2007-12-31": "2695.70000", "2007-01-31": "", "2006-12-31": "1145.95000", "2006-01-31": "", "2005-12-31": "", "2005-01-31": ""}}, "balance sheet, quarterly": {"Cash On Hand": {"2020-10-31": "3898.00000", "2020-07-31": "4703.00000", "2020-04-30": "5946.00000", "2020-01-31": "2915.00000", "2019-10-31": "2025.00000", "2019-07-31": "2948.00000", "2019-04-30": "3311.00000", "2019-01-31": "3551.00000", "2018-10-31": "13527.00000", "2018-07-31": "13300.00000", "2018-04-30": "12630.00000", "2018-01-31": "11653.00000", "2017-10-31": "11612.00000", "2017-07-31": "8902.00000", "2017-04-30": "8612.00000", "2017-01-31": "8393.00000", "2016-12-31": "7985.00000", "2016-09-30": "8254.00000", "2016-06-30": "8665.00000", "2016-03-31": "8246.00000", "2015-12-31": "7509.00000", "2015-09-30": "7222.00000", "2015-06-30": "6996.00000", "2015-03-31": "7226.00000", "2014-12-31": "7075.00000", "2014-09-30": "7094.00000", "2014-06-30": "6637.00000", "2014-03-31": "6616.00000", "2013-12-31": "6175.00000", "2013-09-30": "5837.00000", "2013-06-30": "5323.00000", "2013-03-31": "4936.68000", "2012-12-31": "4631.00000", "2012-09-30": "4394.61900", "2012-06-30": "5346.86900", "2012-03-31": "5222.25500", "2011-12-31": "4512.20600", "2011-09-30": "3976.69900", "2011-06-30": "3703.15300", "2011-03-31": "3661.80200", "2010-12-31": "3323.64000", "2010-09-30": "2904.18600", "2010-06-30": "2779.82100", "2010-03-31": "2756.48100", "2009-12-31": "2513.82100", "2009-09-30": "2176.16100", "2009-06-30": "2275.66000", "2009-03-31": "2031.48200", "2008-12-31": "1840.81200", "2008-09-30": "1691.37200", "2008-06-30": "1540.26000", "2008-03-31": "1306.01100", "2007-12-31": "1231.16800", "2007-09-30": "1133.91600", "2007-06-30": "280.09600", "2007-03-31": "", "2006-12-31": "176.13400", "2006-09-30": "", "2006-06-30": ""}, "Receivables": {"2020-10-31": "2461.00000", "2020-07-31": "2867.00000", "2020-04-30": "2302.00000", "2020-01-31": "3340.00000", "2019-10-31": "2241.00000", "2019-07-31": "2269.00000", "2019-04-30": "1634.00000", "2019-01-31": "2813.00000", "2018-10-31": "1643.00000", "2018-07-31": "1710.00000", "2018-04-30": "1182.00000", "2018-01-31": "1926.00000", "2017-10-31": "1154.00000", "2017-07-31": "1396.00000", "2017-04-30": "994.00000", "2017-01-31": "1285.00000", "2016-12-31": "1988.00000", "2016-09-30": "1142.00000", "2016-06-30": "1311.00000", "2016-03-31": "1101.00000", "2015-12-31": "1707.00000", "2015-09-30": "1036.00000", "2015-06-30": "1214.00000", "2015-03-31": "990.00000", "2014-12-31": "1569.00000", "2014-09-30": "957.00000", "2014-06-30": "1159.00000", "2014-03-31": "830.00000", "2013-12-31": "1220.00000", "2013-09-30": "789.00000", "2013-06-30": "974.60000", "2013-03-31": "781.68900", "2012-12-31": "1219.00000", "2012-09-30": "729.87000", "2012-06-30": "810.35200", "2012-03-31": "675.49400", "2011-12-31": "956.65600", "2011-09-30": "560.51600", "2011-06-30": "622.31600", "2011-03-31": "534.17500", "2010-12-31": "670.20700", "2010-09-30": "389.49600", "2010-06-30": "452.75800", "2010-03-31": "356.71500", "2009-12-31": "560.59800", "2009-09-30": "255.70000", "2009-06-30": "280.08800", "2009-03-31": "375.08300", "2008-12-31": "449.06400", "2008-09-30": "370.17100", "2008-06-30": "409.36800", "2008-03-31": "284.30900", "2007-12-31": "283.82400", "2007-09-30": "240.78700", "2007-06-30": "292.09700", "2007-03-31": "", "2006-12-31": "195.95500", "2006-09-30": "", "2006-06-30": ""}, "Inventory": {"2020-10-31": "", "2020-07-31": "", "2020-04-30": "", "2020-01-31": "", "2019-10-31": "", "2019-07-31": "", "2019-04-30": "", "2019-01-31": "", "2018-10-31": "", "2018-07-31": "", "2018-04-30": "", "2018-01-31": "", "2017-10-31": "", "2017-07-31": "", "2017-04-30": "", "2017-01-31": "", "2016-12-31": "", "2016-09-30": "", "2016-06-30": "", "2016-03-31": "", "2015-12-31": "", "2015-09-30": "", "2015-06-30": "", "2015-03-31": "", "2014-12-31": "", "2014-09-30": "", "2014-06-30": "", "2014-03-31": "", "2013-12-31": "", "2013-09-30": "", "2013-06-30": "", "2013-03-31": "", "2012-12-31": "", "2012-09-30": "", "2012-06-30": "", "2012-03-31": "", "2011-12-31": "", "2011-09-30": "", "2011-06-30": "", "2011-03-31": "", "2010-12-31": "", "2010-09-30": "", "2010-06-30": "", "2010-03-31": "", "2009-12-31": "", "2009-09-30": "", "2009-06-30": "", "2009-03-31": "", "2008-12-31": "", "2008-09-30": "", "2008-06-30": "", "2008-03-31": "", "2007-12-31": "", "2007-09-30": "", "2007-06-30": "", "2007-03-31": "", "2006-12-31": "", "2006-09-30": "", "2006-06-30": ""}, "Pre-Paid Expenses": {"2020-10-31": "", "2020-07-31": "", "2020-04-30": "", "2020-01-31": "", "2019-10-31": "", "2019-07-31": "", "2019-04-30": "", "2019-01-31": "", "2018-10-31": "", "2018-07-31": "", "2018-04-30": "", "2018-01-31": "", "2017-10-31": "", "2017-07-31": "", "2017-04-30": "", "2017-01-31": "", "2016-12-31": "", "2016-09-30": "", "2016-06-30": "", "2016-03-31": "", "2015-12-31": "", "2015-09-30": "", "2015-06-30": "", "2015-03-31": "", "2014-12-31": "", "2014-09-30": "", "2014-06-30": "", "2014-03-31": "", "2013-12-31": "", "2013-09-30": "", "2013-06-30": "", "2013-03-31": "", "2012-12-31": "", "2012-09-30": "", "2012-06-30": "", "2012-03-31": "", "2011-12-31": "", "2011-09-30": "", "2011-06-30": "", "2011-03-31": "", "2010-12-31": "", "2010-09-30": "", "2010-06-30": "", "2010-03-31": "", "2009-12-31": "", "2009-09-30": "", "2009-06-30": "", "2009-03-31": "", "2008-12-31": "", "2008-09-30": "", "2008-06-30": "", "2008-03-31": "", "2007-12-31": "", "2007-09-30": "", "2007-06-30": "", "2007-03-31": "", "2006-12-31": "", "2006-09-30": "", "2006-06-30": ""}, "Other Current Assets": {"2020-10-31": "473.00000", "2020-07-31": "457.00000", "2020-04-30": "457.00000", "2020-01-31": "436.00000", "2019-10-31": "375.00000", "2019-07-31": "412.00000", "2019-04-30": "343.00000", "2019-01-31": "305.00000", "2018-10-31": "248.00000", "2018-07-31": "238.00000", "2018-04-30": "289.00000", "2018-01-31": "257.00000", "2017-10-31": "160.00000", "2017-07-31": "173.00000", "2017-04-30": "172.00000", "2017-01-31": "173.00000", "2016-12-31": "362.00000", "2016-09-30": "159.00000", "2016-06-30": "167.00000", "2016-03-31": "147.00000", "2015-12-31": "144.00000", "2015-09-30": "150.00000", "2015-06-30": "262.00000", "2015-03-31": "239.00000", "2014-12-31": "238.00000", "2014-09-30": "249.00000", "2014-06-30": "150.00000", "2014-03-31": "150.00000", "2013-12-31": "96.00000", "2013-09-30": "116.00000", "2013-06-30": "127.80000", "2013-03-31": "138.51000", "2012-12-31": "91.00000", "2012-09-30": "154.16700", "2012-06-30": "127.52800", "2012-03-31": "97.22300", "2011-12-31": "80.43900", "2011-09-30": "147.90100", "2011-06-30": "175.58400", "2011-03-31": "251.10500", "2010-12-31": "203.11900", "2010-09-30": "188.14800", "2010-06-30": "104.11300", "2010-03-31": "87.31600", "2009-12-31": "44.70100", "2009-09-30": "75.46200", "2009-06-30": "65.65600", "2009-03-31": "46.42700", "2008-12-31": "55.63900", "2008-09-30": "49.12000", "2008-06-30": "46.74100", "2008-03-31": "40.39200", "2007-12-31": "33.95600", "2007-09-30": "37.48900", "2007-06-30": "41.74200", "2007-03-31": "", "2006-12-31": "22.68600", "2006-09-30": "", "2006-06-30": ""}, "Total Current Assets": {"2020-10-31": "6832.00000", "2020-07-31": "8027.00000", "2020-04-30": "8705.00000", "2020-01-31": "6691.00000", "2019-10-31": "4641.00000", "2019-07-31": "5629.00000", "2019-04-30": "5288.00000", "2019-01-31": "6669.00000", "2018-10-31": "15418.00000", "2018-07-31": "15248.00000", "2018-04-30": "14101.00000", "2018-01-31": "13836.00000", "2017-10-31": "12926.00000", "2017-07-31": "10471.00000", "2017-04-30": "9778.00000", "2017-01-31": "9851.00000", "2016-12-31": "10335.00000", "2016-09-30": "9555.00000", "2016-06-30": "10143.00000", "2016-03-31": "9494.00000", "2015-12-31": "9360.00000", "2015-09-30": "8662.00000", "2015-06-30": "8712.00000", "2015-03-31": "8705.00000", "2014-12-31": "8882.00000", "2014-09-30": "8532.00000", "2014-06-30": "8161.00000", "2014-03-31": "7797.00000", "2013-12-31": "7681.00000", "2013-09-30": "6925.00000", "2013-06-30": "6583.90000", "2013-03-31": "6057.78300", "2012-12-31": "6120.00000", "2012-09-30": "5435.40300", "2012-06-30": "6436.45300", "2012-03-31": "6134.64600", "2011-12-31": "5677.77200", "2011-09-30": "4812.85600", "2011-06-30": "4625.64800", "2011-03-31": "4567.63200", "2010-12-31": "4297.65500", "2010-09-30": "3566.16200", "2010-06-30": "3423.07100", "2010-03-31": "3280.62500", "2009-12-31": "3182.48000", "2009-09-30": "2562.13300", "2009-06-30": "2672.63500", "2009-03-31": "2500.62000", "2008-12-31": "2390.08800", "2008-09-30": "2154.66700", "2008-06-30": "2027.83900", "2008-03-31": "1704.74800", "2007-12-31": "1603.33400", "2007-09-30": "1451.24200", "2007-06-30": "644.53900", "2007-03-31": "", "2006-12-31": "422.43100", "2006-09-30": "", "2006-06-30": ""}, "Property, Plant, And Equipment": {"2020-10-31": "1311.00000", "2020-07-31": "1302.00000", "2020-04-30": "1292.00000", "2020-01-31": "1280.00000", "2019-10-31": "1238.00000", "2019-07-31": "1225.00000", "2019-04-30": "1139.00000", "2019-01-31": "1162.00000", "2018-10-31": "1128.00000", "2018-07-31": "1105.00000", "2018-04-30": "1098.00000", "2018-01-31": "1074.00000", "2017-10-31": "1031.00000", "2017-07-31": "1005.00000", "2017-04-30": "993.00000", "2017-01-31": "1042.00000", "2016-12-31": "1049.00000", "2016-09-30": "1050.00000", "2016-06-30": "1073.00000", "2016-03-31": "1108.00000", "2015-12-31": "1128.00000", "2015-09-30": "1124.00000", "2015-06-30": "1112.00000", "2015-03-31": "1059.00000", "2014-12-31": "1035.00000", "2014-09-30": "969.00000", "2014-06-30": "936.00000", "2014-03-31": "886.00000", "2013-12-31": "845.00000", "2013-09-30": "793.00000", "2013-06-30": "742.80000", "2013-03-31": "693.99300", "2012-12-31": "665.00000", "2012-09-30": "579.99800", "2012-06-30": "553.12400", "2012-03-31": "523.68700", "2011-12-31": "525.49000", "2011-09-30": "516.66100", "2011-06-30": "485.95000", "2011-03-31": "421.50000", "2010-12-31": "419.06500", "2010-09-30": "418.63900", "2010-06-30": "413.48300", "2010-03-31": "405.69500", "2009-12-31": "402.35600", "2009-09-30": "407.73900", "2009-06-30": "415.27100", "2009-03-31": "415.97800", "2008-12-31": "418.21200", "2008-09-30": "370.61300", "2008-06-30": "349.85100", "2008-03-31": "325.90600", "2007-12-31": "276.98300", "2007-09-30": "245.88200", "2007-06-30": "82.23700", "2007-03-31": "", "2006-12-31": "48.67500", "2006-09-30": "", "2006-06-30": ""}, "Long-Term Investments": {"2020-10-31": "", "2020-07-31": "", "2020-04-30": "", "2020-01-31": "", "2019-10-31": "", "2019-07-31": "", "2019-04-30": "", "2019-01-31": "", "2018-10-31": "", "2018-07-31": "", "2018-04-30": "", "2018-01-31": "", "2017-10-31": "", "2017-07-31": "", "2017-04-30": "", "2017-01-31": "", "2016-12-31": "", "2016-09-30": "", "2016-06-30": "", "2016-03-31": "", "2015-12-31": "", "2015-09-30": "", "2015-06-30": "", "2015-03-31": "", "2014-12-31": "", "2014-09-30": "", "2014-06-30": "", "2014-03-31": "", "2013-12-31": "", "2013-09-30": "", "2013-06-30": "", "2013-03-31": "", "2012-12-31": "", "2012-09-30": "", "2012-06-30": "", "2012-03-31": "", "2011-12-31": "", "2011-09-30": "", "2011-06-30": "", "2011-03-31": "", "2010-12-31": "", "2010-09-30": "", "2010-06-30": "", "2010-03-31": "", "2009-12-31": "", "2009-09-30": "", "2009-06-30": "", "2009-03-31": "", "2008-12-31": "", "2008-09-30": "", "2008-06-30": "", "2008-03-31": "", "2007-12-31": "", "2007-09-30": "", "2007-06-30": "", "2007-03-31": "", "2006-12-31": "", "2006-09-30": "", "2006-06-30": ""}, "Goodwill And Intangible Assets": {"2020-10-31": "10618.00000", "2020-07-31": "10656.00000", "2020-04-30": "10459.00000", "2020-01-31": "10501.00000", "2019-10-31": "8200.00000", "2019-07-31": "6100.00000", "2019-04-30": "5806.00000", "2019-01-31": "8384.00000", "2018-10-31": "5547.00000", "2018-07-31": "5092.00000", "2018-04-30": "5131.00000", "2018-01-31": "5145.00000", "2017-10-31": "4714.00000", "2017-07-31": "4746.00000", "2017-04-30": "4506.00000", "2017-01-31": "4539.00000", "2016-12-31": "4549.00000", "2016-09-30": "4570.00000", "2016-06-30": "4608.00000", "2016-03-31": "4575.00000", "2015-12-31": "4609.00000", "2015-09-30": "4626.00000", "2015-06-30": "4663.00000", "2015-03-31": "4700.00000", "2014-12-31": "4712.00000", "2014-09-30": "4707.00000", "2014-06-30": "4697.00000", "2014-03-31": "4737.00000", "2013-12-31": "3634.00000", "2013-09-30": "3560.00000", "2013-06-30": "3593.70000", "2013-03-31": "3704.44300", "2012-12-31": "3580.00000", "2012-09-30": "3658.92300", "2012-06-30": "2229.49300", "2012-03-31": "2147.26900", "2011-12-31": "2166.45500", "2011-09-30": "2186.85300", "2011-06-30": "2144.16600", "2011-03-31": "1790.45000", "2010-12-31": "1779.52800", "2010-09-30": "1798.20400", "2010-06-30": "1688.19500", "2010-03-31": "1317.01300", "2009-12-31": "1210.32600", "2009-09-30": "1212.02800", "2009-06-30": "818.81500", "2009-03-31": "824.76300", "2008-12-31": "828.07200", "2008-09-30": "778.78900", "2008-06-30": "718.12100", "2008-03-31": "719.36400", "2007-12-31": "671.43900", "2007-09-30": "666.84100", "2007-06-30": "615.56100", "2007-03-31": "", "2006-12-31": "603.99700", "2006-09-30": "", "2006-06-30": ""}, "Other Long-Term Assets": {"2020-10-31": "2698.00000", "2020-07-31": "2381.00000", "2020-04-30": "2328.00000", "2020-01-31": "2266.00000", "2019-10-31": "2663.00000", "2019-07-31": "2290.00000", "2019-04-30": "2671.00000", "2019-01-31": "1088.00000", "2018-10-31": "1810.00000", "2018-07-31": "1944.00000", "2018-04-30": "1710.00000", "2018-01-31": "924.00000", "2017-10-31": "282.00000", "2017-07-31": "262.00000", "2017-04-30": "240.00000", "2017-01-31": "249.00000", "2016-12-31": "248.00000", "2016-09-30": "232.00000", "2016-06-30": "218.00000", "2016-03-31": "195.00000", "2015-12-31": "193.00000", "2015-09-30": "175.00000", "2015-06-30": "171.00000", "2015-03-31": "168.00000", "2014-12-31": "174.00000", "2014-09-30": "155.00000", "2014-06-30": "230.00000", "2014-03-31": "190.00000", "2013-12-31": "107.00000", "2013-09-30": "113.00000", "2013-06-30": "107.30000", "2013-03-31": "117.16500", "2012-12-31": "128.00000", "2012-09-30": "", "2012-06-30": "", "2012-03-31": "", "2011-12-31": "154.23600", "2011-09-30": "", "2011-06-30": "", "2011-03-31": "", "2010-12-31": "", "2010-09-30": "", "2010-06-30": "", "2010-03-31": "", "2009-12-31": "", "2009-09-30": "", "2009-06-30": "178.33000", "2009-03-31": "160.03000", "2008-12-31": "", "2008-09-30": "97.66500", "2008-06-30": "62.90900", "2008-03-31": "62.53300", "2007-12-31": "71.69500", "2007-09-30": "64.78600", "2007-06-30": "48.10900", "2007-03-31": "", "2006-12-31": "49.91200", "2006-09-30": "", "2006-06-30": ""}, "Total Long-Term Assets": {"2020-10-31": "20492.00000", "2020-07-31": "20148.00000", "2020-04-30": "19737.00000", "2020-01-31": "19603.00000", "2019-10-31": "17361.00000", "2019-07-31": "14743.00000", "2019-04-30": "9685.00000", "2019-01-31": "10924.00000", "2018-10-31": "8544.00000", "2018-07-31": "8161.00000", "2018-04-30": "7987.00000", "2018-01-31": "7370.00000", "2017-10-31": "6668.00000", "2017-07-31": "6704.00000", "2017-04-30": "6463.00000", "2017-01-31": "6546.00000", "2016-12-31": "6308.00000", "2016-09-30": "6314.00000", "2016-06-30": "6341.00000", "2016-03-31": "6342.00000", "2015-12-31": "6386.00000", "2015-09-30": "6129.00000", "2015-06-30": "6141.00000", "2015-03-31": "6102.00000", "2014-12-31": "6334.00000", "2014-09-30": "5987.00000", "2014-06-30": "5998.00000", "2014-03-31": "5902.00000", "2013-12-31": "4646.00000", "2013-09-30": "4529.00000", "2013-06-30": "4562.60000", "2013-03-31": "4623.44700", "2012-12-31": "4476.00000", "2012-09-30": "4444.71000", "2012-06-30": "3064.33900", "2012-03-31": "2990.88400", "2011-12-31": "3003.03600", "2011-09-30": "3007.56500", "2011-06-30": "2916.90900", "2011-03-31": "2481.43100", "2010-12-31": "2499.66400", "2010-09-30": "2499.69100", "2010-06-30": "2374.09000", "2010-03-31": "1998.50600", "2009-12-31": "1884.50400", "2009-09-30": "1880.64700", "2009-06-30": "1488.94600", "2009-03-31": "1473.07600", "2008-12-31": "1449.11700", "2008-09-30": "1304.04700", "2008-06-30": "1179.14200", "2008-03-31": "1196.71000", "2007-12-31": "1092.36600", "2007-09-30": "1030.49600", "2007-06-30": "777.89700", "2007-03-31": "", "2006-12-31": "723.51900", "2006-09-30": "", "2006-06-30": ""}, "Total Assets": {"2020-10-31": "27324.00000", "2020-07-31": "28175.00000", "2020-04-30": "28442.00000", "2020-01-31": "26294.00000", "2019-10-31": "22002.00000", "2019-07-31": "20372.00000", "2019-04-30": "14973.00000", "2019-01-31": "17593.00000", "2018-10-31": "23962.00000", "2018-07-31": "23409.00000", "2018-04-30": "22088.00000", "2018-01-31": "21206.00000", "2017-10-31": "19594.00000", "2017-07-31": "17175.00000", "2017-04-30": "16241.00000", "2017-01-31": "16397.00000", "2016-12-31": "16643.00000", "2016-09-30": "15869.00000", "2016-06-30": "16484.00000", "2016-03-31": "15836.00000", "2015-12-31": "15746.00000", "2015-09-30": "14791.00000", "2015-06-30": "14853.00000", "2015-03-31": "14807.00000", "2014-12-31": "15216.00000", "2014-09-30": "14519.00000", "2014-06-30": "14159.00000", "2014-03-31": "13699.00000", "2013-12-31": "12327.00000", "2013-09-30": "11454.00000", "2013-06-30": "11146.50000", "2013-03-31": "10681.23000", "2012-12-31": "10596.00000", "2012-09-30": "9880.11300", "2012-06-30": "9500.79200", "2012-03-31": "9125.53000", "2011-12-31": "8680.80800", "2011-09-30": "7820.42100", "2011-06-30": "7542.55700", "2011-03-31": "7049.06300", "2010-12-31": "6797.31900", "2010-09-30": "6065.85300", "2010-06-30": "5797.16100", "2010-03-31": "5279.13100", "2009-12-31": "5066.98400", "2009-09-30": "4442.78000", "2009-06-30": "4161.58100", "2009-03-31": "3973.69600", "2008-12-31": "3839.20500", "2008-09-30": "3458.71400", "2008-06-30": "3206.98100", "2008-03-31": "2901.45800", "2007-12-31": "2695.70000", "2007-09-30": "2481.73800", "2007-06-30": "1422.43600", "2007-03-31": "0.00000", "2006-12-31": "1145.95000", "2006-09-30": "0.00000", "2006-06-30": "0.00000"}, "Total Current Liabilities": {"2020-10-31": "7627.00000", "2020-07-31": "9126.00000", "2020-04-30": "10047.00000", "2020-01-31": "10324.00000", "2019-10-31": "7948.00000", "2019-07-31": "5858.00000", "2019-04-30": "5445.00000", "2019-01-31": "6156.00000", "2018-10-31": "5070.00000", "2018-07-31": "5063.00000", "2018-04-30": "4637.00000", "2018-01-31": "4810.00000", "2017-10-31": "4525.00000", "2017-07-31": "5276.00000", "2017-04-30": "5010.00000", "2017-01-31": "4289.00000", "2016-12-31": "4554.00000", "2016-09-30": "4032.00000", "2016-06-30": "4126.00000", "2016-03-31": "3909.00000", "2015-12-31": "4129.00000", "2015-09-30": "3750.00000", "2015-06-30": "3955.00000", "2015-03-31": "3774.00000", "2014-12-31": "3996.00000", "2014-09-30": "3671.00000", "2014-06-30": "3641.00000", "2014-03-31": "3287.00000", "2013-12-31": "3293.00000", "2013-09-30": "2871.00000", "2013-06-30": "2978.90000", "2013-03-31": "2827.77400", "2012-12-31": "2930.00000", "2012-09-30": "2524.71300", "2012-06-30": "2517.97500", "2012-03-31": "2340.51400", "2011-12-31": "2401.50600", "2011-09-30": "2034.08700", "2011-06-30": "1961.35800", "2011-03-31": "1788.64100", "2010-12-31": "1789.15200", "2010-09-30": "1446.69600", "2010-06-30": "1444.08900", "2010-03-31": "1254.50900", "2009-12-31": "1294.04200", "2009-09-30": "947.37200", "2009-06-30": "900.68300", "2009-03-31": "872.52600", "2008-12-31": "879.75000", "2008-09-30": "759.00700", "2008-06-30": "721.94000", "2008-03-31": "707.93700", "2007-12-31": "670.01200", "2007-09-30": "625.19200", "2007-06-30": "621.50200", "2007-03-31": "", "2006-12-31": "477.74900", "2006-09-30": "", "2006-06-30": ""}, "Long Term Debt": {"2020-10-31": "4985.00000", "2020-07-31": "4984.00000", "2020-04-30": "4982.00000", "2020-01-31": "3001.00000", "2019-10-31": "3000.00000", "2019-07-31": "4246.00000", "2019-04-30": "4244.00000", "2019-01-31": "4242.00000", "2018-10-31": "4240.00000", "2018-07-31": "4238.00000", "2018-04-30": "4236.00000", "2018-01-31": "4234.00000", "2017-10-31": "4232.00000", "2017-07-31": "820.00000", "2017-04-30": "820.00000", "2017-01-31": "1500.00000", "2016-12-31": "1500.00000", "2016-09-30": "1500.00000", "2016-06-30": "1500.00000", "2016-03-31": "1500.00000", "2015-12-31": "1500.00000", "2015-09-30": "1500.00000", "2015-06-30": "1500.00000", "2015-03-31": "1500.00000", "2014-12-31": "1500.00000", "2014-09-30": "1500.00000", "2014-06-30": "1500.00000", "2014-03-31": "1500.00000", "2013-12-31": "450.00000", "2013-09-30": "450.00000", "2013-06-30": "450.00000", "2013-03-31": "450.00000", "2012-12-31": "450.00000", "2012-09-30": "450.00000", "2012-06-30": "450.00000", "2012-03-31": "450.00000", "2011-12-31": "450.00000", "2011-09-30": "450.00000", "2011-06-30": "450.00000", "2011-03-31": "450.00000", "2010-12-31": "450.00000", "2010-09-30": "450.00000", "2010-06-30": "450.00000", "2010-03-31": "450.00000", "2009-12-31": "450.00000", "2009-09-30": "450.00000", "2009-06-30": "450.00000", "2009-03-31": "450.00000", "2008-12-31": "450.00000", "2008-09-30": "450.00000", "2008-06-30": "450.00000", "2008-03-31": "450.00000", "2007-12-31": "450.00000", "2007-09-30": "450.00000", "2007-06-30": "800.00000", "2007-03-31": "", "2006-12-31": "800.00000", "2006-09-30": "", "2006-06-30": ""}, "Other Non-Current Liabilities": {"2020-10-31": "512.00000", "2020-07-31": "424.00000", "2020-04-30": "346.00000", "2020-01-31": "347.00000", "2019-10-31": "290.00000", "2019-07-31": "278.00000", "2019-04-30": "727.00000", "2019-01-31": "1204.00000", "2018-10-31": "246.00000", "2018-07-31": "249.00000", "2018-04-30": "212.00000", "2018-01-31": "1137.00000", "2017-10-31": "416.00000", "2017-07-31": "440.00000", "2017-04-30": "425.00000", "2017-01-31": "401.00000", "2016-12-31": "399.00000", "2016-09-30": "388.00000", "2016-06-30": "376.00000", "2016-03-31": "361.00000", "2015-12-31": "363.00000", "2015-09-30": "310.00000", "2015-06-30": "296.00000", "2015-03-31": "275.00000", "2014-12-31": "283.00000", "2014-09-30": "262.00000", "2014-06-30": "253.00000", "2014-03-31": "242.00000", "2013-12-31": "234.00000", "2013-09-30": "195.00000", "2013-06-30": "195.10000", "2013-03-31": "191.48200", "2012-12-31": "211.00000", "2012-09-30": "223.54300", "2012-06-30": "120.41500", "2012-03-31": "119.93300", "2011-12-31": "114.71100", "2011-09-30": "111.54600", "2011-06-30": "105.45500", "2011-03-31": "135.60700", "2010-12-31": "160.05600", "2010-09-30": "114.28100", "2010-06-30": "111.88200", "2010-03-31": "109.55500", "2009-12-31": "103.34600", "2009-09-30": "89.08800", "2009-06-30": "77.82700", "2009-03-31": "73.53600", "2008-12-31": "65.92900", "2008-09-30": "28.41900", "2008-06-30": "25.47100", "2008-03-31": "21.57500", "2007-12-31": "18.26500", "2007-09-30": "9.89700", "2007-06-30": "6.09400", "2007-03-31": "", "2006-12-31": "4.52200", "2006-09-30": "", "2006-06-30": ""}, "Total Long Term Liabilities": {"2020-10-31": "11221.00000", "2020-07-31": "11142.00000", "2020-04-30": "10967.00000", "2020-01-31": "8961.00000", "2019-10-31": "8240.00000", "2019-07-31": "9315.00000", "2019-04-30": "8967.00000", "2019-01-31": "8546.00000", "2018-10-31": "7981.00000", "2018-07-31": "7954.00000", "2018-04-30": "7791.00000", "2018-01-31": "7772.00000", "2017-10-31": "6795.00000", "2017-07-31": "3300.00000", "2017-04-30": "3163.00000", "2017-01-31": "3892.00000", "2016-12-31": "3992.00000", "2016-09-30": "3703.00000", "2016-06-30": "3722.00000", "2016-03-31": "3656.00000", "2015-12-31": "3694.00000", "2015-09-30": "3507.00000", "2015-06-30": "3587.00000", "2015-03-31": "3549.00000", "2014-12-31": "3634.00000", "2014-09-30": "3412.00000", "2014-06-30": "3429.00000", "2014-03-31": "3342.00000", "2013-12-31": "2218.00000", "2013-09-30": "2056.00000", "2013-06-30": "2011.30000", "2013-03-31": "1940.53100", "2012-12-31": "1926.00000", "2012-09-30": "1790.60100", "2012-06-30": "1662.12400", "2012-03-31": "1589.37600", "2011-12-31": "1509.02000", "2011-09-30": "1332.43700", "2011-06-30": "1280.76400", "2011-03-31": "1267.94300", "2010-12-31": "1199.72400", "2010-09-30": "1084.51500", "2010-06-30": "1047.43400", "2010-03-31": "1045.57200", "2009-12-31": "1029.99100", "2009-09-30": "946.20700", "2009-06-30": "913.72300", "2009-03-31": "912.70800", "2008-12-31": "889.38810", "2008-09-30": "818.44200", "2008-06-30": "772.04600", "2008-03-31": "740.72500", "2007-12-31": "685.07100", "2007-09-30": "624.30600", "2007-06-30": "938.56100", "2007-03-31": "", "2006-12-31": "899.01290", "2006-09-30": "", "2006-06-30": ""}, "Total Liabilities": {"2020-10-31": "18848.00000", "2020-07-31": "20268.00000", "2020-04-30": "21014.00000", "2020-01-31": "19285.00000", "2019-10-31": "16188.00000", "2019-07-31": "15173.00000", "2019-04-30": "14412.00000", "2019-01-31": "14702.00000", "2018-10-31": "13051.00000", "2018-07-31": "13017.00000", "2018-04-30": "12428.00000", "2018-01-31": "12582.00000", "2017-10-31": "11320.00000", "2017-07-31": "8576.00000", "2017-04-30": "8173.00000", "2017-01-31": "8181.00000", "2016-12-31": "8546.00000", "2016-09-30": "7735.00000", "2016-06-30": "7848.00000", "2016-03-31": "7565.00000", "2015-12-31": "7823.00000", "2015-09-30": "7257.00000", "2015-06-30": "7542.00000", "2015-03-31": "7323.00000", "2014-12-31": "7630.00000", "2014-09-30": "7083.00000", "2014-06-30": "7070.00000", "2014-03-31": "6629.00000", "2013-12-31": "5511.00000", "2013-09-30": "4927.00000", "2013-06-30": "4990.20000", "2013-03-31": "4768.30500", "2012-12-31": "4856.00000", "2012-09-30": "4315.31400", "2012-06-30": "4180.09900", "2012-03-31": "3929.89000", "2011-12-31": "3910.52600", "2011-09-30": "3366.52400", "2011-06-30": "3242.12200", "2011-03-31": "3056.58400", "2010-12-31": "2988.87600", "2010-09-30": "2531.21100", "2010-06-30": "2491.52300", "2010-03-31": "2300.08100", "2009-12-31": "2324.03300", "2009-09-30": "1893.57900", "2009-06-30": "1814.40600", "2009-03-31": "1785.23400", "2008-12-31": "1769.13800", "2008-09-30": "1577.44900", "2008-06-30": "1493.98600", "2008-03-31": "1448.66200", "2007-12-31": "1355.08300", "2007-09-30": "1249.49800", "2007-06-30": "1560.06300", "2007-03-31": "", "2006-12-31": "1376.76200", "2006-09-30": "", "2006-06-30": ""}, "Common Stock Net": {"2020-10-31": "4.00000", "2020-07-31": "4.00000", "2020-04-30": "4.00000", "2020-01-31": "4.00000", "2019-10-31": "4.00000", "2019-07-31": "4.00000", "2019-04-30": "4.00000", "2019-01-31": "4.00000", "2018-10-31": "4.00000", "2018-07-31": "4.00000", "2018-04-30": "4.00000", "2018-01-31": "4.00000", "2017-10-31": "4.00000", "2017-07-31": "4.00000", "2017-04-30": "4.00000", "2017-01-31": "4.00000", "2016-12-31": "4.00000", "2016-09-30": "4.00000", "2016-06-30": "4.00000", "2016-03-31": "4.00000", "2015-12-31": "4.00000", "2015-09-30": "4.00000", "2015-06-30": "4.00000", "2015-03-31": "4.00000", "2014-12-31": "4.00000", "2014-09-30": "4.00000", "2014-06-30": "4.00000", "2014-03-31": "4.00000", "2013-12-31": "4.00000", "2013-09-30": "4.00000", "2013-06-30": "4.30000", "2013-03-31": "4.28400", "2012-12-31": "4.00000", "2012-09-30": "4.28300", "2012-06-30": "4.27300", "2012-03-31": "4.26900", "2011-12-31": "4.23600", "2011-09-30": "4.22100", "2011-06-30": "4.21600", "2011-03-31": "4.18100", "2010-12-31": "4.16700", "2010-09-30": "4.14200", "2010-06-30": "4.10300", "2010-03-31": "4.07300", "2009-12-31": "4.02800", "2009-09-30": "3.99800", "2009-06-30": "3.95000", "2009-03-31": "3.91100", "2008-12-31": "3.90400", "2008-09-30": "3.89500", "2008-06-30": "3.88000", "2008-03-31": "3.83700", "2007-12-31": "3.82900", "2007-09-30": "3.82900", "2007-06-30": "3.32500", "2007-03-31": "", "2006-12-31": "3.32500", "2006-09-30": "", "2006-06-30": ""}, "Retained Earnings (Accumulated Deficit)": {"2020-10-31": "6276.00000", "2020-07-31": "5842.00000", "2020-04-30": "5395.00000", "2020-01-31": "5009.00000", "2019-10-31": "5761.00000", "2019-07-31": "5188.00000", "2019-04-30": "521.00000", "2019-01-31": "-1096.00000", "2018-10-31": "9690.00000", "2018-07-31": "9362.00000", "2018-04-30": "8718.00000", "2018-01-31": "7791.00000", "2017-10-31": "7382.00000", "2017-07-31": "6939.00000", "2017-04-30": "6605.00000", "2017-01-31": "6373.00000", "2016-12-31": "6381.00000", "2016-09-30": "5940.00000", "2016-06-30": "5621.00000", "2016-03-31": "5356.00000", "2015-12-31": "5195.00000", "2015-09-30": "4821.00000", "2015-06-30": "4566.00000", "2015-03-31": "4394.00000", "2014-12-31": "4198.00000", "2014-09-30": "3872.00000", "2014-06-30": "3678.00000", "2014-03-31": "3511.00000", "2013-12-31": "3312.00000", "2013-09-30": "2977.00000", "2013-06-30": "2716.00000", "2013-03-31": "2471.87700", "2012-12-31": "2298.00000", "2012-09-30": "2092.53900", "2012-06-30": "1935.77100", "2012-03-31": "1744.04200", "2011-12-31": "1552.60600", "2011-09-30": "1352.17800", "2011-06-30": "1174.64000", "2011-03-31": "954.48200", "2010-12-31": "828.67000", "2010-09-30": "274.34200", "2010-06-30": "348.06900", "2010-03-31": "431.45400", "2009-12-31": "471.23100", "2009-09-30": "345.03300", "2009-06-30": "313.87400", "2009-03-31": "292.78800", "2008-12-31": "229.65000", "2008-09-30": "120.73200", "2008-06-30": "40.26800", "2008-03-31": "6.80500", "2007-12-31": "-16.00000", "2007-09-30": "-94.15500", "2007-06-30": "-158.83300", "2007-03-31": "", "2006-12-31": "-234.13700", "2006-09-30": "", "2006-06-30": ""}, "Comprehensive Income": {"2020-10-31": "-5.00000", "2020-07-31": "-9.00000", "2020-04-30": "-18.00000", "2020-01-31": "-4.00000", "2019-10-31": "3.00000", "2019-07-31": "7.00000", "2019-04-30": "6.00000", "2019-01-31": "-2.00000", "2018-10-31": "-51.00000", "2018-07-31": "-50.00000", "2018-04-30": "-54.00000", "2018-01-31": "-15.00000", "2017-10-31": "9.00000", "2017-07-31": "16.00000", "2017-04-30": "11.00000", "2017-01-31": "-4.00000", "2016-12-31": "-9.00000", "2016-09-30": "16.00000", "2016-06-30": "20.00000", "2016-03-31": "12.00000", "2015-12-31": "-8.00000", "2015-09-30": "-3.00000", "2015-06-30": "-3.00000", "2015-03-31": "", "2014-12-31": "-1.00000", "2014-09-30": "1.00000", "2014-06-30": "8.00000", "2014-03-31": "5.00000", "2013-12-31": "4.00000", "2013-09-30": "1.00000", "2013-06-30": "-4.70000", "2013-03-31": "5.50100", "2012-12-31": "6.00000", "2012-09-30": "8.17600", "2012-06-30": "3.18300", "2012-03-31": "4.33500", "2011-12-31": "1.17600", "2011-09-30": "0.76000", "2011-06-30": "2.24800", "2011-03-31": "33.96100", "2010-12-31": "19.63500", "2010-09-30": "13.86200", "2010-06-30": "7.00400", "2010-03-31": "4.98500", "2009-12-31": "4.56300", "2009-09-30": "3.02600", "2009-06-30": "1.93400", "2009-03-31": "", "2008-12-31": "", "2008-09-30": "", "2008-06-30": "", "2008-03-31": "", "2007-12-31": "", "2007-09-30": "", "2007-06-30": "", "2007-03-31": "", "2006-12-31": "", "2006-09-30": "", "2006-06-30": ""}, "Other Share Holders Equity": {"2020-10-31": "", "2020-07-31": "", "2020-04-30": "", "2020-01-31": "", "2019-10-31": "", "2019-07-31": "", "2019-04-30": "", "2019-01-31": "", "2018-10-31": "", "2018-07-31": "", "2018-04-30": "", "2018-01-31": "", "2017-10-31": "", "2017-07-31": "", "2017-04-30": "", "2017-01-31": "", "2016-12-31": "", "2016-09-30": "", "2016-06-30": "", "2016-03-31": "", "2015-12-31": "", "2015-09-30": "", "2015-06-30": "", "2015-03-31": "", "2014-12-31": "", "2014-09-30": "", "2014-06-30": "", "2014-03-31": "", "2013-12-31": "", "2013-09-30": "", "2013-06-30": "", "2013-03-31": "", "2012-12-31": "", "2012-09-30": "", "2012-06-30": "", "2012-03-31": "", "2011-12-31": "", "2011-09-30": "", "2011-06-30": "", "2011-03-31": "", "2010-12-31": "", "2010-09-30": "", "2010-06-30": "", "2010-03-31": "", "2009-12-31": "", "2009-09-30": "", "2009-06-30": "", "2009-03-31": "", "2008-12-31": "", "2008-09-30": "", "2008-06-30": "", "2008-03-31": "", "2007-12-31": "", "2007-09-30": "", "2007-06-30": "", "2007-03-31": "", "2006-12-31": "", "2006-09-30": "", "2006-06-30": ""}, "Share Holder Equity": {"2020-10-31": "8476.00000", "2020-07-31": "7907.00000", "2020-04-30": "7428.00000", "2020-01-31": "7009.00000", "2019-10-31": "5814.00000", "2019-07-31": "5199.00000", "2019-04-30": "561.00000", "2019-01-31": "2891.00000", "2018-10-31": "10911.00000", "2018-07-31": "10392.00000", "2018-04-30": "9660.00000", "2018-01-31": "8624.00000", "2017-10-31": "8274.00000", "2017-07-31": "8599.00000", "2017-04-30": "8068.00000", "2017-01-31": "8216.00000", "2016-12-31": "8097.00000", "2016-09-30": "8134.00000", "2016-06-30": "8636.00000", "2016-03-31": "8271.00000", "2015-12-31": "7923.00000", "2015-09-30": "7534.00000", "2015-06-30": "7311.00000", "2015-03-31": "7484.00000", "2014-12-31": "7586.00000", "2014-09-30": "7436.00000", "2014-06-30": "7089.00000", "2014-03-31": "7070.00000", "2013-12-31": "6816.00000", "2013-09-30": "6527.00000", "2013-06-30": "6156.30000", "2013-03-31": "5912.92500", "2012-12-31": "5740.00000", "2012-09-30": "5564.79900", "2012-06-30": "5320.69300", "2012-03-31": "5195.64000", "2011-12-31": "4770.28200", "2011-09-30": "4453.89700", "2011-06-30": "4300.43500", "2011-03-31": "3992.47900", "2010-12-31": "3808.44300", "2010-09-30": "3534.64200", "2010-06-30": "3305.63800", "2010-03-31": "2979.05000", "2009-12-31": "2742.95100", "2009-09-30": "2549.20100", "2009-06-30": "2347.17500", "2009-03-31": "2188.46200", "2008-12-31": "2070.06700", "2008-09-30": "1881.26500", "2008-06-30": "1712.99500", "2008-03-31": "1452.79600", "2007-12-31": "1340.61700", "2007-09-30": "1232.24000", "2007-06-30": "-137.62700", "2007-03-31": "", "2006-12-31": "-230.81200", "2006-09-30": "", "2006-06-30": ""}, "Total Liabilities And Share Holders Equity": {"2020-10-31": "27324.00000", "2020-07-31": "28175.00000", "2020-04-30": "28442.00000", "2020-01-31": "26294.00000", "2019-10-31": "22002.00000", "2019-07-31": "20372.00000", "2019-04-30": "14973.00000", "2019-01-31": "17593.00000", "2018-10-31": "23962.00000", "2018-07-31": "23409.00000", "2018-04-30": "22088.00000", "2018-01-31": "21206.00000", "2017-10-31": "19594.00000", "2017-07-31": "17175.00000", "2017-04-30": "16241.00000", "2017-01-31": "16397.00000", "2016-12-31": "16643.00000", "2016-09-30": "15869.00000", "2016-06-30": "16484.00000", "2016-03-31": "15836.00000", "2015-12-31": "15746.00000", "2015-09-30": "14791.00000", "2015-06-30": "14853.00000", "2015-03-31": "14807.00000", "2014-12-31": "15216.00000", "2014-09-30": "14519.00000", "2014-06-30": "14159.00000", "2014-03-31": "13699.00000", "2013-12-31": "12327.00000", "2013-09-30": "11454.00000", "2013-06-30": "11146.50000", "2013-03-31": "10681.23000", "2012-12-31": "10596.00000", "2012-09-30": "9880.11300", "2012-06-30": "9500.79200", "2012-03-31": "9125.53000", "2011-12-31": "8680.80800", "2011-09-30": "7820.42100", "2011-06-30": "7542.55700", "2011-03-31": "7049.06300", "2010-12-31": "6797.31900", "2010-09-30": "6065.85300", "2010-06-30": "5797.16100", "2010-03-31": "5279.13100", "2009-12-31": "5066.98400", "2009-09-30": "4442.78000", "2009-06-30": "4161.58100", "2009-03-31": "3973.69600", "2008-12-31": "3839.20500", "2008-09-30": "3458.71400", "2008-06-30": "3206.98100", "2008-03-31": "2901.45800", "2007-12-31": "2695.70000", "2007-09-30": "2481.73800", "2007-06-30": "1422.43600", "2007-03-31": "", "2006-12-31": "1145.95000", "2006-09-30": "", "2006-06-30": ""}}, "cash flow statement": {"Net Income/Loss": {"2020-01-31": "6356.00000", "2019-01-31": "1590.00000", "2018-01-31": "425.00000", "2017-01-31": "0.00000", "2016-12-31": "1223.00000", "2015-12-31": "997.00000", "2014-12-31": "886.00000", "2013-12-31": "1014.00000", "2012-12-31": "746.00000", "2011-12-31": "724.00000", "2010-12-31": "357.43900", "2009-12-31": "197.09800", "2008-12-31": "290.13300", "2007-12-31": "218.13700", "2007-01-31": "0.00000", "2006-12-31": "85.89000", "2006-01-31": "0.00000", "2005-12-31": "66.77500", "2005-01-31": "0.00000"}, "Total Depreciation And Amortization - Cash Flow": {"2020-01-31": "873.00000", "2019-01-31": "727.00000", "2018-01-31": "618.00000", "2017-01-31": "", "2016-12-31": "542.00000", "2015-12-31": "335.00000", "2014-12-31": "345.00000", "2013-12-31": "337.00000", "2012-12-31": "355.00000", "2011-12-31": "316.00000", "2010-12-31": "260.55100", "2009-12-31": "198.48600", "2008-12-31": "158.62800", "2007-12-31": "104.02700", "2007-01-31": "", "2006-12-31": "66.57300", "2006-01-31": "", "2005-12-31": "39.46100", "2005-01-31": ""}, "Other Non-Cash Items": {"2020-01-31": "-4293.00000", "2019-01-31": "724.00000", "2018-01-31": "1066.00000", "2017-01-31": "", "2016-12-31": "626.00000", "2015-12-31": "449.00000", "2014-12-31": "358.00000", "2013-12-31": "431.00000", "2012-12-31": "216.00000", "2011-12-31": "56.00000", "2010-12-31": "24.36900", "2009-12-31": "167.58200", "2008-12-31": "128.31100", "2007-12-31": "13.75300", "2007-01-31": "", "2006-12-31": "38.11400", "2006-01-31": "", "2005-12-31": "4.59000", "2005-01-31": ""}, "Total Non-Cash Items": {"2020-01-31": "-3420.00000", "2019-01-31": "1451.00000", "2018-01-31": "1684.00000", "2017-01-31": "", "2016-12-31": "1168.00000", "2015-12-31": "784.00000", "2014-12-31": "703.00000", "2013-12-31": "768.00000", "2012-12-31": "571.00000", "2011-12-31": "372.00000", "2010-12-31": "284.92000", "2009-12-31": "366.06800", "2008-12-31": "286.93900", "2007-12-31": "117.78000", "2007-01-31": "", "2006-12-31": "104.68700", "2006-01-31": "", "2005-12-31": "44.05100", "2005-01-31": ""}, "Change In Accounts Receivable": {"2020-01-31": "-119.00000", "2019-01-31": "-214.00000", "2018-01-31": "-76.00000", "2017-01-31": "", "2016-12-31": "-216.00000", "2015-12-31": "-114.00000", "2014-12-31": "-267.00000", "2013-12-31": "-71.00000", "2012-12-31": "-268.00000", "2011-12-31": "-263.00000", "2010-12-31": "-77.12100", "2009-12-31": "-193.61000", "2008-12-31": "-52.52700", "2007-12-31": "-88.96900", "2007-01-31": "", "2006-12-31": "-97.99200", "2006-01-31": "", "2005-12-31": "-51.96700", "2005-01-31": ""}, "Change In Inventories": {"2020-01-31": "", "2019-01-31": "", "2018-01-31": "", "2017-01-31": "", "2016-12-31": "", "2015-12-31": "", "2014-12-31": "", "2013-12-31": "", "2012-12-31": "", "2011-12-31": "", "2010-12-31": "", "2009-12-31": "", "2008-12-31": "", "2007-12-31": "", "2007-01-31": "", "2006-12-31": "", "2006-01-31": "", "2005-12-31": "", "2005-01-31": ""}, "Change In Accounts Payable": {"2020-01-31": "35.00000", "2019-01-31": "105.00000", "2018-01-31": "-22.00000", "2017-01-31": "", "2016-12-31": "-9.00000", "2015-12-31": "-35.00000", "2014-12-31": "69.00000", "2013-12-31": "30.00000", "2012-12-31": "24.00000", "2011-12-31": "-16.00000", "2010-12-31": "8.88100", "2009-12-31": "-17.88600", "2008-12-31": "3.01200", "2007-12-31": "15.57100", "2007-01-31": "", "2006-12-31": "31.76200", "2006-01-31": "", "2005-12-31": "7.75100", "2005-01-31": ""}, "Change In Assets/Liabilities": {"2020-01-31": "626.00000", "2019-01-31": "475.00000", "2018-01-31": "76.00000", "2017-01-31": "", "2016-12-31": "5.00000", "2015-12-31": "253.00000", "2014-12-31": "577.00000", "2013-12-31": "757.00000", "2012-12-31": "645.00000", "2011-12-31": "746.00000", "2010-12-31": "387.44300", "2009-12-31": "368.55500", "2008-12-31": "334.07100", "2007-12-31": "246.10900", "2007-01-31": "", "2006-12-31": "100.61800", "2006-01-31": "", "2005-12-31": "106.66600", "2005-01-31": ""}, "Total Change In Assets/Liabilities": {"2020-01-31": "936.00000", "2019-01-31": "616.00000", "2018-01-31": "992.00000", "2017-01-31": "", "2016-12-31": "-12.00000", "2015-12-31": "118.00000", "2014-12-31": "591.00000", "2013-12-31": "753.00000", "2012-12-31": "580.00000", "2011-12-31": "930.00000", "2010-12-31": "532.03000", "2009-12-31": "422.45000", "2008-12-31": "223.05900", "2007-12-31": "216.51900", "2007-01-31": "", "2006-12-31": "89.28600", "2006-01-31": "", "2005-12-31": "127.42100", "2005-01-31": ""}, "Cash Flow From Operating Activities": {"2020-01-31": "3872.00000", "2019-01-31": "3657.00000", "2018-01-31": "3101.00000", "2017-01-31": "", "2016-12-31": "2379.00000", "2015-12-31": "1899.00000", "2014-12-31": "2180.00000", "2013-12-31": "2535.00000", "2012-12-31": "1897.00000", "2011-12-31": "2026.00000", "2010-12-31": "1174.38900", "2009-12-31": "985.61600", "2008-12-31": "800.13100", "2007-12-31": "552.43600", "2007-01-31": "", "2006-12-31": "279.86300", "2006-01-31": "", "2005-12-31": "238.24700", "2005-01-31": ""}, "Net Change In Property, Plant, And Equipment": {"2020-01-31": "-279.00000", "2019-01-31": "-254.00000", "2018-01-31": "-276.00000", "2017-01-31": "", "2016-12-31": "-153.00000", "2015-12-31": "-333.00000", "2014-12-31": "-352.00000", "2013-12-31": "-345.00000", "2012-12-31": "-234.00000", "2011-12-31": "-304.00000", "2010-12-31": "-195.84400", "2009-12-31": "-171.98600", "2008-12-31": "-282.49600", "2007-12-31": "-184.13000", "2007-01-31": "", "2006-12-31": "-85.09700", "2006-01-31": "", "2005-12-31": "-42.21000", "2005-01-31": ""}, "Net Change In Intangible Assets": {"2020-01-31": "", "2019-01-31": "", "2018-01-31": "", "2017-01-31": "", "2016-12-31": "", "2015-12-31": "", "2014-12-31": "", "2013-12-31": "", "2012-12-31": "", "2011-12-31": "", "2010-12-31": "", "2009-12-31": "", "2008-12-31": "", "2007-12-31": "", "2007-01-31": "", "2006-12-31": "", "2006-01-31": "", "2005-12-31": "", "2005-01-31": ""}, "Net Acquisitions/Divestitures": {"2020-01-31": "-2419.00000", "2019-01-31": "-908.00000", "2018-01-31": "-710.00000", "2017-01-31": "", "2016-12-31": "-70.00000", "2015-12-31": "-34.00000", "2014-12-31": "-1168.00000", "2013-12-31": "-252.00000", "2012-12-31": "-1344.00000", "2011-12-31": "-304.00000", "2010-12-31": "-292.97000", "2009-12-31": "-356.27800", "2008-12-31": "-138.56900", "2007-12-31": "-215.09900", "2007-01-31": "", "2006-12-31": "-46.54100", "2006-01-31": "", "2005-12-31": "-2.16300", "2005-01-31": ""}, "Net Change In Short-term Investments": {"2020-01-31": "", "2019-01-31": "5612.00000", "2018-01-31": "-501.00000", "2017-01-31": "", "2016-12-31": "-191.00000", "2015-12-31": "-30.00000", "2014-12-31": "-1144.00000", "2013-12-31": "-865.00000", "2012-12-31": "-407.00000", "2011-12-31": "-878.00000", "2010-12-31": "-1585.60200", "2009-12-31": "", "2008-12-31": "", "2007-12-31": "", "2007-01-31": "", "2006-12-31": "", "2006-01-31": "", "2005-12-31": "", "2005-01-31": ""}, "Net Change In Long-Term Investments": {"2020-01-31": "-30.00000", "2019-01-31": "-8.00000", "2018-01-31": "-37.00000", "2017-01-31": "", "2016-12-31": "-49.00000", "2015-12-31": "-14.00000", "2014-12-31": "-41.00000", "2013-12-31": "-8.00000", "2012-12-31": "-51.00000", "2011-12-31": "79.00000", "2010-12-31": "2.64800", "2009-12-31": "", "2008-12-31": "-1.75000", "2007-12-31": "", "2007-01-31": "", "2006-12-31": "", "2006-01-31": "", "2005-12-31": "", "2005-01-31": ""}, "Net Change In Investments - Total": {"2020-01-31": "-30.00000", "2019-01-31": "5604.00000", "2018-01-31": "-538.00000", "2017-01-31": "", "2016-12-31": "-240.00000", "2015-12-31": "-44.00000", "2014-12-31": "-1185.00000", "2013-12-31": "-873.00000", "2012-12-31": "-458.00000", "2011-12-31": "-799.00000", "2010-12-31": "-1582.95400", "2009-12-31": "", "2008-12-31": "-1.75000", "2007-12-31": "", "2007-01-31": "", "2006-12-31": "", "2006-01-31": "", "2005-12-31": "", "2005-01-31": ""}, "Investing Activities - Other": {"2020-01-31": "", "2019-01-31": "", "2018-01-31": "", "2017-01-31": "", "2016-12-31": "", "2015-12-31": "75.00000", "2014-12-31": "-80.00000", "2013-12-31": "-2.00000", "2012-12-31": "1.00000", "2011-12-31": "-204.00000", "2010-12-31": "-190.17400", "2009-12-31": "-34.11600", "2008-12-31": "0.92800", "2007-12-31": "-4.46600", "2007-01-31": "", "2006-12-31": "-10.74400", "2006-01-31": "", "2005-12-31": "-1.28000", "2005-01-31": ""}, "Cash Flow From Investing Activities": {"2020-01-31": "-2728.00000", "2019-01-31": "4442.00000", "2018-01-31": "-1524.00000", "2017-01-31": "", "2016-12-31": "-463.00000", "2015-12-31": "-336.00000", "2014-12-31": "-2785.00000", "2013-12-31": "-1472.00000", "2012-12-31": "-2035.00000", "2011-12-31": "-1611.00000", "2010-12-31": "-2261.94200", "2009-12-31": "-562.38000", "2008-12-31": "-421.88700", "2007-12-31": "-403.69500", "2007-01-31": "", "2006-12-31": "-142.38200", "2006-01-31": "", "2005-12-31": "-45.65300", "2005-01-31": ""}, "Net Long-Term Debt": {"2020-01-31": "1492.00000", "2019-01-31": "-20.00000", "2018-01-31": "2755.00000", "2017-01-31": "", "2016-12-31": "", "2015-12-31": "", "2014-12-31": "1050.00000", "2013-12-31": "", "2012-12-31": "", "2011-12-31": "", "2010-12-31": "", "2009-12-31": "", "2008-12-31": "", "2007-12-31": "-350.00000", "2007-01-31": "", "2006-12-31": "", "2006-01-31": "", "2005-12-31": "", "2005-01-31": ""}, "Net Current Debt": {"2020-01-31": "", "2019-01-31": "", "2018-01-31": "", "2017-01-31": "", "2016-12-31": "", "2015-12-31": "", "2014-12-31": "", "2013-12-31": "", "2012-12-31": "", "2011-12-31": "", "2010-12-31": "", "2009-12-31": "", "2008-12-31": "", "2007-12-31": "", "2007-01-31": "", "2006-12-31": "", "2006-01-31": "", "2005-12-31": "", "2005-01-31": ""}, "Debt Issuance/Retirement Net - Total": {"2020-01-31": "1492.00000", "2019-01-31": "-20.00000", "2018-01-31": "2755.00000", "2017-01-31": "", "2016-12-31": "", "2015-12-31": "", "2014-12-31": "1050.00000", "2013-12-31": "", "2012-12-31": "", "2011-12-31": "", "2010-12-31": "", "2009-12-31": "", "2008-12-31": "", "2007-12-31": "-350.00000", "2007-01-31": "", "2006-12-31": "", "2006-01-31": "", "2005-12-31": "", "2005-01-31": ""}, "Net Common Equity Issued/Repurchased": {"2020-01-31": "-1560.00000", "2019-01-31": "404.00000", "2018-01-31": "-1669.00000", "2017-01-31": "", "2016-12-31": "-1630.00000", "2015-12-31": "-1173.00000", "2014-12-31": "-698.00000", "2013-12-31": "-437.00000", "2012-12-31": "-347.00000", "2011-12-31": "-312.00000", "2010-12-31": "6.60000", "2009-12-31": "196.19900", "2008-12-31": "145.62400", "2007-12-31": "1256.29300", "2007-01-31": "", "2006-12-31": "", "2006-01-31": "", "2005-12-31": "", "2005-01-31": ""}, "Net Total Equity Issued/Repurchased": {"2020-01-31": "-1560.00000", "2019-01-31": "404.00000", "2018-01-31": "-1669.00000", "2017-01-31": "", "2016-12-31": "-1630.00000", "2015-12-31": "-1173.00000", "2014-12-31": "-698.00000", "2013-12-31": "-437.00000", "2012-12-31": "-347.00000", "2011-12-31": "-312.00000", "2010-12-31": "6.60000", "2009-12-31": "196.19900", "2008-12-31": "145.62400", "2007-12-31": "1256.29300", "2007-01-31": "", "2006-12-31": "", "2006-01-31": "", "2005-12-31": "", "2005-01-31": ""}, "Total Common And Preferred Stock Dividends Paid": {"2020-01-31": "", "2019-01-31": "-11000.00000", "2018-01-31": "", "2017-01-31": "", "2016-12-31": "", "2015-12-31": "", "2014-12-31": "", "2013-12-31": "", "2012-12-31": "", "2011-12-31": "", "2010-12-31": "", "2009-12-31": "", "2008-12-31": "", "2007-12-31": "", "2007-01-31": "", "2006-12-31": "", "2006-01-31": "", "2005-12-31": "-190.00000", "2005-01-31": ""}, "Financial Activities - Other": {"2020-01-31": "-1639.00000", "2019-01-31": "36.00000", "2018-01-31": "43.00000", "2017-01-31": "", "2016-12-31": "11.00000", "2015-12-31": "32.00000", "2014-12-31": "19.00000", "2013-12-31": "70.00000", "2012-12-31": "138.00000", "2011-12-31": "224.00000", "2010-12-31": "223.45700", "2009-12-31": "26.21400", "2008-12-31": "85.77600", "2007-12-31": "", "2007-01-31": "", "2006-12-31": "", "2006-01-31": "", "2005-12-31": "", "2005-01-31": ""}, "Cash Flow From Financial Activities": {"2020-01-31": "-1707.00000", "2019-01-31": "-10580.00000", "2018-01-31": "1129.00000", "2017-01-31": "", "2016-12-31": "-1619.00000", "2015-12-31": "-1141.00000", "2014-12-31": "371.00000", "2013-12-31": "-367.00000", "2012-12-31": "-209.00000", "2011-12-31": "-88.00000", "2010-12-31": "230.05700", "2009-12-31": "222.41300", "2008-12-31": "231.40000", "2007-12-31": "906.29300", "2007-01-31": "", "2006-12-31": "", "2006-01-31": "", "2005-12-31": "-190.00000", "2005-01-31": ""}, "Net Cash Flow": {"2020-01-31": "-565.00000", "2019-01-31": "-2480.00000", "2018-01-31": "2703.00000", "2017-01-31": "", "2016-12-31": "297.00000", "2015-12-31": "422.00000", "2014-12-31": "-234.00000", "2013-12-31": "696.00000", "2012-12-31": "-347.00000", "2011-12-31": "327.00000", "2010-12-31": "-857.49600", "2009-12-31": "645.64900", "2008-12-31": "609.64400", "2007-12-31": "1055.03400", "2007-01-31": "", "2006-12-31": "137.48100", "2006-01-31": "", "2005-12-31": "2.59400", "2005-01-31": ""}, "Stock-Based Compensation": {"2020-01-31": "1017.00000", "2019-01-31": "800.00000", "2018-01-31": "712.00000", "2017-01-31": "", "2016-12-31": "636.00000", "2015-12-31": "504.00000", "2014-12-31": "529.00000", "2013-12-31": "454.00000", "2012-12-31": "426.00000", "2011-12-31": "335.00000", "2010-12-31": "291.69100", "2009-12-31": "231.45600", "2008-12-31": "166.51600", "2007-12-31": "92.40600", "2007-01-31": "", "2006-12-31": "51.22600", "2006-01-31": "", "2005-12-31": "27.07100", "2005-01-31": ""}, "Common Stock Dividends Paid": {"2020-01-31": "", "2019-01-31": "-11000.00000", "2018-01-31": "", "2017-01-31": "", "2016-12-31": "", "2015-12-31": "", "2014-12-31": "", "2013-12-31": "", "2012-12-31": "", "2011-12-31": "", "2010-12-31": "", "2009-12-31": "", "2008-12-31": "", "2007-12-31": "", "2007-01-31": "", "2006-12-31": "", "2006-01-31": "", "2005-12-31": "-190.00000", "2005-01-31": ""}}, "cash flow statement, quarterly": {"Net Income/Loss": {"2020-10-31": 434, "2020-07-31": 447, "2020-04-30": "386.00000", "2020-01-31": 316, "2019-10-31": 390, "2019-07-31": 5285, "2019-04-30": "365.00000", "2019-01-31": -330, "2018-10-31": 334, "2018-07-31": 644, "2018-04-30": "942.00000", "2018-01-31": -620, "2017-10-31": 395, "2017-07-31": 405, "2017-04-30": "245.00000", "2017-01-31": -1223, "2016-12-31": 478, "2016-09-30": 319, "2016-06-30": 265, "2016-03-31": "161.00000", "2015-12-31": 374, "2015-09-30": 255, "2015-06-30": 172, "2015-03-31": "196.00000", "2014-12-31": 326, "2014-09-30": 194, "2014-06-30": 167, "2014-03-31": "199.00000", "2013-12-31": 335, "2013-09-30": 261, "2013-06-30": 245, "2013-03-31": "173.00000", "2012-12-31": 206, "2012-09-30": 156.8, "2012-06-30": 191.764, "2012-03-31": "191.43600", "2011-12-31": 200.492, "2011-09-30": 177.538, "2011-06-30": 220.158, "2011-03-31": "125.81200", "2010-12-31": 119.88, "2010-09-30": 84.6, "2010-06-30": 74.538, "2010-03-31": "78.42100", "2009-12-31": 56.409, "2009-09-30": 38.219, "2009-06-30": 32.535, "2009-03-31": "69.93500", "2008-12-31": 111.454, "2008-09-30": 83.288, "2008-06-30": 52.336, "2008-03-31": "43.05500", "2007-12-31": -139.982, "2007-09-30": 64.678, "2007-06-30": 34.224, "2007-03-31": "41.08000", "2006-12-31": -54.911, "2006-09-30": 19.231, "2006-06-30": 35.68}, "Total Depreciation And Amortization - Cash Flow": {"2020-10-31": 261, "2020-07-31": 252, "2020-04-30": "244.00000", "2020-01-31": 247, "2019-10-31": 219, "2019-07-31": 206, "2019-04-30": "201.00000", "2019-01-31": 262, "2018-10-31": 158, "2018-07-31": 151, "2018-04-30": "156.00000", "2018-01-31": 199, "2017-10-31": 149, "2017-07-31": 134, "2017-04-30": "136.00000", "2017-01-31": -542, "2016-12-31": 281, "2016-09-30": 87, "2016-06-30": 86, "2016-03-31": "88.00000", "2015-12-31": 89, "2015-09-30": 87, "2015-06-30": 83, "2015-03-31": "76.00000", "2014-12-31": 90, "2014-09-30": 91, "2014-06-30": 81, "2014-03-31": "83.00000", "2013-12-31": 76, "2013-09-30": 82, "2013-06-30": 88, "2013-03-31": "91.00000", "2012-12-31": 93, "2012-09-30": 86.8, "2012-06-30": 89.434, "2012-03-31": "85.76600", "2011-12-31": 86.357, "2011-09-30": 73.985, "2011-06-30": 74.709, "2011-03-31": "80.94900", "2010-12-31": 77.09, "2010-09-30": 71.117, "2010-06-30": 58.556, "2010-03-31": "53.78800", "2009-12-31": 56.756, "2009-09-30": 55.42, "2009-06-30": 44.927, "2009-03-31": "41.38300", "2008-12-31": 41.091, "2008-09-30": 40.644, "2008-06-30": 39.459, "2008-03-31": "37.43400", "2007-12-31": -72.462, "2007-09-30": 27.643, "2007-06-30": 23.622, "2007-03-31": "21.19700", "2006-12-31": -46.446, "2006-09-30": 19.36, "2006-06-30": 27.086}, "Other Non-Cash Items": {"2020-10-31": 149, "2020-07-31": 206, "2020-04-30": "170.00000", "2020-01-31": 170, "2019-10-31": 65, "2019-07-31": -4725, "2019-04-30": "197.00000", "2019-01-31": 856, "2018-10-31": 314, "2018-07-31": -12, "2018-04-30": "-434.00000", "2018-01-31": 374, "2017-10-31": 242, "2017-07-31": 217, "2017-04-30": "233.00000", "2017-01-31": -626, "2016-12-31": 163, "2016-09-30": 159, "2016-06-30": 166, "2016-03-31": "138.00000", "2015-12-31": 147, "2015-09-30": 109, "2015-06-30": 91, "2015-03-31": "102.00000", "2014-12-31": 108, "2014-09-30": 86, "2014-06-30": 79, "2014-03-31": "85.00000", "2013-12-31": 131, "2013-09-30": 126, "2013-06-30": 96, "2013-03-31": "78.00000", "2012-12-31": 96, "2012-09-30": 60.7, "2012-06-30": 67.059, "2012-03-31": "-7.75900", "2011-12-31": 35.231, "2011-09-30": 59.15, "2011-06-30": -57.831, "2011-03-31": "19.45000", "2010-12-31": -11.302, "2010-09-30": -8.873, "2010-06-30": 7.569, "2010-03-31": "36.97500", "2009-12-31": 45.611, "2009-09-30": 39.138, "2009-06-30": 39.599, "2009-03-31": "43.23400", "2008-12-31": 53.889, "2008-09-30": 21.839, "2008-06-30": 68.122, "2008-03-31": "-15.53900", "2007-12-31": -13.886, "2007-09-30": 8.763, "2007-06-30": -0.493, "2007-03-31": "5.61600", "2006-12-31": -37.189, "2006-09-30": 11.415, "2006-06-30": 25.774}, "Total Non-Cash Items": {"2020-10-31": 410, "2020-07-31": 458, "2020-04-30": "414.00000", "2020-01-31": 417, "2019-10-31": 284, "2019-07-31": -4519, "2019-04-30": "398.00000", "2019-01-31": 1118, "2018-10-31": 472, "2018-07-31": 139, "2018-04-30": "-278.00000", "2018-01-31": 573, "2017-10-31": 391, "2017-07-31": 351, "2017-04-30": "369.00000", "2017-01-31": -1168, "2016-12-31": 444, "2016-09-30": 246, "2016-06-30": 252, "2016-03-31": "226.00000", "2015-12-31": 236, "2015-09-30": 196, "2015-06-30": 174, "2015-03-31": "178.00000", "2014-12-31": 198, "2014-09-30": 177, "2014-06-30": 160, "2014-03-31": "168.00000", "2013-12-31": 207, "2013-09-30": 208, "2013-06-30": 184, "2013-03-31": "169.00000", "2012-12-31": 189, "2012-09-30": 147.5, "2012-06-30": 156.493, "2012-03-31": "78.00700", "2011-12-31": 121.588, "2011-09-30": 133.135, "2011-06-30": 16.878, "2011-03-31": "100.39900", "2010-12-31": 65.788, "2010-09-30": 62.244, "2010-06-30": 66.125, "2010-03-31": "90.76300", "2009-12-31": 102.367, "2009-09-30": 94.558, "2009-06-30": 84.526, "2009-03-31": "84.61700", "2008-12-31": 94.98, "2008-09-30": 62.483, "2008-06-30": 107.581, "2008-03-31": "21.89500", "2007-12-31": -86.348, "2007-09-30": 36.406, "2007-06-30": 23.129, "2007-03-31": "26.81300", "2006-12-31": -83.635, "2006-09-30": 30.775, "2006-06-30": 52.86}, "Change In Accounts Receivable": {"2020-10-31": 181, "2020-07-31": -431, "2020-04-30": "352.00000", "2020-01-31": -283, "2019-10-31": 48, "2019-07-31": -322, "2019-04-30": "438.00000", "2019-01-31": -511, "2018-10-31": 125, "2018-07-31": -221, "2018-04-30": "393.00000", "2018-01-31": -360, "2017-10-31": 280, "2017-07-31": -317, "2017-04-30": "321.00000", "2017-01-31": 216, "2016-12-31": -729, "2016-09-30": 96, "2016-06-30": -127, "2016-03-31": "544.00000", "2015-12-31": -622, "2015-09-30": 203, "2015-06-30": -226, "2015-03-31": "531.00000", "2014-12-31": -560, "2014-09-30": 163, "2014-06-30": -288, "2014-03-31": "418.00000", "2013-12-31": -431, "2013-09-30": 152, "2013-06-30": -172, "2013-03-31": "380.00000", "2012-12-31": -470, "2012-09-30": 66.7, "2012-06-30": -91.25, "2012-03-31": "226.55000", "2011-12-31": -335.757, "2011-09-30": 46.174, "2011-06-30": -54.757, "2011-03-31": "81.34000", "2010-12-31": -236.362, "2010-09-30": 51.553, "2010-06-30": -77.543, "2010-03-31": "185.23100", "2009-12-31": -279.392, "2009-09-30": 5.091, "2009-06-30": 6.53, "2009-03-31": "74.16100", "2008-12-31": -49.044, "2008-09-30": 20.803, "2008-06-30": -25.132, "2008-03-31": "0.84600", "2007-12-31": -30.972, "2007-09-30": 37.062, "2007-06-30": -52.451, "2007-03-31": "46.36100", "2006-12-31": 17.885, "2006-09-30": -14.016, "2006-06-30": -3.869}, "Change In Inventories": {"2020-10-31": 0, "2020-07-31": 0, "2020-04-30": "", "2020-01-31": 0, "2019-10-31": 0, "2019-07-31": 0, "2019-04-30": "", "2019-01-31": 0, "2018-10-31": 0, "2018-07-31": 0, "2018-04-30": "", "2018-01-31": 0, "2017-10-31": 0, "2017-07-31": 0, "2017-04-30": "", "2017-01-31": 0, "2016-12-31": 0, "2016-09-30": 0, "2016-06-30": 0, "2016-03-31": "", "2015-12-31": 0, "2015-09-30": 0, "2015-06-30": 0, "2015-03-31": "", "2014-12-31": 0, "2014-09-30": 0, "2014-06-30": 0, "2014-03-31": "", "2013-12-31": 0, "2013-09-30": 0, "2013-06-30": 0, "2013-03-31": "", "2012-12-31": 0, "2012-09-30": 0, "2012-06-30": 0, "2012-03-31": "", "2011-12-31": 0, "2011-09-30": 0, "2011-06-30": 0, "2011-03-31": "", "2010-12-31": 0, "2010-09-30": 0, "2010-06-30": 0, "2010-03-31": "", "2009-12-31": 0, "2009-09-30": 0, "2009-06-30": 0, "2009-03-31": "", "2008-12-31": 0, "2008-09-30": 0, "2008-06-30": 0, "2008-03-31": "", "2007-12-31": 0, "2007-09-30": 0, "2007-06-30": 0, "2007-03-31": "", "2006-12-31": 0, "2006-09-30": 0, "2006-06-30": 0}, "Change In Accounts Payable": {"2020-10-31": -15, "2020-07-31": 21, "2020-04-30": "-10.00000", "2020-01-31": 21, "2019-10-31": 7, "2019-07-31": -9, "2019-04-30": "16.00000", "2019-01-31": -20, "2018-10-31": 30, "2018-07-31": -6, "2018-04-30": "101.00000", "2018-01-31": -61, "2017-10-31": -21, "2017-07-31": 1, "2017-04-30": "59.00000", "2017-01-31": 9, "2016-12-31": 17, "2016-09-30": -16, "2016-06-30": 18, "2016-03-31": "-28.00000", "2015-12-31": 1, "2015-09-30": -3, "2015-06-30": 16, "2015-03-31": "-49.00000", "2014-12-31": 28, "2014-09-30": 49, "2014-06-30": 3, "2014-03-31": "-11.00000", "2013-12-31": 14, "2013-09-30": -2, "2013-06-30": 26, "2013-03-31": "-8.00000", "2012-12-31": -2, "2012-09-30": 8.6, "2012-06-30": 4.875, "2012-03-31": "12.52500", "2011-12-31": -3.447, "2011-09-30": -10.846, "2011-06-30": -11.105, "2011-03-31": "9.39800", "2010-12-31": 4.292, "2010-09-30": -1.971, "2010-06-30": 9.207, "2010-03-31": "-2.64700", "2009-12-31": 12.699, "2009-09-30": -2.203, "2009-06-30": -8.925, "2009-03-31": "-19.45700", "2008-12-31": 10.958, "2008-09-30": 7.629, "2008-06-30": -23.047, "2008-03-31": "7.47200", "2007-12-31": -20.959, "2007-09-30": 8.578, "2007-06-30": 14.349, "2007-03-31": "-1.96800", "2006-12-31": -19.096, "2006-09-30": 5.88, "2006-06-30": 13.216}, "Change In Assets/Liabilities": {"2020-10-31": -203, "2020-07-31": -165, "2020-04-30": "466.00000", "2020-01-31": 153, "2019-10-31": 88, "2019-07-31": -194, "2019-04-30": "579.00000", "2019-01-31": 392, "2018-10-31": 21, "2018-07-31": -70, "2018-04-30": "132.00000", "2018-01-31": 136, "2017-10-31": 99, "2017-07-31": 31, "2017-04-30": "-190.00000", "2017-01-31": -5, "2016-12-31": -46, "2016-09-30": 47, "2016-06-30": 46, "2016-03-31": "-42.00000", "2015-12-31": 356, "2015-09-30": -132, "2015-06-30": 68, "2015-03-31": "-39.00000", "2014-12-31": 385, "2014-09-30": 17, "2014-06-30": 136, "2014-03-31": "39.00000", "2013-12-31": 445, "2013-09-30": 90, "2013-06-30": 147, "2013-03-31": "75.00000", "2012-12-31": 456, "2012-09-30": 60.1, "2012-06-30": 21.363, "2012-03-31": "107.53700", "2011-12-31": 428.734, "2011-09-30": 112.932, "2011-06-30": 43.168, "2011-03-31": "161.16600", "2010-12-31": 314.046, "2010-09-30": -13.055, "2010-06-30": 46.431, "2010-03-31": "40.02100", "2009-12-31": 279.706, "2009-09-30": 33.109, "2009-06-30": 13.706, "2009-03-31": "42.03400", "2008-12-31": 79.397, "2008-09-30": 59.347, "2008-06-30": 98.514, "2008-03-31": "96.81300", "2007-12-31": -39.403, "2007-09-30": 29.388, "2007-06-30": 33.055, "2007-03-31": "-23.04000", "2006-12-31": 55.018, "2006-09-30": -80.008, "2006-06-30": 24.99}, "Total Change In Assets/Liabilities": {"2020-10-31": 147, "2020-07-31": -185, "2020-04-30": "574.00000", "2020-01-31": 352, "2019-10-31": 78, "2019-07-31": -126, "2019-04-30": "632.00000", "2019-01-31": 218, "2018-10-31": -37, "2018-07-31": 4, "2018-04-30": "431.00000", "2018-01-31": 781, "2017-10-31": 183, "2017-07-31": -135, "2017-04-30": "163.00000", "2017-01-31": 12, "2016-12-31": -460, "2016-09-30": 55, "2016-06-30": 60, "2016-03-31": "333.00000", "2015-12-31": -122, "2015-09-30": -39, "2015-06-30": -30, "2015-03-31": "309.00000", "2014-12-31": -109, "2014-09-30": 235, "2014-06-30": 82, "2014-03-31": "383.00000", "2013-12-31": 145, "2013-09-30": 169, "2013-06-30": 105, "2013-03-31": "334.00000", "2012-12-31": 98, "2012-09-30": 131.8, "2012-06-30": 43.039, "2012-03-31": "307.16100", "2011-12-31": 239.696, "2011-09-30": 212.838, "2011-06-30": 225.76, "2011-03-31": "251.70600", "2010-12-31": 220.947, "2010-09-30": 49.855, "2010-06-30": 75.46, "2010-03-31": "185.76800", "2009-12-31": 124.915, "2009-09-30": 66.589, "2009-06-30": 126.259, "2009-03-31": "104.68700", "2008-12-31": 66.378, "2008-09-30": 97.734, "2008-06-30": -9.283, "2008-03-31": "68.23000", "2007-12-31": -162.532, "2007-09-30": 97.249, "2007-06-30": 28.274, "2007-03-31": "37.00900", "2006-12-31": -16.501, "2006-09-30": -54.295, "2006-06-30": 70.796}, "Cash Flow From Operating Activities": {"2020-10-31": 991, "2020-07-31": 720, "2020-04-30": "1374.00000", "2020-01-31": 1085, "2019-10-31": 752, "2019-07-31": 640, "2019-04-30": "1395.00000", "2019-01-31": 1006, "2018-10-31": 769, "2018-07-31": 787, "2018-04-30": "1095.00000", "2018-01-31": 734, "2017-10-31": 969, "2017-07-31": 621, "2017-04-30": "777.00000", "2017-01-31": -2379, "2016-12-31": 462, "2016-09-30": 620, "2016-06-30": 577, "2016-03-31": "720.00000", "2015-12-31": 488, "2015-09-30": 412, "2015-06-30": 316, "2015-03-31": "683.00000", "2014-12-31": 415, "2014-09-30": 606, "2014-06-30": 409, "2014-03-31": "750.00000", "2013-12-31": 687, "2013-09-30": 638, "2013-06-30": 534, "2013-03-31": "676.00000", "2012-12-31": 493, "2012-09-30": 436.1, "2012-06-30": 391.296, "2012-03-31": "576.60400", "2011-12-31": 561.776, "2011-09-30": 523.511, "2011-06-30": 462.796, "2011-03-31": "477.91700", "2010-12-31": 406.615, "2010-09-30": 196.699, "2010-06-30": 216.123, "2010-03-31": "354.95200", "2009-12-31": 283.691, "2009-09-30": 199.366, "2009-06-30": 243.32, "2009-03-31": "259.23900", "2008-12-31": 272.812, "2008-09-30": 243.505, "2008-06-30": 150.634, "2008-03-31": "133.18000", "2007-12-31": -388.862, "2007-09-30": 198.333, "2007-06-30": 85.627, "2007-03-31": "104.90200", "2006-12-31": -155.047, "2006-09-30": -4.289, "2006-06-30": 159.336}, "Net Change In Property, Plant, And Equipment": {"2020-10-31": -84, "2020-07-31": -76, "2020-04-30": "-87.00000", "2020-01-31": -64, "2019-10-31": -52, "2019-07-31": -90, "2019-04-30": "-73.00000", "2019-01-31": -76, "2018-10-31": -57, "2018-07-31": -60, "2018-04-30": "-61.00000", "2018-01-31": -112, "2017-10-31": -59, "2017-07-31": -56, "2017-04-30": "-49.00000", "2017-01-31": 153, "2016-12-31": -44, "2016-09-30": -30, "2016-06-30": -38, "2016-03-31": "-41.00000", "2015-12-31": -59, "2015-09-30": -90, "2015-06-30": -78, "2015-03-31": "-106.00000", "2014-12-31": -98, "2014-09-30": -101, "2014-06-30": -76, "2014-03-31": "-77.00000", "2013-12-31": -98, "2013-09-30": -94, "2013-06-30": -75, "2013-03-31": "-78.00000", "2012-12-31": -81, "2012-09-30": -75, "2012-06-30": -44.329, "2012-03-31": "-33.67100", "2011-12-31": -52.822, "2011-09-30": -76.087, "2011-06-30": -120.623, "2011-03-31": "-54.46800", "2010-12-31": -56.405, "2010-09-30": -38.16, "2010-06-30": -48.306, "2010-03-31": "-52.97300", "2009-12-31": -38.549, "2009-09-30": -23.089, "2009-06-30": -44.588, "2009-03-31": "-65.76000", "2008-12-31": -95.016, "2008-09-30": -70.625, "2008-06-30": -63.669, "2008-03-31": "-53.18600", "2007-12-31": 124.152, "2007-09-30": -64.689, "2007-06-30": -36.207, "2007-03-31": "-23.25600", "2006-12-31": 70.025, "2006-09-30": -25.814, "2006-06-30": -44.211}, "Net Change In Intangible Assets": {"2020-10-31": 0, "2020-07-31": 0, "2020-04-30": "", "2020-01-31": 0, "2019-10-31": 0, "2019-07-31": 0, "2019-04-30": "", "2019-01-31": 0, "2018-10-31": 0, "2018-07-31": 0, "2018-04-30": "", "2018-01-31": 0, "2017-10-31": 0, "2017-07-31": 0, "2017-04-30": "", "2017-01-31": 0, "2016-12-31": 0, "2016-09-30": 0, "2016-06-30": 0, "2016-03-31": "", "2015-12-31": 0, "2015-09-30": 0, "2015-06-30": 0, "2015-03-31": "", "2014-12-31": 0, "2014-09-30": 0, "2014-06-30": 0, "2014-03-31": "", "2013-12-31": 0, "2013-09-30": 0, "2013-06-30": 0, "2013-03-31": "", "2012-12-31": 0, "2012-09-30": 0, "2012-06-30": 0, "2012-03-31": "", "2011-12-31": 0, "2011-09-30": 0, "2011-06-30": 0, "2011-03-31": "0.00000", "2010-12-31": 0, "2010-09-30": 0, "2010-06-30": 0, "2010-03-31": "0.00000", "2009-12-31": 0, "2009-09-30": 0, "2009-06-30": 0, "2009-03-31": "0.00000", "2008-12-31": 0, "2008-09-30": 0, "2008-06-30": 0, "2008-03-31": "0.00000", "2007-12-31": 0, "2007-09-30": 0, "2007-06-30": 0, "2007-03-31": "0.00000", "2006-12-31": 0, "2006-09-30": 0, "2006-06-30": 0}, "Net Acquisitions/Divestitures": {"2020-10-31": -55, "2020-07-31": -280, "2020-04-30": "-34.00000", "2020-01-31": 0, "2019-10-31": -2052, "2019-07-31": -340, "2019-04-30": "-27.00000", "2019-01-31": -413, "2018-10-31": -495, "2018-07-31": 26, "2018-04-30": "-26.00000", "2018-01-31": -433, "2017-10-31": -6, "2017-07-31": -271, "2017-04-30": "", "2017-01-31": 70, "2016-12-31": -14, "2016-09-30": 0, "2016-06-30": -59, "2016-03-31": "3.00000", "2015-12-31": -13, "2015-09-30": 0, "2015-06-30": 0, "2015-03-31": "-21.00000", "2014-12-31": -56, "2014-09-30": -44, "2014-06-30": 0, "2014-03-31": "-1068.00000", "2013-12-31": -105, "2013-09-30": 6, "2013-06-30": 31, "2013-03-31": "-184.00000", "2012-12-31": 0, "2012-09-30": -1241.8, "2012-06-30": -102.2, "2012-03-31": "", "2011-12-31": -0.39, "2011-09-30": -99.522, "2011-06-30": -189.138, "2011-03-31": "-14.95000", "2010-12-31": 0, "2010-09-30": -125.82, "2010-06-30": -60.6, "2010-03-31": "-106.55000", "2009-12-31": 0, "2009-09-30": -356.278, "2009-06-30": 0, "2009-03-31": "", "2008-12-31": -47.917, "2008-09-30": -57.363, "2008-06-30": 0, "2008-03-31": "-33.28900", "2007-12-31": 208.082, "2007-09-30": -186.672, "2007-06-30": -21.41, "2007-03-31": "", "2006-12-31": 46.541, "2006-09-30": 0, "2006-06-30": -46.541}, "Net Change In Short-term Investments": {"2020-10-31": 0, "2020-07-31": 0, "2020-04-30": "", "2020-01-31": 0, "2019-10-31": 0, "2019-07-31": 0, "2019-04-30": "", "2019-01-31": 4302, "2018-10-31": 825, "2018-07-31": 357, "2018-04-30": "128.00000", "2018-01-31": -114, "2017-10-31": -258, "2017-07-31": -589, "2017-04-30": "460.00000", "2017-01-31": 191, "2016-12-31": 362, "2016-09-30": 60, "2016-06-30": -195, "2016-03-31": "-418.00000", "2015-12-31": 105, "2015-09-30": 63, "2015-06-30": 73, "2015-03-31": "-271.00000", "2014-12-31": -204, "2014-09-30": -227, "2014-06-30": -746, "2014-03-31": "33.00000", "2013-12-31": -307, "2013-09-30": -92, "2013-06-30": -397, "2013-03-31": "-69.00000", "2012-12-31": -108, "2012-09-30": 351.2, "2012-06-30": -628.031, "2012-03-31": "-22.16900", "2011-12-31": -127.5091, "2011-09-30": -492.2429, "2011-06-30": -28.157, "2011-03-31": "-230.09100", "2010-12-31": -116.008, "2010-09-30": -809.543, "2010-06-30": -660.051, "2010-03-31": "0.00000", "2009-12-31": 0, "2009-09-30": 0, "2009-06-30": 0, "2009-03-31": "", "2008-12-31": 0, "2008-09-30": 0, "2008-06-30": 0, "2008-03-31": "", "2007-12-31": 0, "2007-09-30": 0, "2007-06-30": 0, "2007-03-31": "", "2006-12-31": 0, "2006-09-30": 0, "2006-06-30": 0}, "Net Change In Long-Term Investments": {"2020-10-31": -5, "2020-07-31": -6, "2020-04-30": "-5.00000", "2020-01-31": -12, "2019-10-31": -10, "2019-07-31": -8, "2019-04-30": "", "2019-01-31": -5, "2018-10-31": 0, "2018-07-31": -1, "2018-04-30": "-2.00000", "2018-01-31": -4, "2017-10-31": -1, "2017-07-31": -26, "2017-04-30": "-6.00000", "2017-01-31": 49, "2016-12-31": -17, "2016-09-30": -6, "2016-06-30": -24, "2016-03-31": "-2.00000", "2015-12-31": -5, "2015-09-30": -7, "2015-06-30": -2, "2015-03-31": "", "2014-12-31": 0, "2014-09-30": -1, "2014-06-30": -40, "2014-03-31": "", "2013-12-31": -1, "2013-09-30": -5, "2013-06-30": -2, "2013-03-31": "", "2012-12-31": -51, "2012-09-30": 0, "2012-06-30": 0, "2012-03-31": "", "2011-12-31": 0.487, "2011-09-30": 0, "2011-06-30": 92.513, "2011-03-31": "-14.00000", "2010-12-31": 0, "2010-09-30": 2.648, "2010-06-30": 0, "2010-03-31": "", "2009-12-31": 31.465, "2009-09-30": -5.72, "2009-06-30": -25, "2009-03-31": "-0.74500", "2008-12-31": 0, "2008-09-30": 0, "2008-06-30": -1.75, "2008-03-31": "", "2007-12-31": 0, "2007-09-30": 0, "2007-06-30": 0, "2007-03-31": "", "2006-12-31": 0, "2006-09-30": 0, "2006-06-30": 0}, "Net Change In Investments - Total": {"2020-10-31": -5, "2020-07-31": -6, "2020-04-30": "-5.00000", "2020-01-31": -12, "2019-10-31": -10, "2019-07-31": -8, "2019-04-30": "", "2019-01-31": 4297, "2018-10-31": 825, "2018-07-31": 356, "2018-04-30": "126.00000", "2018-01-31": -118, "2017-10-31": -259, "2017-07-31": -615, "2017-04-30": "454.00000", "2017-01-31": 240, "2016-12-31": 345, "2016-09-30": 54, "2016-06-30": -219, "2016-03-31": "-420.00000", "2015-12-31": 100, "2015-09-30": 56, "2015-06-30": 71, "2015-03-31": "-271.00000", "2014-12-31": -204, "2014-09-30": -228, "2014-06-30": -786, "2014-03-31": "33.00000", "2013-12-31": -308, "2013-09-30": -97, "2013-06-30": -399, "2013-03-31": "-69.00000", "2012-12-31": -159, "2012-09-30": 351.2, "2012-06-30": -628.031, "2012-03-31": "-22.16900", "2011-12-31": -127.0221, "2011-09-30": -492.2429, "2011-06-30": 64.356, "2011-03-31": "-244.09100", "2010-12-31": -116.008, "2010-09-30": -806.895, "2010-06-30": -660.051, "2010-03-31": "", "2009-12-31": 31.465, "2009-09-30": -5.72, "2009-06-30": -25, "2009-03-31": "-0.74500", "2008-12-31": 0, "2008-09-30": 0, "2008-06-30": -1.75, "2008-03-31": "", "2007-12-31": 0, "2007-09-30": 0, "2007-06-30": 0, "2007-03-31": "", "2006-12-31": 0, "2006-09-30": 0, "2006-06-30": 0}, "Investing Activities - Other": {"2020-10-31": 0, "2020-07-31": 0, "2020-04-30": "", "2020-01-31": 0, "2019-10-31": 0, "2019-07-31": 0, "2019-04-30": "", "2019-01-31": 0, "2018-10-31": 0, "2018-07-31": 0, "2018-04-30": "", "2018-01-31": 0, "2017-10-31": 0, "2017-07-31": 0, "2017-04-30": "", "2017-01-31": 0, "2016-12-31": 2, "2016-09-30": 0, "2016-06-30": -4, "2016-03-31": "2.00000", "2015-12-31": -2, "2015-09-30": 76, "2015-06-30": 0, "2015-03-31": "1.00000", "2014-12-31": 6, "2014-09-30": 0, "2014-06-30": 0, "2014-03-31": "-86.00000", "2013-12-31": 2, "2013-09-30": -3, "2013-06-30": -1, "2013-03-31": "", "2012-12-31": 13, "2012-09-30": -7.8, "2012-06-30": -2.703, "2012-03-31": "-1.49700", "2011-12-31": -0.152, "2011-09-30": 16.883, "2011-06-30": -165.754, "2011-03-31": "-54.97700", "2010-12-31": -15.38, "2010-09-30": 0, "2010-06-30": -157.946, "2010-03-31": "-16.84800", "2009-12-31": -34.665, "2009-09-30": 0, "2009-06-30": 0.549, "2009-03-31": "", "2008-12-31": 0.032, "2008-09-30": 0, "2008-06-30": 0, "2008-03-31": "0.89600", "2007-12-31": 5.139, "2007-09-30": 0.555, "2007-06-30": -6.382, "2007-03-31": "0.68800", "2006-12-31": 12.129, "2006-09-30": 0.455, "2006-06-30": -12.584}, "Cash Flow From Investing Activities": {"2020-10-31": -144, "2020-07-31": -362, "2020-04-30": "-126.00000", "2020-01-31": -76, "2019-10-31": -2114, "2019-07-31": -438, "2019-04-30": "-100.00000", "2019-01-31": 3808, "2018-10-31": 273, "2018-07-31": 322, "2018-04-30": "39.00000", "2018-01-31": -663, "2017-10-31": -324, "2017-07-31": -942, "2017-04-30": "405.00000", "2017-01-31": 463, "2016-12-31": 289, "2016-09-30": 24, "2016-06-30": -320, "2016-03-31": "-456.00000", "2015-12-31": 26, "2015-09-30": 42, "2015-06-30": -7, "2015-03-31": "-397.00000", "2014-12-31": -352, "2014-09-30": -373, "2014-06-30": -862, "2014-03-31": "-1198.00000", "2013-12-31": -509, "2013-09-30": -188, "2013-06-30": -444, "2013-03-31": "-331.00000", "2012-12-31": -227, "2012-09-30": -973.4, "2012-06-30": -777.263, "2012-03-31": "-57.33700", "2011-12-31": -180.386, "2011-09-30": -650.969, "2011-06-30": -411.159, "2011-03-31": "-368.48600", "2010-12-31": -187.793, "2010-09-30": -970.875, "2010-06-30": -926.903, "2010-03-31": "-176.37100", "2009-12-31": -41.749, "2009-09-30": -385.087, "2009-06-30": -69.039, "2009-03-31": "-66.50500", "2008-12-31": -142.901, "2008-09-30": -127.988, "2008-06-30": -65.419, "2008-03-31": "-85.57900", "2007-12-31": 337.373, "2007-09-30": -250.806, "2007-06-30": -63.999, "2007-03-31": "-22.56800", "2006-12-31": 128.695, "2006-09-30": -25.359, "2006-06-30": -103.336}, "Net Long-Term Debt": {"2020-10-31": -1502, "2020-07-31": -1262, "2020-04-30": "1983.00000", "2020-01-31": 900, "2019-10-31": 593, "2019-07-31": -1, "2019-04-30": "", "2019-01-31": -20, "2018-10-31": 0, "2018-07-31": 0, "2018-04-30": "", "2018-01-31": 19, "2017-10-31": 2736, "2017-07-31": 0, "2017-04-30": "", "2017-01-31": 0, "2016-12-31": 0, "2016-09-30": 0, "2016-06-30": 0, "2016-03-31": "", "2015-12-31": 0, "2015-09-30": 0, "2015-06-30": 0, "2015-03-31": "", "2014-12-31": 0, "2014-09-30": 0, "2014-06-30": 0, "2014-03-31": "1050.00000", "2013-12-31": 0, "2013-09-30": 0, "2013-06-30": 0, "2013-03-31": "", "2012-12-31": 0, "2012-09-30": 0, "2012-06-30": 0, "2012-03-31": "", "2011-12-31": 0, "2011-09-30": 0, "2011-06-30": 0, "2011-03-31": "", "2010-12-31": 0, "2010-09-30": 0, "2010-06-30": 0, "2010-03-31": "", "2009-12-31": 0, "2009-09-30": 0, "2009-06-30": 0, "2009-03-31": "", "2008-12-31": 0, "2008-09-30": 0, "2008-06-30": 0, "2008-03-31": "", "2007-12-31": 350, "2007-09-30": -350, "2007-06-30": 0, "2007-03-31": "", "2006-12-31": 0, "2006-09-30": 0, "2006-06-30": 0}, "Net Current Debt": {"2020-10-31": 0, "2020-07-31": 0, "2020-04-30": "", "2020-01-31": 0, "2019-10-31": 0, "2019-07-31": 0, "2019-04-30": "", "2019-01-31": 0, "2018-10-31": 0, "2018-07-31": 0, "2018-04-30": "", "2018-01-31": 0, "2017-10-31": 0, "2017-07-31": 0, "2017-04-30": "", "2017-01-31": 0, "2016-12-31": 0, "2016-09-30": 0, "2016-06-30": 0, "2016-03-31": "", "2015-12-31": 0, "2015-09-30": 0, "2015-06-30": 0, "2015-03-31": "", "2014-12-31": 0, "2014-09-30": 0, "2014-06-30": 0, "2014-03-31": "", "2013-12-31": 0, "2013-09-30": 0, "2013-06-30": 0, "2013-03-31": "", "2012-12-31": 0, "2012-09-30": 0, "2012-06-30": 0, "2012-03-31": "", "2011-12-31": 0, "2011-09-30": 0, "2011-06-30": 0, "2011-03-31": "", "2010-12-31": 0, "2010-09-30": 0, "2010-06-30": 0, "2010-03-31": "", "2009-12-31": 0, "2009-09-30": 0, "2009-06-30": 0, "2009-03-31": "", "2008-12-31": 0, "2008-09-30": 0, "2008-06-30": 0, "2008-03-31": "", "2007-12-31": 0, "2007-09-30": 0, "2007-06-30": 0, "2007-03-31": "", "2006-12-31": 0, "2006-09-30": 0, "2006-06-30": 0}, "Debt Issuance/Retirement Net - Total": {"2020-10-31": -1502, "2020-07-31": -1262, "2020-04-30": "1983.00000", "2020-01-31": 900, "2019-10-31": 593, "2019-07-31": -1, "2019-04-30": "", "2019-01-31": -20, "2018-10-31": 0, "2018-07-31": 0, "2018-04-30": "", "2018-01-31": 19, "2017-10-31": 2736, "2017-07-31": 0, "2017-04-30": "", "2017-01-31": 0, "2016-12-31": 0, "2016-09-30": 0, "2016-06-30": 0, "2016-03-31": "", "2015-12-31": 0, "2015-09-30": 0, "2015-06-30": 0, "2015-03-31": "", "2014-12-31": 0, "2014-09-30": 0, "2014-06-30": 0, "2014-03-31": "1050.00000", "2013-12-31": 0, "2013-09-30": 0, "2013-06-30": 0, "2013-03-31": "", "2012-12-31": 0, "2012-09-30": 0, "2012-06-30": 0, "2012-03-31": "", "2011-12-31": 0, "2011-09-30": 0, "2011-06-30": 0, "2011-03-31": "", "2010-12-31": 0, "2010-09-30": 0, "2010-06-30": 0, "2010-03-31": "", "2009-12-31": 0, "2009-09-30": 0, "2009-06-30": 0, "2009-03-31": "", "2008-12-31": 0, "2008-09-30": 0, "2008-06-30": 0, "2008-03-31": "", "2007-12-31": 350, "2007-09-30": -350, "2007-06-30": 0, "2007-03-31": "", "2006-12-31": 0, "2006-09-30": 0, "2006-06-30": 0}, "Net Common Equity Issued/Repurchased": {"2020-10-31": -176, "2020-07-31": -255, "2020-04-30": "-190.00000", "2020-01-31": -182, "2019-10-31": -142, "2019-07-31": -575, "2019-04-30": "-661.00000", "2019-01-31": 451, "2018-10-31": 45, "2018-07-31": -89, "2018-04-30": "-3.00000", "2018-01-31": -222, "2017-10-31": -921, "2017-07-31": 12, "2017-04-30": "-538.00000", "2017-01-31": 1630, "2016-12-31": -623, "2016-09-30": -987, "2016-06-30": -48, "2016-03-31": "28.00000", "2015-12-31": -105, "2015-09-30": -163, "2015-06-30": -487, "2015-03-31": "-418.00000", "2014-12-31": -287, "2014-09-30": -9, "2014-06-30": -292, "2014-03-31": "-110.00000", "2013-12-31": -146, "2013-09-30": -39, "2013-06-30": -116, "2013-03-31": "-136.00000", "2012-12-31": -164, "2012-09-30": -84.4, "2012-06-30": -196.004, "2012-03-31": "97.40400", "2011-12-31": -1.562, "2011-09-30": -160.185, "2011-06-30": -70.783, "2011-03-31": "-79.47000", "2010-12-31": 6.81, "2010-09-30": -26.034, "2010-06-30": -41.697, "2010-03-31": "67.52100", "2009-12-31": 54.982, "2009-09-30": 77.857, "2009-06-30": 65.654, "2009-03-31": "-2.29400", "2008-12-31": 19.024, "2008-09-30": 29.751, "2008-06-30": 92.299, "2008-03-31": "4.55000", "2007-12-31": -1256.293, "2007-09-30": 1256.293, "2007-06-30": 0, "2007-03-31": "", "2006-12-31": 0, "2006-09-30": 0, "2006-06-30": 0}, "Net Total Equity Issued/Repurchased": {"2020-10-31": -176, "2020-07-31": -255, "2020-04-30": "-190.00000", "2020-01-31": -182, "2019-10-31": -142, "2019-07-31": -575, "2019-04-30": "-661.00000", "2019-01-31": 451, "2018-10-31": 45, "2018-07-31": -89, "2018-04-30": "-3.00000", "2018-01-31": -222, "2017-10-31": -921, "2017-07-31": 12, "2017-04-30": "-538.00000", "2017-01-31": 1630, "2016-12-31": -623, "2016-09-30": -987, "2016-06-30": -48, "2016-03-31": "28.00000", "2015-12-31": -105, "2015-09-30": -163, "2015-06-30": -487, "2015-03-31": "-418.00000", "2014-12-31": -287, "2014-09-30": -9, "2014-06-30": -292, "2014-03-31": "-110.00000", "2013-12-31": -146, "2013-09-30": -39, "2013-06-30": -116, "2013-03-31": "-136.00000", "2012-12-31": -164, "2012-09-30": -84.4, "2012-06-30": -196.004, "2012-03-31": "97.40400", "2011-12-31": -1.562, "2011-09-30": -160.185, "2011-06-30": -70.783, "2011-03-31": "-79.47000", "2010-12-31": 6.81, "2010-09-30": -26.034, "2010-06-30": -41.697, "2010-03-31": "67.52100", "2009-12-31": 54.982, "2009-09-30": 77.857, "2009-06-30": 65.654, "2009-03-31": "-2.29400", "2008-12-31": 19.024, "2008-09-30": 29.751, "2008-06-30": 92.299, "2008-03-31": "4.55000", "2007-12-31": -1256.293, "2007-09-30": 1256.293, "2007-06-30": 0, "2007-03-31": "", "2006-12-31": 0, "2006-09-30": 0, "2006-06-30": 0}, "Total Common And Preferred Stock Dividends Paid": {"2020-10-31": 0, "2020-07-31": 0, "2020-04-30": "", "2020-01-31": 0, "2019-10-31": 0, "2019-07-31": 0, "2019-04-30": "", "2019-01-31": -11000, "2018-10-31": 0, "2018-07-31": 0, "2018-04-30": "", "2018-01-31": 0, "2017-10-31": 0, "2017-07-31": 0, "2017-04-30": "", "2017-01-31": 0, "2016-12-31": 0, "2016-09-30": 0, "2016-06-30": 0, "2016-03-31": "", "2015-12-31": 0, "2015-09-30": 0, "2015-06-30": 0, "2015-03-31": "", "2014-12-31": 0, "2014-09-30": 0, "2014-06-30": 0, "2014-03-31": "", "2013-12-31": 0, "2013-09-30": 0, "2013-06-30": 0, "2013-03-31": "", "2012-12-31": 0, "2012-09-30": 0, "2012-06-30": 0, "2012-03-31": "", "2011-12-31": 0, "2011-09-30": 0, "2011-06-30": 0, "2011-03-31": "", "2010-12-31": 0, "2010-09-30": 0, "2010-06-30": 0, "2010-03-31": "", "2009-12-31": 0, "2009-09-30": 0, "2009-06-30": 0, "2009-03-31": "", "2008-12-31": 0, "2008-09-30": 0, "2008-06-30": 0, "2008-03-31": "", "2007-12-31": 0, "2007-09-30": 0, "2007-06-30": 0, "2007-03-31": "", "2006-12-31": 0, "2006-09-30": 0, "2006-06-30": 0}, "Financial Activities - Other": {"2020-10-31": 0, "2020-07-31": -91, "2020-04-30": "", "2020-01-31": -1666, "2019-10-31": 27, "2019-07-31": 0, "2019-04-30": "", "2019-01-31": 44, "2018-10-31": -8, "2018-07-31": 0, "2018-04-30": "", "2018-01-31": 43, "2017-10-31": 0, "2017-07-31": 0, "2017-04-30": "", "2017-01-31": -11, "2016-12-31": 8, "2016-09-30": 6, "2016-06-30": -3, "2016-03-31": "", "2015-12-31": 1, "2015-09-30": 1, "2015-06-30": 28, "2015-03-31": "2.00000", "2014-12-31": 2, "2014-09-30": 15, "2014-06-30": 11, "2014-03-31": "-9.00000", "2013-12-31": 10, "2013-09-30": 12, "2013-06-30": 26, "2013-03-31": "22.00000", "2012-12-31": 27, "2012-09-30": 24.6, "2012-06-30": 32.718, "2012-03-31": "53.68200", "2011-12-31": 26.308, "2011-09-30": 46.428, "2011-06-30": 101.256, "2011-03-31": "50.00800", "2010-12-31": 56.253, "2010-09-30": 78.703, "2010-06-30": 64.583, "2010-03-31": "23.91800", "2009-12-31": 13.376, "2009-09-30": 8.365, "2009-06-30": 4.243, "2009-03-31": "0.23000", "2008-12-31": 0.505, "2008-09-30": 5.844, "2008-06-30": 56.735, "2008-03-31": "22.69200", "2007-12-31": 0, "2007-09-30": 0, "2007-06-30": 0, "2007-03-31": "", "2006-12-31": 0, "2006-09-30": 0, "2006-06-30": 0}, "Cash Flow From Financial Activities": {"2020-10-31": -1678, "2020-07-31": -1608, "2020-04-30": "1793.00000", "2020-01-31": -948, "2019-10-31": 478, "2019-07-31": -576, "2019-04-30": "-661.00000", "2019-01-31": -10525, "2018-10-31": 37, "2018-07-31": -89, "2018-04-30": "-3.00000", "2018-01-31": -160, "2017-10-31": 1815, "2017-07-31": 12, "2017-04-30": "-538.00000", "2017-01-31": 1619, "2016-12-31": -615, "2016-09-30": -981, "2016-06-30": -51, "2016-03-31": "28.00000", "2015-12-31": -104, "2015-09-30": -162, "2015-06-30": -459, "2015-03-31": "-416.00000", "2014-12-31": -285, "2014-09-30": 6, "2014-06-30": -281, "2014-03-31": "931.00000", "2013-12-31": -136, "2013-09-30": -27, "2013-06-30": -90, "2013-03-31": "-114.00000", "2012-12-31": -137, "2012-09-30": -59.8, "2012-06-30": -163.286, "2012-03-31": "151.08600", "2011-12-31": 24.746, "2011-09-30": -113.757, "2011-06-30": 30.473, "2011-03-31": "-29.46200", "2010-12-31": 63.063, "2010-09-30": 52.669, "2010-06-30": 22.886, "2010-03-31": "91.43900", "2009-12-31": 68.358, "2009-09-30": 86.222, "2009-06-30": 69.897, "2009-03-31": "-2.06400", "2008-12-31": 19.529, "2008-09-30": 35.595, "2008-06-30": 149.034, "2008-03-31": "27.24200", "2007-12-31": -906.293, "2007-09-30": 906.293, "2007-06-30": 0, "2007-03-31": "", "2006-12-31": 0, "2006-09-30": 0, "2006-06-30": 0}, "Net Cash Flow": {"2020-10-31": -831, "2020-07-31": -1249, "2020-04-30": "3040.00000", "2020-01-31": 59, "2019-10-31": -884, "2019-07-31": -374, "2019-04-30": "634.00000", "2019-01-31": -5710, "2018-10-31": 1079, "2018-07-31": 1020, "2018-04-30": "1131.00000", "2018-01-31": -92, "2017-10-31": 2460, "2017-07-31": -309, "2017-04-30": "644.00000", "2017-01-31": -297, "2016-12-31": 136, "2016-09-30": -337, "2016-06-30": 206, "2016-03-31": "292.00000", "2015-12-31": 410, "2015-09-30": 292, "2015-06-30": -150, "2015-03-31": "-130.00000", "2014-12-31": -222, "2014-09-30": 239, "2014-06-30": -734, "2014-03-31": "483.00000", "2013-12-31": 42, "2013-09-30": 423, "2013-06-30": 0, "2013-03-31": "231.00000", "2012-12-31": 129, "2012-09-30": -597.1, "2012-06-30": -549.253, "2012-03-31": "670.35300", "2011-12-31": 406.136, "2011-09-30": -241.215, "2011-06-30": 82.11, "2011-03-31": "79.96900", "2010-12-31": 281.885, "2010-09-30": -721.507, "2010-06-30": -687.894, "2010-03-31": "270.02000", "2009-12-31": 310.3, "2009-09-30": -99.499, "2009-06-30": 244.178, "2009-03-31": "190.67000", "2008-12-31": 149.44, "2008-09-30": 151.112, "2008-06-30": 234.249, "2008-03-31": "74.84300", "2007-12-31": -957.782, "2007-09-30": 853.82, "2007-06-30": 21.628, "2007-03-31": "82.33400", "2006-12-31": -26.352, "2006-09-30": -29.648, "2006-06-30": 56}, "Stock-Based Compensation": {"2020-10-31": 304, "2020-07-31": 293, "2020-04-30": "272.00000", "2020-01-31": 312, "2019-10-31": 256, "2019-07-31": 233, "2019-04-30": "216.00000", "2019-01-31": 269, "2018-10-31": 192, "2018-07-31": 178, "2018-04-30": "161.00000", "2018-01-31": 199, "2017-10-31": 182, "2017-07-31": 168, "2017-04-30": "163.00000", "2017-01-31": -636, "2016-12-31": 164, "2016-09-30": 171, "2016-06-30": 151, "2016-03-31": "150.00000", "2015-12-31": 136, "2015-09-30": 126, "2015-06-30": 123, "2015-03-31": "119.00000", "2014-12-31": 130, "2014-09-30": 132, "2014-06-30": 139, "2014-03-31": "128.00000", "2013-12-31": 122, "2013-09-30": 113, "2013-06-30": 103, "2013-03-31": "116.00000", "2012-12-31": 124, "2012-09-30": 119.3, "2012-06-30": 100.894, "2012-03-31": "81.80600", "2011-12-31": 80.606, "2011-09-30": 88.379, "2011-06-30": 85.442, "2011-03-31": "80.57300", "2010-12-31": 86.501, "2010-09-30": 73.657, "2010-06-30": 67.836, "2010-03-31": "63.69700", "2009-12-31": 67.833, "2009-09-30": 62.352, "2009-06-30": 51.456, "2009-03-31": "49.81500", "2008-12-31": 46.966, "2008-09-30": 35.317, "2008-06-30": 42.072, "2008-03-31": "42.16100", "2007-12-31": -59.354, "2007-09-30": 31.737, "2007-06-30": 15.973, "2007-03-31": "11.64400", "2006-12-31": -35.02, "2006-09-30": 16.593, "2006-06-30": 18.427}, "Common Stock Dividends Paid": {"2020-10-31": 0, "2020-07-31": 0, "2020-04-30": "", "2020-01-31": 0, "2019-10-31": 0, "2019-07-31": 0, "2019-04-30": "", "2019-01-31": -11000, "2018-10-31": 0, "2018-07-31": 0, "2018-04-30": "", "2018-01-31": 0, "2017-10-31": 0, "2017-07-31": 0, "2017-04-30": "", "2017-01-31": 0, "2016-12-31": 0, "2016-09-30": 0, "2016-06-30": 0, "2016-03-31": "", "2015-12-31": 0, "2015-09-30": 0, "2015-06-30": 0, "2015-03-31": "", "2014-12-31": 0, "2014-09-30": 0, "2014-06-30": 0, "2014-03-31": "", "2013-12-31": 0, "2013-09-30": 0, "2013-06-30": 0, "2013-03-31": "", "2012-12-31": 0, "2012-09-30": 0, "2012-06-30": 0, "2012-03-31": "", "2011-12-31": 0, "2011-09-30": 0, "2011-06-30": 0, "2011-03-31": "", "2010-12-31": 0, "2010-09-30": 0, "2010-06-30": 0, "2010-03-31": "", "2009-12-31": 0, "2009-09-30": 0, "2009-06-30": 0, "2009-03-31": "", "2008-12-31": 0, "2008-09-30": 0, "2008-06-30": 0, "2008-03-31": "", "2007-12-31": 0, "2007-09-30": 0, "2007-06-30": 0, "2007-03-31": "", "2006-12-31": 0, "2006-09-30": 0, "2006-06-30": 0}}, "financial ratios": {"Current Ratio": {"2020-01-31": "0.64810", "2019-01-31": "1.08330", "2018-01-31": "2.87650", "2017-01-31": "", "2016-12-31": "2.26940", "2015-12-31": "2.26690", "2014-12-31": "2.22270", "2013-12-31": "2.33250", "2012-12-31": "2.08870", "2011-12-31": "2.36430", "2010-12-31": "2.40210", "2009-12-31": "2.45930", "2008-12-31": "2.71680", "2007-12-31": "2.39960", "2007-01-31": "", "2006-12-31": "0.88420", "2006-01-31": "", "2005-12-31": "", "2005-01-31": ""}, "Long-term Debt / Capital": {"2020-01-31": "0.29980", "2019-01-31": "0.59470", "2018-01-31": "0.32930", "2017-01-31": "", "2016-12-31": "0.15630", "2015-12-31": "0.15920", "2014-12-31": "0.16510", "2013-12-31": "0.06190", "2012-12-31": "0.07270", "2011-12-31": "0.08620", "2010-12-31": "0.10570", "2009-12-31": "0.14090", "2008-12-31": "0.17860", "2007-12-31": "0.25130", "2007-01-31": "", "2006-12-31": "1.40550", "2006-01-31": "", "2005-12-31": "", "2005-01-31": ""}, "Debt/Equity Ratio": {"2020-01-31": "0.82010", "2019-01-31": "1.46730", "2018-01-31": "0.49100", "2017-01-31": "", "2016-12-31": "0.18530", "2015-12-31": "0.18930", "2014-12-31": "0.19770", "2013-12-31": "0.06600", "2012-12-31": "0.07840", "2011-12-31": "0.09430", "2010-12-31": "0.11820", "2009-12-31": "0.16410", "2008-12-31": "0.21740", "2007-12-31": "0.33570", "2007-01-31": "", "2006-12-31": "-3.46600", "2006-01-31": "", "2005-12-31": "", "2005-01-31": ""}, "Gross Margin": {"2020-01-31": "83.35950", "2019-01-31": "83.85520", "2018-01-31": "83.12140", "2017-01-31": "", "2016-12-31": "85.11240", "2015-12-31": "84.50770", "2014-12-31": "84.80530", "2013-12-31": "85.98040", "2012-12-31": "84.34310", "2011-12-31": "83.48820", "2010-12-31": "82.72120", "2009-12-31": "82.22630", "2008-12-31": "83.83300", "2007-12-31": "83.50640", "2007-01-31": "", "2006-12-31": "82.47180", "2006-01-31": "", "2005-12-31": "83.15770", "2005-01-31": ""}, "Operating Margin": {"2020-01-31": "13.32900", "2019-01-31": "18.75590", "2018-01-31": "17.55040", "2017-01-31": "", "2016-12-31": "20.76910", "2015-12-31": "18.21640", "2014-12-31": "17.01740", "2013-12-31": "20.99100", "2012-12-31": "18.93590", "2011-12-31": "19.51160", "2010-12-31": "14.97870", "2009-12-31": "10.83510", "2008-12-31": "16.61460", "2007-12-31": "17.75070", "2007-01-31": "", "2006-12-31": "17.13860", "2006-01-31": "", "2005-12-31": "24.18010", "2005-01-31": ""}, "EBIT Margin": {"2020-01-31": "13.32900", "2019-01-31": "18.75590", "2018-01-31": "17.55040", "2017-01-31": "", "2016-12-31": "20.76910", "2015-12-31": "18.21640", "2014-12-31": "17.01740", "2013-12-31": "20.99100", "2012-12-31": "18.93590", "2011-12-31": "19.51160", "2010-12-31": "14.97870", "2009-12-31": "10.83510", "2008-12-31": "16.61460", "2007-12-31": "17.75070", "2007-01-31": "", "2006-12-31": "17.13860", "2006-01-31": "", "2005-12-31": "24.18010", "2005-01-31": ""}, "EBITDA Margin": {"2020-01-31": "21.40410", "2019-01-31": "26.31850", "2018-01-31": "24.96400", "2017-01-31": "", "2016-12-31": "28.43210", "2015-12-31": "23.31460", "2014-12-31": "22.73410", "2013-12-31": "27.46300", "2012-12-31": "26.64500", "2011-12-31": "27.90020", "2010-12-31": "24.09740", "2009-12-31": "20.64200", "2008-12-31": "25.04770", "2007-12-31": "25.59700", "2007-01-31": "", "2006-12-31": "26.59620", "2006-01-31": "", "2005-12-31": "34.37480", "2005-01-31": ""}, "Pre-Tax Profit Margin": {"2020-01-31": "13.30130", "2019-01-31": "19.02630", "2018-01-31": "18.91800", "2017-01-31": "", "2016-12-31": "21.24980", "2015-12-31": "18.45990", "2014-12-31": "17.36540", "2013-12-31": "22.02800", "2012-12-31": "19.39200", "2011-12-31": "21.07780", "2010-12-31": "14.57210", "2009-12-31": "11.04030", "2008-12-31": "16.97400", "2007-12-31": "18.13820", "2007-01-31": "", "2006-12-31": "17.40960", "2006-01-31": "", "2005-12-31": "24.63100", "2005-01-31": ""}, "Net Profit Margin": {"2020-01-31": "59.31000", "2019-01-31": "17.16430", "2018-01-31": "5.24230", "2017-01-31": "", "2016-12-31": "17.29110", "2015-12-31": "15.17270", "2014-12-31": "14.68100", "2013-12-31": "19.47380", "2012-12-31": "16.19980", "2011-12-31": "19.21950", "2010-12-31": "12.50950", "2009-12-31": "9.73830", "2008-12-31": "15.42420", "2007-12-31": "16.45310", "2007-01-31": "", "2006-12-31": "12.20200", "2006-01-31": "", "2005-12-31": "17.25120", "2005-01-31": ""}, "Asset Turnover": {"2020-01-31": "0.41120", "2019-01-31": "0.54640", "2018-01-31": "0.39310", "2017-01-31": "", "2016-12-31": "0.42500", "2015-12-31": "0.41730", "2014-12-31": "0.39660", "2013-12-31": "0.42240", "2012-12-31": "0.43460", "2011-12-31": "0.43390", "2010-12-31": "0.42040", "2009-12-31": "0.39940", "2008-12-31": "0.49000", "2007-12-31": "0.49180", "2007-01-31": "", "2006-12-31": "0.61430", "2006-01-31": "", "2005-12-31": "", "2005-01-31": ""}, "Inventory Turnover Ratio": {"2020-01-31": "", "2019-01-31": "", "2018-01-31": "", "2017-01-31": "", "2016-12-31": "", "2015-12-31": "", "2014-12-31": "", "2013-12-31": "", "2012-12-31": "", "2011-12-31": "", "2010-12-31": "", "2009-12-31": "", "2008-12-31": "", "2007-12-31": "", "2007-01-31": "", "2006-12-31": "", "2006-01-31": "", "2005-12-31": "", "2005-01-31": ""}, "Receiveable Turnover": {"2020-01-31": "3.23680", "2019-01-31": "3.41730", "2018-01-31": "4.32810", "2017-01-31": "", "2016-12-31": "3.55780", "2015-12-31": "3.84940", "2014-12-31": "3.84640", "2013-12-31": "4.26800", "2012-12-31": "3.77770", "2011-12-31": "3.93770", "2010-12-31": "4.26340", "2009-12-31": "3.61030", "2008-12-31": "4.18880", "2007-12-31": "4.67120", "2007-01-31": "", "2006-12-31": "3.59220", "2006-01-31": "", "2005-12-31": "", "2005-01-31": ""}, "Days Sales In Receivables": {"2020-01-31": "112.76480", "2019-01-31": "106.80800", "2018-01-31": "84.33180", "2017-01-31": "", "2016-12-31": "102.59010", "2015-12-31": "94.81890", "2014-12-31": "94.89400", "2013-12-31": "85.51950", "2012-12-31": "96.62000", "2011-12-31": "92.69430", "2010-12-31": "85.61300", "2009-12-31": "101.09910", "2008-12-31": "87.13770", "2007-12-31": "78.13770", "2007-01-31": "", "2006-12-31": "101.60980", "2006-01-31": "", "2005-12-31": "", "2005-01-31": ""}, "ROE - Return On Equity": {"2020-01-31": "90.68340", "2019-01-31": "54.99830", "2018-01-31": "4.92810", "2017-01-31": "", "2016-12-31": "15.10440", "2015-12-31": "12.58360", "2014-12-31": "11.67940", "2013-12-31": "14.87680", "2012-12-31": "12.99650", "2011-12-31": "15.17730", "2010-12-31": "9.38540", "2009-12-31": "7.18560", "2008-12-31": "14.01560", "2007-12-31": "16.27140", "2007-01-31": "", "2006-12-31": "-37.13630", "2006-01-31": "", "2005-12-31": "", "2005-01-31": ""}, "Return On Tangible Equity": {"2020-01-31": "-182.01600", "2019-01-31": "-28.94590", "2018-01-31": "12.21620", "2017-01-31": "", "2016-12-31": "34.47010", "2015-12-31": "30.08450", "2014-12-31": "30.82810", "2013-12-31": "31.86680", "2012-12-31": "34.53700", "2011-12-31": "27.80520", "2010-12-31": "17.61730", "2009-12-31": "12.86020", "2008-12-31": "23.36020", "2007-12-31": "32.59780", "2007-01-31": "-206.41490", "2006-12-31": "-10.26760", "2006-01-31": "-157.14270", "2005-12-31": "", "2005-01-31": ""}, "ROA - Return On Assets": {"2020-01-31": "24.17280", "2019-01-31": "9.03770", "2018-01-31": "2.00420", "2017-01-31": "", "2016-12-31": "7.34840", "2015-12-31": "6.33180", "2014-12-31": "5.82280", "2013-12-31": "8.22580", "2012-12-31": "7.04040", "2011-12-31": "8.34020", "2010-12-31": "5.25850", "2009-12-31": "3.88980", "2008-12-31": "7.55710", "2007-12-31": "8.09200", "2007-01-31": "-206.41490", "2006-12-31": "7.47980", "2006-01-31": "-157.14270", "2005-12-31": "", "2005-01-31": ""}, "ROI - Return On Investment": {"2020-01-31": "63.49650", "2019-01-31": "22.29080", "2018-01-31": "3.30530", "2017-01-31": "", "2016-12-31": "12.74360", "2015-12-31": "10.58050", "2014-12-31": "9.75130", "2013-12-31": "13.95540", "2012-12-31": "12.05170", "2011-12-31": "13.86900", "2010-12-31": "8.39370", "2009-12-31": "6.17290", "2008-12-31": "11.51290", "2007-12-31": "12.18220", "2007-01-31": "", "2006-12-31": "15.05920", "2006-01-31": "", "2005-12-31": "", "2005-01-31": ""}, "Book Value Per Share": {"2020-01-31": "16.77980", "2019-01-31": "7.03890", "2018-01-31": "21.35840", "2017-01-31": "", "2016-12-31": "19.82850", "2015-12-31": "18.77720", "2014-12-31": "17.66820", "2013-12-31": "15.83830", "2012-12-31": "13.38970", "2011-12-31": "11.26100", "2010-12-31": "9.13950", "2009-12-31": "6.81000", "2008-12-31": "5.30180", "2007-12-31": "3.50100", "2007-01-31": "", "2006-12-31": "-0.69420", "2006-01-31": "", "2005-12-31": "", "2005-01-31": ""}, "Operating Cash Flow Per Share": {"2020-01-31": 0.4218, "2019-01-31": 1.316, "2018-01-31": 7.3678, "2017-01-31": -5.6109, "2016-12-31": 1.1589, "2015-12-31": -0.5651, "2014-12-31": -0.8318, "2013-12-31": 1.4777, "2012-12-31": -0.3213, "2011-12-31": 1.9191, "2010-12-31": 0.308, "2009-12-31": 0.4509, "2008-12-31": 0.4765, "2007-12-31": 1.538, "2007-01-31": -0.8417, "2006-12-31": 0.8417, "2006-01-31": -0.7165, "2005-12-31": 0.7165, "2005-01-31": 0}, "Free Cash Flow Per Share": {"2020-01-31": 0.3688, "2019-01-31": 1.3686, "2018-01-31": 6.712, "2017-01-31": -5.2501, "2016-12-31": 1.5788, "2015-12-31": -0.5357, "2014-12-31": -0.8459, "2013-12-31": 1.2209, "2012-12-31": -0.1564, "2011-12-31": 1.6775, "2010-12-31": 0.2757, "2009-12-31": 0.7319, "2008-12-31": 0.2779, "2007-12-31": 1.0254, "2007-01-31": -0.5858, "2006-12-31": 0.5858, "2006-01-31": -0.5896, "2005-12-31": 0.5896, "2005-01-31": 0}}, "financial ratios, quarterly": {"Current Ratio": {"2020-10-31": "0.89580", "2020-07-31": "0.87960", "2020-04-30": "0.86640", "2020-01-31": "0.64810", "2019-10-31": "0.58390", "2019-07-31": "0.96090", "2019-04-30": "0.97120", "2019-01-31": "1.08330", "2018-10-31": "3.04100", "2018-07-31": "3.01170", "2018-04-30": "3.04100", "2018-01-31": "2.87650", "2017-10-31": "2.85660", "2017-07-31": "1.98460", "2017-04-30": "1.95170", "2017-01-31": "", "2016-12-31": "2.26940", "2016-09-30": "2.36980", "2016-06-30": "2.45830", "2016-03-31": "2.42880", "2015-12-31": "2.26690", "2015-09-30": "2.30990", "2015-06-30": "2.20280", "2015-03-31": "2.30660", "2014-12-31": "2.22270", "2014-09-30": "2.32420", "2014-06-30": "2.24140", "2014-03-31": "2.37210", "2013-12-31": "2.33250", "2013-09-30": "2.41210", "2013-06-30": "2.21020", "2013-03-31": "2.14220", "2012-12-31": "2.08870", "2012-09-30": "2.15290", "2012-06-30": "2.55620", "2012-03-31": "2.62110", "2011-12-31": "2.36430", "2011-09-30": "2.36610", "2011-06-30": "2.35840", "2011-03-31": "2.55370", "2010-12-31": "2.40210", "2010-09-30": "2.46500", "2010-06-30": "2.37040", "2010-03-31": "2.61510", "2009-12-31": "2.45930", "2009-09-30": "2.70450", "2009-06-30": "2.96730", "2009-03-31": "2.86600", "2008-12-31": "2.71680", "2008-09-30": "2.83880", "2008-06-30": "2.80890", "2008-03-31": "2.40810", "2007-12-31": "", "2007-09-30": "2.32130", "2007-06-30": "1.03710", "2007-03-31": "", "2006-12-31": "", "2006-09-30": "", "2006-06-30": ""}, "Long-term Debt / Capital": {"2020-10-31": "0.37030", "2020-07-31": "0.38660", "2020-04-30": "0.40150", "2020-01-31": "0.29980", "2019-10-31": "0.34040", "2019-07-31": "0.44960", "2019-04-30": "0.88320", "2019-01-31": "0.59470", "2018-10-31": "0.27980", "2018-07-31": "0.28970", "2018-04-30": "0.30480", "2018-01-31": "0.32930", "2017-10-31": "0.33840", "2017-07-31": "0.08710", "2017-04-30": "0.09230", "2017-01-31": "", "2016-12-31": "0.15630", "2016-09-30": "0.15570", "2016-06-30": "0.14800", "2016-03-31": "0.15350", "2015-12-31": "0.15920", "2015-09-30": "0.16600", "2015-06-30": "0.17020", "2015-03-31": "0.16700", "2014-12-31": "0.16510", "2014-09-30": "0.16790", "2014-06-30": "0.17460", "2014-03-31": "0.17500", "2013-12-31": "0.06190", "2013-09-30": "0.06450", "2013-06-30": "0.06810", "2013-03-31": "0.07070", "2012-12-31": "0.07270", "2012-09-30": "0.07480", "2012-06-30": "0.07800", "2012-03-31": "0.07970", "2011-12-31": "0.08620", "2011-09-30": "0.09180", "2011-06-30": "0.09470", "2011-03-31": "0.10130", "2010-12-31": "0.10570", "2010-09-30": "0.11290", "2010-06-30": "0.11980", "2010-03-31": "0.13120", "2009-12-31": "0.14090", "2009-09-30": "0.15000", "2009-06-30": "0.16090", "2009-03-31": "0.17060", "2008-12-31": "0.17860", "2008-09-30": "0.19300", "2008-06-30": "0.20800", "2008-03-31": "0.23650", "2007-12-31": "", "2007-09-30": "0.26750", "2007-06-30": "1.20780", "2007-03-31": "", "2006-12-31": "", "2006-09-30": "", "2006-06-30": ""}, "Debt/Equity Ratio": {"2020-10-31": "0.58810", "2020-07-31": "0.82000", "2020-04-30": "1.04070", "2020-01-31": "0.82010", "2019-10-31": "0.83370", "2019-07-31": "0.81670", "2019-04-30": "7.56510", "2019-01-31": "1.46730", "2018-10-31": "0.38860", "2018-07-31": "0.40780", "2018-04-30": "0.43850", "2018-01-31": "0.49100", "2017-10-31": "0.51150", "2017-07-31": "0.17440", "2017-04-30": "0.18590", "2017-01-31": "", "2016-12-31": "0.18530", "2016-09-30": "0.18440", "2016-06-30": "0.17370", "2016-03-31": "0.18140", "2015-12-31": "0.18930", "2015-09-30": "0.19910", "2015-06-30": "0.20520", "2015-03-31": "0.20040", "2014-12-31": "0.19770", "2014-09-30": "0.20170", "2014-06-30": "0.21160", "2014-03-31": "0.21220", "2013-12-31": "0.06600", "2013-09-30": "0.06890", "2013-06-30": "0.07310", "2013-03-31": "0.07610", "2012-12-31": "0.07840", "2012-09-30": "0.08090", "2012-06-30": "0.08460", "2012-03-31": "0.08660", "2011-12-31": "0.09430", "2011-09-30": "0.10100", "2011-06-30": "0.10460", "2011-03-31": "0.11270", "2010-12-31": "0.11820", "2010-09-30": "0.12730", "2010-06-30": "0.13610", "2010-03-31": "0.15110", "2009-12-31": "0.16410", "2009-09-30": "0.17650", "2009-06-30": "0.19170", "2009-03-31": "0.20560", "2008-12-31": "0.21740", "2008-09-30": "0.23920", "2008-06-30": "0.26270", "2008-03-31": "0.30970", "2007-12-31": "", "2007-09-30": "0.36520", "2007-06-30": "-5.81280", "2007-03-31": "", "2006-12-31": "", "2006-09-30": "", "2006-06-30": ""}, "Gross Margin": {"2020-10-31": "81.98320", "2020-07-31": "83.02610", "2020-04-30": "82.29700", "2020-01-31": "84.60790", "2019-10-31": "82.83130", "2019-07-31": "83.24470", "2019-04-30": "82.48980", "2019-01-31": "80.31570", "2018-10-31": "85.68180", "2018-07-31": "85.97060", "2018-04-30": "85.25900", "2018-01-31": "78.89670", "2017-10-31": "85.65530", "2017-07-31": "86.02480", "2017-04-30": "83.62610", "2017-01-31": "", "2016-12-31": "87.25200", "2016-09-30": "85.03940", "2016-06-30": "84.58360", "2016-03-31": "84.20390", "2015-12-31": "84.05540", "2015-09-30": "84.56940", "2015-06-30": "83.56350", "2015-03-31": "83.91790", "2014-12-31": "83.60730", "2014-09-30": "84.02640", "2014-06-30": "85.03780", "2014-03-31": "85.22060", "2013-12-31": "89.40350", "2013-09-30": "85.80300", "2013-06-30": "86.08210", "2013-03-31": "84.71870", "2012-12-31": "85.99270", "2012-09-30": "84.21520", "2012-06-30": "84.03380", "2012-03-31": "83.80230", "2011-12-31": "84.60820", "2011-09-30": "83.78310", "2011-06-30": "83.44840", "2011-03-31": "82.23380", "2010-12-31": "83.24830", "2010-09-30": "82.28030", "2010-06-30": "82.46750", "2010-03-31": "82.85010", "2009-12-31": "80.59770", "2009-09-30": "80.38330", "2009-06-30": "82.19210", "2009-03-31": "84.05240", "2008-12-31": "84.22920", "2008-09-30": "84.22990", "2008-06-30": "82.34460", "2008-03-31": "82.38830", "2007-12-31": "", "2007-09-30": "83.60860", "2007-06-30": "83.55360", "2007-03-31": "82.98230", "2006-12-31": "", "2006-09-30": "80.13200", "2006-06-30": "82.98650"}, "Operating Margin": {"2020-10-31": "14.94410", "2020-07-31": "18.57390", "2020-04-30": "15.28900", "2020-01-31": "8.13540", "2019-10-31": "13.96840", "2019-07-31": "17.70520", "2019-04-30": "14.44900", "2019-01-31": "12.90620", "2018-10-31": "22.50000", "2018-07-31": "23.41310", "2018-04-30": "19.02390", "2018-01-31": "13.58760", "2017-10-31": "21.15580", "2017-07-31": "21.99790", "2017-04-30": "14.78750", "2017-01-31": "", "2016-12-31": "30.35040", "2016-09-30": "21.42860", "2016-06-30": "19.07860", "2016-03-31": "12.08310", "2015-12-31": "22.95670", "2015-09-30": "19.49760", "2015-06-30": "13.54370", "2015-03-31": "14.42750", "2014-12-31": "13.40830", "2014-09-30": "15.97360", "2014-06-30": "13.72680", "2014-03-31": "17.72060", "2013-12-31": "25.01220", "2013-09-30": "22.26530", "2013-06-30": "21.72160", "2013-03-31": "13.43410", "2012-12-31": "18.48510", "2012-09-30": "16.75490", "2012-06-30": "18.86910", "2012-03-31": "20.58080", "2011-12-31": "25.07400", "2011-09-30": "19.18760", "2011-06-30": "20.28770", "2011-03-31": "18.19350", "2010-12-31": "19.41270", "2010-09-30": "13.16240", "2010-06-30": "15.01420", "2010-03-31": "16.12960", "2009-12-31": "1.35110", "2009-09-30": "4.74450", "2009-06-30": "8.33900", "2009-03-31": "18.47780", "2008-12-31": "15.87880", "2008-09-30": "21.39710", "2008-06-30": "13.37340", "2008-03-31": "11.04380", "2007-12-31": "", "2007-09-30": "18.37540", "2007-06-30": "15.74500", "2007-03-31": "17.92920", "2006-12-31": "", "2006-09-30": "14.84700", "2006-06-30": "16.47470"}, "EBIT Margin": {"2020-10-31": "14.94410", "2020-07-31": "18.57390", "2020-04-30": "15.28900", "2020-01-31": "8.13540", "2019-10-31": "13.96840", "2019-07-31": "17.70520", "2019-04-30": "14.44900", "2019-01-31": "12.90620", "2018-10-31": "22.50000", "2018-07-31": "23.41310", "2018-04-30": "19.02390", "2018-01-31": "13.58760", "2017-10-31": "21.15580", "2017-07-31": "21.99790", "2017-04-30": "14.78750", "2017-01-31": "", "2016-12-31": "30.35040", "2016-09-30": "21.42860", "2016-06-30": "19.07860", "2016-03-31": "12.08310", "2015-12-31": "22.95670", "2015-09-30": "19.49760", "2015-06-30": "13.54370", "2015-03-31": "14.42750", "2014-12-31": "13.40830", "2014-09-30": "15.97360", "2014-06-30": "13.72680", "2014-03-31": "17.72060", "2013-12-31": "25.01220", "2013-09-30": "22.26530", "2013-06-30": "21.72160", "2013-03-31": "13.43410", "2012-12-31": "18.48510", "2012-09-30": "16.75490", "2012-06-30": "18.86910", "2012-03-31": "20.58080", "2011-12-31": "25.07400", "2011-09-30": "19.18760", "2011-06-30": "20.28770", "2011-03-31": "18.19350", "2010-12-31": "19.41270", "2010-09-30": "13.16240", "2010-06-30": "15.01420", "2010-03-31": "16.12960", "2009-12-31": "1.35110", "2009-09-30": "4.74450", "2009-06-30": "8.33900", "2009-03-31": "18.47780", "2008-12-31": "15.87880", "2008-09-30": "21.39710", "2008-06-30": "13.37340", "2008-03-31": "11.04380", "2007-12-31": "", "2007-09-30": "18.37540", "2007-06-30": "15.74500", "2007-03-31": "17.92920", "2006-12-31": "", "2006-09-30": "14.84700", "2006-06-30": "16.47470"}, "EBITDA Margin": {"2020-10-31": "", "2020-07-31": "", "2020-04-30": "", "2020-01-31": "", "2019-10-31": "", "2019-07-31": "", "2019-04-30": "", "2019-01-31": "", "2018-10-31": "", "2018-07-31": "", "2018-04-30": "", "2018-01-31": "", "2017-10-31": "", "2017-07-31": "", "2017-04-30": "", "2017-01-31": "", "2016-12-31": "", "2016-09-30": "", "2016-06-30": "", "2016-03-31": "", "2015-12-31": "", "2015-09-30": "", "2015-06-30": "", "2015-03-31": "", "2014-12-31": "", "2014-09-30": "", "2014-06-30": "", "2014-03-31": "", "2013-12-31": "", "2013-09-30": "", "2013-06-30": "", "2013-03-31": "", "2012-12-31": "", "2012-09-30": "", "2012-06-30": "", "2012-03-31": "", "2011-12-31": "", "2011-09-30": "", "2011-06-30": "", "2011-03-31": "", "2010-12-31": "", "2010-09-30": "", "2010-06-30": "", "2010-03-31": "", "2009-12-31": "", "2009-09-30": "", "2009-06-30": "", "2009-03-31": "", "2008-12-31": "", "2008-09-30": "", "2008-06-30": "", "2008-03-31": "", "2007-12-31": "", "2007-09-30": "", "2007-06-30": "", "2007-03-31": "", "2006-12-31": "", "2006-09-30": "", "2006-06-30": ""}, "Pre-Tax Profit Margin": {"2020-10-31": "19.34360", "2020-07-31": "17.21740", "2020-04-30": "13.46010", "2020-01-31": "7.81000", "2019-10-31": "13.55420", "2019-07-31": "18.50300", "2019-04-30": "14.32650", "2019-01-31": "-14.32990", "2018-10-31": "15.68180", "2018-07-31": "35.51060", "2018-04-30": "58.51590", "2018-01-31": "14.40210", "2017-10-31": "21.31060", "2017-07-31": "25.56940", "2017-04-30": "15.92070", "2017-01-31": "", "2016-12-31": "31.36350", "2016-09-30": "21.76600", "2016-06-30": "19.90550", "2016-03-31": "12.58650", "2015-12-31": "23.31400", "2015-09-30": "19.43780", "2015-06-30": "14.00390", "2015-03-31": "14.69230", "2014-12-31": "12.19720", "2014-09-30": "16.10560", "2014-06-30": "13.86410", "2014-03-31": "18.01470", "2013-12-31": "27.12630", "2013-09-30": "23.89450", "2013-06-30": "23.65250", "2013-03-31": "13.76990", "2012-12-31": "16.19700", "2012-09-30": "17.19580", "2012-06-30": "19.06500", "2012-03-31": "21.21970", "2011-12-31": "28.80120", "2011-09-30": "19.44650", "2011-06-30": "26.73380", "2011-03-31": "18.50300", "2010-12-31": "18.04670", "2010-09-30": "13.54510", "2010-06-30": "14.38540", "2010-03-31": "15.41180", "2009-12-31": "0.72820", "2009-09-30": "6.50820", "2009-06-30": "8.53040", "2009-03-31": "18.17250", "2008-12-31": "16.74780", "2008-09-30": "21.92870", "2008-06-30": "14.05330", "2008-03-31": "11.64600", "2007-12-31": "", "2007-09-30": "18.52570", "2007-06-30": "13.98530", "2007-03-31": "19.10280", "2006-12-31": "", "2006-09-30": "15.35760", "2006-06-30": "16.29440"}, "Net Profit Margin": {"2020-10-31": "15.15360", "2020-07-31": "15.54780", "2020-04-30": "14.11850", "2020-01-31": "10.47840", "2019-10-31": "15.32380", "2019-07-31": "201.48180", "2019-04-30": "15.51020", "2019-01-31": "-8.35650", "2018-10-31": "15.18180", "2018-07-31": "29.62280", "2018-04-30": "46.91240", "2018-01-31": "-22.54720", "2017-10-31": "20.38180", "2017-07-31": "21.01450", "2017-04-30": "13.88100", "2017-01-31": "", "2016-12-31": "25.28490", "2016-09-30": "17.94150", "2016-06-30": "15.65270", "2016-03-31": "10.13220", "2015-12-31": "19.51760", "2015-09-30": "15.31100", "2015-06-30": "11.30840", "2015-03-31": "12.97150", "2014-12-31": "8.95330", "2014-09-30": "12.80530", "2014-06-30": "11.46190", "2014-03-31": "14.63240", "2013-12-31": "25.00840", "2013-09-30": "20.24830", "2013-06-30": "19.71040", "2013-03-31": "14.52560", "2012-12-31": "11.72120", "2012-09-30": "13.84480", "2012-06-30": "17.07040", "2012-03-31": "18.14250", "2011-12-31": "27.87120", "2011-09-30": "18.84970", "2011-06-30": "23.89880", "2011-03-31": "14.91160", "2010-12-31": "15.03530", "2010-09-30": "11.84470", "2010-06-30": "11.06060", "2010-03-31": "12.37840", "2009-12-31": "2.80130", "2009-09-30": "7.80380", "2009-06-30": "7.14000", "2009-03-31": "14.87000", "2008-12-31": "15.51640", "2008-09-30": "17.64120", "2008-06-30": "11.47400", "2008-03-31": "9.82600", "2007-12-31": "", "2007-09-30": "18.07580", "2007-06-30": "11.53000", "2007-03-31": "15.87970", "2006-12-31": "", "2006-09-30": "10.18560", "2006-06-30": "9.69640"}, "Asset Turnover": {"2020-10-31": "0.10480", "2020-07-31": "0.10200", "2020-04-30": "0.09610", "2020-01-31": "0.11690", "2019-10-31": "0.12070", "2019-07-31": "0.12920", "2019-04-30": "0.16360", "2019-01-31": "0.18370", "2018-10-31": "0.09180", "2018-07-31": "0.09290", "2018-04-30": "0.09090", "2018-01-31": "0.12740", "2017-10-31": "0.09890", "2017-07-31": "0.11250", "2017-04-30": "0.10870", "2017-01-31": "", "2016-12-31": "0.14230", "2016-09-30": "0.11200", "2016-06-30": "0.10270", "2016-03-31": "0.10030", "2015-12-31": "0.14220", "2015-09-30": "0.11300", "2015-06-30": "0.10240", "2015-03-31": "0.10200", "2014-12-31": "0.15190", "2014-09-30": "0.10430", "2014-06-30": "0.10290", "2014-03-31": "0.09930", "2013-12-31": "0.15370", "2013-09-30": "0.11250", "2013-06-30": "0.11150", "2013-03-31": "0.11150", "2012-12-31": "0.17910", "2012-09-30": "0.11480", "2012-06-30": "0.11820", "2012-03-31": "0.11560", "2011-12-31": "0.20110", "2011-09-30": "0.12040", "2011-06-30": "0.12210", "2011-03-31": "0.11970", "2010-12-31": "0.21210", "2010-09-30": "0.11770", "2010-06-30": "0.11620", "2010-03-31": "0.12000", "2009-12-31": "0.12980", "2009-09-30": "0.11020", "2009-06-30": "0.10950", "2009-03-31": "0.11840", "2008-12-31": "0.25210", "2008-09-30": "0.13650", "2008-06-30": "0.14220", "2008-03-31": "0.15100", "2007-12-31": "", "2007-09-30": "0.14420", "2007-06-30": "0.20870", "2007-03-31": "", "2006-12-31": "", "2006-09-30": "", "2006-06-30": ""}, "Inventory Turnover Ratio": {"2020-10-31": "", "2020-07-31": "", "2020-04-30": "", "2020-01-31": "", "2019-10-31": "", "2019-07-31": "", "2019-04-30": "", "2019-01-31": "", "2018-10-31": "", "2018-07-31": "", "2018-04-30": "", "2018-01-31": "", "2017-10-31": "", "2017-07-31": "", "2017-04-30": "", "2017-01-31": "", "2016-12-31": "", "2016-09-30": "", "2016-06-30": "", "2016-03-31": "", "2015-12-31": "", "2015-09-30": "", "2015-06-30": "", "2015-03-31": "", "2014-12-31": "", "2014-09-30": "", "2014-06-30": "", "2014-03-31": "", "2013-12-31": "", "2013-09-30": "", "2013-06-30": "", "2013-03-31": "", "2012-12-31": "", "2012-09-30": "", "2012-06-30": "", "2012-03-31": "", "2011-12-31": "", "2011-09-30": "", "2011-06-30": "", "2011-03-31": "", "2010-12-31": "", "2010-09-30": "", "2010-06-30": "", "2010-03-31": "", "2009-12-31": "", "2009-09-30": "", "2009-06-30": "", "2009-03-31": "", "2008-12-31": "", "2008-09-30": "", "2008-06-30": "", "2008-03-31": "", "2007-12-31": "", "2007-09-30": "", "2007-06-30": "", "2007-03-31": "", "2006-12-31": "", "2006-09-30": "", "2006-06-30": ""}, "Receiveable Turnover": {"2020-10-31": "1.16380", "2020-07-31": "1.00280", "2020-04-30": "1.18770", "2020-01-31": "0.92010", "2019-10-31": "1.18520", "2019-07-31": "1.16000", "2019-04-30": "1.49940", "2019-01-31": "1.14860", "2018-10-31": "1.33900", "2018-07-31": "1.27130", "2018-04-30": "1.69880", "2018-01-31": "1.40240", "2017-10-31": "1.67940", "2017-07-31": "1.38400", "2017-04-30": "1.77570", "2017-01-31": "", "2016-12-31": "1.19170", "2016-09-30": "1.55690", "2016-06-30": "1.29140", "2016-03-31": "1.44320", "2015-12-31": "1.31170", "2015-09-30": "1.61390", "2015-06-30": "1.25290", "2015-03-31": "1.52630", "2014-12-31": "1.47360", "2014-09-30": "1.58310", "2014-06-30": "1.25710", "2014-03-31": "1.63860", "2013-12-31": "1.55310", "2013-09-30": "1.63370", "2013-06-30": "1.27540", "2013-03-31": "1.52360", "2012-12-31": "1.55720", "2012-09-30": "1.55370", "2012-06-30": "1.38580", "2012-03-31": "1.56210", "2011-12-31": "1.82440", "2011-09-30": "1.68040", "2011-06-30": "1.48030", "2011-03-31": "1.57950", "2010-12-31": "2.15100", "2010-09-30": "1.83380", "2010-06-30": "1.48840", "2010-03-31": "1.77600", "2009-12-31": "1.17290", "2009-09-30": "1.91530", "2009-06-30": "1.62690", "2009-03-31": "1.25390", "2008-12-31": "2.15490", "2008-09-30": "1.27540", "2008-06-30": "1.11420", "2008-03-31": "1.54120", "2007-12-31": "", "2007-09-30": "1.48600", "2007-06-30": "1.01620", "2007-03-31": "", "2006-12-31": "", "2006-09-30": "", "2006-06-30": ""}, "Days Sales In Receivables": {"2020-10-31": "77.33590", "2020-07-31": "89.74960", "2020-04-30": "75.77910", "2020-01-31": "97.81970", "2019-10-31": "75.93750", "2019-07-31": "77.58740", "2019-04-30": "60.02450", "2019-01-31": "78.35650", "2018-10-31": "67.21360", "2018-07-31": "70.79120", "2018-04-30": "52.97810", "2018-01-31": "64.17620", "2017-10-31": "53.59130", "2017-07-31": "65.03110", "2017-04-30": "50.68560", "2017-01-31": "", "2016-12-31": "75.52550", "2016-09-30": "57.80650", "2016-06-30": "69.69290", "2016-03-31": "62.36000", "2015-12-31": "68.61550", "2015-09-30": "55.76560", "2015-06-30": "71.83430", "2015-03-31": "58.96760", "2014-12-31": "61.07700", "2014-09-30": "56.85150", "2014-06-30": "71.59230", "2014-03-31": "54.92650", "2013-12-31": "57.94750", "2013-09-30": "55.08920", "2013-06-30": "70.56640", "2013-03-31": "59.06970", "2012-12-31": "57.79670", "2012-09-30": "57.92620", "2012-06-30": "64.94360", "2012-03-31": "57.61510", "2011-12-31": "49.33140", "2011-09-30": "53.56030", "2011-06-30": "60.79880", "2011-03-31": "56.98060", "2010-12-31": "41.84130", "2010-09-30": "49.07930", "2010-06-30": "60.46590", "2010-03-31": "50.67510", "2009-12-31": "76.73430", "2009-09-30": "46.98920", "2009-06-30": "55.32000", "2009-03-31": "71.77710", "2008-12-31": "41.76520", "2008-09-30": "70.56540", "2008-06-30": "80.77360", "2008-03-31": "58.39630", "2007-12-31": "", "2007-09-30": "60.56420", "2007-06-30": "88.56640", "2007-03-31": "", "2006-12-31": "", "2006-09-30": "", "2006-06-30": ""}, "ROE - Return On Equity": {"2020-10-31": "5.12030", "2020-07-31": "5.65320", "2020-04-30": "5.19660", "2020-01-31": "4.50850", "2019-10-31": "6.70790", "2019-07-31": "101.65420", "2019-04-30": "65.06240", "2019-01-31": "-11.41470", "2018-10-31": "3.06110", "2018-07-31": "6.19710", "2018-04-30": "9.75160", "2018-01-31": "-7.20080", "2017-10-31": "4.77400", "2017-07-31": "4.72150", "2017-04-30": "3.03670", "2017-01-31": "", "2016-12-31": "7.39780", "2016-09-30": "3.92180", "2016-06-30": "3.06860", "2016-03-31": "1.94660", "2015-12-31": "5.51560", "2015-09-30": "3.39790", "2015-06-30": "2.35260", "2015-03-31": "2.61890", "2014-12-31": "2.72870", "2014-09-30": "2.60890", "2014-06-30": "2.35580", "2014-03-31": "2.81470", "2013-12-31": "6.95220", "2013-09-30": "3.99880", "2013-06-30": "3.97970", "2013-03-31": "2.92580", "2012-12-31": "3.87620", "2012-09-30": "2.82130", "2012-06-30": "3.60290", "2012-03-31": "3.68460", "2011-12-31": "10.19730", "2011-09-30": "3.98610", "2011-06-30": "5.11940", "2011-03-31": "3.15120", "2010-12-31": "5.69130", "2010-09-30": "2.39350", "2010-06-30": "2.25490", "2010-03-31": "2.63240", "2009-12-31": "0.67150", "2009-09-30": "1.49930", "2009-06-30": "1.38610", "2009-03-31": "3.19560", "2008-12-31": "7.25340", "2008-09-30": "4.42720", "2008-06-30": "3.05520", "2008-03-31": "2.96360", "2007-12-31": "", "2007-09-30": "5.24880", "2007-06-30": "-24.86720", "2007-03-31": "", "2006-12-31": "", "2006-09-30": "", "2006-06-30": ""}, "Return On Tangible Equity": {"2020-10-31": "-20.26140", "2020-07-31": "-16.26050", "2020-04-30": "-12.73510", "2020-01-31": "-9.04930", "2019-10-31": "-16.34540", "2019-07-31": "-586.57040", "2019-04-30": "-6.95900", "2019-01-31": "6.00760", "2018-10-31": "6.22670", "2018-07-31": "12.15090", "2018-04-30": "20.79930", "2018-01-31": "-17.85000", "2017-10-31": "11.09550", "2017-07-31": "10.53720", "2017-04-30": "6.87820", "2017-01-31": "", "2016-12-31": "16.88280", "2016-09-30": "8.95060", "2016-06-30": "6.57890", "2016-03-31": "4.35610", "2015-12-31": "13.18650", "2015-09-30": "8.80330", "2015-06-30": "6.49550", "2015-03-31": "7.04020", "2014-12-31": "7.20250", "2014-09-30": "7.10880", "2014-06-30": "6.98160", "2014-03-31": "8.52980", "2013-12-31": "14.89200", "2013-09-30": "8.79680", "2013-06-30": "9.56060", "2013-03-31": "7.83340", "2012-12-31": "10.30060", "2012-09-30": "8.23770", "2012-06-30": "6.20150", "2012-03-31": "6.27990", "2011-12-31": "18.68180", "2011-09-30": "7.83130", "2011-06-30": "10.21010", "2011-03-31": "5.71350", "2010-12-31": "10.68310", "2010-09-30": "4.87200", "2010-06-30": "4.60840", "2010-03-31": "4.71840", "2009-12-31": "1.20180", "2009-09-30": "2.85820", "2009-06-30": "2.12880", "2009-03-31": "5.12830", "2008-12-31": "12.08950", "2008-09-30": "7.55460", "2008-06-30": "5.26060", "2008-03-31": "5.87030", "2007-12-31": "", "2007-09-30": "11.43940", "2007-06-30": "-4.54390", "2007-03-31": "", "2006-12-31": "", "2006-09-30": "", "2006-06-30": ""}, "ROA - Return On Assets": {"2020-10-31": "1.58830", "2020-07-31": "1.58650", "2020-04-30": "1.35710", "2020-01-31": "1.20180", "2019-10-31": "1.77260", "2019-07-31": "25.94250", "2019-04-30": "2.43770", "2019-01-31": "-1.87570", "2018-10-31": "1.39390", "2018-07-31": "2.75110", "2018-04-30": "4.26480", "2018-01-31": "-2.92840", "2017-10-31": "2.01590", "2017-07-31": "2.36390", "2017-04-30": "1.50850", "2017-01-31": "", "2016-12-31": "3.59910", "2016-09-30": "2.01020", "2016-06-30": "1.60760", "2016-03-31": "1.01670", "2015-12-31": "2.77530", "2015-09-30": "1.73080", "2015-06-30": "1.15800", "2015-03-31": "1.32370", "2014-12-31": "1.36040", "2014-09-30": "1.33620", "2014-06-30": "1.17950", "2014-03-31": "1.45270", "2013-12-31": "3.84410", "2013-09-30": "2.27870", "2013-06-30": "2.19800", "2013-03-31": "1.61970", "2012-12-31": "2.09980", "2012-09-30": "1.58910", "2012-06-30": "2.01770", "2012-03-31": "2.09780", "2011-12-31": "5.60360", "2011-09-30": "2.27020", "2011-06-30": "2.91890", "2011-03-31": "1.78480", "2010-12-31": "3.18880", "2010-09-30": "1.39470", "2010-06-30": "1.28580", "2010-03-31": "1.48550", "2009-12-31": "0.36350", "2009-09-30": "0.86020", "2009-06-30": "0.78180", "2009-03-31": "1.75990", "2008-12-31": "3.91100", "2008-09-30": "2.40810", "2008-06-30": "1.63190", "2008-03-31": "1.48390", "2007-12-31": "", "2007-09-30": "2.60620", "2007-06-30": "2.40600", "2007-03-31": "", "2006-12-31": "", "2006-09-30": "", "2006-06-30": ""}, "ROI - Return On Investment": {"2020-10-31": "3.22410", "2020-07-31": "3.46750", "2020-04-30": "3.11040", "2020-01-31": "3.15680", "2019-10-31": "4.42480", "2019-07-31": "55.95550", "2019-04-30": "7.59630", "2019-01-31": "-4.62640", "2018-10-31": "2.20450", "2018-07-31": "4.40190", "2018-04-30": "6.77890", "2018-01-31": "-4.82970", "2017-10-31": "3.15850", "2017-07-31": "4.31040", "2017-04-30": "2.75650", "2017-01-31": "", "2016-12-31": "6.24150", "2016-09-30": "3.31120", "2016-06-30": "2.61440", "2016-03-31": "1.64770", "2015-12-31": "4.63760", "2015-09-30": "2.83370", "2015-06-30": "1.95210", "2015-03-31": "2.18170", "2014-12-31": "2.27820", "2014-09-30": "2.17100", "2014-06-30": "1.94430", "2014-03-31": "2.32210", "2013-12-31": "6.52170", "2013-09-30": "3.74090", "2013-06-30": "3.70860", "2013-03-31": "2.71890", "2012-12-31": "3.59440", "2012-09-30": "2.61020", "2012-06-30": "3.32200", "2012-03-31": "3.39090", "2011-12-31": "9.31830", "2011-09-30": "3.62030", "2011-06-30": "4.63450", "2011-03-31": "2.83200", "2010-12-31": "5.08990", "2010-09-30": "2.12320", "2010-06-30": "1.98470", "2010-03-31": "2.28700", "2009-12-31": "0.57690", "2009-09-30": "1.27430", "2009-06-30": "1.16310", "2009-03-31": "2.65060", "2008-12-31": "5.95820", "2008-09-30": "3.57270", "2008-06-30": "2.41960", "2008-03-31": "2.26270", "2007-12-31": "", "2007-09-30": "3.84480", "2007-06-30": "5.16690", "2007-03-31": "", "2006-12-31": "", "2006-09-30": "", "2006-06-30": ""}, "Book Value Per Share": {"2020-10-31": "20.15590", "2020-07-31": "18.80520", "2020-04-30": "17.71570", "2020-01-31": "16.77980", "2019-10-31": "14.19000", "2019-07-31": "12.69620", "2019-04-30": "1.36740", "2019-01-31": "7.03890", "2018-10-31": "26.61220", "2018-07-31": "25.47570", "2018-04-30": "23.76770", "2018-01-31": "21.35840", "2017-10-31": "20.48940", "2017-07-31": "20.99100", "2017-04-30": "19.75470", "2017-01-31": "", "2016-12-31": "19.82850", "2016-09-30": "19.65350", "2016-06-30": "20.28220", "2016-03-31": "19.50310", "2015-12-31": "18.77720", "2015-09-30": "17.86160", "2015-06-30": "17.28700", "2015-03-31": "17.58640", "2014-12-31": "17.66820", "2014-09-30": "17.24880", "2014-06-30": "16.48670", "2014-03-31": "16.40810", "2013-12-31": "15.83830", "2013-09-30": "15.21450", "2013-06-30": "14.32030", "2013-03-31": "13.80310", "2012-12-31": "13.38000", "2012-09-30": "12.99170", "2012-06-30": "12.45290", "2012-03-31": "12.17200", "2011-12-31": "11.26100", "2011-09-30": "10.55240", "2011-06-30": "10.20060", "2011-03-31": "9.54980", "2010-12-31": "9.13950", "2010-09-30": "8.53310", "2010-06-30": "8.05730", "2010-03-31": "7.31420", "2009-12-31": "6.81000", "2009-09-30": "6.37620", "2009-06-30": "5.94300", "2009-03-31": "5.59560", "2008-12-31": "5.30180", "2008-09-30": "4.83050", "2008-06-30": "4.41540", "2008-03-31": "3.78650", "2007-12-31": "", "2007-09-30": "3.21780", "2007-06-30": "-0.41390", "2007-03-31": "", "2006-12-31": "", "2006-09-30": "", "2006-06-30": ""}, "Operating Cash Flow Per Share": {"2020-10-31": 2.3365, "2020-07-31": 1.6901, "2020-04-30": "3.25970", "2020-01-31": 2.5175, "2019-10-31": 1.8009, "2019-07-31": 1.5179, "2019-04-30": "3.26930", "2019-01-31": 2.2878, "2018-10-31": 1.8423, "2018-07-31": 1.889, "2018-04-30": "2.66470", "2018-01-31": 1.6367, "2017-10-31": 2.3442, "2017-07-31": 1.5102, "2017-04-30": "1.87670", "2017-01-31": -5.6109, "2016-12-31": 1.1004, "2016-09-30": 1.4738, "2016-06-30": 1.3393, "2016-03-31": "1.69740", "2015-12-31": 1.124, "2015-09-30": 0.9873, "2015-06-30": 0.7542, "2015-03-31": "1.58650", "2014-12-31": 0.9514, "2014-09-30": 1.3964, "2014-06-30": 0.9441, "2014-03-31": "1.72520", "2013-12-31": 1.5828, "2013-09-30": 1.4651, "2013-06-30": 1.2385, "2013-03-31": "1.56250", "2012-12-31": 1.1287, "2012-09-30": 1.0154, "2012-06-30": 0.8961, "2012-03-31": "1.33100", "2011-12-31": 1.3022, "2011-09-30": 1.205, "2011-06-30": 1.0719, "2011-03-31": "1.11340", "2010-12-31": 0.9736, "2010-09-30": 0.4476, "2010-06-30": 0.5007, "2010-03-31": "0.85150", "2009-12-31": 0.7232, "2009-09-30": 0.4726, "2009-06-30": 0.6068, "2009-03-31": "0.66280", "2008-12-31": 0.6769, "2008-09-30": 0.6262, "2008-06-30": 0.3768, "2008-03-31": "0.33460", "2007-12-31": -1.0551, "2007-09-30": 0.4821, "2007-06-30": 0.2575, "2007-03-31": "0.31550", "2006-12-31": -0.4663, "2006-09-30": -0.0129, "2006-06-30": 0.4792}, "Free Cash Flow Per Share": {"2020-10-31": 2.1384, "2020-07-31": 1.5112, "2020-04-30": "3.05330", "2020-01-31": 2.3695, "2019-10-31": 1.6761, "2019-07-31": 1.3056, "2019-04-30": "3.09820", "2019-01-31": 2.114, "2018-10-31": 1.7056, "2018-07-31": 1.7448, "2018-04-30": "2.51620", "2018-01-31": 1.378, "2017-10-31": 2.2015, "2017-07-31": 1.3741, "2017-04-30": "1.75840", "2017-01-31": -5.2501, "2016-12-31": 0.9961, "2016-09-30": 1.4022, "2016-06-30": 1.2511, "2016-03-31": "1.60070", "2015-12-31": 0.9896, "2015-09-30": 0.7721, "2015-06-30": 0.5693, "2015-03-31": "1.34030", "2014-12-31": 0.7264, "2014-09-30": 1.1637, "2014-06-30": 0.7688, "2014-03-31": "1.54810", "2013-12-31": 1.357, "2013-09-30": 1.2491, "2013-06-30": 1.0646, "2013-03-31": "1.38220", "2012-12-31": 0.9429, "2012-09-30": 0.8415, "2012-06-30": 0.7943, "2012-03-31": "1.25330", "2011-12-31": 1.1796, "2011-09-30": 1.0302, "2011-06-30": 0.7921, "2011-03-31": "0.98650", "2010-12-31": 0.8379, "2010-09-30": 0.3606, "2010-06-30": 0.388, "2010-03-31": "0.72440", "2009-12-31": 0.6242, "2009-09-30": 0.4201, "2009-06-30": 0.4962, "2009-03-31": "0.49470", "2008-12-31": 0.4413, "2008-09-30": 0.4435, "2008-06-30": 0.2175, "2008-03-31": "0.20100", "2007-12-31": -0.7182, "2007-09-30": 0.324, "2007-06-30": 0.1486, "2007-03-31": "0.24560", "2006-12-31": -0.2557, "2006-09-30": -0.0905, "2006-06-30": 0.3462}}, "revenue": {"VMware Annual Revenue (Millions of US $)": {"2020": "$10,811", "2019": "$9,613", "2018": "$8,336", "2017": "$", "2016": "$7,073", "2015": "$6,571", "2014": "$6,035", "2013": "$5,207", "2012": "$4,605", "2011": "$3,767", "2010": "$2,857", "2009": "$2,024", "2008": "$1,881", "2007": "$", "2006": "$", "2005": "$"}, "VMware Quarterly Revenue (Millions of US $)": {"2020-10-31": "$2,864", "2020-07-31": "$2,875", "2020-04-30": "$2,734", "2020-01-31": "$3,073", "2019-10-31": "$2,656", "2019-07-31": "$2,632", "2019-04-30": "$2,450", "2019-01-31": "$3,231", "2018-10-31": "$2,200", "2018-07-31": "$2,174", "2018-04-30": "$2,008", "2018-01-31": "$2,701", "2017-10-31": "$1,938", "2017-07-31": "$1,932", "2017-04-30": "$1,765", "2017-01-31": "", "2016-12-31": "$2,369", "2016-09-30": "$1,778", "2016-06-30": "$1,693", "2016-03-31": "$1,589", "2015-12-31": "$2,239", "2015-09-30": "$1,672", "2015-06-30": "$1,521", "2015-03-31": "$1,511", "2014-12-31": "$2,312", "2014-09-30": "$1,515", "2014-06-30": "$1,457", "2014-03-31": "$1,360", "2013-12-31": "$1,895", "2013-09-30": "$1,289", "2013-06-30": "$1,243", "2013-03-31": "$1,191", "2012-12-31": "$1,898", "2012-09-30": "$1,134", "2012-06-30": "$1,123", "2012-03-31": "$1,055", "2011-12-31": "$1,745", "2011-09-30": "$942", "2011-06-30": "$921", "2011-03-31": "$844", "2010-12-31": "$1,442", "2010-09-30": "$714", "2010-06-30": "$674", "2010-03-31": "$634", "2009-12-31": "$658", "2009-09-30": "$490", "2009-06-30": "$456", "2009-03-31": "$470", "2008-12-31": "$968", "2008-09-30": "$472", "2008-06-30": "$456", "2008-03-31": "$438", "2007-12-31": "", "2007-09-30": "$358", "2007-06-30": "$297", "2007-03-31": "$259", "2006-12-31": "", "2006-09-30": "$189", "2006-06-30": "$156"}}, "gross-profit": {"VMware Annual Gross Profit (Millions of US $)": {"2020": "$9,012", "2019": "$8,061", "2018": "$6,929", "2017": "$", "2016": "$6,020", "2015": "$5,553", "2014": "$5,118", "2013": "$4,477", "2012": "$3,884", "2011": "$3,145", "2010": "$2,364", "2009": "$1,664", "2008": "$1,577", "2007": "$", "2006": "$", "2005": "$"}, "VMware Quarterly Gross Profit (Millions of US $)": {"2020-10-31": "$2,348", "2020-07-31": "$2,387", "2020-04-30": "$2,250", "2020-01-31": "$2,600", "2019-10-31": "$2,200", "2019-07-31": "$2,191", "2019-04-30": "$2,021", "2019-01-31": "$2,595", "2018-10-31": "$1,885", "2018-07-31": "$1,869", "2018-04-30": "$1,712", "2018-01-31": "$2,131", "2017-10-31": "$1,660", "2017-07-31": "$1,662", "2017-04-30": "$1,476", "2017-01-31": "", "2016-12-31": "$2,067", "2016-09-30": "$1,512", "2016-06-30": "$1,432", "2016-03-31": "$1,338", "2015-12-31": "$1,882", "2015-09-30": "$1,414", "2015-06-30": "$1,271", "2015-03-31": "$1,268", "2014-12-31": "$1,933", "2014-09-30": "$1,273", "2014-06-30": "$1,239", "2014-03-31": "$1,159", "2013-12-31": "$1,694", "2013-09-30": "$1,106", "2013-06-30": "$1,070", "2013-03-31": "$1,009", "2012-12-31": "$1,632", "2012-09-30": "$955", "2012-06-30": "$944", "2012-03-31": "$884", "2011-12-31": "$1,477", "2011-09-30": "$789", "2011-06-30": "$769", "2011-03-31": "$694", "2010-12-31": "$1,200", "2010-09-30": "$588", "2010-06-30": "$556", "2010-03-31": "$525", "2009-12-31": "$530", "2009-09-30": "$394", "2009-06-30": "$375", "2009-03-31": "$395", "2008-12-31": "$815", "2008-09-30": "$398", "2008-06-30": "$376", "2008-03-31": "$361", "2007-12-31": "", "2007-09-30": "$299", "2007-06-30": "$248", "2007-03-31": "$215", "2006-12-31": "", "2006-09-30": "$151", "2006-06-30": "$130"}}, "operating-income": {"VMware Annual Operating Income (Millions of US $)": {"2020": "$1,441", "2019": "$1,803", "2018": "$1,463", "2017": "$", "2016": "$1,469", "2015": "$1,197", "2014": "$1,027", "2013": "$1,093", "2012": "$872", "2011": "$735", "2010": "$428", "2009": "$219", "2008": "$313", "2007": "$-586", "2006": "$-308", "2005": "$-156"}, "VMware Quarterly Operating Income (Millions of US $)": {"2020-10-31": "$428", "2020-07-31": "$534", "2020-04-30": "$418", "2020-01-31": "$250", "2019-10-31": "$371", "2019-07-31": "$466", "2019-04-30": "$354", "2019-01-31": "$417", "2018-10-31": "$495", "2018-07-31": "$509", "2018-04-30": "$382", "2018-01-31": "$367", "2017-10-31": "$410", "2017-07-31": "$425", "2017-04-30": "$261", "2017-01-31": "", "2016-12-31": "$719", "2016-09-30": "$381", "2016-06-30": "$323", "2016-03-31": "$192", "2015-12-31": "$514", "2015-09-30": "$326", "2015-06-30": "$206", "2015-03-31": "$218", "2014-12-31": "$310", "2014-09-30": "$242", "2014-06-30": "$200", "2014-03-31": "$241", "2013-12-31": "$474", "2013-09-30": "$287", "2013-06-30": "$270", "2013-03-31": "$160", "2012-12-31": "$351", "2012-09-30": "$190", "2012-06-30": "$212", "2012-03-31": "$217", "2011-12-31": "$438", "2011-09-30": "$181", "2011-06-30": "$187", "2011-03-31": "$154", "2010-12-31": "$280", "2010-09-30": "$94", "2010-06-30": "$101", "2010-03-31": "$102", "2009-12-31": "$9", "2009-09-30": "$23", "2009-06-30": "$38", "2009-03-31": "$87", "2008-12-31": "$154", "2008-09-30": "$101", "2008-06-30": "$61", "2008-03-31": "$48", "2007-12-31": "", "2007-09-30": "$66", "2007-06-30": "$47", "2007-03-31": "$46", "2006-12-31": "", "2006-09-30": "$28", "2006-06-30": "$26"}}, "ebitda": {"VMware Annual EBITDA (Millions of US $)": {"2020": "$2,314", "2019": "$2,530", "2018": "$2,081", "2017": "$", "2016": "$2,011", "2015": "$1,532", "2014": "$1,372", "2013": "$1,430", "2012": "$1,227", "2011": "$1,051", "2010": "$689", "2009": "$418", "2008": "$471", "2007": "$-586", "2006": "$-308", "2005": "$-156"}, "VMware Quarterly EBITDA (Millions of US $)": {"2020-10-31": "$689", "2020-07-31": "$786", "2020-04-30": "$662", "2020-01-31": "$497", "2019-10-31": "$590", "2019-07-31": "$672", "2019-04-30": "$555", "2019-01-31": "$679", "2018-10-31": "$653", "2018-07-31": "$660", "2018-04-30": "$538", "2018-01-31": "$566", "2017-10-31": "$559", "2017-07-31": "$559", "2017-04-30": "$397", "2017-01-31": "", "2016-12-31": "$1,015", "2016-09-30": "$468", "2016-06-30": "$409", "2016-03-31": "$280", "2015-12-31": "$594", "2015-09-30": "$413", "2015-06-30": "$289", "2015-03-31": "$294", "2014-12-31": "$394", "2014-09-30": "$333", "2014-06-30": "$281", "2014-03-31": "$324", "2013-12-31": "$549", "2013-09-30": "$369", "2013-06-30": "$358", "2013-03-31": "$251", "2012-12-31": "$476", "2012-09-30": "$277", "2012-06-30": "$301", "2012-03-31": "$303", "2011-12-31": "$570", "2011-09-30": "$255", "2011-06-30": "$262", "2011-03-31": "$234", "2010-12-31": "$399", "2010-09-30": "$165", "2010-06-30": "$160", "2010-03-31": "$156", "2009-12-31": "$90", "2009-09-30": "$79", "2009-06-30": "$83", "2009-03-31": "$128", "2008-12-31": "$240", "2008-09-30": "$142", "2008-06-30": "$100", "2008-03-31": "$86", "2007-12-31": "", "2007-09-30": "$93", "2007-06-30": "$70", "2007-03-31": "$68", "2006-12-31": "", "2006-09-30": "$47", "2006-06-30": "$26"}}, "net-income": {"VMware Annual Net Income (Millions of US $)": {"2020": "$6,412", "2019": "$1,650", "2018": "$437", "2017": "$", "2016": "$1,223", "2015": "$997", "2014": "$886", "2013": "$1,014", "2012": "$746", "2011": "$724", "2010": "$357", "2009": "$197", "2008": "$290", "2007": "$218", "2006": "$86", "2005": "$67"}, "VMware Quarterly Net Income (Millions of US $)": {"2020-10-31": "$434", "2020-07-31": "$447", "2020-04-30": "$386", "2020-01-31": "$322", "2019-10-31": "$407", "2019-07-31": "$5,303", "2019-04-30": "$380", "2019-01-31": "$-270", "2018-10-31": "$334", "2018-07-31": "$644", "2018-04-30": "$942", "2018-01-31": "$-609", "2017-10-31": "$395", "2017-07-31": "$406", "2017-04-30": "$245", "2017-01-31": "", "2016-12-31": "$599", "2016-09-30": "$319", "2016-06-30": "$265", "2016-03-31": "$161", "2015-12-31": "$437", "2015-09-30": "$256", "2015-06-30": "$172", "2015-03-31": "$196", "2014-12-31": "$207", "2014-09-30": "$194", "2014-06-30": "$167", "2014-03-31": "$199", "2013-12-31": "$474", "2013-09-30": "$261", "2013-06-30": "$245", "2013-03-31": "$173", "2012-12-31": "$222", "2012-09-30": "$157", "2012-06-30": "$192", "2012-03-31": "$191", "2011-12-31": "$486", "2011-09-30": "$178", "2011-06-30": "$220", "2011-03-31": "$126", "2010-12-31": "$217", "2010-09-30": "$85", "2010-06-30": "$75", "2010-03-31": "$78", "2009-12-31": "$18", "2009-09-30": "$38", "2009-06-30": "$33", "2009-03-31": "$70", "2008-12-31": "$150", "2008-09-30": "$83", "2008-06-30": "$52", "2008-03-31": "$43", "2007-12-31": "", "2007-09-30": "$65", "2007-06-30": "$34", "2007-03-31": "$41", "2006-12-31": "", "2006-09-30": "$19", "2006-06-30": "$15"}}, "eps-earnings-per-share-diluted": {"VMware Annual EPS": {"2020": "$15.08", "2019": "$3.92", "2018": "$1.04", "2017": "$0.00", "2016": "$2.87", "2015": "$2.34", "2014": "$2.04", "2013": "$2.34", "2012": "$1.72", "2011": "$1.68", "2010": "$0.84", "2009": "$0.49", "2008": "$0.73", "2007": "$0.00", "2006": "$0.00", "2005": "$0.00"}, "VMware Quarterly EPS": {"2020-10-31": "$1.02", "2020-07-31": "$1.06", "2020-04-30": "$0.92", "2020-01-31": "$0.76", "2019-10-31": "$0.96", "2019-07-31": "$12.47", "2019-04-30": "$0.89", "2019-01-31": "$-0.74", "2018-10-31": "$0.81", "2018-07-31": "$1.56", "2018-04-30": "$2.29", "2018-01-31": "$-1.49", "2017-10-31": "$0.96", "2017-07-31": "$0.98", "2017-04-30": "$0.59", "2017-01-31": "$0.00", "2016-12-31": "$1.42", "2016-09-30": "$0.75", "2016-06-30": "$0.62", "2016-03-31": "$0.38", "2015-12-31": "$1.05", "2015-09-30": "$0.60", "2015-06-30": "$0.40", "2015-03-31": "$0.45", "2014-12-31": "$0.47", "2014-09-30": "$0.45", "2014-06-30": "$0.38", "2014-03-31": "$0.46", "2013-12-31": "$1.10", "2013-09-30": "$0.60", "2013-06-30": "$0.57", "2013-03-31": "$0.40", "2012-12-31": "$0.51", "2012-09-30": "$0.36", "2012-06-30": "$0.44", "2012-03-31": "$0.44", "2011-12-31": "$1.11", "2011-09-30": "$0.41", "2011-06-30": "$0.51", "2011-03-31": "$0.29", "2010-12-31": "$0.49", "2010-09-30": "$0.20", "2010-06-30": "$0.18", "2010-03-31": "$0.19", "2009-12-31": "$0.04", "2009-09-30": "$0.09", "2009-06-30": "$0.08", "2009-03-31": "$0.18", "2008-12-31": "$0.33", "2008-09-30": "$0.21", "2008-06-30": "$0.13", "2008-03-31": "$0.11", "2007-12-31": "$0.00", "2007-09-30": "$0.18", "2007-06-30": "$0.10", "2007-03-31": "$0.12", "2006-12-31": "$0.00", "2006-09-30": "$0.06", "2006-06-30": "$0.05"}}, "shares-outstanding": {"VMware Annual Shares Outstanding (Millions of Shares)": {"2020": "425", "2019": "421", "2018": "421", "2017": "", "2016": "424", "2015": "427", "2014": "435", "2013": "433", "2012": "434", "2011": "432", "2010": "423", "2009": "400", "2008": "397", "2007": "", "2006": "", "2005": ""}, "VMware Quarterly Shares Outstanding (Millions of Shares)": {"2020-10-31": "423", "2020-07-31": "423", "2020-04-30": "422", "2020-01-31": "425", "2019-10-31": "423", "2019-07-31": "425", "2019-04-30": "427", "2019-01-31": "421", "2018-10-31": "414", "2018-07-31": "413", "2018-04-30": "411", "2018-01-31": "421", "2017-10-31": "413", "2017-07-31": "413", "2017-04-30": "414", "2017-01-31": "", "2016-12-31": "424", "2016-09-30": "425", "2016-06-30": "427", "2016-03-31": "424", "2015-12-31": "427", "2015-09-30": "424", "2015-06-30": "427", "2015-03-31": "430", "2014-12-31": "435", "2014-09-30": "434", "2014-06-30": "434", "2014-03-31": "435", "2013-12-31": "433", "2013-09-30": "433", "2013-06-30": "432", "2013-03-31": "433", "2012-12-31": "434", "2012-09-30": "433", "2012-06-30": "435", "2012-03-31": "433", "2011-12-31": "432", "2011-09-30": "432", "2011-06-30": "430", "2011-03-31": "429", "2010-12-31": "423", "2010-09-30": "427", "2010-06-30": "422", "2010-03-31": "417", "2009-12-31": "400", "2009-09-30": "403", "2009-06-30": "396", "2009-03-31": "391", "2008-12-31": "397", "2008-09-30": "394", "2008-06-30": "399", "2008-03-31": "398", "2007-12-31": "", "2007-09-30": "369", "2007-06-30": "333", "2007-03-31": "333", "2006-12-31": "", "2006-09-30": "333", "2006-06-30": "333"}}, "total-assets": {"VMware Annual Total Assets (Millions of US $)": {"2020": "$26,294", "2019": "$17,593", "2018": "$21,206", "2017": "$16,397", "2016": "$16,643", "2015": "$15,746", "2014": "$15,216", "2013": "$12,327", "2012": "$10,596", "2011": "$8,681", "2010": "$6,797", "2009": "$5,067", "2008": "$3,839", "2007": "$284", "2006": "$196", "2005": "$0"}, "VMware Quarterly Total Assets (Millions of US $)": {"2020-10-31": "$27,324", "2020-07-31": "$28,175", "2020-04-30": "$28,442", "2020-01-31": "$26,294", "2019-10-31": "$22,002", "2019-07-31": "$20,372", "2019-04-30": "$14,973", "2019-01-31": "$17,593", "2018-10-31": "$23,962", "2018-07-31": "$23,409", "2018-04-30": "$22,088", "2018-01-31": "$21,206", "2017-10-31": "$19,594", "2017-07-31": "$17,175", "2017-04-30": "$16,241", "2017-01-31": "$16,397", "2016-12-31": "$16,643", "2016-09-30": "$15,869", "2016-06-30": "$16,484", "2016-03-31": "$15,836", "2015-12-31": "$15,746", "2015-09-30": "$14,791", "2015-06-30": "$14,853", "2015-03-31": "$14,807", "2014-12-31": "$15,216", "2014-09-30": "$14,519", "2014-06-30": "$14,159", "2014-03-31": "$13,699", "2013-12-31": "$12,327", "2013-09-30": "$11,454", "2013-06-30": "$11,147", "2013-03-31": "$10,681", "2012-12-31": "$10,596", "2012-09-30": "$9,880", "2012-06-30": "$9,501", "2012-03-31": "$9,126", "2011-12-31": "$8,681", "2011-09-30": "$7,820", "2011-06-30": "$7,543", "2011-03-31": "$7,049", "2010-12-31": "$6,797", "2010-09-30": "$6,066", "2010-06-30": "$5,797", "2010-03-31": "$5,279", "2009-12-31": "$5,067", "2009-09-30": "$4,443", "2009-06-30": "$4,162", "2009-03-31": "$3,974", "2008-12-31": "$3,839", "2008-09-30": "$3,459", "2008-06-30": "$3,207", "2008-03-31": "$2,901", "2007-12-31": "$2,696", "2007-09-30": "$2,482", "2007-06-30": "$1,422", "2007-03-31": "$0", "2006-12-31": "$1,146", "2006-09-30": "$0", "2006-06-30": "$0"}}, "cash-on-hand": {"VMware Annual Cash on Hand (Millions of US $)": {"2020": "$2,915", "2019": "$3,551", "2018": "$11,653", "2017": "$8,393", "2016": "$7,985", "2015": "$7,509", "2014": "$7,075", "2013": "$6,175", "2012": "$4,631", "2011": "$4,512", "2010": "$3,324", "2009": "$2,514", "2008": "$1,841", "2007": "$", "2006": "$", "2005": "$"}, "VMware Quarterly Cash on Hand (Millions of US $)": {"2020-10-31": "$3,898", "2020-07-31": "$4,703", "2020-04-30": "$5,946", "2020-01-31": "$2,915", "2019-10-31": "$2,025", "2019-07-31": "$2,948", "2019-04-30": "$3,311", "2019-01-31": "$3,551", "2018-10-31": "$13,527", "2018-07-31": "$13,300", "2018-04-30": "$12,630", "2018-01-31": "$11,653", "2017-10-31": "$11,612", "2017-07-31": "$8,902", "2017-04-30": "$8,612", "2017-01-31": "$8,393", "2016-12-31": "$7,985", "2016-09-30": "$8,254", "2016-06-30": "$8,665", "2016-03-31": "$8,246", "2015-12-31": "$7,509", "2015-09-30": "$7,222", "2015-06-30": "$6,996", "2015-03-31": "$7,226", "2014-12-31": "$7,075", "2014-09-30": "$7,094", "2014-06-30": "$6,637", "2014-03-31": "$6,616", "2013-12-31": "$6,175", "2013-09-30": "$5,837", "2013-06-30": "$5,323", "2013-03-31": "$4,937", "2012-12-31": "$4,631", "2012-09-30": "$4,395", "2012-06-30": "$5,347", "2012-03-31": "$5,222", "2011-12-31": "$4,512", "2011-09-30": "$3,977", "2011-06-30": "$3,703", "2011-03-31": "$3,662", "2010-12-31": "$3,324", "2010-09-30": "$2,904", "2010-06-30": "$2,780", "2010-03-31": "$2,756", "2009-12-31": "$2,514", "2009-09-30": "$2,176", "2009-06-30": "$2,276", "2009-03-31": "$2,031", "2008-12-31": "$1,841", "2008-09-30": "$1,691", "2008-06-30": "$1,540", "2008-03-31": "$1,306", "2007-12-31": "$1,231", "2007-09-30": "$1,134", "2007-06-30": "$280", "2007-03-31": "", "2006-12-31": "$176", "2006-09-30": "", "2006-06-30": ""}}, "long-term-debt": {"VMware Annual Long Term Debt (Millions of US $)": {"2020": "$3,001", "2019": "$4,242", "2018": "$4,234", "2017": "$1,500", "2016": "$1,500", "2015": "$1,500", "2014": "$1,500", "2013": "$450", "2012": "$450", "2011": "$450", "2010": "$450", "2009": "$450", "2008": "$450", "2007": "$", "2006": "$", "2005": "$"}, "VMware Quarterly Long Term Debt (Millions of US $)": {"2020-10-31": "$4,985", "2020-07-31": "$4,984", "2020-04-30": "$4,982", "2020-01-31": "$3,001", "2019-10-31": "$3,000", "2019-07-31": "$4,246", "2019-04-30": "$4,244", "2019-01-31": "$4,242", "2018-10-31": "$4,240", "2018-07-31": "$4,238", "2018-04-30": "$4,236", "2018-01-31": "$4,234", "2017-10-31": "$4,232", "2017-07-31": "$820", "2017-04-30": "$820", "2017-01-31": "$1,500", "2016-12-31": "$1,500", "2016-09-30": "$1,500", "2016-06-30": "$1,500", "2016-03-31": "$1,500", "2015-12-31": "$1,500", "2015-09-30": "$1,500", "2015-06-30": "$1,500", "2015-03-31": "$1,500", "2014-12-31": "$1,500", "2014-09-30": "$1,500", "2014-06-30": "$1,500", "2014-03-31": "$1,500", "2013-12-31": "$450", "2013-09-30": "$450", "2013-06-30": "$450", "2013-03-31": "$450", "2012-12-31": "$450", "2012-09-30": "$450", "2012-06-30": "$450", "2012-03-31": "$450", "2011-12-31": "$450", "2011-09-30": "$450", "2011-06-30": "$450", "2011-03-31": "$450", "2010-12-31": "$450", "2010-09-30": "$450", "2010-06-30": "$450", "2010-03-31": "$450", "2009-12-31": "$450", "2009-09-30": "$450", "2009-06-30": "$450", "2009-03-31": "$450", "2008-12-31": "$450", "2008-09-30": "$450", "2008-06-30": "$450", "2008-03-31": "$450", "2007-12-31": "$450", "2007-09-30": "$450", "2007-06-30": "$800", "2007-03-31": "", "2006-12-31": "$800", "2006-09-30": "", "2006-06-30": ""}}, "total-liabilities": {"VMware Annual Total Liabilities (Millions of US $)": {"2020": "$19,285", "2019": "$14,702", "2018": "$12,582", "2017": "$8,181", "2016": "$8,546", "2015": "$7,823", "2014": "$7,630", "2013": "$5,511", "2012": "$4,856", "2011": "$3,911", "2010": "$2,989", "2009": "$2,324", "2008": "$1,769", "2007": "$", "2006": "$", "2005": "$"}, "VMware Quarterly Total Liabilities (Millions of US $)": {"2020-10-31": "$18,848", "2020-07-31": "$20,268", "2020-04-30": "$21,014", "2020-01-31": "$19,285", "2019-10-31": "$16,188", "2019-07-31": "$15,173", "2019-04-30": "$14,412", "2019-01-31": "$14,702", "2018-10-31": "$13,051", "2018-07-31": "$13,017", "2018-04-30": "$12,428", "2018-01-31": "$12,582", "2017-10-31": "$11,320", "2017-07-31": "$8,576", "2017-04-30": "$8,173", "2017-01-31": "$8,181", "2016-12-31": "$8,546", "2016-09-30": "$7,735", "2016-06-30": "$7,848", "2016-03-31": "$7,565", "2015-12-31": "$7,823", "2015-09-30": "$7,257", "2015-06-30": "$7,542", "2015-03-31": "$7,323", "2014-12-31": "$7,630", "2014-09-30": "$7,083", "2014-06-30": "$7,070", "2014-03-31": "$6,629", "2013-12-31": "$5,511", "2013-09-30": "$4,927", "2013-06-30": "$4,990", "2013-03-31": "$4,768", "2012-12-31": "$4,856", "2012-09-30": "$4,315", "2012-06-30": "$4,180", "2012-03-31": "$3,930", "2011-12-31": "$3,911", "2011-09-30": "$3,367", "2011-06-30": "$3,242", "2011-03-31": "$3,057", "2010-12-31": "$2,989", "2010-09-30": "$2,531", "2010-06-30": "$2,492", "2010-03-31": "$2,300", "2009-12-31": "$2,324", "2009-09-30": "$1,894", "2009-06-30": "$1,814", "2009-03-31": "$1,785", "2008-12-31": "$1,769", "2008-09-30": "$1,577", "2008-06-30": "$1,494", "2008-03-31": "$1,449", "2007-12-31": "$1,355", "2007-09-30": "$1,249", "2007-06-30": "$1,560", "2007-03-31": "", "2006-12-31": "$1,377", "2006-09-30": "", "2006-06-30": ""}}, "total-share-holder-equity": {"VMware Annual Share Holder Equity (Millions of US $)": {"2020": "$7,009", "2019": "$2,891", "2018": "$8,624", "2017": "$8,216", "2016": "$8,097", "2015": "$7,923", "2014": "$7,586", "2013": "$6,816", "2012": "$5,740", "2011": "$4,770", "2010": "$3,808", "2009": "$2,743", "2008": "$2,070", "2007": "$", "2006": "$", "2005": "$"}, "VMware Quarterly Share Holder Equity (Millions of US $)": {"2020-10-31": "$8,476", "2020-07-31": "$7,907", "2020-04-30": "$7,428", "2020-01-31": "$7,009", "2019-10-31": "$5,814", "2019-07-31": "$5,199", "2019-04-30": "$561", "2019-01-31": "$2,891", "2018-10-31": "$10,911", "2018-07-31": "$10,392", "2018-04-30": "$9,660", "2018-01-31": "$8,624", "2017-10-31": "$8,274", "2017-07-31": "$8,599", "2017-04-30": "$8,068", "2017-01-31": "$8,216", "2016-12-31": "$8,097", "2016-09-30": "$8,134", "2016-06-30": "$8,636", "2016-03-31": "$8,271", "2015-12-31": "$7,923", "2015-09-30": "$7,534", "2015-06-30": "$7,311", "2015-03-31": "$7,484", "2014-12-31": "$7,586", "2014-09-30": "$7,436", "2014-06-30": "$7,089", "2014-03-31": "$7,070", "2013-12-31": "$6,816", "2013-09-30": "$6,527", "2013-06-30": "$6,156", "2013-03-31": "$5,913", "2012-12-31": "$5,740", "2012-09-30": "$5,565", "2012-06-30": "$5,321", "2012-03-31": "$5,196", "2011-12-31": "$4,770", "2011-09-30": "$4,454", "2011-06-30": "$4,300", "2011-03-31": "$3,992", "2010-12-31": "$3,808", "2010-09-30": "$3,535", "2010-06-30": "$3,306", "2010-03-31": "$2,979", "2009-12-31": "$2,743", "2009-09-30": "$2,549", "2009-06-30": "$2,347", "2009-03-31": "$2,188", "2008-12-31": "$2,070", "2008-09-30": "$1,881", "2008-06-30": "$1,713", "2008-03-31": "$1,453", "2007-12-31": "$1,341", "2007-09-30": "$1,232", "2007-06-30": "$-138", "2007-03-31": "", "2006-12-31": "$-231", "2006-09-30": "", "2006-06-30": ""}}, "profit-margins": {"current": "13.75%"}, "gross margin": {"2020-10-31": "83.02%", "2020-07-31": "83.23%", "2020-04-30": "83.29%", "2020-01-31": "83.36%", "2019-10-31": "82.11%", "2019-07-31": "82.68%", "2019-04-30": "83.24%", "2019-01-31": "83.86%", "2018-10-31": "83.64%", "2018-07-31": "83.57%", "2018-04-30": "83.52%", "2018-01-31": "83.12%", "2017-07-31": "85.81%", "2017-04-30": "85.50%", "2016-12-31": "85.46%", "2016-09-30": "84.45%", "2016-06-30": "84.33%", "2016-03-31": "84.10%", "2015-12-31": "84.04%", "2015-09-30": "83.89%", "2015-06-30": "83.76%", "2015-03-31": "84.08%", "2014-12-31": "84.35%", "2014-09-30": "86.16%", "2014-06-30": "86.62%", "2014-03-31": "86.90%", "2013-12-31": "86.85%", "2013-09-30": "85.70%", "2013-06-30": "85.36%", "2013-03-31": "84.92%", "2012-12-31": "84.74%", "2012-09-30": "84.24%", "2012-06-30": "84.15%", "2012-03-31": "84.04%", "2011-12-31": "83.76%", "2011-09-30": "83.20%", "2011-06-30": "82.91%", "2011-03-31": "82.69%", "2010-12-31": "82.82%", "2010-09-30": "82.05%", "2010-06-30": "81.64%", "2010-03-31": "81.50%", "2009-12-31": "81.68%", "2009-09-30": "83.01%", "2009-06-30": "83.81%", "2009-03-31": "83.85%", "2008-12-31": "83.55%", "2008-06-30": "82.75%", "2008-03-31": "83.07%", "2007-06-30": "82.42%", "2007-03-31": "82.12%"}, "operating margin": {"2020-10-31": "14.12%", "2020-07-31": "13.87%", "2020-04-30": "13.56%", "2020-01-31": "13.33%", "2019-10-31": "14.66%", "2019-07-31": "16.47%", "2019-04-30": "17.65%", "2019-01-31": "18.76%", "2018-10-31": "19.30%", "2018-07-31": "18.91%", "2018-04-30": "18.46%", "2018-01-31": "17.55%", "2017-07-31": "23.16%", "2017-04-30": "23.02%", "2016-12-31": "21.74%", "2016-09-30": "19.32%", "2016-06-30": "18.84%", "2016-03-31": "17.63%", "2015-12-31": "18.21%", "2015-09-30": "15.11%", "2015-06-30": "14.23%", "2015-03-31": "14.28%", "2014-12-31": "14.95%", "2014-09-30": "18.58%", "2014-06-30": "20.03%", "2014-03-31": "21.98%", "2013-12-31": "21.20%", "2013-09-30": "19.00%", "2013-06-30": "17.76%", "2013-03-31": "17.08%", "2012-12-31": "18.62%", "2012-09-30": "20.90%", "2012-06-30": "21.54%", "2012-03-31": "21.94%", "2011-12-31": "21.56%", "2011-09-30": "19.33%", "2011-06-30": "18.24%", "2011-03-31": "17.12%", "2010-12-31": "16.66%", "2010-09-30": "11.42%", "2010-06-30": "9.57%", "2010-03-31": "7.69%", "2009-12-31": "7.57%", "2009-09-30": "12.67%", "2009-06-30": "16.06%", "2009-03-31": "17.03%", "2008-12-31": "15.60%", "2008-06-30": "13.98%", "2008-03-31": "14.73%", "2007-06-30": "16.24%", "2007-03-31": "16.56%"}, "ebitda margin": {"2020-10-31": "22.81%", "2020-07-31": "22.36%", "2020-04-30": "21.82%", "2020-01-31": "21.40%", "2019-10-31": "22.76%", "2019-07-31": "24.34%", "2019-04-30": "25.33%", "2019-01-31": "26.32%", "2018-10-31": "26.61%", "2018-07-31": "26.33%", "2018-04-30": "25.90%", "2018-01-31": "24.96%", "2017-07-31": "32.49%", "2017-04-30": "31.80%", "2016-12-31": "29.24%", "2016-09-30": "23.99%", "2016-06-30": "23.58%", "2016-03-31": "22.45%", "2015-12-31": "22.90%", "2015-09-30": "19.81%", "2015-06-30": "19.10%", "2015-03-31": "19.16%", "2014-12-31": "20.05%", "2014-09-30": "23.88%", "2014-06-30": "25.38%", "2014-03-31": "27.65%", "2013-12-31": "27.18%", "2013-09-30": "25.87%", "2013-06-30": "24.92%", "2013-03-31": "24.41%", "2012-12-31": "26.05%", "2012-09-30": "28.69%", "2012-06-30": "29.37%", "2012-03-31": "29.81%", "2011-12-31": "29.67%", "2011-09-30": "27.72%", "2011-06-30": "27.03%", "2011-03-31": "26.08%", "2010-12-31": "25.40%", "2010-09-30": "21.31%", "2010-06-30": "19.75%", "2010-03-31": "18.23%", "2009-12-31": "18.32%", "2009-09-30": "22.23%", "2009-06-30": "25.06%", "2009-03-31": "25.78%", "2008-12-31": "24.34%", "2008-06-30": "22.28%", "2008-03-31": "22.78%", "2007-06-30": "24.83%", "2007-03-31": "23.34%"}, "pre tax profit margin": {"2020-10-31": "14.35%", "2020-07-31": "12.90%", "2020-04-30": "13.11%", "2020-01-31": "13.30%", "2019-10-31": "6.70%", "2019-07-31": "6.85%", "2019-04-30": "10.00%", "2019-01-31": "19.03%", "2018-10-31": "29.52%", "2018-07-31": "31.16%", "2018-04-30": "28.80%", "2018-01-31": "18.92%", "2017-07-31": "25.02%", "2017-04-30": "23.87%", "2016-12-31": "22.44%", "2016-09-30": "19.81%", "2016-06-30": "19.24%", "2016-03-31": "17.95%", "2015-12-31": "18.46%", "2015-09-30": "14.85%", "2015-06-30": "14.01%", "2015-03-31": "13.98%", "2014-12-31": "14.64%", "2014-09-30": "19.35%", "2014-06-30": "21.15%", "2014-03-31": "23.52%", "2013-12-31": "22.78%", "2013-09-30": "19.09%", "2013-06-30": "17.56%", "2013-03-31": "16.46%", "2012-12-31": "18.04%", "2012-09-30": "22.46%", "2012-06-30": "23.10%", "2012-03-31": "24.79%", "2011-12-31": "24.44%", "2011-09-30": "20.37%", "2011-06-30": "19.36%", "2011-03-31": "16.60%", "2010-12-31": "15.94%", "2010-09-30": "11.08%", "2010-06-30": "9.45%", "2010-03-31": "7.77%", "2009-12-31": "7.76%", "2009-09-30": "13.34%", "2009-06-30": "16.48%", "2009-03-31": "17.54%", "2008-12-31": "16.32%", "2008-06-30": "14.46%", "2008-03-31": "14.55%", "2007-06-30": "16.11%", "2007-03-31": "17.05%"}, "net profit margin": {"2020-10-31": "13.76%", "2020-07-31": "13.78%", "2020-04-30": "57.85%", "2020-01-31": "59.31%", "2019-10-31": "53.06%", "2019-07-31": "54.67%", "2019-04-30": "10.82%", "2019-01-31": "17.16%", "2018-10-31": "14.43%", "2018-07-31": "15.55%", "2018-04-30": "13.22%", "2018-01-31": "5.24%", "2017-07-31": "20.61%", "2017-04-30": "19.67%", "2016-12-31": "18.09%", "2016-09-30": "16.19%", "2016-06-30": "15.56%", "2016-03-31": "14.61%", "2015-12-31": "15.28%", "2015-09-30": "11.84%", "2015-06-30": "11.21%", "2015-03-31": "11.24%", "2014-12-31": "11.54%", "2014-09-30": "16.61%", "2014-06-30": "18.35%", "2014-03-31": "20.37%", "2013-12-31": "20.52%", "2013-09-30": "16.03%", "2013-06-30": "14.58%", "2013-03-31": "13.92%", "2012-12-31": "14.63%", "2012-09-30": "20.29%", "2012-06-30": "21.52%", "2012-03-31": "23.05%", "2011-12-31": "22.69%", "2011-09-30": "17.86%", "2011-06-30": "16.53%", "2011-03-31": "13.69%", "2010-12-31": "13.14%", "2010-09-30": "9.55%", "2010-06-30": "8.51%", "2010-03-31": "7.46%", "2009-12-31": "7.67%", "2009-09-30": "12.21%", "2009-06-30": "14.20%", "2009-03-31": "15.00%", "2008-12-31": "14.05%", "2008-06-30": "12.78%", "2008-03-31": "12.99%", "2007-06-30": "12.62%", "2007-03-31": "12.42%"}, "pe ratio": {"current": "29.50", "2021-02-05": "38.76", "2020-10-31": "34.24", "2020-07-31": "33.07", "2020-04-30": "8.76", "2020-01-31": "9.68", "2019-10-31": "10.05", "2019-07-31": "11.59", "2019-04-30": "42.62", "2019-01-31": "25.74", "2018-10-31": "33.13", "2018-07-31": "31.58", "2018-04-30": "36.19", "2018-01-31": "76.70", "2017-10-31": "41.03", "2017-07-31": "56.60", "2017-04-30": "140.59", "2017-01-31": "0.00", "2016-12-31": "0.00", "2016-09-30": "0.00", "2016-06-30": "0.00", "2016-03-31": "0.00", "2015-12-31": "0.00", "2015-09-30": "0.00", "2015-06-30": "0.00", "2015-03-31": "0.00", "2014-12-31": "0.00", "2014-09-30": "0.00", "2014-06-30": "0.00", "2014-03-31": "0.00", "2013-12-31": "0.00", "2013-09-30": "0.00", "2013-06-30": "0.00", "2013-03-31": "0.00", "2012-12-31": "0.00", "2012-09-30": "0.00", "2012-06-30": "0.00", "2012-03-31": "0.00", "2011-12-31": "0.00", "2011-09-30": "0.00", "2011-06-30": "0.00", "2011-03-31": "0.00", "2010-12-31": "0.00", "2010-09-30": "0.00", "2010-06-30": "0.00", "2010-03-31": "0.00", "2009-12-31": "0.00", "2009-09-30": "0.00", "2009-06-30": "0.00", "2009-03-31": "0.00", "2008-12-31": "0.00", "2008-09-30": "0.00", "2008-06-30": "0.00"}, "price sales": {"2021-02-05": "5.34", "2020-10-31": "4.72", "2020-07-31": "5.23", "2020-04-30": "5.02", "2020-01-31": "5.82", "2019-10-31": "6.11", "2019-07-31": "7.00", "2019-04-30": "8.51", "2019-01-31": "6.53", "2018-10-31": "5.41", "2018-07-31": "5.69", "2018-04-30": "5.39", "2018-01-31": "5.16", "2017-10-31": "7.34", "2017-07-31": "5.34", "2017-04-30": "5.61", "2017-01-31": "5.33", "2016-12-31": "3.77", "2016-09-30": "3.58", "2016-06-30": "2.83", "2016-03-31": "2.65", "2015-12-31": "2.91", "2015-09-30": "4.03", "2015-06-30": "4.52", "2015-03-31": "4.38", "2014-12-31": "4.51", "2014-09-30": "5.47", "2014-06-30": "5.85", "2014-03-31": "6.77", "2013-12-31": "5.78", "2013-09-30": "5.21", "2013-06-30": "4.44", "2013-03-31": "5.35", "2012-12-31": "6.56", "2012-09-30": "6.93", "2012-06-30": "6.77", "2012-03-31": "8.70", "2011-12-31": "6.74", "2011-09-30": "6.94", "2011-06-30": "9.13", "2011-03-31": "7.89", "2010-12-31": "9.08", "2010-09-30": "11.04", "2010-06-30": "8.76", "2010-03-31": "8.06", "2009-12-31": "6.80", "2009-09-30": "5.59", "2009-06-30": "3.81", "2009-03-31": "3.30", "2008-12-31": "3.37", "2008-09-30": "6.47", "2008-06-30": "14.01"}, "price book": {"current": "7.22", "2021-02-05": "7.23", "2020-10-31": "6.39", "2020-07-31": "7.46", "2020-04-30": "7.42", "2020-01-31": "8.82", "2019-10-31": "11.15", "2019-07-31": "13.74", "2019-04-30": "149.28", "2019-01-31": "21.46", "2018-10-31": "4.44", "2018-07-31": "4.75", "2018-04-30": "4.69", "2018-01-31": "4.85", "2017-10-31": "4.89", "2017-07-31": "3.69", "2017-04-30": "3.99", "2017-01-31": "0.00", "2016-12-31": "3.32", "2016-09-30": "3.12", "2016-06-30": "2.36", "2016-03-31": "2.24", "2015-12-31": "2.52", "2015-09-30": "3.69", "2015-06-30": "4.15", "2015-03-31": "3.90", "2014-12-31": "3.91", "2014-09-30": "4.55", "2014-06-30": "4.91", "2014-03-31": "5.51", "2013-12-31": "4.74", "2013-09-30": "4.45", "2013-06-30": "3.91", "2013-03-31": "4.78", "2012-12-31": "5.89", "2012-09-30": "6.23", "2012-06-30": "6.12", "2012-03-31": "7.72", "2011-12-31": "6.18", "2011-09-30": "6.37", "2011-06-30": "8.22", "2011-03-31": "7.14", "2010-12-31": "8.14", "2010-09-30": "8.33", "2010-06-30": "6.50", "2010-03-31": "6.10", "2009-12-31": "5.21", "2009-09-30": "5.27", "2009-06-30": "3.84", "2009-03-31": "3.53", "2008-12-31": "3.74", "2008-09-30": "4.61", "2008-06-30": "10.20", "2008-03-31": "9.46", "2007-12-31": "0.00", "2007-09-30": "22.10"}, "price fcf": {"2021-02-05": "", "2020-10-31": "$9.07", "2020-07-31": "$8.61", "2020-04-30": "$8.40", "2020-01-31": "$8.45", "2019-10-31": "$8.19", "2019-07-31": "$8.22", "2019-04-30": "$8.66", "2019-01-31": "$8.08", "2018-10-31": "$7.34", "2018-07-31": "$7.84", "2018-04-30": "$7.47", "2018-01-31": "$6.71", "2017-10-31": "$0.08", "2017-07-31": "$-1.12", "2017-04-30": "$-1.09", "2017-01-31": "$-1.60", "2016-12-31": "$5.25", "2016-09-30": "$5.24", "2016-06-30": "$4.61", "2016-03-31": "$3.93", "2015-12-31": "$3.67", "2015-09-30": "$3.41", "2015-06-30": "$3.80", "2015-03-31": "$4.00", "2014-12-31": "$4.21", "2014-09-30": "$4.84", "2014-06-30": "$4.92", "2014-03-31": "$5.22", "2013-12-31": "$5.05", "2013-09-30": "$4.64", "2013-06-30": "$4.23", "2013-03-31": "$3.96", "2012-12-31": "$3.83", "2012-09-30": "$4.07", "2012-06-30": "$4.26", "2012-03-31": "$4.26", "2011-12-31": "$3.99", "2011-09-30": "$3.65", "2011-06-30": "$2.98", "2011-03-31": "$2.57", "2010-12-31": "$2.31", "2010-09-30": "$2.10", "2010-06-30": "$2.16", "2010-03-31": "$2.26", "2009-12-31": "$2.04", "2009-09-30": "$1.85", "2009-06-30": "$1.88", "2009-03-31": "$1.60", "2008-12-31": "$1.30", "2008-09-30": "$0.14", "2008-06-30": "$0.42"}, "net worth": {"value": "$61.17B"}, "current ratio": {"current": "0.90", "2020-10-31": "0.90", "2020-07-31": "0.88", "2020-04-30": "0.87", "2020-01-31": "0.65", "2019-10-31": "0.58", "2019-07-31": "0.96", "2019-04-30": "0.97", "2019-01-31": "1.08", "2018-10-31": "3.04", "2018-07-31": "3.01", "2018-04-30": "3.04", "2018-01-31": "2.88", "2017-10-31": "2.86", "2017-07-31": "1.99", "2017-04-30": "1.95", "2017-01-31": "2.30", "2016-12-31": "2.27", "2016-09-30": "2.37", "2016-06-30": "2.46", "2016-03-31": "2.43", "2015-12-31": "2.27", "2015-09-30": "2.31", "2015-06-30": "2.20", "2015-03-31": "2.31", "2014-12-31": "2.22", "2014-09-30": "2.32", "2014-06-30": "2.24", "2014-03-31": "2.37", "2013-12-31": "2.33", "2013-09-30": "2.41", "2013-06-30": "2.21", "2013-03-31": "2.14", "2012-12-31": "2.09", "2012-09-30": "2.15", "2012-06-30": "2.56", "2012-03-31": "2.62", "2011-12-31": "2.36", "2011-09-30": "2.37", "2011-06-30": "2.36", "2011-03-31": "2.55", "2010-12-31": "2.40", "2010-09-30": "2.47", "2010-06-30": "2.37", "2010-03-31": "2.62", "2009-12-31": "2.46", "2009-09-30": "2.70", "2009-06-30": "2.97", "2009-03-31": "2.87", "2008-12-31": "2.72", "2008-09-30": "2.84", "2008-06-30": "2.81", "2008-03-31": "2.41", "2007-12-31": "2.39", "2007-09-30": "2.32", "2007-06-30": "1.04", "2007-03-31": "0.00", "2006-12-31": "0.88", "2006-09-30": "0.00", "2006-06-30": "0.00"}, "quick ratio": {"2020-10-31": "0.00", "2020-07-31": "0.00", "2020-04-30": "0.00", "2020-01-31": "0.00", "2019-10-31": "0.00", "2019-07-31": "0.00", "2019-04-30": "0.00", "2019-01-31": "0.00", "2018-10-31": "0.00", "2018-07-31": "0.00", "2018-04-30": "0.00", "2018-01-31": "0.00", "2017-10-31": "0.00", "2017-07-31": "0.00", "2017-04-30": "0.00", "2017-01-31": "0.00", "2016-12-31": "0.00", "2016-09-30": "0.00", "2016-06-30": "0.00", "2016-03-31": "0.00", "2015-12-31": "0.00", "2015-09-30": "0.00", "2015-06-30": "0.00", "2015-03-31": "0.00", "2014-12-31": "0.00", "2014-09-30": "0.00", "2014-06-30": "0.00", "2014-03-31": "0.00", "2013-12-31": "0.00", "2013-09-30": "0.00", "2013-06-30": "0.00", "2013-03-31": "0.00", "2012-12-31": "0.00", "2012-09-30": "0.00", "2012-06-30": "0.00", "2012-03-31": "0.00", "2011-12-31": "0.00", "2011-09-30": "0.00", "2011-06-30": "0.00", "2011-03-31": "0.00", "2010-12-31": "0.00", "2010-09-30": "0.00", "2010-06-30": "0.00", "2010-03-31": "0.00", "2009-12-31": "0.00", "2009-09-30": "0.00", "2009-06-30": "0.00", "2009-03-31": "0.00", "2008-12-31": "0.00", "2008-09-30": "0.00", "2008-06-30": "0.00", "2008-03-31": "0.00", "2007-12-31": "0.00", "2007-09-30": "0.00", "2007-06-30": "0.00", "2007-03-31": "0.00", "2006-12-31": "0.00", "2006-09-30": "0.00", "2006-06-30": "0.00"}, "debt equity ratio": {"current": "0.59", "2020-10-31": "2.22", "2020-07-31": "2.56", "2020-04-30": "2.83", "2020-01-31": "2.75", "2019-10-31": "2.78", "2019-07-31": "2.92", "2019-04-30": "25.69", "2019-01-31": "5.09", "2018-10-31": "1.20", "2018-07-31": "1.25", "2018-04-30": "1.29", "2018-01-31": "1.46", "2017-10-31": "1.37", "2017-07-31": "1.00", "2017-04-30": "1.01", "2017-01-31": "1.00", "2016-12-31": "1.06", "2016-09-30": "0.95", "2016-06-30": "0.91", "2016-03-31": "0.92", "2015-12-31": "0.99", "2015-09-30": "0.96", "2015-06-30": "1.03", "2015-03-31": "0.98", "2014-12-31": "1.01", "2014-09-30": "0.95", "2014-06-30": "1.00", "2014-03-31": "0.94", "2013-12-31": "0.81", "2013-09-30": "0.76", "2013-06-30": "0.81", "2013-03-31": "0.81", "2012-12-31": "0.85", "2012-09-30": "0.78", "2012-06-30": "0.79", "2012-03-31": "0.76", "2011-12-31": "0.82", "2011-09-30": "0.76", "2011-06-30": "0.75", "2011-03-31": "0.77", "2010-12-31": "0.79", "2010-09-30": "0.72", "2010-06-30": "0.75", "2010-03-31": "0.77", "2009-12-31": "0.85", "2009-09-30": "0.74", "2009-06-30": "0.77", "2009-03-31": "0.82", "2008-12-31": "0.86", "2008-09-30": "0.84", "2008-06-30": "0.87", "2008-03-31": "1.00", "2007-12-31": "1.01", "2007-09-30": "1.01", "2007-06-30": "-11.34", "2007-03-31": "0.00", "2006-12-31": "-5.97", "2006-09-30": "0.00", "2006-06-30": "0.00"}, "return on equity": {"2020-10-31": "20.62%", "2020-07-31": "22.19%", "2020-04-30": "100.87%", "2020-01-31": "138.02%", "2019-10-31": "160.94%", "2019-07-31": "117.51%", "2019-04-30": "17.58%", "2019-01-31": "19.50%", "2018-10-31": "13.25%", "2018-07-31": "14.85%", "2018-04-30": "12.90%", "2018-01-31": "5.21%", "2017-07-31": "15.16%", "2017-04-30": "14.31%", "2016-12-31": "16.22%", "2016-09-30": "14.34%", "2016-06-30": "13.83%", "2016-03-31": "13.22%", "2015-12-31": "14.03%", "2015-09-30": "11.11%", "2015-06-30": "10.32%", "2015-03-31": "10.33%", "2014-12-31": "10.51%", "2014-09-30": "14.56%", "2014-06-30": "16.01%", "2014-03-31": "17.75%", "2013-12-31": "18.15%", "2013-09-30": "14.81%", "2013-06-30": "13.64%", "2013-03-31": "13.20%", "2012-12-31": "13.97%", "2012-09-30": "19.68%", "2012-06-30": "21.21%", "2012-03-31": "22.97%", "2011-12-31": "23.06%", "2011-09-30": "17.91%", "2011-06-30": "16.58%", "2011-03-31": "13.74%", "2010-12-31": "13.35%", "2010-09-30": "8.15%", "2010-06-30": "7.22%", "2010-03-31": "6.29%", "2009-12-31": "6.47%", "2009-09-30": "12.72%", "2009-06-30": "15.84%", "2009-03-31": "18.08%", "2008-12-31": "18.43%", "2008-06-30": "11.15%", "2008-03-31": "14.61%", "2007-06-30": "-101.90%", "2007-03-31": "-129.87%"}, "return on assets": {"2020-10-31": "5.77%", "2020-07-31": "5.96%", "2020-04-30": "26.44%", "2020-01-31": "30.66%", "2019-10-31": "31.06%", "2019-07-31": "29.89%", "2019-04-30": "5.44%", "2019-01-31": "7.58%", "2018-10-31": "5.78%", "2018-07-31": "6.36%", "2018-04-30": "5.67%", "2018-01-31": "2.36%", "2017-07-31": "7.52%", "2017-04-30": "7.14%", "2016-12-31": "8.29%", "2016-09-30": "7.40%", "2016-06-30": "7.12%", "2016-03-31": "6.70%", "2015-12-31": "7.05%", "2015-09-30": "5.57%", "2015-06-30": "5.18%", "2015-03-31": "5.21%", "2014-12-31": "5.33%", "2014-09-30": "7.56%", "2014-06-30": "8.53%", "2014-03-31": "9.70%", "2013-12-31": "10.11%", "2013-09-30": "8.21%", "2013-06-30": "7.54%", "2013-03-31": "7.32%", "2012-12-31": "7.79%", "2012-09-30": "11.04%", "2012-06-30": "11.92%", "2012-03-31": "12.96%", "2011-12-31": "12.99%", "2011-09-30": "10.15%", "2011-06-30": "9.44%", "2011-03-31": "7.83%", "2010-12-31": "7.60%", "2010-09-30": "4.61%", "2010-06-30": "4.06%", "2010-03-31": "3.52%", "2009-12-31": "3.60%", "2009-09-30": "7.09%", "2009-06-30": "8.71%", "2009-03-31": "9.81%", "2008-12-31": "9.79%", "2008-06-30": "5.67%", "2008-03-31": "5.98%", "2007-06-30": "14.64%", "2007-03-31": "26.18%"}, "return on investments": {"2020-10-31": "13.37%", "2020-07-31": "14.26%", "2020-04-30": "14.80%", "2020-01-31": "17.43%", "2019-10-31": "21.30%", "2019-07-31": "18.96%", "2019-04-30": "17.02%", "2019-01-31": "14.19%", "2018-10-31": "12.40%", "2018-07-31": "12.38%", "2018-04-30": "13.02%", "2018-01-31": "13.40%", "2017-07-31": "14.94%", "2017-04-30": "14.39%", "2016-12-31": "16.51%", "2016-09-30": "14.47%", "2016-06-30": "14.13%", "2016-03-31": "13.37%", "2015-12-31": "13.95%", "2015-09-30": "11.81%", "2015-06-30": "10.90%", "2015-03-31": "10.90%", "2014-12-31": "11.29%", "2014-09-30": "13.87%", "2014-06-30": "15.31%", "2014-03-31": "17.29%", "2013-12-31": "17.51%", "2013-09-30": "16.35%", "2013-06-30": "15.43%", "2013-03-31": "15.00%", "2012-12-31": "16.43%", "2012-09-30": "18.67%", "2012-06-30": "19.46%", "2012-03-31": "19.94%", "2011-12-31": "19.88%", "2011-09-30": "17.48%", "2011-06-30": "16.40%", "2011-03-31": "15.30%", "2010-12-31": "14.96%", "2010-09-30": "8.52%", "2010-06-30": "7.03%", "2010-03-31": "5.54%", "2009-12-31": "5.40%", "2009-09-30": "11.03%", "2009-06-30": "14.78%", "2009-03-31": "16.70%", "2008-12-31": "16.33%", "2008-06-30": "9.29%", "2008-03-31": "10.67%", "2007-06-30": "39.32%", "2007-03-31": "70.30%"}, "return on tangible equity": {"2020-10-31": "-55.69%", "2020-07-31": "-53.59%", "2020-04-30": "-261.69%", "2020-01-31": "-213.31%", "2019-10-31": "-165.99%", "2019-07-31": "-366.34%", "2019-04-30": "-5881.08%", "2019-01-31": "68.04%", "2018-10-31": "28.08%", "2018-07-31": "32.53%", "2018-04-30": "29.41%", "2018-01-31": "12.09%", "2017-07-31": "34.15%", "2017-04-30": "32.42%", "2016-12-31": "36.24%", "2016-09-30": "32.38%", "2016-06-30": "32.10%", "2016-03-31": "32.66%", "2015-12-31": "36.42%", "2015-09-30": "29.64%", "2015-06-30": "27.87%", "2015-03-31": "28.35%", "2014-12-31": "29.71%", "2014-09-30": "38.89%", "2014-06-30": "40.50%", "2014-03-31": "42.70%", "2013-12-31": "42.23%", "2013-09-30": "36.41%", "2013-06-30": "36.08%", "2013-03-31": "31.78%", "2012-12-31": "29.87%", "2012-09-30": "38.54%", "2012-06-30": "38.04%", "2012-03-31": "42.68%", "2011-12-31": "43.78%", "2011-09-30": "34.25%", "2011-06-30": "31.91%", "2011-03-31": "26.53%", "2010-12-31": "25.84%", "2010-09-30": "15.64%", "2010-06-30": "13.60%", "2010-03-31": "11.02%", "2009-12-31": "11.04%", "2009-09-30": "21.28%", "2009-06-30": "25.67%", "2009-03-31": "30.19%", "2008-12-31": "32.22%", "2008-06-30": "21.61%", "2008-03-31": "46.79%", "2007-06-30": "-23.68%", "2007-03-31": "-35.93%"}, "dividend yield history": {"last payout": "$0.00", "last yield": "0.00%"}}