{"ticker": "VNO", "price": {"title": "Vornado Realty Trust Historical Annual Stock Price Data", "value": 37.39, "historical": {"2021": {"Average Stock Price": "37.6108", "Year Open": "36.6600", "Year High": "40.3000", "Year Low": "35.2700", "Year Close": "37.3900", "Annual % Change": "0.13%"}, "2020": {"Average Stock Price": "41.8640", "Year Open": "65.5000", "Year High": "68.6100", "Year Low": "29.6600", "Year Close": "37.3400", "Annual % Change": "-43.85%"}, "2019": {"Average Stock Price": "65.4383", "Year Open": "60.3600", "Year High": "70.5000", "Year Low": "58.8100", "Year Close": "66.5000", "Annual % Change": "7.21%"}, "2018": {"Average Stock Price": "70.2781", "Year Open": "77.3200", "Year High": "77.3800", "Year Low": "60.1900", "Year Close": "62.0300", "Annual % Change": "-20.66%"}, "2017": {"Average Stock Price": "89.2625", "Year Open": "104.7200", "Year High": "110.8500", "Year Low": "72.3800", "Year Close": "78.1800", "Annual % Change": "-25.09%"}, "2016": {"Average Stock Price": "96.4196", "Year Open": "98.4200", "Year High": "107.6900", "Year Low": "80.1500", "Year Close": "104.3700", "Annual % Change": "4.41%"}, "2015": {"Average Stock Price": "101.4723", "Year Open": "119.3700", "Year High": "126.0000", "Year Low": "84.8000", "Year Close": "99.9600", "Annual % Change": "-15.08%"}, "2014": {"Average Stock Price": "103.3820", "Year Open": "88.6400", "Year High": "119.2700", "Year Low": "88.6400", "Year Close": "117.7100", "Annual % Change": "32.57%"}, "2013": {"Average Stock Price": "85.2790", "Year Open": "80.9200", "Year High": "91.1100", "Year Low": "76.7300", "Year Close": "88.7900", "Annual % Change": "10.88%"}, "2012": {"Average Stock Price": "81.5844", "Year Open": "77.5400", "Year High": "88.0700", "Year Low": "73.2300", "Year Close": "80.0800", "Annual % Change": "4.19%"}, "2011": {"Average Stock Price": "85.5752", "Year Open": "85.4200", "Year High": "98.6000", "Year Low": "69.9700", "Year Close": "76.8600", "Annual % Change": "-7.76%"}, "2010": {"Average Stock Price": "78.5931", "Year Open": "70.0200", "Year High": "91.0800", "Year Low": "62.4900", "Year Close": "83.3300", "Annual % Change": "19.14%"}, "2009": {"Average Stock Price": "52.3845", "Year Open": "58.2900", "Year High": "72.5000", "Year Low": "28.9500", "Year Close": "69.9400", "Annual % Change": "15.89%"}, "2008": {"Average Stock Price": "83.9122", "Year Open": "87.6800", "Year High": "105.7400", "Year Low": "41.6400", "Year Close": "60.3500", "Annual % Change": "-31.38%"}, "2007": {"Average Stock Price": "112.0503", "Year Open": "121.7100", "Year High": "135.7500", "Year Low": "84.5200", "Year Close": "87.9500", "Annual % Change": "-27.61%"}, "2006": {"Average Stock Price": "101.9012", "Year Open": "86.0400", "Year High": "129.4900", "Year Low": "85.6200", "Year Close": "121.5000", "Annual % Change": "45.56%"}, "2005": {"Average Stock Price": "79.2502", "Year Open": "76.0000", "Year High": "88.6400", "Year Low": "68.7000", "Year Close": "83.4700", "Annual % Change": "9.64%"}, "2004": {"Average Stock Price": "60.4914", "Year Open": "54.4000", "Year High": "76.4000", "Year Low": "48.0900", "Year Close": "76.1300", "Annual % Change": "39.05%"}, "2003": {"Average Stock Price": "43.6376", "Year Open": "37.2500", "Year High": "55.6600", "Year Low": "33.3000", "Year Close": "54.7500", "Annual % Change": "47.18%"}, "2002": {"Average Stock Price": "41.2834", "Year Open": "41.9500", "Year High": "47.1000", "Year Low": "34.4100", "Year Close": "37.2000", "Annual % Change": "-10.58%"}, "2001": {"Average Stock Price": "38.1692", "Year Open": "37.6900", "Year High": "41.6500", "Year Low": "34.5600", "Year Close": "41.6000", "Annual % Change": "8.59%"}, "2000": {"Average Stock Price": "35.4085", "Year Open": "33.3800", "Year High": "40.7500", "Year Low": "29.8800", "Year Close": "38.3100", "Annual % Change": "17.88%"}, "1999": {"Average Stock Price": "34.5762", "Year Open": "34.2500", "Year High": "39.5000", "Year Low": "30.0600", "Year Close": "32.5000", "Annual % Change": "-2.99%"}, "1998": {"Average Stock Price": "38.1356", "Year Open": "45.9400", "Year High": "49.7500", "Year Low": "27.2500", "Year Close": "33.5000", "Annual % Change": "-28.63%"}, "1997": {"Average Stock Price": "35.5424", "Year Open": "25.5650", "Year High": "46.9400", "Year Low": "25.5650", "Year Close": "46.9400", "Annual % Change": "78.82%"}, "1996": {"Average Stock Price": "20.3333", "Year Open": "18.7500", "Year High": "26.3150", "Year Low": "17.9400", "Year Close": "26.2500", "Annual % Change": "40.00%"}, "1995": {"Average Stock Price": "17.8517", "Year Open": "18.1250", "Year High": "19.4400", "Year Low": "16.3150", "Year Close": "18.7500", "Annual % Change": "4.52%"}, "1994": {"Average Stock Price": "17.2237", "Year Open": "16.7500", "Year High": "18.7500", "Year Low": "15.2500", "Year Close": "17.9400", "Annual % Change": "7.10%"}, "1993": {"Average Stock Price": "17.6414", "Year Open": "13.5833", "Year High": "20.6900", "Year Low": "12.6667", "Year Close": "16.7500", "Annual % Change": "21.08%"}, "1992": {"Average Stock Price": "10.7966", "Year Open": "8.7500", "Year High": "13.8333", "Year Low": "8.7067", "Year Close": "13.8333", "Annual % Change": "53.70%"}, "1991": {"Average Stock Price": "8.3605", "Year Open": "7.0667", "Year High": "9.9167", "Year Low": "6.8000", "Year Close": "9.0000", "Annual % Change": "26.17%"}, "1990": {"Average Stock Price": "6.9884", "Year Open": "7.5333", "Year High": "7.5333", "Year Low": "6.4000", "Year Close": "7.1333", "Annual % Change": "-6.55%"}, "1989": {"Average Stock Price": "8.1461", "Year Open": "8.1333", "Year High": "8.5000", "Year Low": "7.5333", "Year Close": "7.6333", "Annual % Change": "-6.53%"}}}, "market cap": {"value": "$7.15B"}, "income statement": {"Revenue": {"2019-12-31": "1924.70000", "2018-12-31": "2163.72000", "2017-12-31": "2084.12600", "2016-12-31": "2003.74200", "2015-12-31": "1985.49500", "2014-12-31": "2312.51200", "2013-12-31": "2299.17600", "2012-12-31": "2649.21700", "2011-12-31": "2702.80800", "2010-12-31": "2558.20700", "2009-12-31": "2655.59100", "2008-12-31": "2640.49100", "2007-12-31": "2405.24300", "2006-12-31": "1909.10000", "2005-12-31": "2519.86100"}, "Cost Of Goods Sold": {"2019-12-31": "1024.51900", "2018-12-31": "994.79800", "2017-12-31": "888.37200", "2016-12-31": "854.01700", "2015-12-31": "824.51100", "2014-12-31": "953.61100", "2013-12-31": "960.77500", "2012-12-31": "1215.50200", "2011-12-31": "1130.53100", "2010-12-31": "983.42400", "2009-12-31": "1050.54500", "2008-12-31": "1048.53700", "2007-12-31": "950.48700", "2006-12-31": "737.45200", "2005-12-31": "1294.85000"}, "Gross Profit": {"2019-12-31": "900.18090", "2018-12-31": "1168.92200", "2017-12-31": "1195.75400", "2016-12-31": "1149.72500", "2015-12-31": "1160.98400", "2014-12-31": "1358.90100", "2013-12-31": "1338.40100", "2012-12-31": "1433.71500", "2011-12-31": "1572.27700", "2010-12-31": "1574.78300", "2009-12-31": "1605.04600", "2008-12-31": "1591.95400", "2007-12-31": "1454.75600", "2006-12-31": "1171.64800", "2005-12-31": "1225.01100"}, "Research And Development Expenses": {"2019-12-31": "", "2018-12-31": "", "2017-12-31": "", "2016-12-31": "", "2015-12-31": "", "2014-12-31": "", "2013-12-31": "", "2012-12-31": "", "2011-12-31": "", "2010-12-31": "", "2009-12-31": "", "2008-12-31": "", "2007-12-31": "", "2006-12-31": "", "2005-12-31": ""}, "SG&A Expenses": {"2019-12-31": "169.92000", "2018-12-31": "141.87100", "2017-12-31": "150.78200", "2016-12-31": "143.64300", "2015-12-31": "149.25600", "2014-12-31": "169.27000", "2013-12-31": "177.36600", "2012-12-31": "190.10900", "2011-12-31": "208.53000", "2010-12-31": "211.39900", "2009-12-31": "230.58400", "2008-12-31": "193.96900", "2007-12-31": "189.02400", "2006-12-31": "180.16700", "2005-12-31": "177.79000"}, "Other Operating Income Or Expenses": {"2019-12-31": "-11.60900", "2018-12-31": "2.48000", "2017-12-31": "-6.93200", "2016-12-31": "-5.21300", "2015-12-31": "-12.51100", "2014-12-31": "-18.43500", "2013-12-31": "-24.85700", "2012-12-31": "-25.78600", "2011-12-31": "-35.29900", "2010-12-31": "-109.45800", "2009-12-31": "-73.76300", "2008-12-31": "-81.44700", "2007-12-31": "", "2006-12-31": "", "2005-12-31": ""}, "Operating Expenses": {"2019-12-31": "1625.15500", "2018-12-31": "1580.75900", "2017-12-31": "1475.47500", "2016-12-31": "1423.89600", "2015-12-31": "1366.08100", "2014-12-31": "1622.61900", "2013-12-31": "1624.62500", "2012-12-31": "1921.42500", "2011-12-31": "1890.58200", "2010-12-31": "1799.17900", "2009-12-31": "1874.42600", "2008-12-31": "1853.08700", "2007-12-31": "1590.11000", "2006-12-31": "1236.68500", "2005-12-31": "1801.45100"}, "Operating Income": {"2019-12-31": "299.54490", "2018-12-31": "582.96090", "2017-12-31": "608.65100", "2016-12-31": "579.84580", "2015-12-31": "619.41410", "2014-12-31": "689.89280", "2013-12-31": "674.55090", "2012-12-31": "727.79200", "2011-12-31": "812.22620", "2010-12-31": "759.02800", "2009-12-31": "781.16500", "2008-12-31": "787.40410", "2007-12-31": "815.13290", "2006-12-31": "672.41490", "2005-12-31": "718.41000"}, "Total Non-Operating Income/Expense": {"2019-12-31": "3138.18600", "2018-12-31": "-123.36300", "2017-12-31": "-288.92000", "2016-12-31": "5.08700", "2015-12-31": "-68.50700", "2014-12-31": "-257.26200", "2013-12-31": "-686.62300", "2012-12-31": "-245.56400", "2011-12-31": "-213.74200", "2010-12-31": "-35.69200", "2009-12-31": "-682.00200", "2008-12-31": "-761.52800", "2007-12-31": "-265.74300", "2006-12-31": "-64.80200", "2005-12-31": "-77.15000"}, "Pre-Tax Income": {"2019-12-31": "3437.73100", "2018-12-31": "459.59800", "2017-12-31": "319.73100", "2016-12-31": "584.93300", "2015-12-31": "550.90700", "2014-12-31": "432.63100", "2013-12-31": "-12.07200", "2012-12-31": "482.22800", "2011-12-31": "598.48400", "2010-12-31": "723.33600", "2009-12-31": "99.16300", "2008-12-31": "25.87600", "2007-12-31": "549.39000", "2006-12-31": "607.61300", "2005-12-31": "641.26000"}, "Income Taxes": {"2019-12-31": "103.43900", "2018-12-31": "37.63300", "2017-12-31": "42.37500", "2016-12-31": "7.92300", "2015-12-31": "-85.01200", "2014-12-31": "9.28100", "2013-12-31": "-8.71700", "2012-12-31": "8.13200", "2011-12-31": "23.92500", "2010-12-31": "22.13700", "2009-12-31": "20.64200", "2008-12-31": "-204.64400", "2007-12-31": "9.17900", "2006-12-31": "0.49100", "2005-12-31": "4.99400"}, "Income After Taxes": {"2019-12-31": "3334.29200", "2018-12-31": "421.96500", "2017-12-31": "277.35600", "2016-12-31": "577.01000", "2015-12-31": "635.91900", "2014-12-31": "423.35000", "2013-12-31": "-3.35500", "2012-12-31": "474.09600", "2011-12-31": "574.55900", "2010-12-31": "701.19900", "2009-12-31": "78.52100", "2008-12-31": "230.52000", "2007-12-31": "540.21100", "2006-12-31": "607.12190", "2005-12-31": "636.26600"}, "Other Income": {"2019-12-31": "", "2018-12-31": "", "2017-12-31": "", "2016-12-31": "", "2015-12-31": "", "2014-12-31": "", "2013-12-31": "", "2012-12-31": "", "2011-12-31": "", "2010-12-31": "", "2009-12-31": "", "2008-12-31": "", "2007-12-31": "", "2006-12-31": "", "2005-12-31": ""}, "Income From Continuous Operations": {"2019-12-31": "3334.29200", "2018-12-31": "421.96500", "2017-12-31": "277.35600", "2016-12-31": "577.01000", "2015-12-31": "635.91900", "2014-12-31": "423.35000", "2013-12-31": "-3.35500", "2012-12-31": "474.09600", "2011-12-31": "574.55900", "2010-12-31": "701.19900", "2009-12-31": "78.52100", "2008-12-31": "230.52000", "2007-12-31": "540.21100", "2006-12-31": "608.48500", "2005-12-31": "632.45800"}, "Income From Discontinued Operations": {"2019-12-31": "-0.03000", "2018-12-31": "0.63800", "2017-12-31": "-13.22800", "2016-12-31": "404.91200", "2015-12-31": "223.51100", "2014-12-31": "585.67600", "2013-12-31": "568.09500", "2012-12-31": "220.44500", "2011-12-31": "165.44100", "2010-12-31": "6.83200", "2009-12-31": "49.92900", "2008-12-31": "180.92500", "2007-12-31": "67.62200", "2006-12-31": "32.21500", "2005-12-31": "41.02000"}, "Net Income": {"2019-12-31": "3097.80600", "2018-12-31": "384.83200", "2017-12-31": "162.01700", "2016-12-31": "823.60600", "2015-12-31": "679.85600", "2014-12-31": "783.38800", "2013-12-31": "392.03400", "2012-12-31": "549.27100", "2011-12-31": "601.77100", "2010-12-31": "596.77100", "2009-12-31": "49.09300", "2008-12-31": "302.20600", "2007-12-31": "484.36200", "2006-12-31": "502.62900", "2005-12-31": "493.10300"}, "EBITDA": {"2019-12-31": "718.64790", "2018-12-31": "1017.17300", "2017-12-31": "1091.68700", "2016-12-31": "1121.91400", "2015-12-31": "1106.56800", "2014-12-31": "1226.51500", "2013-12-31": "1183.67300", "2012-12-31": "1231.32100", "2011-12-31": "1330.17200", "2010-12-31": "1249.13800", "2009-12-31": "1267.73700", "2008-12-31": "1268.56600", "2007-12-31": "1277.76800", "2006-12-31": "1061.76300", "2005-12-31": "1051.38800"}, "EBIT": {"2019-12-31": "299.54490", "2018-12-31": "582.96090", "2017-12-31": "608.65100", "2016-12-31": "579.84580", "2015-12-31": "619.41410", "2014-12-31": "689.89280", "2013-12-31": "674.55090", "2012-12-31": "727.79200", "2011-12-31": "812.22620", "2010-12-31": "759.02800", "2009-12-31": "781.16500", "2008-12-31": "787.40410", "2007-12-31": "815.13290", "2006-12-31": "672.41490", "2005-12-31": "718.41000"}, "Basic Shares Outstanding": {"2019-12-31": "190.80100", "2018-12-31": "190.21900", "2017-12-31": "189.52600", "2016-12-31": "188.83700", "2015-12-31": "188.35300", "2014-12-31": "187.57200", "2013-12-31": "186.94100", "2012-12-31": "185.81000", "2011-12-31": "184.30800", "2010-12-31": "182.34000", "2009-12-31": "171.59500", "2008-12-31": "153.90000", "2007-12-31": "151.94900", "2006-12-31": "142.14500", "2005-12-31": "133.76800"}, "Shares Outstanding": {"2019-12-31": "191.05300", "2018-12-31": "191.29000", "2017-12-31": "191.25800", "2016-12-31": "190.17300", "2015-12-31": "189.56400", "2014-12-31": "188.69000", "2013-12-31": "187.70900", "2012-12-31": "186.53000", "2011-12-31": "186.02100", "2010-12-31": "184.15900", "2009-12-31": "173.50300", "2008-12-31": "158.11900", "2007-12-31": "158.55800", "2006-12-31": "150.41100", "2005-12-31": "141.01200"}, "Basic EPS": {"2019-12-31": "16.23000", "2018-12-31": "2.02000", "2017-12-31": "0.85000", "2016-12-31": "4.36000", "2015-12-31": "3.61000", "2014-12-31": "4.18000", "2013-12-31": "2.10000", "2012-12-31": "2.95000", "2011-12-31": "3.26000", "2010-12-31": "3.27000", "2009-12-31": "0.28000", "2008-12-31": "1.96000", "2007-12-31": "3.18000", "2006-12-31": "3.54000", "2005-12-31": "3.69000"}, "EPS - Earnings Per Share": {"2019-12-31": "16.21000", "2018-12-31": "2.01000", "2017-12-31": "0.85000", "2016-12-31": "4.34000", "2015-12-31": "3.59000", "2014-12-31": "4.15000", "2013-12-31": "2.09000", "2012-12-31": "2.94000", "2011-12-31": "3.23000", "2010-12-31": "3.24000", "2009-12-31": "0.28000", "2008-12-31": "1.91000", "2007-12-31": "3.05000", "2006-12-31": "3.35000", "2005-12-31": "3.50000"}}, "income statement, quarterly": {"Revenue": {"2020-09-30": "363.96200", "2020-06-30": "343.02600", "2020-03-31": "444.53200", "2019-12-31": "460.96800", "2019-09-30": "465.96100", "2019-06-30": "463.10300", "2019-03-31": "534.66800", "2018-12-31": "543.41700", "2018-09-30": "542.04800", "2018-06-30": "541.81800", "2018-03-31": "536.43700", "2017-12-31": "536.22600", "2017-09-30": "528.75500", "2017-06-30": "511.08700", "2017-03-31": "508.05800", "2016-12-31": "266.24400", "2016-09-30": "502.75300", "2016-06-30": "621.70800", "2016-03-31": "613.03700", "2015-12-31": "134.80890", "2015-09-30": "627.59600", "2015-06-30": "616.28800", "2015-03-31": "606.80200", "2014-12-31": "597.01000", "2014-09-30": "578.71000", "2014-06-30": "574.41100", "2014-03-31": "562.38100", "2013-12-31": "240.25800", "2013-09-30": "668.98900", "2013-06-30": "671.21600", "2013-03-31": "718.71300", "2012-12-31": "598.94110", "2012-09-30": "703.05200", "2012-06-30": "677.98300", "2012-03-31": "669.24100", "2011-12-31": "592.02720", "2011-09-30": "687.86000", "2011-06-30": "696.03800", "2011-03-31": "726.88300", "2010-12-31": "501.77900", "2010-09-30": "687.12500", "2010-06-30": "683.98900", "2010-03-31": "685.31400", "2009-12-31": "632.01610", "2009-09-30": "671.21900", "2009-06-30": "673.79000", "2009-03-31": "678.56600", "2008-12-31": "640.77600", "2008-09-30": "676.06800", "2008-06-30": "674.36500", "2008-03-31": "649.28200", "2007-12-31": "648.70090", "2007-09-30": "637.07800", "2007-06-30": "583.22000", "2007-03-31": "536.24400", "2006-12-31": "-77.20000", "2006-09-30": "675.93100", "2006-06-30": "663.03200", "2006-03-31": "647.33700", "2005-12-31": "678.73810", "2005-09-30": "653.46400", "2005-06-30": "591.47500", "2005-03-31": "596.18400"}, "Cost Of Goods Sold": {"2020-09-30": "196.22900", "2020-06-30": "105.20400", "2020-03-31": "230.07800", "2019-12-31": "227.19800", "2019-09-30": "227.93500", "2019-06-30": "322.34200", "2019-03-31": "247.04400", "2018-12-31": "268.95700", "2018-09-30": "238.08500", "2018-06-30": "236.99800", "2018-03-31": "250.75800", "2017-12-31": "225.71400", "2017-09-30": "225.28700", "2017-06-30": "215.96000", "2017-03-31": "221.41100", "2016-12-31": "129.31700", "2016-09-30": "213.76200", "2016-06-30": "245.13800", "2016-03-31": "256.34900", "2015-12-31": "70.76700", "2015-09-30": "256.56100", "2015-06-30": "242.69000", "2015-03-31": "254.49300", "2014-12-31": "246.56400", "2014-09-30": "240.08800", "2014-06-30": "230.39800", "2014-03-31": "236.56100", "2013-12-31": "144.32000", "2013-09-30": "265.01500", "2013-06-30": "274.31900", "2013-03-31": "277.12100", "2012-12-31": "286.63200", "2012-09-30": "331.94300", "2012-06-30": "297.42000", "2012-03-31": "299.50700", "2011-12-31": "222.46700", "2011-09-30": "296.25600", "2011-06-30": "287.16800", "2011-03-31": "324.64000", "2010-12-31": "171.80910", "2010-09-30": "275.07700", "2010-06-30": "261.84500", "2010-03-31": "274.69300", "2009-12-31": "235.98400", "2009-09-30": "265.95200", "2009-06-30": "269.71100", "2009-03-31": "278.89800", "2008-12-31": "254.81300", "2008-09-30": "276.11500", "2008-06-30": "256.35800", "2008-03-31": "261.25100", "2007-12-31": "251.47300", "2007-09-30": "259.00000", "2007-06-30": "227.21200", "2007-03-31": "212.80200", "2006-12-31": "-260.87900", "2006-09-30": "346.56500", "2006-06-30": "319.85100", "2006-03-31": "331.91500", "2005-12-31": "364.34800", "2005-09-30": "351.98900", "2005-06-30": "282.43000", "2005-03-31": "296.08300"}, "Gross Profit": {"2020-09-30": "167.73300", "2020-06-30": "237.82200", "2020-03-31": "214.45400", "2019-12-31": "233.77000", "2019-09-30": "238.02600", "2019-06-30": "140.76100", "2019-03-31": "287.62400", "2018-12-31": "274.46000", "2018-09-30": "303.96300", "2018-06-30": "304.82000", "2018-03-31": "285.67900", "2017-12-31": "310.51200", "2017-09-30": "303.46800", "2017-06-30": "295.12700", "2017-03-31": "286.64700", "2016-12-31": "136.92710", "2016-09-30": "288.99100", "2016-06-30": "376.57000", "2016-03-31": "356.68800", "2015-12-31": "64.04200", "2015-09-30": "371.03500", "2015-06-30": "373.59800", "2015-03-31": "352.30900", "2014-12-31": "350.44600", "2014-09-30": "338.62200", "2014-06-30": "344.01300", "2014-03-31": "325.82000", "2013-12-31": "95.93800", "2013-09-30": "403.97400", "2013-06-30": "396.89700", "2013-03-31": "441.59200", "2012-12-31": "312.30910", "2012-09-30": "371.10900", "2012-06-30": "380.56300", "2012-03-31": "369.73400", "2011-12-31": "369.56020", "2011-09-30": "391.60400", "2011-06-30": "408.87000", "2011-03-31": "402.24300", "2010-12-31": "329.96990", "2010-09-30": "412.04800", "2010-06-30": "422.14400", "2010-03-31": "410.62100", "2009-12-31": "396.03200", "2009-09-30": "405.26700", "2009-06-30": "404.07900", "2009-03-31": "399.66800", "2008-12-31": "385.96300", "2008-09-30": "399.95300", "2008-06-30": "418.00700", "2008-03-31": "388.03100", "2007-12-31": "397.22790", "2007-09-30": "378.07800", "2007-06-30": "356.00800", "2007-03-31": "323.44200", "2006-12-31": "183.67900", "2006-09-30": "329.36600", "2006-06-30": "343.18100", "2006-03-31": "315.42200", "2005-12-31": "314.39010", "2005-09-30": "301.47500", "2005-06-30": "309.04500", "2005-03-31": "300.10100"}, "Research And Development Expenses": {"2020-09-30": "", "2020-06-30": "", "2020-03-31": "", "2019-12-31": "", "2019-09-30": "", "2019-06-30": "", "2019-03-31": "", "2018-12-31": "", "2018-09-30": "", "2018-06-30": "", "2018-03-31": "", "2017-12-31": "", "2017-09-30": "", "2017-06-30": "", "2017-03-31": "", "2016-12-31": "", "2016-09-30": "", "2016-06-30": "", "2016-03-31": "", "2015-12-31": "", "2015-09-30": "", "2015-06-30": "", "2015-03-31": "", "2014-12-31": "", "2014-09-30": "", "2014-06-30": "", "2014-03-31": "", "2013-12-31": "", "2013-09-30": "", "2013-06-30": "", "2013-03-31": "", "2012-12-31": "", "2012-09-30": "", "2012-06-30": "", "2012-03-31": "", "2011-12-31": "", "2011-09-30": "", "2011-06-30": "", "2011-03-31": "", "2010-12-31": "", "2010-09-30": "", "2010-06-30": "", "2010-03-31": "", "2009-12-31": "", "2009-09-30": "", "2009-06-30": "", "2009-03-31": "", "2008-12-31": "", "2008-09-30": "", "2008-06-30": "", "2008-03-31": "", "2007-12-31": "", "2007-09-30": "", "2007-06-30": "", "2007-03-31": "", "2006-12-31": "", "2006-09-30": "", "2006-06-30": "", "2006-03-31": "", "2005-12-31": "", "2005-09-30": "", "2005-06-30": "", "2005-03-31": ""}, "SG&A Expenses": {"2020-09-30": "32.40700", "2020-06-30": "35.01400", "2020-03-31": "52.83400", "2019-12-31": "39.79100", "2019-09-30": "33.23700", "2019-06-30": "38.87200", "2019-03-31": "58.02000", "2018-12-31": "32.93400", "2018-09-30": "31.97700", "2018-06-30": "34.42700", "2018-03-31": "42.53300", "2017-12-31": "33.85400", "2017-09-30": "34.28600", "2017-06-30": "35.40500", "2017-03-31": "47.23700", "2016-12-31": "15.79100", "2016-09-30": "33.58400", "2016-06-30": "45.56400", "2016-03-31": "48.70400", "2015-12-31": "15.41800", "2015-09-30": "36.15700", "2015-06-30": "39.18900", "2015-03-31": "58.49200", "2014-12-31": "40.90600", "2014-09-30": "40.38400", "2014-06-30": "40.47800", "2014-03-31": "47.50200", "2013-12-31": "31.49500", "2013-09-30": "44.18600", "2013-06-30": "50.30500", "2013-03-31": "51.38000", "2012-12-31": "39.53100", "2012-09-30": "48.45600", "2012-06-30": "46.83200", "2012-03-31": "55.29000", "2011-12-31": "53.66800", "2011-09-30": "46.12100", "2011-06-30": "49.79500", "2011-03-31": "58.94600", "2010-12-31": "58.02900", "2010-09-30": "55.20000", "2010-06-30": "49.54000", "2010-03-31": "48.63000", "2009-12-31": "50.20300", "2009-09-30": "51.68400", "2009-06-30": "49.63200", "2009-03-31": "79.06500", "2008-12-31": "44.80500", "2008-09-30": "49.49400", "2008-06-30": "50.28500", "2008-03-31": "49.38500", "2007-12-31": "50.93000", "2007-09-30": "47.88800", "2007-06-30": "49.78900", "2007-03-31": "40.41700", "2006-12-31": "30.49200", "2006-09-30": "52.09600", "2006-06-30": "51.71500", "2006-03-31": "45.86400", "2005-12-31": "43.28200", "2005-09-30": "48.05100", "2005-06-30": "45.79600", "2005-03-31": "40.66100"}, "Other Operating Income Or Expenses": {"2020-09-30": "-4.34100", "2020-06-30": "-6.35600", "2020-03-31": "11.24500", "2019-12-31": "-3.88700", "2019-09-30": "-0.97400", "2019-06-30": "-1.31500", "2019-03-31": "-5.43300", "2018-12-31": "4.96100", "2018-09-30": "", "2018-06-30": "-2.07700", "2018-03-31": "-0.40400", "2017-12-31": "", "2017-09-30": "", "2017-06-30": "", "2017-03-31": "", "2016-12-31": "162.97300", "2016-09-30": "", "2016-06-30": "-2.87900", "2016-03-31": "-165.30700", "2015-12-31": "-4.95100", "2015-09-30": "-1.51800", "2015-06-30": "-4.06100", "2015-03-31": "-1.98100", "2014-12-31": "-14.80600", "2014-09-30": "-1.27700", "2014-06-30": "-1.06700", "2014-03-31": "-1.28500", "2013-12-31": "-18.08800", "2013-09-30": "-2.81800", "2013-06-30": "-3.35000", "2013-03-31": "-0.60100", "2012-12-31": "-21.47200", "2012-09-30": "-1.07000", "2012-06-30": "-2.55900", "2012-03-31": "-0.68500", "2011-12-31": "-15.13200", "2011-09-30": "", "2011-06-30": "-1.89700", "2011-03-31": "-18.27000", "2010-12-31": "-105.19700", "2010-09-30": "-2.33100", "2010-06-30": "-1.93000", "2010-03-31": "", "2009-12-31": "", "2009-09-30": "", "2009-06-30": "", "2009-03-31": "", "2008-12-31": "", "2008-09-30": "", "2008-06-30": "", "2008-03-31": "", "2007-12-31": "", "2007-09-30": "", "2007-06-30": "", "2007-03-31": "", "2006-12-31": "", "2006-09-30": "", "2006-06-30": "", "2006-03-31": "", "2005-12-31": "", "2005-09-30": "", "2005-06-30": "", "2005-03-31": ""}, "Operating Expenses": {"2020-09-30": "339.99000", "2020-06-30": "239.37900", "2020-03-31": "364.46000", "2019-12-31": "363.80210", "2019-09-30": "358.58300", "2019-06-30": "475.56400", "2019-03-31": "427.20600", "2018-12-31": "407.93800", "2018-09-30": "385.09200", "2018-06-30": "385.34800", "2018-03-31": "402.38100", "2017-12-31": "375.43300", "2017-09-30": "366.52000", "2017-06-30": "357.27700", "2017-03-31": "376.24500", "2016-12-31": "21.39310", "2016-09-30": "354.29200", "2016-06-30": "434.89400", "2016-03-31": "613.31700", "2015-12-31": "67.93990", "2015-09-30": "436.15600", "2015-06-30": "422.89700", "2015-03-31": "439.08800", "2014-12-31": "423.76510", "2014-09-30": "396.57100", "2014-06-30": "385.14300", "2014-03-31": "417.14000", "2013-12-31": "260.91410", "2013-09-30": "434.13800", "2013-06-30": "461.15400", "2013-03-31": "468.41900", "2012-12-31": "455.50910", "2012-09-30": "503.71000", "2012-06-30": "475.18300", "2012-03-31": "487.02300", "2011-12-31": "422.63090", "2011-09-30": "471.60000", "2011-06-30": "464.66200", "2011-03-31": "531.68900", "2010-12-31": "432.26400", "2010-09-30": "463.20700", "2010-06-30": "446.59200", "2010-03-31": "457.11600", "2009-12-31": "480.63900", "2009-09-30": "448.13900", "2009-06-30": "456.02900", "2009-03-31": "489.61900", "2008-12-31": "504.08190", "2008-09-30": "467.15900", "2008-06-30": "438.31700", "2008-03-31": "443.52900", "2007-12-31": "425.42500", "2007-09-30": "425.88200", "2007-06-30": "387.76900", "2007-03-31": "351.03400", "2006-12-31": "-202.30500", "2006-09-30": "500.46000", "2006-06-30": "470.44600", "2006-03-31": "468.08400", "2005-12-31": "493.46010", "2005-09-30": "482.06900", "2005-06-30": "411.46000", "2005-03-31": "414.46200"}, "Operating Income": {"2020-09-30": "23.97200", "2020-06-30": "103.64700", "2020-03-31": "80.07200", "2019-12-31": "97.16590", "2019-09-30": "107.37800", "2019-06-30": "-12.46100", "2019-03-31": "107.46200", "2018-12-31": "135.47900", "2018-09-30": "156.95600", "2018-06-30": "156.47000", "2018-03-31": "134.05600", "2017-12-31": "160.79300", "2017-09-30": "162.23500", "2017-06-30": "153.81000", "2017-03-31": "131.81300", "2016-12-31": "244.85090", "2016-09-30": "148.46100", "2016-06-30": "186.81400", "2016-03-31": "-0.28000", "2015-12-31": "66.86900", "2015-09-30": "191.44000", "2015-06-30": "193.39100", "2015-03-31": "167.71400", "2014-12-31": "173.24490", "2014-09-30": "182.13900", "2014-06-30": "189.26800", "2014-03-31": "145.24090", "2013-12-31": "-20.65610", "2013-09-30": "234.85100", "2013-06-30": "210.06200", "2013-03-31": "250.29400", "2012-12-31": "143.43200", "2012-09-30": "199.34200", "2012-06-30": "202.80000", "2012-03-31": "182.21800", "2011-12-31": "169.39620", "2011-09-30": "216.26000", "2011-06-30": "231.37600", "2011-03-31": "195.19400", "2010-12-31": "69.51500", "2010-09-30": "223.91800", "2010-06-30": "237.39700", "2010-03-31": "228.19800", "2009-12-31": "151.37710", "2009-09-30": "223.08000", "2009-06-30": "217.76100", "2009-03-31": "188.94700", "2008-12-31": "136.69410", "2008-09-30": "208.90900", "2008-06-30": "236.04800", "2008-03-31": "205.75300", "2007-12-31": "223.27590", "2007-09-30": "211.19600", "2007-06-30": "195.45100", "2007-03-31": "185.21000", "2006-12-31": "125.10490", "2006-09-30": "175.47100", "2006-06-30": "192.58600", "2006-03-31": "179.25300", "2005-12-31": "185.27800", "2005-09-30": "171.39500", "2005-06-30": "180.01500", "2005-03-31": "181.72200"}, "Total Non-Operating Income/Expense": {"2020-09-30": "68.54500", "2020-06-30": "-319.16200", "2020-03-31": "-171.76200", "2019-12-31": "86.35200", "2019-09-30": "280.36400", "2019-06-30": "2636.00800", "2019-03-31": "135.46200", "2018-12-31": "-5.24600", "2018-09-30": "64.08800", "2018-06-30": "-51.34800", "2018-03-31": "-130.85700", "2017-12-31": "-68.56900", "2017-09-30": "-123.87100", "2017-06-30": "-25.04700", "2017-03-31": "-71.43300", "2016-12-31": "81.47200", "2016-09-30": "-68.37400", "2016-06-30": "81.20200", "2016-03-31": "-89.21300", "2015-12-31": "42.67500", "2015-09-30": "12.19300", "2015-06-30": "-65.69900", "2015-03-31": "-57.67600", "2014-12-31": "-62.86000", "2014-09-30": "-92.45800", "2014-06-30": "-47.24400", "2014-03-31": "-54.70000", "2013-12-31": "-300.75490", "2013-09-30": "-124.65600", "2013-06-30": "-94.15600", "2013-03-31": "-167.05600", "2012-12-31": "-33.48600", "2012-09-30": "-90.61500", "2012-06-30": "-154.96200", "2012-03-31": "33.49900", "2011-12-31": "-76.46800", "2011-09-30": "-151.52200", "2011-06-30": "-105.13500", "2011-03-31": "119.38300", "2010-12-31": "195.02300", "2010-09-30": "-98.67000", "2010-06-30": "-151.54100", "2010-03-31": "19.49600", "2009-12-31": "-290.61100", "2009-09-30": "-105.29000", "2009-06-30": "-256.04200", "2009-03-31": "-30.05900", "2008-12-31": "-371.49400", "2008-09-30": "-160.96400", "2008-06-30": "-143.65500", "2008-03-31": "-85.41500", "2007-12-31": "-177.82500", "2007-09-30": "-87.02800", "2007-06-30": "-5.83000", "2007-03-31": "4.94000", "2006-12-31": "11.38300", "2006-09-30": "-27.89700", "2006-06-30": "-22.63300", "2006-03-31": "-25.65500", "2005-12-31": "-42.32500", "2005-09-30": "-102.55700", "2005-06-30": "6.13700", "2005-03-31": "61.59500"}, "Pre-Tax Income": {"2020-09-30": "92.51700", "2020-06-30": "-215.51500", "2020-03-31": "-91.69000", "2019-12-31": "183.51790", "2019-09-30": "387.74200", "2019-06-30": "2623.54700", "2019-03-31": "242.92400", "2018-12-31": "130.23300", "2018-09-30": "221.04400", "2018-06-30": "105.12200", "2018-03-31": "3.19900", "2017-12-31": "92.22400", "2017-09-30": "38.36400", "2017-06-30": "128.76300", "2017-03-31": "60.38000", "2016-12-31": "326.32300", "2016-09-30": "80.08700", "2016-06-30": "268.01600", "2016-03-31": "-89.49300", "2015-12-31": "109.54400", "2015-09-30": "203.63300", "2015-06-30": "127.69200", "2015-03-31": "110.03800", "2014-12-31": "110.38500", "2014-09-30": "89.68100", "2014-06-30": "142.02400", "2014-03-31": "90.54100", "2013-12-31": "-321.41100", "2013-09-30": "110.19500", "2013-06-30": "115.90600", "2013-03-31": "83.23800", "2012-12-31": "109.94600", "2012-09-30": "108.72700", "2012-06-30": "47.83800", "2012-03-31": "215.71700", "2011-12-31": "92.92800", "2011-09-30": "64.73800", "2011-06-30": "126.24100", "2011-03-31": "314.57700", "2010-12-31": "264.53800", "2010-09-30": "125.24800", "2010-06-30": "85.85600", "2010-03-31": "247.69400", "2009-12-31": "-139.23400", "2009-09-30": "117.79000", "2009-06-30": "-38.28100", "2009-03-31": "158.88800", "2008-12-31": "-234.80000", "2008-09-30": "47.94500", "2008-06-30": "92.39300", "2008-03-31": "120.33800", "2007-12-31": "45.45100", "2007-09-30": "124.16800", "2007-06-30": "189.62100", "2007-03-31": "190.15000", "2006-12-31": "136.48800", "2006-09-30": "147.57400", "2006-06-30": "169.95300", "2006-03-31": "153.59800", "2005-12-31": "142.95300", "2005-09-30": "68.83800", "2005-06-30": "186.15200", "2005-03-31": "243.31700"}, "Income Taxes": {"2020-09-30": "23.78100", "2020-06-30": "1.83700", "2020-03-31": "12.81300", "2019-12-31": "22.89700", "2019-09-30": "23.88500", "2019-06-30": "26.91400", "2019-03-31": "29.74300", "2018-12-31": "32.66900", "2018-09-30": "1.94300", "2018-06-30": "0.46700", "2018-03-31": "2.55400", "2017-12-31": "39.94600", "2017-09-30": "1.18800", "2017-06-30": "-0.61000", "2017-03-31": "1.85100", "2016-12-31": "-1.58000", "2016-09-30": "4.56300", "2016-06-30": "2.10900", "2016-03-31": "2.83100", "2015-12-31": "-0.76700", "2015-09-30": "2.85600", "2015-06-30": "-88.07200", "2015-03-31": "0.97100", "2014-12-31": "2.49800", "2014-09-30": "2.65200", "2014-06-30": "3.28000", "2014-03-31": "0.85100", "2013-12-31": "-14.88900", "2013-09-30": "2.22200", "2013-06-30": "2.87700", "2013-03-31": "1.07300", "2012-12-31": "-9.18700", "2012-09-30": "3.01500", "2012-06-30": "7.47900", "2012-03-31": "6.82500", "2011-12-31": "4.94300", "2011-09-30": "6.95900", "2011-06-30": "5.64100", "2011-03-31": "6.38200", "2010-12-31": "6.14400", "2010-09-30": "5.44900", "2010-06-30": "4.96400", "2010-03-31": "5.58000", "2009-12-31": "4.86900", "2009-09-30": "5.26700", "2009-06-30": "5.45700", "2009-03-31": "5.04900", "2008-12-31": "2.52600", "2008-09-30": "5.24400", "2008-06-30": "4.91500", "2008-03-31": "-217.32900", "2007-12-31": "3.77600", "2007-09-30": "2.80600", "2007-06-30": "2.50800", "2007-03-31": "0.08900", "2006-12-31": "-0.73900", "2006-09-30": "0.38200", "2006-06-30": "0.84800", "2006-03-31": "", "2005-12-31": "", "2005-09-30": "", "2005-06-30": "", "2005-03-31": ""}, "Income After Taxes": {"2020-09-30": "68.73600", "2020-06-30": "-217.35200", "2020-03-31": "-104.50300", "2019-12-31": "160.62100", "2019-09-30": "363.85700", "2019-06-30": "2596.63300", "2019-03-31": "213.18100", "2018-12-31": "97.56400", "2018-09-30": "219.10100", "2018-06-30": "104.65500", "2018-03-31": "0.64500", "2017-12-31": "52.27800", "2017-09-30": "37.17600", "2017-06-30": "129.37300", "2017-03-31": "58.52900", "2016-12-31": "327.90300", "2016-09-30": "75.52400", "2016-06-30": "265.90700", "2016-03-31": "-92.32400", "2015-12-31": "110.31100", "2015-09-30": "200.77700", "2015-06-30": "215.76400", "2015-03-31": "109.06700", "2014-12-31": "107.88700", "2014-09-30": "87.02900", "2014-06-30": "138.74400", "2014-03-31": "89.69000", "2013-12-31": "-306.52200", "2013-09-30": "107.97300", "2013-06-30": "113.02900", "2013-03-31": "82.16500", "2012-12-31": "119.13300", "2012-09-30": "105.71200", "2012-06-30": "40.35900", "2012-03-31": "208.89200", "2011-12-31": "87.98500", "2011-09-30": "57.77900", "2011-06-30": "120.60000", "2011-03-31": "308.19500", "2010-12-31": "258.39400", "2010-09-30": "119.79900", "2010-06-30": "80.89200", "2010-03-31": "242.11400", "2009-12-31": "-144.10300", "2009-09-30": "112.52300", "2009-06-30": "-43.73800", "2009-03-31": "153.83900", "2008-12-31": "-237.32600", "2008-09-30": "42.70100", "2008-06-30": "87.47800", "2008-03-31": "337.66700", "2007-12-31": "41.67500", "2007-09-30": "121.36200", "2007-06-30": "187.11300", "2007-03-31": "190.06100", "2006-12-31": "137.22700", "2006-09-30": "147.19200", "2006-06-30": "169.10500", "2006-03-31": "153.59800", "2005-12-31": "137.95900", "2005-09-30": "68.83800", "2005-06-30": "186.15200", "2005-03-31": "243.31700"}, "Other Income": {"2020-09-30": "", "2020-06-30": "", "2020-03-31": "", "2019-12-31": "", "2019-09-30": "", "2019-06-30": "", "2019-03-31": "", "2018-12-31": "", "2018-09-30": "", "2018-06-30": "", "2018-03-31": "", "2017-12-31": "", "2017-09-30": "", "2017-06-30": "", "2017-03-31": "", "2016-12-31": "", "2016-09-30": "", "2016-06-30": "", "2016-03-31": "", "2015-12-31": "", "2015-09-30": "", "2015-06-30": "", "2015-03-31": "", "2014-12-31": "", "2014-09-30": "", "2014-06-30": "", "2014-03-31": "", "2013-12-31": "", "2013-09-30": "", "2013-06-30": "", "2013-03-31": "", "2012-12-31": "", "2012-09-30": "", "2012-06-30": "", "2012-03-31": "", "2011-12-31": "", "2011-09-30": "", "2011-06-30": "", "2011-03-31": "", "2010-12-31": "", "2010-09-30": "", "2010-06-30": "", "2010-03-31": "", "2009-12-31": "", "2009-09-30": "", "2009-06-30": "", "2009-03-31": "", "2008-12-31": "", "2008-09-30": "", "2008-06-30": "", "2008-03-31": "", "2007-12-31": "", "2007-09-30": "", "2007-06-30": "", "2007-03-31": "", "2006-12-31": "", "2006-09-30": "", "2006-06-30": "", "2006-03-31": "", "2005-12-31": "", "2005-09-30": "", "2005-06-30": "", "2005-03-31": ""}, "Income From Continuous Operations": {"2020-09-30": "68.73600", "2020-06-30": "-217.35200", "2020-03-31": "-104.50300", "2019-12-31": "160.62100", "2019-09-30": "363.85700", "2019-06-30": "2596.63300", "2019-03-31": "213.18100", "2018-12-31": "97.56400", "2018-09-30": "219.10100", "2018-06-30": "104.65500", "2018-03-31": "0.64500", "2017-12-31": "52.27800", "2017-09-30": "37.17600", "2017-06-30": "129.37300", "2017-03-31": "58.52900", "2016-12-31": "327.90300", "2016-09-30": "75.52400", "2016-06-30": "265.90700", "2016-03-31": "-92.32400", "2015-12-31": "110.31100", "2015-09-30": "200.77700", "2015-06-30": "215.76400", "2015-03-31": "109.06700", "2014-12-31": "107.88700", "2014-09-30": "87.02900", "2014-06-30": "138.74400", "2014-03-31": "89.69000", "2013-12-31": "-306.52200", "2013-09-30": "107.97300", "2013-06-30": "113.02900", "2013-03-31": "82.16500", "2012-12-31": "119.13300", "2012-09-30": "105.71200", "2012-06-30": "40.35900", "2012-03-31": "208.89200", "2011-12-31": "87.98500", "2011-09-30": "57.77900", "2011-06-30": "120.60000", "2011-03-31": "308.19500", "2010-12-31": "258.39400", "2010-09-30": "119.79900", "2010-06-30": "80.89200", "2010-03-31": "242.11400", "2009-12-31": "-144.10300", "2009-09-30": "112.52300", "2009-06-30": "-43.73800", "2009-03-31": "153.83900", "2008-12-31": "-237.32600", "2008-09-30": "42.70100", "2008-06-30": "87.47800", "2008-03-31": "337.66700", "2007-12-31": "56.73400", "2007-09-30": "106.30300", "2007-06-30": "187.11300", "2007-03-31": "190.06100", "2006-12-31": "161.56200", "2006-09-30": "147.19200", "2006-06-30": "146.40700", "2006-03-31": "153.32400", "2005-12-31": "133.18900", "2005-09-30": "68.07000", "2005-06-30": "187.27900", "2005-03-31": "243.92000"}, "Income From Discontinued Operations": {"2020-09-30": "", "2020-06-30": "0.00000", "2020-03-31": "", "2019-12-31": "0.05500", "2019-09-30": "-0.00800", "2019-06-30": "0.06000", "2019-03-31": "-0.13700", "2018-12-31": "0.25700", "2018-09-30": "0.06100", "2018-06-30": "0.68300", "2018-03-31": "-0.36300", "2017-12-31": "1.27300", "2017-09-30": "-47.93000", "2017-06-30": "18.11100", "2017-03-31": "15.31800", "2016-12-31": "376.64100", "2016-09-30": "25.08000", "2016-06-30": "2.47500", "2016-03-31": "0.71600", "2015-12-31": "173.23300", "2015-09-30": "34.46300", "2015-06-30": "-0.36400", "2015-03-31": "16.17900", "2014-12-31": "468.09900", "2014-09-30": "82.16800", "2014-06-30": "26.94300", "2014-03-31": "8.46600", "2013-12-31": "267.76300", "2013-09-30": "24.27800", "2013-06-30": "69.29200", "2013-03-31": "206.76200", "2012-12-31": "-27.24000", "2012-09-30": "158.44400", "2012-06-30": "17.86900", "2012-03-31": "71.37200", "2011-12-31": "9.00200", "2011-09-30": "8.44400", "2011-06-30": "10.36900", "2011-03-31": "137.62600", "2010-12-31": "23.75000", "2010-09-30": "-3.66700", "2010-06-30": "-3.68100", "2010-03-31": "-9.57000", "2009-12-31": "0.65300", "2009-09-30": "43.32100", "2009-06-30": "3.36300", "2009-03-31": "2.59200", "2008-12-31": "9.65900", "2008-09-30": "0.84600", "2008-06-30": "58.33900", "2008-03-31": "112.08100", "2007-12-31": "43.74100", "2007-09-30": "24.53800", "2007-06-30": "0.47800", "2007-03-31": "-1.13500", "2006-12-31": "-1.85900", "2006-09-30": "0.57700", "2006-06-30": "16.76200", "2006-03-31": "16.73500", "2005-12-31": "5.22600", "2005-09-30": "1.22900", "2005-06-30": "32.93000", "2005-03-31": "1.63500"}, "Net Income": {"2020-09-30": "53.17000", "2020-06-30": "-197.75000", "2020-03-31": "4.96300", "2019-12-31": "193.21680", "2019-09-30": "322.90600", "2019-06-30": "2400.19500", "2019-03-31": "181.48800", "2018-12-31": "100.49400", "2018-09-30": "190.64500", "2018-06-30": "111.53400", "2018-03-31": "-17.84100", "2017-12-31": "27.31900", "2017-09-30": "-29.02600", "2017-06-30": "115.97200", "2017-03-31": "47.75200", "2016-12-31": "651.18100", "2016-09-30": "66.12500", "2016-06-30": "220.46300", "2016-03-31": "-114.16300", "2015-12-31": "230.74200", "2015-09-30": "198.87000", "2015-06-30": "165.65100", "2015-03-31": "84.59300", "2014-12-31": "513.23800", "2014-09-30": "131.15900", "2014-06-30": "76.64200", "2014-03-31": "62.34900", "2013-12-31": "-68.88700", "2013-09-30": "83.00500", "2013-06-30": "145.92600", "2013-03-31": "231.99000", "2012-12-31": "62.63300", "2012-09-30": "232.39300", "2012-06-30": "20.51000", "2012-03-31": "233.73500", "2011-12-31": "69.65000", "2011-09-30": "41.08700", "2011-06-30": "91.86500", "2011-03-31": "399.16900", "2010-12-31": "243.45400", "2010-09-30": "95.19200", "2010-06-30": "57.84000", "2010-03-31": "200.28500", "2009-12-31": "-151.19200", "2009-09-30": "126.34800", "2009-06-30": "-51.90400", "2009-03-31": "125.84100", "2008-12-31": "-226.95100", "2008-09-30": "22.73600", "2008-06-30": "116.85800", "2008-03-31": "389.56300", "2007-12-31": "63.55600", "2007-09-30": "116.54600", "2007-06-30": "151.62500", "2007-03-31": "152.63500", "2006-12-31": "105.42700", "2006-09-30": "113.63200", "2006-06-30": "148.76500", "2006-03-31": "134.80500", "2005-12-31": "105.75000", "2005-09-30": "27.22300", "2005-06-30": "172.69700", "2005-03-31": "187.43300"}, "EBITDA": {"2020-09-30": "132.30900", "2020-06-30": "195.45400", "2020-03-31": "172.77900", "2019-12-31": "189.87890", "2019-09-30": "204.07000", "2019-06-30": "100.62700", "2019-03-31": "224.07200", "2018-12-31": "247.41000", "2018-09-30": "266.59590", "2018-06-30": "264.35500", "2018-03-31": "238.81200", "2017-12-31": "271.73590", "2017-09-30": "268.82100", "2017-06-30": "284.89000", "2017-03-31": "266.24000", "2016-12-31": "382.55490", "2016-09-30": "283.09510", "2016-06-30": "323.40300", "2016-03-31": "132.86100", "2015-12-31": "179.44690", "2015-09-30": "319.20600", "2015-06-30": "321.84300", "2015-03-31": "286.07200", "2014-12-31": "318.57090", "2014-09-30": "307.87200", "2014-06-30": "313.10600", "2014-03-31": "286.96590", "2013-12-31": "109.55790", "2013-09-30": "352.62700", "2013-06-30": "339.09100", "2013-03-31": "382.39700", "2012-12-31": "267.64700", "2012-09-30": "319.49600", "2012-06-30": "330.46900", "2012-03-31": "313.70900", "2011-12-31": "322.33820", "2011-09-30": "340.98800", "2011-06-30": "351.68400", "2011-03-31": "315.16200", "2010-12-31": "189.13100", "2010-09-30": "346.56300", "2010-06-30": "360.90300", "2010-03-31": "352.54100", "2009-12-31": "251.41600", "2009-09-30": "369.34900", "2009-06-30": "339.82900", "2009-03-31": "307.14290", "2008-12-31": "225.61610", "2008-09-30": "358.58900", "2008-06-30": "344.91700", "2008-03-31": "339.44400", "2007-12-31": "352.14290", "2007-09-30": "330.02700", "2007-06-30": "311.43700", "2007-03-31": "284.16100", "2006-12-31": "227.14200", "2006-09-30": "270.90000", "2006-06-30": "295.09500", "2006-03-31": "268.62600", "2005-12-31": "274.81900", "2005-09-30": "253.05700", "2005-06-30": "262.60900", "2005-03-31": "260.90300"}, "EBIT": {"2020-09-30": "23.97200", "2020-06-30": "103.64700", "2020-03-31": "80.07200", "2019-12-31": "97.16590", "2019-09-30": "107.37800", "2019-06-30": "-12.46100", "2019-03-31": "107.46200", "2018-12-31": "135.47890", "2018-09-30": "156.95600", "2018-06-30": "156.47000", "2018-03-31": "134.05600", "2017-12-31": "160.79300", "2017-09-30": "162.23500", "2017-06-30": "153.81000", "2017-03-31": "131.81300", "2016-12-31": "244.85080", "2016-09-30": "148.46100", "2016-06-30": "186.81400", "2016-03-31": "-0.28000", "2015-12-31": "66.86910", "2015-09-30": "191.44000", "2015-06-30": "193.39100", "2015-03-31": "167.71400", "2014-12-31": "173.24480", "2014-09-30": "182.13900", "2014-06-30": "189.26800", "2014-03-31": "145.24090", "2013-12-31": "-20.65610", "2013-09-30": "234.85100", "2013-06-30": "210.06200", "2013-03-31": "250.29400", "2012-12-31": "143.43200", "2012-09-30": "199.34200", "2012-06-30": "202.80000", "2012-03-31": "182.21800", "2011-12-31": "169.39620", "2011-09-30": "216.26000", "2011-06-30": "231.37600", "2011-03-31": "195.19400", "2010-12-31": "69.51500", "2010-09-30": "223.91800", "2010-06-30": "237.39700", "2010-03-31": "228.19800", "2009-12-31": "151.37710", "2009-09-30": "223.08000", "2009-06-30": "217.76100", "2009-03-31": "188.94700", "2008-12-31": "136.69410", "2008-09-30": "208.90900", "2008-06-30": "236.04800", "2008-03-31": "205.75300", "2007-12-31": "223.27600", "2007-09-30": "211.19600", "2007-06-30": "195.45100", "2007-03-31": "185.21000", "2006-12-31": "125.10490", "2006-09-30": "175.47100", "2006-06-30": "192.58600", "2006-03-31": "179.25300", "2005-12-31": "185.27800", "2005-09-30": "171.39500", "2005-06-30": "180.01500", "2005-03-31": "181.72200"}, "Basic Shares Outstanding": {"2020-09-30": "191.16200", "2020-06-30": "191.10400", "2020-03-31": "191.03800", "2019-12-31": "190.80100", "2019-09-30": "190.81400", "2019-06-30": "190.78100", "2019-03-31": "190.68900", "2018-12-31": "190.21900", "2018-09-30": "190.24500", "2018-06-30": "190.20000", "2018-03-31": "190.08100", "2017-12-31": "189.52600", "2017-09-30": "189.59300", "2017-06-30": "189.39500", "2017-03-31": "189.21000", "2016-12-31": "188.83700", "2016-09-30": "188.90100", "2016-06-30": "188.77200", "2016-03-31": "188.65800", "2015-12-31": "188.35300", "2015-09-30": "188.50400", "2015-06-30": "188.36500", "2015-03-31": "187.99900", "2014-12-31": "187.57200", "2014-09-30": "187.67100", "2014-06-30": "187.52700", "2014-03-31": "187.30700", "2013-12-31": "186.94100", "2013-09-30": "186.96900", "2013-06-30": "186.93100", "2013-03-31": "186.75200", "2012-12-31": "185.81000", "2012-09-30": "185.92400", "2012-06-30": "185.67300", "2012-03-31": "185.37000", "2011-12-31": "184.30800", "2011-09-30": "184.39800", "2011-06-30": "184.26800", "2011-03-31": "183.98800", "2010-12-31": "182.34000", "2010-09-30": "182.46200", "2010-06-30": "182.02700", "2010-03-31": "181.54200", "2009-12-31": "171.59500", "2009-09-30": "178.68900", "2009-06-30": "171.53000", "2009-03-31": "155.99100", "2008-12-31": "153.90000", "2008-09-30": "159.76100", "2008-06-30": "158.52400", "2008-03-31": "156.09300", "2007-12-31": "151.94900", "2007-09-30": "151.99000", "2007-06-30": "151.79400", "2007-03-31": "151.42800", "2006-12-31": "142.14500", "2006-09-30": "141.68400", "2006-06-30": "141.41800", "2006-03-31": "141.15000", "2005-12-31": "133.76800", "2005-09-30": "136.45200", "2005-06-30": "130.17800", "2005-03-31": "128.31300"}, "Shares Outstanding": {"2020-09-30": "191.16200", "2020-06-30": "191.10400", "2020-03-31": "191.11300", "2019-12-31": "191.05300", "2019-09-30": "191.02400", "2019-06-30": "191.05800", "2019-03-31": "190.99600", "2018-12-31": "191.29000", "2018-09-30": "191.32700", "2018-06-30": "191.16800", "2018-03-31": "190.08100", "2017-12-31": "191.25800", "2017-09-30": "190.84700", "2017-06-30": "190.44400", "2017-03-31": "190.37200", "2016-12-31": "190.17300", "2016-09-30": "190.04800", "2016-06-30": "189.88500", "2016-03-31": "188.65800", "2015-12-31": "189.56400", "2015-09-30": "189.58100", "2015-06-30": "189.60000", "2015-03-31": "189.33600", "2014-12-31": "188.69000", "2014-09-30": "188.81200", "2014-06-30": "188.61700", "2014-03-31": "188.24000", "2013-12-31": "187.70900", "2013-09-30": "187.72400", "2013-06-30": "187.72000", "2013-03-31": "187.52900", "2012-12-31": "186.53000", "2012-09-30": "186.65500", "2012-06-30": "186.34200", "2012-03-31": "191.88600", "2011-12-31": "186.02100", "2011-09-30": "186.06500", "2011-06-30": "186.14400", "2011-03-31": "191.52900", "2010-12-31": "184.15900", "2010-09-30": "184.16800", "2010-06-30": "183.64400", "2010-03-31": "183.44500", "2009-12-31": "173.50300", "2009-09-30": "180.97700", "2009-06-30": "171.53000", "2009-03-31": "157.10300", "2008-12-31": "158.11900", "2008-09-30": "164.42400", "2008-06-30": "163.29900", "2008-03-31": "166.26000", "2007-12-31": "158.55800", "2007-09-30": "158.51300", "2007-06-30": "164.24100", "2007-03-31": "164.00100", "2006-12-31": "150.41100", "2006-09-30": "150.09600", "2006-06-30": "154.89300", "2006-03-31": "148.96400", "2005-12-31": "141.01200", "2005-09-30": "143.81100", "2005-06-30": "142.81300", "2005-03-31": "135.31900"}, "Basic EPS": {"2020-09-30": "0.28000", "2020-06-30": "-1.03000", "2020-03-31": "0.03000", "2019-12-31": "1.01000", "2019-09-30": "1.69000", "2019-06-30": "12.58000", "2019-03-31": "0.95000", "2018-12-31": "0.52000", "2018-09-30": "1.00000", "2018-06-30": "0.59000", "2018-03-31": "-0.09000", "2017-12-31": "0.14000", "2017-09-30": "-0.15000", "2017-06-30": "0.61000", "2017-03-31": "0.25000", "2016-12-31": "3.45000", "2016-09-30": "0.35000", "2016-06-30": "1.17000", "2016-03-31": "-0.61000", "2015-12-31": "1.23000", "2015-09-30": "1.05000", "2015-06-30": "0.88000", "2015-03-31": "0.45000", "2014-12-31": "2.74000", "2014-09-30": "0.70000", "2014-06-30": "0.41000", "2014-03-31": "0.33000", "2013-12-31": "-0.36000", "2013-09-30": "0.44000", "2013-06-30": "0.78000", "2013-03-31": "1.24000", "2012-12-31": "0.33000", "2012-09-30": "1.25000", "2012-06-30": "0.11000", "2012-03-31": "1.26000", "2011-12-31": "0.37000", "2011-09-30": "0.22000", "2011-06-30": "0.50000", "2011-03-31": "2.17000", "2010-12-31": "1.33000", "2010-09-30": "0.52000", "2010-06-30": "0.32000", "2010-03-31": "1.10000", "2009-12-31": "-0.94000", "2009-09-30": "0.71000", "2009-06-30": "-0.30000", "2009-03-31": "0.81000", "2008-12-31": "-1.42000", "2008-09-30": "0.14000", "2008-06-30": "0.74000", "2008-03-31": "2.50000", "2007-12-31": "0.40000", "2007-09-30": "0.77000", "2007-06-30": "1.00000", "2007-03-31": "1.01000", "2006-12-31": "0.73000", "2006-09-30": "0.80000", "2006-06-30": "1.05000", "2006-03-31": "0.96000", "2005-12-31": "0.70000", "2005-09-30": "0.20000", "2005-06-30": "1.33000", "2005-03-31": "1.46000"}, "EPS - Earnings Per Share": {"2020-09-30": "0.28000", "2020-06-30": "-1.03000", "2020-03-31": "0.03000", "2019-12-31": "1.01000", "2019-09-30": "1.69000", "2019-06-30": "12.56000", "2019-03-31": "0.95000", "2018-12-31": "0.52000", "2018-09-30": "1.00000", "2018-06-30": "0.58000", "2018-03-31": "-0.09000", "2017-12-31": "0.14000", "2017-09-30": "-0.15000", "2017-06-30": "0.61000", "2017-03-31": "0.25000", "2016-12-31": "3.44000", "2016-09-30": "0.35000", "2016-06-30": "1.16000", "2016-03-31": "-0.61000", "2015-12-31": "1.22000", "2015-09-30": "1.05000", "2015-06-30": "0.87000", "2015-03-31": "0.45000", "2014-12-31": "2.72000", "2014-09-30": "0.69000", "2014-06-30": "0.41000", "2014-03-31": "0.33000", "2013-12-31": "-0.37000", "2013-09-30": "0.44000", "2013-06-30": "0.78000", "2013-03-31": "1.24000", "2012-12-31": "0.34000", "2012-09-30": "1.24000", "2012-06-30": "0.11000", "2012-03-31": "1.25000", "2011-12-31": "0.40000", "2011-09-30": "0.22000", "2011-06-30": "0.49000", "2011-03-31": "2.12000", "2010-12-31": "1.32000", "2010-09-30": "0.52000", "2010-06-30": "0.31000", "2010-03-31": "1.09000", "2009-12-31": "-0.92000", "2009-09-30": "0.70000", "2009-06-30": "-0.30000", "2009-03-31": "0.80000", "2008-12-31": "-1.33000", "2008-09-30": "0.14000", "2008-06-30": "0.72000", "2008-03-31": "2.38000", "2007-12-31": "0.39000", "2007-09-30": "0.74000", "2007-06-30": "0.96000", "2007-03-31": "0.96000", "2006-12-31": "0.69000", "2006-09-30": "0.76000", "2006-06-30": "0.99000", "2006-03-31": "0.91000", "2005-12-31": "0.67000", "2005-09-30": "0.19000", "2005-06-30": "1.25000", "2005-03-31": "1.39000"}}, "balance sheet": {"Cash On Hand": {"2019-12-31": "1607.13100", "2018-12-31": "716.90500", "2017-12-31": "1914.81200", "2016-12-31": "1596.05900", "2015-12-31": "1943.50600", "2014-12-31": "1374.68100", "2013-12-31": "845.73000", "2012-12-31": "1143.57500", "2011-12-31": "704.62100", "2010-12-31": "891.61100", "2009-12-31": "869.42900", "2008-12-31": "1902.74100", "2007-12-31": "1533.32700", "2006-12-31": "2373.66800", "2005-12-31": "487.12300"}, "Receivables": {"2019-12-31": "837.93900", "2018-12-31": "1008.45300", "2017-12-31": "985.41100", "2016-12-31": "946.23600", "2015-12-31": "1029.30700", "2014-12-31": "897.26900", "2013-12-31": "911.11800", "2012-12-31": "953.90900", "2011-12-31": "874.15800", "2010-12-31": "852.63200", "2009-12-31": "827.55000", "2008-12-31": "793.99800", "2007-12-31": "681.32000", "2006-12-31": "672.22900", "2005-12-31": "613.89800"}, "Inventory": {"2019-12-31": "", "2018-12-31": "", "2017-12-31": "", "2016-12-31": "", "2015-12-31": "", "2014-12-31": "", "2013-12-31": "", "2012-12-31": "", "2011-12-31": "", "2010-12-31": "", "2009-12-31": "", "2008-12-31": "", "2007-12-31": "", "2006-12-31": "", "2005-12-31": ""}, "Pre-Paid Expenses": {"2019-12-31": "", "2018-12-31": "", "2017-12-31": "", "2016-12-31": "", "2015-12-31": "", "2014-12-31": "", "2013-12-31": "", "2012-12-31": "", "2011-12-31": "", "2010-12-31": "", "2009-12-31": "", "2008-12-31": "", "2007-12-31": "", "2006-12-31": "", "2005-12-31": ""}, "Other Current Assets": {"2019-12-31": "", "2018-12-31": "", "2017-12-31": "", "2016-12-31": "", "2015-12-31": "", "2014-12-31": "", "2013-12-31": "", "2012-12-31": "", "2011-12-31": "", "2010-12-31": "", "2009-12-31": "", "2008-12-31": "", "2007-12-31": "", "2006-12-31": "", "2005-12-31": ""}, "Total Current Assets": {"2019-12-31": "2445.07000", "2018-12-31": "1725.35800", "2017-12-31": "2900.22300", "2016-12-31": "2542.29500", "2015-12-31": "2972.81300", "2014-12-31": "2271.95000", "2013-12-31": "1756.84800", "2012-12-31": "2322.84300", "2011-12-31": "1725.85400", "2010-12-31": "1959.84200", "2009-12-31": "1913.41500", "2008-12-31": "3182.46300", "2007-12-31": "2720.21400", "2006-12-31": "3622.25800", "2005-12-31": "1488.37600"}, "Property, Plant, And Equipment": {"2019-12-31": "10058.05000", "2018-12-31": "13057.71000", "2017-12-31": "11871.01000", "2016-12-31": "11606.31000", "2015-12-31": "14671.87000", "2014-12-31": "13660.72000", "2013-12-31": "14122.23000", "2012-12-31": "15165.95000", "2011-12-31": "13809.38000", "2010-12-31": "14672.66000", "2009-12-31": "15132.90000", "2008-12-31": "15652.28000", "2007-12-31": "15226.45000", "2006-12-31": "11471.40000", "2005-12-31": "9704.03500"}, "Long-Term Investments": {"2019-12-31": "", "2018-12-31": "", "2017-12-31": "", "2016-12-31": "", "2015-12-31": "", "2014-12-31": "", "2013-12-31": "", "2012-12-31": "", "2011-12-31": "", "2010-12-31": "", "2009-12-31": "", "2008-12-31": "", "2007-12-31": "", "2006-12-31": "", "2005-12-31": ""}, "Goodwill And Intangible Assets": {"2019-12-31": "30.96500", "2018-12-31": "136.78100", "2017-12-31": "159.26000", "2016-12-31": "189.66800", "2015-12-31": "227.90100", "2014-12-31": "225.15500", "2013-12-31": "307.43600", "2012-12-31": "415.33000", "2011-12-31": "287.84400", "2010-12-31": "346.15700", "2009-12-31": "439.54900", "2008-12-31": "", "2007-12-31": "", "2006-12-31": "", "2005-12-31": ""}, "Other Long-Term Assets": {"2019-12-31": "5019.39200", "2018-12-31": "1860.63400", "2017-12-31": "2063.94700", "2016-12-31": "2552.96800", "2015-12-31": "2753.26800", "2014-12-31": "2383.58900", "2013-12-31": "2631.75400", "2012-12-31": "3084.35000", "2011-12-31": "3209.01000", "2010-12-31": "2664.66800", "2009-12-31": "2051.01200", "2008-12-31": "2106.36600", "2007-12-31": "2625.99300", "2006-12-31": "2501.13000", "2005-12-31": "2368.39100"}, "Total Long-Term Assets": {"2019-12-31": "15462.40000", "2018-12-31": "15455.44000", "2017-12-31": "14497.71000", "2016-12-31": "18272.55000", "2015-12-31": "18170.48000", "2014-12-31": "18886.03000", "2013-12-31": "18340.38000", "2012-12-31": "19742.21000", "2011-12-31": "18720.63000", "2010-12-31": "18557.63000", "2009-12-31": "18272.06000", "2008-12-31": "18235.59000", "2007-12-31": "19758.72000", "2006-12-31": "14332.02000", "2005-12-31": "12148.79000"}, "Total Assets": {"2019-12-31": "18287.01000", "2018-12-31": "17180.79000", "2017-12-31": "17397.93000", "2016-12-31": "20814.85000", "2015-12-31": "21143.29000", "2014-12-31": "21157.98000", "2013-12-31": "20097.22000", "2012-12-31": "22065.05000", "2011-12-31": "20446.49000", "2010-12-31": "20517.47000", "2009-12-31": "20185.47000", "2008-12-31": "21418.05000", "2007-12-31": "22478.94000", "2006-12-31": "17954.28000", "2005-12-31": "13637.16000"}, "Total Current Liabilities": {"2019-12-31": "440.04900", "2018-12-31": "430.97600", "2017-12-31": "415.79400", "2016-12-31": "397.13400", "2015-12-31": "443.95500", "2014-12-31": "447.74500", "2013-12-31": "422.27600", "2012-12-31": "484.74600", "2011-12-31": "423.51200", "2010-12-31": "438.47900", "2009-12-31": "475.24200", "2008-12-31": "515.60700", "2007-12-31": "480.12300", "2006-12-31": "531.97700", "2005-12-31": "476.52300"}, "Long Term Debt": {"2019-12-31": "7406.60900", "2018-12-31": "9836.62100", "2017-12-31": "9729.48700", "2016-12-31": "9446.67000", "2015-12-31": "11091.01000", "2014-12-31": "9530.33700", "2013-12-31": "9978.71800", "2012-12-31": "11127.23000", "2011-12-31": "10076.61000", "2010-12-31": "10889.44000", "2009-12-31": "10685.70000", "2008-12-31": "12437.92000", "2007-12-31": "11896.04000", "2006-12-31": "9554.79800", "2005-12-31": "6243.12600"}, "Other Non-Current Liabilities": {"2019-12-31": "1742.20800", "2018-12-31": "1021.75200", "2017-12-31": "804.50100", "2016-12-31": "814.65800", "2015-12-31": "890.55900", "2014-12-31": "851.72700", "2013-12-31": "1081.87700", "2012-12-31": "1102.20100", "2011-12-31": "756.96900", "2010-12-31": "750.24100", "2009-12-31": "824.22800", "2008-12-31": "978.24600", "2007-12-31": "1035.54900", "2006-12-31": "543.03000", "2005-12-31": "384.73200"}, "Total Long Term Liabilities": {"2019-12-31": "10037.73000", "2018-12-31": "11641.93000", "2017-12-31": "11974.44000", "2016-12-31": "12799.22000", "2015-12-31": "13223.26000", "2014-12-31": "13220.85000", "2013-12-31": "12080.20000", "2012-12-31": "13676.16000", "2011-12-31": "12514.53000", "2010-12-31": "13248.59000", "2009-12-31": "13060.82000", "2008-12-31": "14687.79000", "2007-12-31": "16580.71000", "2006-12-31": "11271.53000", "2005-12-31": "7897.13000"}, "Total Liabilities": {"2019-12-31": "10976.04000", "2018-12-31": "12072.91000", "2017-12-31": "12390.23000", "2016-12-31": "13196.35000", "2015-12-31": "13667.21000", "2014-12-31": "13668.60000", "2013-12-31": "12502.48000", "2012-12-31": "14160.91000", "2011-12-31": "12938.04000", "2010-12-31": "13687.07000", "2009-12-31": "13536.07000", "2008-12-31": "15203.40000", "2007-12-31": "17060.84000", "2006-12-31": "11803.51000", "2005-12-31": "8373.65300"}, "Common Stock Net": {"2019-12-31": "7.61800", "2018-12-31": "7.60000", "2017-12-31": "7.57700", "2016-12-31": "7.54200", "2015-12-31": "7.52100", "2014-12-31": "7.49300", "2013-12-31": "7.46900", "2012-12-31": "7.44000", "2011-12-31": "7.37300", "2010-12-31": "7.31700", "2009-12-31": "7.21800", "2008-12-31": "6.19500", "2007-12-31": "6.14000", "2006-12-31": "6.08300", "2005-12-31": "5.67500"}, "Retained Earnings (Accumulated Deficit)": {"2019-12-31": "-1954.26600", "2018-12-31": "-4167.18400", "2017-12-31": "-4183.25300", "2016-12-31": "-1419.38200", "2015-12-31": "-1766.78000", "2014-12-31": "-1505.38500", "2013-12-31": "-1734.83900", "2012-12-31": "-1573.27500", "2011-12-31": "-1401.70400", "2010-12-31": "-1480.87600", "2009-12-31": "-1577.59100", "2008-12-31": "-1047.34000", "2007-12-31": "-721.62500", "2006-12-31": "-69.18800", "2005-12-31": "103.06100"}, "Comprehensive Income": {"2019-12-31": "-40.23300", "2018-12-31": "7.66400", "2017-12-31": "128.68200", "2016-12-31": "118.97200", "2015-12-31": "46.92100", "2014-12-31": "93.26700", "2013-12-31": "71.53700", "2012-12-31": "-18.94600", "2011-12-31": "73.72900", "2010-12-31": "73.45300", "2009-12-31": "28.44900", "2008-12-31": "-6.89900", "2007-12-31": "29.77200", "2006-12-31": "92.96300", "2005-12-31": "83.40600"}, "Other Share Holders Equity": {"2019-12-31": "", "2018-12-31": "", "2017-12-31": "", "2016-12-31": "", "2015-12-31": "", "2014-12-31": "", "2013-12-31": "", "2012-12-31": "", "2011-12-31": "", "2010-12-31": "", "2009-12-31": "", "2008-12-31": "", "2007-12-31": "", "2006-12-31": "", "2005-12-31": ""}, "Share Holder Equity": {"2019-12-31": "7310.97800", "2018-12-31": "5107.88300", "2017-12-31": "5007.70100", "2016-12-31": "7618.49600", "2015-12-31": "7476.07800", "2014-12-31": "7489.38200", "2013-12-31": "7594.74400", "2012-12-31": "7904.14400", "2011-12-31": "7508.44700", "2010-12-31": "6830.40500", "2009-12-31": "6649.40600", "2008-12-31": "6214.65200", "2007-12-31": "5418.09900", "2006-12-31": "6150.77000", "2005-12-31": "5263.51000"}, "Total Liabilities And Share Holders Equity": {"2019-12-31": "18287.01000", "2018-12-31": "17180.79000", "2017-12-31": "17397.93000", "2016-12-31": "20814.85000", "2015-12-31": "21143.29000", "2014-12-31": "21157.98000", "2013-12-31": "20097.22000", "2012-12-31": "22065.05000", "2011-12-31": "20446.49000", "2010-12-31": "20517.47000", "2009-12-31": "20185.47000", "2008-12-31": "21418.05000", "2007-12-31": "22478.94000", "2006-12-31": "17954.28000", "2005-12-31": "13637.16000"}}, "balance sheet, quarterly": {"Cash On Hand": {"2020-09-30": "1490.33800", "2020-06-30": "1863.34100", "2020-03-31": "1667.30800", "2019-12-31": "1607.13100", "2019-09-30": "1245.55600", "2019-06-30": "1076.91000", "2019-03-31": "900.80600", "2018-12-31": "716.90500", "2018-09-30": "919.81000", "2018-06-30": "1211.95900", "2018-03-31": "1418.06800", "2017-12-31": "1914.81200", "2017-09-30": "1385.78300", "2017-06-30": "1557.68900", "2017-03-31": "1583.00500", "2016-12-31": "1596.05900", "2016-09-30": "1464.63800", "2016-06-30": "1738.69500", "2016-03-31": "1782.71300", "2015-12-31": "1943.50600", "2015-09-30": "896.10210", "2015-06-30": "644.19400", "2015-03-31": "1266.24000", "2014-12-31": "1374.68100", "2014-09-30": "1843.99000", "2014-06-30": "1531.57900", "2014-03-31": "1366.91100", "2013-12-31": "845.73000", "2013-09-30": "1193.30200", "2013-06-30": "1093.72600", "2013-03-31": "754.20200", "2012-12-31": "1143.57500", "2012-09-30": "857.67800", "2012-06-30": "584.08900", "2012-03-31": "731.78200", "2011-12-31": "704.62100", "2011-09-30": "710.16700", "2011-06-30": "746.83500", "2011-03-31": "852.63400", "2010-12-31": "891.61100", "2010-09-30": "994.50000", "2010-06-30": "791.68300", "2010-03-31": "1111.78900", "2009-12-31": "869.42900", "2009-09-30": "2847.58600", "2009-06-30": "2376.48200", "2009-03-31": "2025.59700", "2008-12-31": "1902.74100", "2008-09-30": "1919.36500", "2008-06-30": "2096.05100", "2008-03-31": "1919.32700", "2007-12-31": "1533.32700", "2007-09-30": "1221.06600", "2007-06-30": "1098.58000", "2007-03-31": "3015.90800", "2006-12-31": "2373.66800", "2006-09-30": "576.97400", "2006-06-30": "700.94300", "2006-03-31": "783.59900", "2005-12-31": "487.12300", "2005-09-30": "577.16300", "2005-06-30": "1036.03600", "2005-03-31": "1161.26600"}, "Receivables": {"2020-09-30": "781.43200", "2020-06-30": "811.20400", "2020-03-31": "847.60200", "2019-12-31": "837.93900", "2019-09-30": "843.14500", "2019-06-30": "834.35100", "2019-03-31": "840.03800", "2018-12-31": "1008.45300", "2018-09-30": "1007.09000", "2018-06-30": "1002.38700", "2018-03-31": "998.92200", "2017-12-31": "985.41100", "2017-09-30": "972.59600", "2017-06-30": "1146.22400", "2017-03-31": "1135.69300", "2016-12-31": "946.23600", "2016-09-30": "1121.37600", "2016-06-30": "1087.57600", "2016-03-31": "1071.05400", "2015-12-31": "1029.30700", "2015-09-30": "993.44600", "2015-06-30": "966.94300", "2015-03-31": "927.13800", "2014-12-31": "897.26900", "2014-09-30": "992.53700", "2014-06-30": "968.49500", "2014-03-31": "953.86700", "2013-12-31": "911.11800", "2013-09-30": "936.00500", "2013-06-30": "931.29600", "2013-03-31": "921.81200", "2012-12-31": "953.90900", "2012-09-30": "937.10800", "2012-06-30": "936.69500", "2012-03-31": "941.20100", "2011-12-31": "874.15800", "2011-09-30": "870.33700", "2011-06-30": "908.40800", "2011-03-31": "900.00500", "2010-12-31": "852.63200", "2010-09-30": "919.14300", "2010-06-30": "876.53400", "2010-03-31": "861.53800", "2009-12-31": "827.55000", "2009-09-30": "822.17100", "2009-06-30": "801.75000", "2009-03-31": "795.35100", "2008-12-31": "793.99800", "2008-09-30": "835.14500", "2008-06-30": "714.98200", "2008-03-31": "704.83400", "2007-12-31": "681.32000", "2007-09-30": "776.00800", "2007-06-30": "736.72400", "2007-03-31": "695.78200", "2006-12-31": "672.22900", "2006-09-30": "632.21500", "2006-06-30": "603.20300", "2006-03-31": "576.95700", "2005-12-31": "613.89800", "2005-09-30": "576.03900", "2005-06-30": "507.82100", "2005-03-31": "490.05600"}, "Inventory": {"2020-09-30": "", "2020-06-30": "", "2020-03-31": "", "2019-12-31": "", "2019-09-30": "", "2019-06-30": "", "2019-03-31": "", "2018-12-31": "", "2018-09-30": "", "2018-06-30": "", "2018-03-31": "", "2017-12-31": "", "2017-09-30": "", "2017-06-30": "", "2017-03-31": "", "2016-12-31": "", "2016-09-30": "", "2016-06-30": "", "2016-03-31": "", "2015-12-31": "", "2015-09-30": "", "2015-06-30": "", "2015-03-31": "", "2014-12-31": "", "2014-09-30": "", "2014-06-30": "", "2014-03-31": "", "2013-12-31": "", "2013-09-30": "", "2013-06-30": "", "2013-03-31": "", "2012-12-31": "", "2012-09-30": "", "2012-06-30": "", "2012-03-31": "", "2011-12-31": "", "2011-09-30": "", "2011-06-30": "", "2011-03-31": "", "2010-12-31": "", "2010-09-30": "", "2010-06-30": "", "2010-03-31": "", "2009-12-31": "", "2009-09-30": "", "2009-06-30": "", "2009-03-31": "", "2008-12-31": "", "2008-09-30": "", "2008-06-30": "", "2008-03-31": "", "2007-12-31": "", "2007-09-30": "", "2007-06-30": "", "2007-03-31": "", "2006-12-31": "", "2006-09-30": "", "2006-06-30": "", "2006-03-31": "", "2005-12-31": "", "2005-09-30": "", "2005-06-30": "", "2005-03-31": ""}, "Pre-Paid Expenses": {"2020-09-30": "", "2020-06-30": "", "2020-03-31": "", "2019-12-31": "", "2019-09-30": "", "2019-06-30": "", "2019-03-31": "", "2018-12-31": "", "2018-09-30": "", "2018-06-30": "", "2018-03-31": "", "2017-12-31": "", "2017-09-30": "", "2017-06-30": "", "2017-03-31": "", "2016-12-31": "", "2016-09-30": "", "2016-06-30": "", "2016-03-31": "", "2015-12-31": "", "2015-09-30": "", "2015-06-30": "", "2015-03-31": "", "2014-12-31": "", "2014-09-30": "", "2014-06-30": "", "2014-03-31": "", "2013-12-31": "", "2013-09-30": "", "2013-06-30": "", "2013-03-31": "", "2012-12-31": "", "2012-09-30": "", "2012-06-30": "", "2012-03-31": "", "2011-12-31": "", "2011-09-30": "", "2011-06-30": "", "2011-03-31": "", "2010-12-31": "", "2010-09-30": "", "2010-06-30": "", "2010-03-31": "", "2009-12-31": "", "2009-09-30": "", "2009-06-30": "", "2009-03-31": "", "2008-12-31": "", "2008-09-30": "", "2008-06-30": "", "2008-03-31": "", "2007-12-31": "", "2007-09-30": "", "2007-06-30": "", "2007-03-31": "", "2006-12-31": "", "2006-09-30": "", "2006-06-30": "", "2006-03-31": "", "2005-12-31": "", "2005-09-30": "", "2005-06-30": "", "2005-03-31": ""}, "Other Current Assets": {"2020-09-30": "", "2020-06-30": "", "2020-03-31": "", "2019-12-31": "", "2019-09-30": "", "2019-06-30": "", "2019-03-31": "", "2018-12-31": "", "2018-09-30": "", "2018-06-30": "", "2018-03-31": "", "2017-12-31": "", "2017-09-30": "", "2017-06-30": "", "2017-03-31": "", "2016-12-31": "", "2016-09-30": "", "2016-06-30": "", "2016-03-31": "", "2015-12-31": "", "2015-09-30": "", "2015-06-30": "", "2015-03-31": "", "2014-12-31": "", "2014-09-30": "", "2014-06-30": "", "2014-03-31": "", "2013-12-31": "", "2013-09-30": "", "2013-06-30": "", "2013-03-31": "", "2012-12-31": "", "2012-09-30": "", "2012-06-30": "", "2012-03-31": "", "2011-12-31": "", "2011-09-30": "", "2011-06-30": "", "2011-03-31": "", "2010-12-31": "", "2010-09-30": "", "2010-06-30": "", "2010-03-31": "", "2009-12-31": "", "2009-09-30": "", "2009-06-30": "", "2009-03-31": "", "2008-12-31": "", "2008-09-30": "", "2008-06-30": "", "2008-03-31": "", "2007-12-31": "", "2007-09-30": "", "2007-06-30": "", "2007-03-31": "", "2006-12-31": "", "2006-09-30": "", "2006-06-30": "", "2006-03-31": "", "2005-12-31": "", "2005-09-30": "", "2005-06-30": "", "2005-03-31": ""}, "Total Current Assets": {"2020-09-30": "2271.77000", "2020-06-30": "2674.54500", "2020-03-31": "2514.91000", "2019-12-31": "2445.07000", "2019-09-30": "2088.70100", "2019-06-30": "1911.26100", "2019-03-31": "1740.84400", "2018-12-31": "1725.35800", "2018-09-30": "1926.90000", "2018-06-30": "2214.34600", "2018-03-31": "2416.99000", "2017-12-31": "2900.22300", "2017-09-30": "2358.37900", "2017-06-30": "2703.91300", "2017-03-31": "2718.69800", "2016-12-31": "2542.29500", "2016-09-30": "2586.01400", "2016-06-30": "2826.27100", "2016-03-31": "2853.76700", "2015-12-31": "2972.81300", "2015-09-30": "1889.54800", "2015-06-30": "1611.13700", "2015-03-31": "2193.37800", "2014-12-31": "2271.95000", "2014-09-30": "2853.61200", "2014-06-30": "2517.49100", "2014-03-31": "2363.52700", "2013-12-31": "1756.84800", "2013-09-30": "2305.69500", "2013-06-30": "2200.72100", "2013-03-31": "1901.23500", "2012-12-31": "2322.84300", "2012-09-30": "1926.37100", "2012-06-30": "1653.15300", "2012-03-31": "1806.12600", "2011-12-31": "1725.85400", "2011-09-30": "1750.05400", "2011-06-30": "1824.03900", "2011-03-31": "1906.38700", "2010-12-31": "1959.84200", "2010-09-30": "2071.29800", "2010-06-30": "1818.25600", "2010-03-31": "2113.28600", "2009-12-31": "1913.41500", "2009-09-30": "3952.88100", "2009-06-30": "3482.65300", "2009-03-31": "3306.08300", "2008-12-31": "3182.46300", "2008-09-30": "3236.22600", "2008-06-30": "3290.89200", "2008-03-31": "3129.21500", "2007-12-31": "2720.21400", "2007-09-30": "2665.68700", "2007-06-30": "2507.35400", "2007-03-31": "4384.49900", "2006-12-31": "3622.25800", "2006-09-30": "1791.41600", "2006-06-30": "1931.18900", "2006-03-31": "1799.54800", "2005-12-31": "1488.37600", "2005-09-30": "1516.72700", "2005-06-30": "1921.18600", "2005-03-31": "1989.94200"}, "Property, Plant, And Equipment": {"2020-09-30": "10305.42000", "2020-06-30": "10214.46000", "2020-03-31": "10118.65000", "2019-12-31": "10058.05000", "2019-09-30": "10264.59000", "2019-06-30": "10148.19000", "2019-03-31": "10213.21000", "2018-12-31": "13057.71000", "2018-09-30": "11966.79000", "2018-06-30": "12012.42000", "2018-03-31": "11963.35000", "2017-12-31": "11871.01000", "2017-09-30": "11777.54000", "2017-06-30": "14912.59000", "2017-03-31": "14861.99000", "2016-12-31": "11606.31000", "2016-09-30": "14836.73000", "2016-06-30": "14734.70000", "2016-03-31": "14585.57000", "2015-12-31": "14671.87000", "2015-09-30": "14479.78000", "2015-06-30": "14326.67000", "2015-03-31": "13832.26000", "2014-12-31": "13660.72000", "2014-09-30": "14942.83000", "2014-06-30": "14726.22000", "2014-03-31": "14638.92000", "2013-12-31": "14122.23000", "2013-09-30": "14430.02000", "2013-06-30": "14390.16000", "2013-03-31": "15211.31000", "2012-12-31": "15165.95000", "2012-09-30": "13954.04000", "2012-06-30": "14091.48000", "2012-03-31": "14471.77000", "2011-12-31": "13809.38000", "2011-09-30": "14476.13000", "2011-06-30": "14767.23000", "2011-03-31": "14822.44000", "2010-12-31": "14672.66000", "2010-09-30": "15270.97000", "2010-06-30": "15336.11000", "2010-03-31": "15390.25000", "2009-12-31": "15132.90000", "2009-09-30": "15671.64000", "2009-06-30": "15796.33000", "2009-03-31": "15751.34000", "2008-12-31": "15652.28000", "2008-09-30": "15386.80000", "2008-06-30": "15365.85000", "2008-03-31": "15274.38000", "2007-12-31": "15226.45000", "2007-09-30": "16354.23000", "2007-06-30": "16104.89000", "2007-03-31": "12728.57000", "2006-12-31": "11471.40000", "2006-09-30": "10682.99000", "2006-06-30": "10286.43000", "2006-03-31": "10151.98000", "2005-12-31": "9704.03500", "2005-09-30": "9125.19300", "2005-06-30": "8617.49800", "2005-03-31": "8311.10600"}, "Long-Term Investments": {"2020-09-30": "", "2020-06-30": "", "2020-03-31": "", "2019-12-31": "", "2019-09-30": "", "2019-06-30": "", "2019-03-31": "", "2018-12-31": "", "2018-09-30": "", "2018-06-30": "", "2018-03-31": "", "2017-12-31": "", "2017-09-30": "", "2017-06-30": "", "2017-03-31": "", "2016-12-31": "", "2016-09-30": "", "2016-06-30": "", "2016-03-31": "", "2015-12-31": "", "2015-09-30": "", "2015-06-30": "", "2015-03-31": "", "2014-12-31": "", "2014-09-30": "", "2014-06-30": "", "2014-03-31": "", "2013-12-31": "", "2013-09-30": "", "2013-06-30": "", "2013-03-31": "", "2012-12-31": "", "2012-09-30": "", "2012-06-30": "", "2012-03-31": "", "2011-12-31": "", "2011-09-30": "", "2011-06-30": "", "2011-03-31": "", "2010-12-31": "", "2010-09-30": "", "2010-06-30": "", "2010-03-31": "", "2009-12-31": "", "2009-09-30": "", "2009-06-30": "", "2009-03-31": "", "2008-12-31": "", "2008-09-30": "", "2008-06-30": "", "2008-03-31": "", "2007-12-31": "", "2007-09-30": "", "2007-06-30": "", "2007-03-31": "", "2006-12-31": "", "2006-09-30": "", "2006-06-30": "", "2006-03-31": "", "2005-12-31": "", "2005-09-30": "", "2005-06-30": "", "2005-03-31": ""}, "Goodwill And Intangible Assets": {"2020-09-30": "25.74600", "2020-06-30": "27.66000", "2020-03-31": "29.12300", "2019-12-31": "30.96500", "2019-09-30": "30.77300", "2019-06-30": "32.47800", "2019-03-31": "34.16100", "2018-12-31": "136.78100", "2018-09-30": "139.99400", "2018-06-30": "146.37000", "2018-03-31": "152.83400", "2017-12-31": "159.26000", "2017-09-30": "166.19800", "2017-06-30": "176.50600", "2017-03-31": "184.00900", "2016-12-31": "189.66800", "2016-09-30": "201.45000", "2016-06-30": "210.01000", "2016-03-31": "218.38800", "2015-12-31": "227.90100", "2015-09-30": "241.81400", "2015-06-30": "245.84600", "2015-03-31": "229.57900", "2014-12-31": "225.15500", "2014-09-30": "280.20700", "2014-06-30": "289.47500", "2014-03-31": "299.75900", "2013-12-31": "307.43600", "2013-09-30": "275.25000", "2013-06-30": "289.11000", "2013-03-31": "393.77100", "2012-12-31": "415.33000", "2012-09-30": "252.68300", "2012-06-30": "266.38600", "2012-03-31": "304.38500", "2011-12-31": "287.84400", "2011-09-30": "334.87800", "2011-06-30": "317.25700", "2011-03-31": "333.27000", "2010-12-31": "346.15700", "2010-09-30": "385.33700", "2010-06-30": "", "2010-03-31": "", "2009-12-31": "439.54900", "2009-09-30": "", "2009-06-30": "", "2009-03-31": "", "2008-12-31": "", "2008-09-30": "", "2008-06-30": "", "2008-03-31": "", "2007-12-31": "", "2007-09-30": "", "2007-06-30": "", "2007-03-31": "", "2006-12-31": "", "2006-09-30": "", "2006-06-30": "", "2006-03-31": "", "2005-12-31": "", "2005-09-30": "", "2005-06-30": "", "2005-03-31": ""}, "Other Long-Term Assets": {"2020-09-30": "4200.06300", "2020-06-30": "4400.34700", "2020-03-31": "4815.25100", "2019-12-31": "5019.39200", "2019-09-30": "5100.81800", "2019-06-30": "5084.20600", "2019-03-31": "4846.83200", "2018-12-31": "1860.63400", "2018-09-30": "2200.91300", "2018-06-30": "2049.03300", "2018-03-31": "1925.82100", "2017-12-31": "2063.94700", "2017-09-30": "2183.65700", "2017-06-30": "2642.19200", "2017-03-31": "2510.15100", "2016-12-31": "2552.96800", "2016-09-30": "2767.45000", "2016-06-30": "2831.42300", "2016-03-31": "2693.85600", "2015-12-31": "2753.26800", "2015-09-30": "2752.66900", "2015-06-30": "2839.18500", "2015-03-31": "2491.98000", "2014-12-31": "2383.58900", "2014-09-30": "2439.96700", "2014-06-30": "2527.82600", "2014-03-31": "2422.51600", "2013-12-31": "2631.75400", "2013-09-30": "2835.97600", "2013-06-30": "2976.97700", "2013-03-31": "2947.87900", "2012-12-31": "3084.35000", "2012-09-30": "3337.63000", "2012-06-30": "3308.58800", "2012-03-31": "3299.97100", "2011-12-31": "3209.01000", "2011-09-30": "3013.76100", "2011-06-30": "3263.91500", "2011-03-31": "3070.62900", "2010-12-31": "2664.66800", "2010-09-30": "2552.67600", "2010-06-30": "2405.72700", "2010-03-31": "2589.41900", "2009-12-31": "2051.01200", "2009-09-30": "2316.36400", "2009-06-30": "2138.39900", "2009-03-31": "2178.82300", "2008-12-31": "2106.36600", "2008-09-30": "2409.77800", "2008-06-30": "2429.53700", "2008-03-31": "2685.96000", "2007-12-31": "2625.99300", "2007-09-30": "3088.32300", "2007-06-30": "3302.74600", "2007-03-31": "3138.44100", "2006-12-31": "2501.13000", "2006-09-30": "2394.11200", "2006-06-30": "2337.79800", "2006-03-31": "2377.74800", "2005-12-31": "2368.39100", "2005-09-30": "2511.91700", "2005-06-30": "1900.11300", "2005-03-31": "1643.23900"}, "Total Long-Term Assets": {"2020-09-30": "14916.32000", "2020-06-30": "14990.94000", "2020-03-31": "15316.49000", "2019-12-31": "15462.40000", "2019-09-30": "15756.79000", "2019-06-30": "15622.38000", "2019-03-31": "15439.45000", "2018-12-31": "15455.44000", "2018-09-30": "14751.12000", "2018-06-30": "14651.74000", "2018-03-31": "14447.49000", "2017-12-31": "14497.71000", "2017-09-30": "14483.74000", "2017-06-30": "18185.38000", "2017-03-31": "18012.75000", "2016-12-31": "18272.55000", "2016-09-30": "18273.36000", "2016-06-30": "18247.46000", "2016-03-31": "18019.61000", "2015-12-31": "18170.48000", "2015-09-30": "18082.38000", "2015-06-30": "17974.77000", "2015-03-31": "17067.67000", "2014-12-31": "18886.03000", "2014-09-30": "18146.90000", "2014-06-30": "18219.29000", "2014-03-31": "18005.82000", "2013-12-31": "18340.38000", "2013-09-30": "17969.63000", "2013-06-30": "18132.51000", "2013-03-31": "19224.89000", "2012-12-31": "19742.21000", "2012-09-30": "18471.45000", "2012-06-30": "18350.61000", "2012-03-31": "18463.60000", "2011-12-31": "18720.63000", "2011-09-30": "18438.17000", "2011-06-30": "18714.82000", "2011-03-31": "18586.01000", "2010-12-31": "18557.63000", "2010-09-30": "18562.83000", "2010-06-30": "18072.62000", "2010-03-31": "18306.41000", "2009-12-31": "18272.06000", "2009-09-30": "18397.49000", "2009-06-30": "18349.21000", "2009-03-31": "18342.84000", "2008-12-31": "18235.59000", "2008-09-30": "18207.91000", "2008-06-30": "18210.68000", "2008-03-31": "18356.98000", "2007-12-31": "19758.72000", "2007-09-30": "19588.08000", "2007-06-30": "19631.54000", "2007-03-31": "15867.92000", "2006-12-31": "14332.02000", "2006-09-30": "13078.01000", "2006-06-30": "12625.13000", "2006-03-31": "12530.63000", "2005-12-31": "12148.79000", "2005-09-30": "11638.02000", "2005-06-30": "10518.52000", "2005-03-31": "10074.20000"}, "Total Assets": {"2020-09-30": "17562.90000", "2020-06-30": "18042.45000", "2020-03-31": "18209.66000", "2019-12-31": "18287.01000", "2019-09-30": "18216.10000", "2019-06-30": "17913.86000", "2019-03-31": "17637.96000", "2018-12-31": "17180.79000", "2018-09-30": "16678.02000", "2018-06-30": "16866.08000", "2018-03-31": "16864.48000", "2017-12-31": "17397.93000", "2017-09-30": "16842.12000", "2017-06-30": "20889.29000", "2017-03-31": "20731.45000", "2016-12-31": "20814.85000", "2016-09-30": "20859.37000", "2016-06-30": "21073.73000", "2016-03-31": "20873.37000", "2015-12-31": "21143.29000", "2015-09-30": "19971.93000", "2015-06-30": "19585.91000", "2015-03-31": "19261.05000", "2014-12-31": "21157.98000", "2014-09-30": "21000.52000", "2014-06-30": "20736.78000", "2014-03-31": "20369.35000", "2013-12-31": "20097.22000", "2013-09-30": "20275.32000", "2013-06-30": "20333.23000", "2013-03-31": "21126.13000", "2012-12-31": "22065.05000", "2012-09-30": "20397.82000", "2012-06-30": "20003.77000", "2012-03-31": "20269.73000", "2011-12-31": "20446.49000", "2011-09-30": "20188.23000", "2011-06-30": "20538.86000", "2011-03-31": "20492.40000", "2010-12-31": "20517.47000", "2010-09-30": "20634.13000", "2010-06-30": "19890.88000", "2010-03-31": "20419.69000", "2009-12-31": "20185.47000", "2009-09-30": "22350.37000", "2009-06-30": "21831.86000", "2009-03-31": "21648.93000", "2008-12-31": "21418.05000", "2008-09-30": "21444.14000", "2008-06-30": "21501.57000", "2008-03-31": "21486.20000", "2007-12-31": "22478.94000", "2007-09-30": "22253.77000", "2007-06-30": "22138.90000", "2007-03-31": "20252.42000", "2006-12-31": "17954.28000", "2006-09-30": "14869.42000", "2006-06-30": "14556.32000", "2006-03-31": "14330.18000", "2005-12-31": "13637.16000", "2005-09-30": "13154.75000", "2005-06-30": "12439.71000", "2005-03-31": "12064.14000"}, "Total Current Liabilities": {"2020-09-30": "430.44600", "2020-06-30": "385.95600", "2020-03-31": "407.59800", "2019-12-31": "440.04900", "2019-09-30": "453.33100", "2019-06-30": "392.58100", "2019-03-31": "442.49600", "2018-12-31": "430.97600", "2018-09-30": "415.53100", "2018-06-30": "394.07900", "2018-03-31": "431.09400", "2017-12-31": "415.79400", "2017-09-30": "412.10000", "2017-06-30": "427.40100", "2017-03-31": "451.15600", "2016-12-31": "397.13400", "2016-09-30": "461.23400", "2016-06-30": "480.09400", "2016-03-31": "447.70000", "2015-12-31": "443.95500", "2015-09-30": "465.04500", "2015-06-30": "437.81300", "2015-03-31": "432.97000", "2014-12-31": "447.74500", "2014-09-30": "498.56500", "2014-06-30": "452.64100", "2014-03-31": "457.85800", "2013-12-31": "422.27600", "2013-09-30": "442.62300", "2013-06-30": "393.36200", "2013-03-31": "426.62100", "2012-12-31": "484.74600", "2012-09-30": "442.64400", "2012-06-30": "431.34600", "2012-03-31": "453.57800", "2011-12-31": "423.51200", "2011-09-30": "469.02400", "2011-06-30": "436.22900", "2011-03-31": "469.44300", "2010-12-31": "438.47900", "2010-09-30": "507.75500", "2010-06-30": "458.62800", "2010-03-31": "491.46400", "2009-12-31": "475.24200", "2009-09-30": "548.40700", "2009-06-30": "485.70600", "2009-03-31": "497.93000", "2008-12-31": "515.60700", "2008-09-30": "599.00500", "2008-06-30": "515.86300", "2008-03-31": "501.20400", "2007-12-31": "480.12300", "2007-09-30": "580.47900", "2007-06-30": "487.18800", "2007-03-31": "458.58100", "2006-12-31": "531.97700", "2006-09-30": "424.42300", "2006-06-30": "390.42000", "2006-03-31": "426.46700", "2005-12-31": "476.52300", "2005-09-30": "452.74400", "2005-06-30": "402.06400", "2005-03-31": "395.85900"}, "Long Term Debt": {"2020-09-30": "7457.13200", "2020-06-30": "7955.86700", "2020-03-31": "7960.75700", "2019-12-31": "7406.60900", "2019-09-30": "7487.14800", "2019-06-30": "7527.60400", "2019-03-31": "8639.52600", "2018-12-31": "9836.62100", "2018-09-30": "9792.65900", "2018-06-30": "9781.52900", "2018-03-31": "9774.47800", "2017-12-31": "9729.48700", "2017-09-30": "9351.60200", "2017-06-30": "10837.59000", "2017-03-31": "10615.44000", "2016-12-31": "9446.67000", "2016-09-30": "11200.24000", "2016-06-30": "11078.77000", "2016-03-31": "11059.83000", "2015-12-31": "11091.01000", "2015-09-30": "10007.01000", "2015-06-30": "9809.77700", "2015-03-31": "9564.12500", "2014-12-31": "9530.33700", "2014-09-30": "11153.34000", "2014-06-30": "10868.79000", "2014-03-31": "10344.94000", "2013-12-31": "9978.71800", "2013-09-30": "10001.33000", "2013-06-30": "10024.74000", "2013-03-31": "10421.18000", "2012-12-31": "11127.23000", "2012-09-30": "9810.57800", "2012-06-30": "10218.03000", "2012-03-31": "10302.60000", "2011-12-31": "10076.61000", "2011-09-30": "10406.55000", "2011-06-30": "10540.05000", "2011-03-31": "10631.40000", "2010-12-31": "10889.44000", "2010-09-30": "11110.05000", "2010-06-30": "10670.22000", "2010-03-31": "11090.86000", "2009-12-31": "10685.70000", "2009-09-30": "12728.01000", "2009-06-30": "12385.75000", "2009-03-31": "12731.83000", "2008-12-31": "12437.92000", "2008-09-30": "12190.80000", "2008-06-30": "12219.33000", "2008-03-31": "12168.50000", "2007-12-31": "11896.04000", "2007-09-30": "12576.48000", "2007-06-30": "12572.46000", "2007-03-31": "11633.13000", "2006-12-31": "9554.79800", "2006-09-30": "7382.46000", "2006-06-30": "7152.88000", "2006-03-31": "6928.55100", "2005-12-31": "6243.12600", "2005-09-30": "5715.93500", "2005-06-30": "5635.13100", "2005-03-31": "5517.99800"}, "Other Non-Current Liabilities": {"2020-09-30": "1670.23800", "2020-06-30": "1626.74000", "2020-03-31": "1426.76200", "2019-12-31": "1742.20800", "2019-09-30": "1220.05300", "2019-06-30": "1152.45500", "2019-03-31": "2113.78300", "2018-12-31": "1021.75200", "2018-09-30": "507.53400", "2018-06-30": "808.63300", "2018-03-31": "775.83200", "2017-12-31": "804.50100", "2017-09-30": "816.54000", "2017-06-30": "800.58400", "2017-03-31": "832.78400", "2016-12-31": "814.65800", "2016-09-30": "877.30400", "2016-06-30": "913.68900", "2016-03-31": "875.70000", "2015-12-31": "890.55900", "2015-09-30": "929.96800", "2015-06-30": "927.50200", "2015-03-31": "904.16400", "2014-12-31": "851.72700", "2014-09-30": "983.64200", "2014-06-30": "996.03090", "2014-03-31": "1015.12600", "2013-12-31": "1081.87700", "2013-09-30": "1037.01300", "2013-06-30": "1034.87100", "2013-03-31": "1143.57300", "2012-12-31": "1102.20100", "2012-09-30": "965.82900", "2012-06-30": "757.52100", "2012-03-31": "739.73600", "2011-12-31": "756.96900", "2011-09-30": "766.19700", "2011-06-30": "760.34000", "2011-03-31": "766.91800", "2010-12-31": "750.24100", "2010-09-30": "1093.68100", "2010-06-30": "834.50100", "2010-03-31": "855.45100", "2009-12-31": "824.22800", "2009-09-30": "875.42300", "2009-06-30": "882.24700", "2009-03-31": "931.19500", "2008-12-31": "978.24600", "2008-09-30": "980.92200", "2008-06-30": "1013.81600", "2008-03-31": "1018.28700", "2007-12-31": "1035.54900", "2007-09-30": "1120.66800", "2007-06-30": "1156.77400", "2007-03-31": "842.65500", "2006-12-31": "543.03000", "2006-09-30": "475.93400", "2006-06-30": "414.80800", "2006-03-31": "406.90700", "2005-12-31": "384.73200", "2005-09-30": "352.93700", "2005-06-30": "284.26700", "2005-03-31": "259.81200"}, "Total Long Term Liabilities": {"2020-09-30": "9821.12100", "2020-06-30": "10301.52000", "2020-03-31": "10011.32000", "2019-12-31": "10037.73000", "2019-09-30": "9561.53300", "2019-06-30": "9542.12100", "2019-03-31": "11620.39000", "2018-12-31": "11641.93000", "2018-09-30": "11224.98000", "2018-06-30": "11528.42000", "2018-03-31": "11408.51000", "2017-12-31": "11974.44000", "2017-09-30": "11142.45000", "2017-06-30": "12817.66000", "2017-03-31": "12716.96000", "2016-12-31": "12799.22000", "2016-09-30": "13329.15000", "2016-06-30": "13246.06000", "2016-03-31": "13126.12000", "2015-12-31": "13223.26000", "2015-09-30": "12062.38000", "2015-06-30": "11842.78000", "2015-03-31": "11784.43000", "2014-12-31": "13220.85000", "2014-09-30": "13277.03000", "2014-06-30": "13085.78000", "2014-03-31": "12502.17000", "2013-12-31": "12080.20000", "2013-09-30": "12004.86000", "2013-06-30": "12018.64000", "2013-03-31": "12678.90000", "2012-12-31": "13676.16000", "2012-09-30": "12266.32000", "2012-06-30": "12298.79000", "2012-03-31": "12306.62000", "2011-12-31": "12514.53000", "2011-09-30": "12356.24000", "2011-06-30": "12735.11000", "2011-03-31": "12778.11000", "2010-12-31": "13248.59000", "2010-09-30": "13638.60000", "2010-06-30": "12793.34000", "2010-03-31": "13303.85000", "2009-12-31": "13060.82000", "2009-09-30": "14834.06000", "2009-06-30": "14223.98000", "2009-03-31": "14590.22000", "2008-12-31": "14687.79000", "2008-09-30": "14562.55000", "2008-06-30": "14636.95000", "2008-03-31": "14602.85000", "2007-12-31": "16580.71000", "2007-09-30": "15466.93000", "2007-06-30": "15440.86000", "2007-03-31": "13582.13000", "2006-12-31": "11271.53000", "2006-09-30": "9108.04500", "2006-06-30": "8859.75100", "2006-03-31": "8587.78100", "2005-12-31": "7897.13000", "2005-09-30": "7338.54800", "2005-06-30": "7709.17500", "2005-03-31": "7597.19400"}, "Total Liabilities": {"2020-09-30": "10677.21000", "2020-06-30": "11113.54000", "2020-03-31": "10916.45000", "2019-12-31": "10976.04000", "2019-09-30": "10505.84000", "2019-06-30": "10417.71000", "2019-03-31": "12547.06000", "2018-12-31": "12072.91000", "2018-09-30": "11640.51000", "2018-06-30": "11922.49000", "2018-03-31": "11839.61000", "2017-12-31": "12390.23000", "2017-09-30": "11554.55000", "2017-06-30": "13245.06000", "2017-03-31": "13168.12000", "2016-12-31": "13196.35000", "2016-09-30": "13790.38000", "2016-06-30": "13726.16000", "2016-03-31": "13573.82000", "2015-12-31": "13667.21000", "2015-09-30": "12527.43000", "2015-06-30": "12280.60000", "2015-03-31": "12217.40000", "2014-12-31": "13668.60000", "2014-09-30": "13775.60000", "2014-06-30": "13538.42000", "2014-03-31": "12960.03000", "2013-12-31": "12502.48000", "2013-09-30": "12447.49000", "2013-06-30": "12412.00000", "2013-03-31": "13105.52000", "2012-12-31": "14160.91000", "2012-09-30": "12708.96000", "2012-06-30": "12730.14000", "2012-03-31": "12760.19000", "2011-12-31": "12938.04000", "2011-09-30": "12825.26000", "2011-06-30": "13171.34000", "2011-03-31": "13247.56000", "2010-12-31": "13687.07000", "2010-09-30": "14146.36000", "2010-06-30": "13251.96000", "2010-03-31": "13795.31000", "2009-12-31": "13536.07000", "2009-09-30": "15382.46000", "2009-06-30": "14709.68000", "2009-03-31": "15088.15000", "2008-12-31": "15203.40000", "2008-09-30": "15161.56000", "2008-06-30": "15152.81000", "2008-03-31": "15104.06000", "2007-12-31": "17060.84000", "2007-09-30": "16047.41000", "2007-06-30": "15928.05000", "2007-03-31": "14040.71000", "2006-12-31": "11803.51000", "2006-09-30": "9532.46800", "2006-06-30": "9250.17100", "2006-03-31": "9014.24800", "2005-12-31": "8373.65300", "2005-09-30": "7791.29200", "2005-06-30": "8111.23900", "2005-03-31": "7993.05300"}, "Common Stock Net": {"2020-09-30": "7.62900", "2020-06-30": "7.62500", "2020-03-31": "7.62400", "2019-12-31": "7.61800", "2019-09-30": "7.61300", "2019-06-30": "7.61100", "2019-03-31": "7.60900", "2018-12-31": "7.60000", "2018-09-30": "7.58900", "2018-06-30": "7.58700", "2018-03-31": "7.58400", "2017-12-31": "7.57700", "2017-09-30": "7.57100", "2017-06-30": "7.55600", "2017-03-31": "7.55100", "2016-12-31": "7.54200", "2016-09-30": "7.53700", "2016-06-30": "7.53100", "2016-03-31": "7.52900", "2015-12-31": "7.52100", "2015-09-30": "7.51900", "2015-06-30": "7.51700", "2015-03-31": "7.50900", "2014-12-31": "7.49300", "2014-09-30": "7.48700", "2014-06-30": "7.48400", "2014-03-31": "7.47400", "2013-12-31": "7.46900", "2013-09-30": "7.44000", "2013-06-30": "7.45000", "2013-03-31": "7.44700", "2012-12-31": "7.44000", "2012-09-30": "7.41500", "2012-06-30": "7.40200", "2012-03-31": "7.39600", "2011-12-31": "7.37300", "2011-09-30": "7.35000", "2011-06-30": "7.34700", "2011-03-31": "7.34000", "2010-12-31": "7.31700", "2010-09-30": "7.27700", "2010-06-30": "7.26200", "2010-03-31": "7.24700", "2009-12-31": "7.21800", "2009-09-30": "7.15100", "2009-06-30": "7.11300", "2009-03-31": "6.30100", "2008-12-31": "6.19500", "2008-09-30": "6.23400", "2008-06-30": "6.21600", "2008-03-31": "6.16000", "2007-12-31": "6.14000", "2007-09-30": "6.13000", "2007-06-30": "6.12000", "2007-03-31": "6.11500", "2006-12-31": "6.08300", "2006-09-30": "5.72200", "2006-06-30": "5.70900", "2006-03-31": "5.70300", "2005-12-31": "5.67500", "2005-09-30": "5.65000", "2005-06-30": "5.26100", "2005-03-31": "5.21900"}, "Retained Earnings (Accumulated Deficit)": {"2020-09-30": "-2463.63500", "2020-06-30": "-2415.50000", "2020-03-31": "-2091.61200", "2019-12-31": "-1954.26600", "2019-09-30": "-1649.03500", "2019-06-30": "-1845.99500", "2019-03-31": "-4120.26500", "2018-12-31": "-4167.18400", "2018-09-30": "-4135.60200", "2018-06-30": "-4206.38100", "2018-03-31": "-4198.08800", "2017-12-31": "-4183.25300", "2017-09-30": "-4098.12700", "2017-06-30": "-1524.80600", "2017-03-31": "-1506.23600", "2016-12-31": "-1419.38200", "2016-09-30": "-1951.41100", "2016-06-30": "-1898.50500", "2016-03-31": "-1999.99400", "2015-12-31": "-1766.78000", "2015-09-30": "-1878.71600", "2015-06-30": "-1958.54600", "2015-03-31": "-2006.43900", "2014-12-31": "-1505.38500", "2014-09-30": "-1878.12500", "2014-06-30": "-1872.25000", "2014-03-31": "-1809.60900", "2013-12-31": "-1734.83900", "2013-09-30": "-1527.66300", "2013-06-30": "-1471.64300", "2013-03-31": "-1479.29600", "2012-12-31": "-1573.27500", "2012-09-30": "-1319.11800", "2012-06-30": "-1420.30400", "2012-03-31": "-1312.67000", "2011-12-31": "-1401.70400", "2011-09-30": "-1330.40500", "2011-06-30": "-1244.25400", "2011-03-31": "-1208.99300", "2010-12-31": "-1480.87600", "2010-09-30": "-1604.88900", "2010-06-30": "-1581.17600", "2010-03-31": "-1520.69000", "2009-12-31": "-1577.59100", "2009-09-30": "-1278.72700", "2009-06-30": "-1288.90900", "2009-03-31": "-1069.60700", "2008-12-31": "-1047.34000", "2008-09-30": "57.39100", "2008-06-30": "164.65200", "2008-03-31": "177.71400", "2007-12-31": "-721.62500", "2007-09-30": "-35.65000", "2007-06-30": "-22.86200", "2007-03-31": "-45.36100", "2006-12-31": "-69.18800", "2006-09-30": "160.42000", "2006-06-30": "160.32000", "2006-03-31": "124.84500", "2005-12-31": "103.06100", "2005-09-30": "218.80400", "2005-06-30": "291.42400", "2005-03-31": "217.57000"}, "Comprehensive Income": {"2020-09-30": "-89.83400", "2020-06-30": "-82.64600", "2020-03-31": "-82.71900", "2019-12-31": "-40.23300", "2019-09-30": "-47.35900", "2019-06-30": "-38.06600", "2019-03-31": "-11.38500", "2018-12-31": "7.66400", "2018-09-30": "34.17300", "2018-06-30": "33.35100", "2018-03-31": "30.25800", "2017-12-31": "128.68200", "2017-09-30": "121.80100", "2017-06-30": "115.83900", "2017-03-31": "119.01900", "2016-12-31": "118.97200", "2016-09-30": "82.37400", "2016-06-30": "72.55600", "2016-03-31": "53.39900", "2015-12-31": "46.92100", "2015-09-30": "43.59300", "2015-06-30": "50.61300", "2015-03-31": "72.60900", "2014-12-31": "93.26700", "2014-09-30": "69.58000", "2014-06-30": "92.22100", "2014-03-31": "77.62600", "2013-12-31": "71.53700", "2013-09-30": "83.32700", "2013-06-30": "132.89400", "2013-03-31": "120.95300", "2012-12-31": "-18.94600", "2012-09-30": "-160.10700", "2012-06-30": "-162.78500", "2012-03-31": "67.17400", "2011-12-31": "73.72900", "2011-09-30": "-59.01900", "2011-06-30": "114.47900", "2011-03-31": "130.61400", "2010-12-31": "73.45300", "2010-09-30": "45.27200", "2010-06-30": "37.59700", "2010-03-31": "29.95300", "2009-12-31": "28.44900", "2009-09-30": "16.48900", "2009-06-30": "-35.85100", "2009-03-31": "-46.79700", "2008-12-31": "-6.89900", "2008-09-30": "-8.67500", "2008-06-30": "-28.33100", "2008-03-31": "9.52100", "2007-12-31": "29.77200", "2007-09-30": "62.66800", "2007-06-30": "68.00400", "2007-03-31": "99.72400", "2006-12-31": "92.96300", "2006-09-30": "64.67900", "2006-06-30": "45.14600", "2006-03-31": "98.59000", "2005-12-31": "83.40600", "2005-09-30": "99.84800", "2005-06-30": "69.50800", "2005-03-31": "41.89100"}, "Other Share Holders Equity": {"2020-09-30": "", "2020-06-30": "", "2020-03-31": "", "2019-12-31": "", "2019-09-30": "", "2019-06-30": "", "2019-03-31": "", "2018-12-31": "", "2018-09-30": "", "2018-06-30": "", "2018-03-31": "", "2017-12-31": "", "2017-09-30": "", "2017-06-30": "", "2017-03-31": "", "2016-12-31": "", "2016-09-30": "", "2016-06-30": "", "2016-03-31": "", "2015-12-31": "", "2015-09-30": "", "2015-06-30": "", "2015-03-31": "", "2014-12-31": "", "2014-09-30": "", "2014-06-30": "", "2014-03-31": "", "2013-12-31": "", "2013-09-30": "", "2013-06-30": "", "2013-03-31": "", "2012-12-31": "", "2012-09-30": "", "2012-06-30": "", "2012-03-31": "", "2011-12-31": "", "2011-09-30": "", "2011-06-30": "", "2011-03-31": "", "2010-12-31": "", "2010-09-30": "", "2010-06-30": "", "2010-03-31": "", "2009-12-31": "", "2009-09-30": "", "2009-06-30": "", "2009-03-31": "", "2008-12-31": "", "2008-09-30": "", "2008-06-30": "", "2008-03-31": "", "2007-12-31": "", "2007-09-30": "", "2007-06-30": "", "2007-03-31": "", "2006-12-31": "", "2006-09-30": "", "2006-06-30": "", "2006-03-31": "", "2005-12-31": "", "2005-09-30": "", "2005-06-30": "", "2005-03-31": ""}, "Share Holder Equity": {"2020-09-30": "6885.68500", "2020-06-30": "6928.90900", "2020-03-31": "7293.21200", "2019-12-31": "7310.97800", "2019-09-30": "7710.25600", "2019-06-30": "7496.14400", "2019-03-31": "5090.89200", "2018-12-31": "5107.88300", "2018-09-30": "5037.50900", "2018-06-30": "4943.58700", "2018-03-31": "5024.87800", "2017-12-31": "5007.70100", "2017-09-30": "5287.57300", "2017-06-30": "7644.23000", "2017-03-31": "7563.32700", "2016-12-31": "7618.49600", "2016-09-30": "7068.98600", "2016-06-30": "7347.57500", "2016-03-31": "7299.55600", "2015-12-31": "7476.07800", "2015-09-30": "7444.50100", "2015-06-30": "7305.31000", "2015-03-31": "7043.64800", "2014-12-31": "7489.38200", "2014-09-30": "7224.91900", "2014-06-30": "7198.35400", "2014-03-31": "7409.32700", "2013-12-31": "7594.74400", "2013-09-30": "7827.83400", "2013-06-30": "7921.22700", "2013-03-31": "8020.61000", "2012-12-31": "7904.14400", "2012-09-30": "7688.85400", "2012-06-30": "7273.62500", "2012-03-31": "7509.53700", "2011-12-31": "7508.44700", "2011-09-30": "7362.96900", "2011-06-30": "7367.52400", "2011-03-31": "7244.84400", "2010-12-31": "6830.40500", "2010-09-30": "6487.77500", "2010-06-30": "6638.91300", "2010-03-31": "6624.37900", "2009-12-31": "6649.40600", "2009-09-30": "6967.90800", "2009-06-30": "7122.17500", "2009-03-31": "6560.77900", "2008-12-31": "6214.65200", "2008-09-30": "6282.58200", "2008-06-30": "6348.76400", "2008-03-31": "6382.14000", "2007-12-31": "5418.09900", "2007-09-30": "6206.35900", "2007-06-30": "6210.84800", "2007-03-31": "6211.70700", "2006-12-31": "6150.77000", "2006-09-30": "5336.95400", "2006-06-30": "5306.15100", "2006-03-31": "5315.93500", "2005-12-31": "5263.51000", "2005-09-30": "5363.45300", "2005-06-30": "4328.46600", "2005-03-31": "4071.08500"}, "Total Liabilities And Share Holders Equity": {"2020-09-30": "17562.90000", "2020-06-30": "18042.45000", "2020-03-31": "18209.66000", "2019-12-31": "18287.01000", "2019-09-30": "18216.10000", "2019-06-30": "17913.86000", "2019-03-31": "17637.96000", "2018-12-31": "17180.79000", "2018-09-30": "16678.02000", "2018-06-30": "16866.08000", "2018-03-31": "16864.48000", "2017-12-31": "17397.93000", "2017-09-30": "16842.12000", "2017-06-30": "20889.29000", "2017-03-31": "20731.45000", "2016-12-31": "20814.85000", "2016-09-30": "20859.37000", "2016-06-30": "21073.73000", "2016-03-31": "20873.37000", "2015-12-31": "21143.29000", "2015-09-30": "19971.93000", "2015-06-30": "19585.91000", "2015-03-31": "19261.05000", "2014-12-31": "21157.98000", "2014-09-30": "21000.52000", "2014-06-30": "20736.78000", "2014-03-31": "20369.35000", "2013-12-31": "20097.22000", "2013-09-30": "20275.32000", "2013-06-30": "20333.23000", "2013-03-31": "21126.13000", "2012-12-31": "22065.05000", "2012-09-30": "20397.82000", "2012-06-30": "20003.77000", "2012-03-31": "20269.73000", "2011-12-31": "20446.49000", "2011-09-30": "20188.23000", "2011-06-30": "20538.86000", "2011-03-31": "20492.40000", "2010-12-31": "20517.47000", "2010-09-30": "20634.13000", "2010-06-30": "19890.88000", "2010-03-31": "20419.69000", "2009-12-31": "20185.47000", "2009-09-30": "22350.37000", "2009-06-30": "21831.86000", "2009-03-31": "21648.93000", "2008-12-31": "21418.05000", "2008-09-30": "21444.14000", "2008-06-30": "21501.57000", "2008-03-31": "21486.20000", "2007-12-31": "22478.94000", "2007-09-30": "22253.77000", "2007-06-30": "22138.90000", "2007-03-31": "20252.42000", "2006-12-31": "17954.28000", "2006-09-30": "14869.42000", "2006-06-30": "14556.32000", "2006-03-31": "14330.18000", "2005-12-31": "13637.16000", "2005-09-30": "13154.75000", "2005-06-30": "12439.71000", "2005-03-31": "12064.14000"}}, "cash flow statement": {"Net Income/Loss": {"2019-12-31": "3334.26200", "2018-12-31": "422.60300", "2017-12-31": "264.12800", "2016-12-31": "981.92200", "2015-12-31": "859.43000", "2014-12-31": "1009.02600", "2013-12-31": "564.74000", "2012-12-31": "694.54100", "2011-12-31": "740.00000", "2010-12-31": "708.03100", "2009-12-31": "128.45000", "2008-12-31": "411.44500", "2007-12-31": "607.83300", "2006-12-31": "560.14000", "2005-12-31": "539.60400"}, "Total Depreciation And Amortization - Cash Flow": {"2019-12-31": "419.10300", "2018-12-31": "434.21200", "2017-12-31": "483.03600", "2016-12-31": "542.06800", "2015-12-31": "487.15400", "2014-12-31": "536.62200", "2013-12-31": "509.12200", "2012-12-31": "503.52900", "2011-12-31": "517.94600", "2010-12-31": "490.11000", "2009-12-31": "486.57200", "2008-12-31": "481.16200", "2007-12-31": "462.63500", "2006-12-31": "389.34800", "2005-12-31": "332.97800"}, "Other Non-Cash Items": {"2019-12-31": "-3065.66000", "2018-12-31": "-32.50900", "2017-12-31": "214.83100", "2016-12-31": "-452.94800", "2015-12-31": "-410.53100", "2014-12-31": "-314.19600", "2013-12-31": "28.21500", "2012-12-31": "-61.64100", "2011-12-31": "-272.56600", "2010-12-31": "-259.11500", "2009-12-31": "164.42400", "2008-12-31": "-34.90100", "2007-12-31": "-227.51700", "2006-12-31": "-193.57900", "2005-12-31": "-71.53000"}, "Total Non-Cash Items": {"2019-12-31": "-2646.55700", "2018-12-31": "401.70300", "2017-12-31": "697.86690", "2016-12-31": "89.12000", "2015-12-31": "76.62300", "2014-12-31": "222.42600", "2013-12-31": "537.33700", "2012-12-31": "441.88800", "2011-12-31": "245.38000", "2010-12-31": "230.99500", "2009-12-31": "650.99600", "2008-12-31": "446.26100", "2007-12-31": "235.11800", "2006-12-31": "195.76900", "2005-12-31": "261.44800"}, "Change In Accounts Receivable": {"2019-12-31": "-25.98800", "2018-12-31": "-14.53200", "2017-12-31": "1.18300", "2016-12-31": "-4.27100", "2015-12-31": "8.36600", "2014-12-31": "-8.28200", "2013-12-31": "83.89700", "2012-12-31": "-23.27100", "2011-12-31": "8.86900", "2010-12-31": "2.01900", "2009-12-31": "15.38300", "2008-12-31": "-1.64600", "2007-12-31": "-25.87700", "2006-12-31": "24.37300", "2005-12-31": "-45.02300"}, "Change In Inventories": {"2019-12-31": "", "2018-12-31": "", "2017-12-31": "", "2016-12-31": "", "2015-12-31": "", "2014-12-31": "", "2013-12-31": "", "2012-12-31": "", "2011-12-31": "", "2010-12-31": "", "2009-12-31": "", "2008-12-31": "", "2007-12-31": "", "2006-12-31": "", "2005-12-31": ""}, "Change In Accounts Payable": {"2019-12-31": "", "2018-12-31": "", "2017-12-31": "", "2016-12-31": "", "2015-12-31": "", "2014-12-31": "", "2013-12-31": "", "2012-12-31": "", "2011-12-31": "", "2010-12-31": "", "2009-12-31": "", "2008-12-31": "", "2007-12-31": "", "2006-12-31": "", "2005-12-31": ""}, "Change In Assets/Liabilities": {"2019-12-31": "-5.11800", "2018-12-31": "-13.00200", "2017-12-31": "-106.79600", "2016-12-31": "-84.96900", "2015-12-31": "-247.09700", "2014-12-31": "-132.48800", "2013-12-31": "-103.45600", "2012-12-31": "-309.70400", "2011-12-31": "-263.05100", "2010-12-31": "-172.60400", "2009-12-31": "-157.64400", "2008-12-31": "-33.04100", "2007-12-31": "-29.78800", "2006-12-31": "-15.96200", "2005-12-31": "-48.15900"}, "Total Change In Assets/Liabilities": {"2019-12-31": "-25.16600", "2018-12-31": "-21.66500", "2017-12-31": "-101.85300", "2016-12-31": "-75.96200", "2015-12-31": "-263.96200", "2014-12-31": "-96.14200", "2013-12-31": "-61.28800", "2012-12-31": "-311.38000", "2011-12-31": "-282.88100", "2010-12-31": "-167.94000", "2009-12-31": "-145.86700", "2008-12-31": "-39.89400", "2007-12-31": "-145.62600", "2006-12-31": "68.75900", "2005-12-31": "-38.37400"}, "Cash Flow From Operating Activities": {"2019-12-31": "662.53900", "2018-12-31": "802.64100", "2017-12-31": "860.14200", "2016-12-31": "995.08000", "2015-12-31": "672.09100", "2014-12-31": "1135.31000", "2013-12-31": "1040.78900", "2012-12-31": "825.04900", "2011-12-31": "702.49900", "2010-12-31": "771.08600", "2009-12-31": "633.57900", "2008-12-31": "817.81200", "2007-12-31": "697.32500", "2006-12-31": "824.66800", "2005-12-31": "762.67800"}, "Net Change In Property, Plant, And Equipment": {"2019-12-31": "-882.72200", "2018-12-31": "-652.78800", "2017-12-31": "-627.16000", "2016-12-31": "-994.11000", "2015-12-31": "-777.23200", "2014-12-31": "-823.39300", "2013-12-31": "-729.76000", "2012-12-31": "-362.52500", "2011-12-31": "-258.74600", "2010-12-31": "-301.56900", "2009-12-31": "-681.87400", "2008-12-31": "-806.57300", "2007-12-31": "-525.06700", "2006-12-31": "-431.70700", "2005-12-31": "-244.92900"}, "Net Change In Intangible Assets": {"2019-12-31": "", "2018-12-31": "", "2017-12-31": "", "2016-12-31": "", "2015-12-31": "", "2014-12-31": "", "2013-12-31": "", "2012-12-31": "", "2011-12-31": "", "2010-12-31": "", "2009-12-31": "", "2008-12-31": "", "2007-12-31": "", "2006-12-31": "", "2005-12-31": ""}, "Net Acquisitions/Divestitures": {"2019-12-31": "1859.85800", "2018-12-31": "-140.30500", "2017-12-31": "-21.06400", "2016-12-31": "92.07000", "2015-12-31": "228.44000", "2014-12-31": "177.42200", "2013-12-31": "1074.66500", "2012-12-31": "-175.49700", "2011-12-31": "49.32800", "2010-12-31": "-45.67700", "2009-12-31": "367.69800", "2008-12-31": "347.82600", "2007-12-31": "-2552.47500", "2006-12-31": "-1389.27300", "2005-12-31": "-781.77610"}, "Net Change In Short-term Investments": {"2019-12-31": "168.31400", "2018-12-31": "4.10100", "2017-12-31": "", "2016-12-31": "-0.44200", "2015-12-31": "", "2014-12-31": "", "2013-12-31": "378.70900", "2012-12-31": "60.25800", "2011-12-31": "70.41800", "2010-12-31": "-171.13400", "2009-12-31": "-65.73400", "2008-12-31": "-113.70100", "2007-12-31": "-39.90400", "2006-12-31": "19.11300", "2005-12-31": "-126.64300"}, "Net Change In Long-Term Investments": {"2019-12-31": "1730.48600", "2018-12-31": "-37.13100", "2017-12-31": "-40.53700", "2016-12-31": "-127.60800", "2015-12-31": "-235.43900", "2014-12-31": "-150.81400", "2013-12-31": "-230.69000", "2012-12-31": "-229.08800", "2011-12-31": "-670.90100", "2010-12-31": "-165.17000", "2009-12-31": "-38.26600", "2008-12-31": "-156.22700", "2007-12-31": "-271.42300", "2006-12-31": "-233.65100", "2005-12-31": "-971.35800"}, "Net Change In Investments - Total": {"2019-12-31": "1898.80000", "2018-12-31": "-33.03000", "2017-12-31": "-40.53700", "2016-12-31": "-128.05000", "2015-12-31": "-235.43900", "2014-12-31": "-150.81400", "2013-12-31": "148.01900", "2012-12-31": "-168.83000", "2011-12-31": "-600.48300", "2010-12-31": "-336.30400", "2009-12-31": "-104.00000", "2008-12-31": "-269.92800", "2007-12-31": "-311.32700", "2006-12-31": "-214.53800", "2005-12-31": "-1098.00100"}, "Investing Activities - Other": {"2019-12-31": "-412.66000", "2018-12-31": "-51.59900", "2017-12-31": "482.44400", "2016-12-31": "136.98000", "2015-12-31": "51.80700", "2014-12-31": "222.32000", "2013-12-31": "229.15200", "2012-12-31": "64.59000", "2011-12-31": "645.14000", "2010-12-31": "163.18900", "2009-12-31": "175.97500", "2008-12-31": "275.44400", "2007-12-31": "321.16500", "2006-12-31": "119.00800", "2005-12-31": "373.42200"}, "Cash Flow From Investing Activities": {"2019-12-31": "2463.27600", "2018-12-31": "-877.72200", "2017-12-31": "-206.31700", "2016-12-31": "-893.11000", "2015-12-31": "-732.42400", "2014-12-31": "-574.46500", "2013-12-31": "722.07600", "2012-12-31": "-642.26200", "2011-12-31": "-164.76100", "2010-12-31": "-520.36100", "2009-12-31": "-242.20100", "2008-12-31": "-453.23100", "2007-12-31": "-3067.70400", "2006-12-31": "-1916.51000", "2005-12-31": "-1751.28400"}, "Net Long-Term Debt": {"2019-12-31": "-1610.83100", "2018-12-31": "-158.49900", "2017-12-31": "424.19090", "2016-12-31": "508.90800", "2015-12-31": "1532.29400", "2014-12-31": "1116.02700", "2013-12-31": "-1317.85500", "2012-12-31": "845.30590", "2011-12-31": "-327.42990", "2010-12-31": "477.16520", "2009-12-31": "-1648.26500", "2008-12-31": "728.30900", "2007-12-31": "2086.44200", "2006-12-31": "3607.87600", "2005-12-31": "911.67300"}, "Net Current Debt": {"2019-12-31": "-407.12600", "2018-12-31": "", "2017-12-31": "", "2016-12-31": "", "2015-12-31": "", "2014-12-31": "-198.88400", "2013-12-31": "", "2012-12-31": "", "2011-12-31": "", "2010-12-31": "", "2009-12-31": "", "2008-12-31": "", "2007-12-31": "", "2006-12-31": "", "2005-12-31": ""}, "Debt Issuance/Retirement Net - Total": {"2019-12-31": "-2017.95700", "2018-12-31": "-158.49900", "2017-12-31": "424.19090", "2016-12-31": "508.90800", "2015-12-31": "1532.29400", "2014-12-31": "917.14280", "2013-12-31": "-1317.85500", "2012-12-31": "845.30590", "2011-12-31": "-327.42990", "2010-12-31": "477.16520", "2009-12-31": "-1648.26500", "2008-12-31": "728.30900", "2007-12-31": "2086.44200", "2006-12-31": "3607.87600", "2005-12-31": "911.67300"}, "Net Common Equity Issued/Repurchased": {"2019-12-31": "-1.78900", "2018-12-31": "-5.66000", "2017-12-31": "29.29400", "2016-12-31": "8.08300", "2015-12-31": "9.30600", "2014-12-31": "15.43400", "2013-12-31": "7.32200", "2012-12-31": "-18.31500", "2011-12-31": "25.50700", "2010-12-31": "1.33300", "2009-12-31": "679.77300", "2008-12-31": "-1.82100", "2007-12-31": "-8.31300", "2006-12-31": "880.40100", "2005-12-31": "833.51000"}, "Net Total Equity Issued/Repurchased": {"2019-12-31": "-2.68200", "2018-12-31": "-475.66000", "2017-12-31": "338.90300", "2016-12-31": "-238.16700", "2015-12-31": "9.30600", "2014-12-31": "15.43400", "2013-12-31": "-1.77200", "2012-12-31": "29.35600", "2011-12-31": "236.34900", "2010-12-31": "-77.62100", "2009-12-31": "655.44300", "2008-12-31": "-1.82100", "2007-12-31": "-8.31300", "2006-12-31": "879.22000", "2005-12-31": "492.44400"}, "Total Common And Preferred Stock Dividends Paid": {"2019-12-31": "-634.11000", "2018-12-31": "-610.61200", "2017-12-31": "-670.70300", "2016-12-31": "-686.68800", "2015-12-31": "-658.19500", "2014-12-31": "-850.19400", "2013-12-31": "-844.34800", "2012-12-31": "-877.74200", "2011-12-31": "-686.71900", "2010-12-31": "-583.81000", "2009-12-31": "-361.92400", "2008-12-31": "-704.51200", "2007-12-31": "-663.02000", "2006-12-31": "-782.95600", "2005-12-31": "-704.85500"}, "Financial Activities - Other": {"2019-12-31": "419.16000", "2018-12-31": "121.94500", "2017-12-31": "-430.73500", "2016-12-31": "-30.20700", "2015-12-31": "-264.54600", "2014-12-31": "-28.04100", "2013-12-31": "24.08100", "2012-12-31": "174.05900", "2011-12-31": "155.82600", "2010-12-31": "88.85100", "2009-12-31": "-28.00600", "2008-12-31": "-14.29900", "2007-12-31": "-123.45200", "2006-12-31": "-673.48500", "2005-12-31": "-15.43400"}, "Cash Flow From Financial Activities": {"2019-12-31": "-2235.58900", "2018-12-31": "-1122.82600", "2017-12-31": "-338.34400", "2016-12-31": "-446.15400", "2015-12-31": "618.85900", "2014-12-31": "54.34200", "2013-12-31": "-2139.89400", "2012-12-31": "170.97900", "2011-12-31": "-621.97400", "2010-12-31": "-95.41500", "2009-12-31": "-1382.75200", "2008-12-31": "7.67700", "2007-12-31": "1291.65700", "2006-12-31": "3030.65500", "2005-12-31": "683.82800"}, "Net Cash Flow": {"2019-12-31": "890.22600", "2018-12-31": "-1197.90700", "2017-12-31": "315.48100", "2016-12-31": "-344.18400", "2015-12-31": "558.52600", "2014-12-31": "615.18700", "2013-12-31": "-377.02900", "2012-12-31": "353.76600", "2011-12-31": "-84.23600", "2010-12-31": "155.31000", "2009-12-31": "-991.37400", "2008-12-31": "372.25800", "2007-12-31": "-1078.72200", "2006-12-31": "1938.81300", "2005-12-31": "-304.77800"}, "Stock-Based Compensation": {"2019-12-31": "53.90800", "2018-12-31": "31.72200", "2017-12-31": "32.82900", "2016-12-31": "", "2015-12-31": "", "2014-12-31": "", "2013-12-31": "", "2012-12-31": "", "2011-12-31": "", "2010-12-31": "", "2009-12-31": "", "2008-12-31": "", "2007-12-31": "", "2006-12-31": "", "2005-12-31": ""}, "Common Stock Dividends Paid": {"2019-12-31": "-583.97900", "2018-12-31": "-555.49700", "2017-12-31": "-606.18700", "2016-12-31": "-606.55100", "2015-12-31": "-577.61700", "2014-12-31": "-768.72600", "2013-12-31": "-761.16000", "2012-12-31": "-803.76600", "2011-12-31": "-625.25500", "2010-12-31": "-528.14100", "2009-12-31": "-304.84800", "2008-12-31": "-647.40000", "2007-12-31": "-605.78400", "2006-12-31": "-725.35000", "2005-12-31": "-670.30200"}}, "cash flow statement, quarterly": {"Net Income/Loss": {"2020-09-30": 68.736, "2020-06-30": -217.352, "2020-03-31": "-104.50300", "2019-12-31": 160.676, "2019-09-30": 363.849, "2019-06-30": 2596.693, "2019-03-31": "213.04400", "2018-12-31": 97.821, "2018-09-30": 219.162, "2018-06-30": 105.338, "2018-03-31": "0.28200", "2017-12-31": 53.551, "2017-09-30": -10.754, "2017-06-30": 147.484, "2017-03-31": "73.84700", "2016-12-31": 704.544, "2016-09-30": 100.604, "2016-06-30": 268.382, "2016-03-31": "-91.60800", "2015-12-31": 283.544, "2015-09-30": 235.24, "2015-06-30": 215.4, "2015-03-31": "125.24600", "2014-12-31": 575.986, "2014-09-30": 169.197, "2014-06-30": 165.687, "2014-03-31": "98.15600", "2013-12-31": -38.759, "2013-09-30": 132.251, "2013-06-30": 182.321, "2013-03-31": "288.92700", "2012-12-31": 91.893, "2012-09-30": 264.156, "2012-06-30": 58.228, "2012-03-31": "280.26400", "2011-12-31": 96.987, "2011-09-30": 66.223, "2011-06-30": 130.969, "2011-03-31": "445.82100", "2010-12-31": 282.144, "2010-09-30": 116.132, "2010-06-30": 77.211, "2010-03-31": "232.54400", "2009-12-31": -143.45, "2009-09-30": 155.844, "2009-06-30": -40.375, "2009-03-31": "156.43100", "2008-12-31": -227.667, "2008-09-30": 43.547, "2008-06-30": 145.817, "2008-03-31": "449.74800", "2007-12-31": 144.141, "2007-09-30": 130.841, "2007-06-30": 165.92, "2007-03-31": "166.93100", "2006-12-31": 119.776, "2006-09-30": 127.983, "2006-06-30": 163.169, "2006-03-31": "149.21200", "2005-12-31": 119.961, "2005-09-30": 38.742, "2005-06-30": 181.082, "2005-03-31": "199.81900"}, "Total Depreciation And Amortization - Cash Flow": {"2020-09-30": 108.337, "2020-06-30": 91.807, "2020-03-31": "92.70700", "2019-12-31": 92.713, "2019-09-30": 96.692, "2019-06-30": 113.088, "2019-03-31": "116.61000", "2018-12-31": 111.931, "2018-09-30": 109.64, "2018-06-30": 107.885, "2018-03-31": "104.75600", "2017-12-31": 110.943, "2017-09-30": 106.586, "2017-06-30": 131.08, "2017-03-31": "134.42700", "2016-12-31": 137.704, "2016-09-30": 134.634, "2016-06-30": 136.589, "2016-03-31": "133.14100", "2015-12-31": 112.578, "2015-09-30": 127.766, "2015-06-30": 128.452, "2015-03-31": "118.35800", "2014-12-31": 145.326, "2014-09-30": 125.733, "2014-06-30": 123.838, "2014-03-31": "141.72500", "2013-12-31": 130.214, "2013-09-30": 117.776, "2013-06-30": 129.029, "2013-03-31": "132.10300", "2012-12-31": 124.215, "2012-09-30": 120.154, "2012-06-30": 127.669, "2012-03-31": "131.49100", "2011-12-31": 152.942, "2011-09-30": 124.728, "2011-06-30": 120.308, "2011-03-31": "119.96800", "2010-12-31": 119.616, "2010-09-30": 122.645, "2010-06-30": 123.506, "2010-03-31": "124.34300", "2009-12-31": 100.039, "2009-09-30": 146.269, "2009-06-30": 122.068, "2009-03-31": "118.19600", "2008-12-31": 88.922, "2008-09-30": 149.68, "2008-06-30": 108.869, "2008-03-31": "133.69100", "2007-12-31": 128.867, "2007-09-30": 118.831, "2007-06-30": 115.986, "2007-03-31": "98.95100", "2006-12-31": 102.037, "2006-09-30": 95.429, "2006-06-30": 102.509, "2006-03-31": "89.37300", "2005-12-31": 89.541, "2005-09-30": 81.662, "2005-06-30": 82.594, "2005-03-31": "79.18100"}, "Other Non-Cash Items": {"2020-09-30": -30.3949, "2020-06-30": 282.8089, "2020-03-31": "196.68100", "2019-12-31": -82.07, "2019-09-30": -284.413, "2019-06-30": -2519.751, "2019-03-31": "-179.42600", "2018-12-31": -20.358, "2018-09-30": -117.755, "2018-06-30": 18.972, "2018-03-31": "86.63200", "2017-12-31": 55.045, "2017-09-30": 157.807, "2017-06-30": -20.993, "2017-03-31": "22.97200", "2016-12-31": -475.686, "2016-09-30": -10.914, "2016-06-30": -137.008, "2016-03-31": "170.66000", "2015-12-31": -188.991, "2015-09-30": -147.154, "2015-06-30": -99.778, "2015-03-31": "25.39200", "2014-12-31": -445.042, "2014-09-30": 20.582, "2014-06-30": 103.59, "2014-03-31": "6.67400", "2013-12-31": 127.369, "2013-09-30": 20.35, "2013-06-30": -48.391, "2013-03-31": "-71.11300", "2012-12-31": 182.81, "2012-09-30": -93.079, "2012-06-30": 48.284, "2012-03-31": "-199.65600", "2011-12-31": 23.974, "2011-09-30": 48.544, "2011-06-30": 5.61, "2011-03-31": "-350.69400", "2010-12-31": -139.197, "2010-09-30": -6.564, "2010-06-30": 28.656, "2010-03-31": "-142.01000", "2009-12-31": 253.097, "2009-09-30": -116.381, "2009-06-30": 107.997, "2009-03-31": "-80.28900", "2008-12-31": 365.971, "2008-09-30": -2.373, "2008-06-30": -24.773, "2008-03-31": "-373.72600", "2007-12-31": -36.946, "2007-09-30": -43.32, "2007-06-30": -81.688, "2007-03-31": "-65.56300", "2006-12-31": -30.609, "2006-09-30": -29.902, "2006-06-30": -74.034, "2006-03-31": "-59.03400", "2005-12-31": 11.835, "2005-09-30": 64.42, "2005-06-30": -65.803, "2005-03-31": "-81.98200"}, "Total Non-Cash Items": {"2020-09-30": 77.942, "2020-06-30": 374.616, "2020-03-31": "289.38800", "2019-12-31": 10.643, "2019-09-30": -187.721, "2019-06-30": -2406.663, "2019-03-31": "-62.81600", "2018-12-31": 91.573, "2018-09-30": -8.115, "2018-06-30": 126.857, "2018-03-31": "191.38800", "2017-12-31": 165.9879, "2017-09-30": 264.393, "2017-06-30": 110.087, "2017-03-31": "157.39900", "2016-12-31": -337.982, "2016-09-30": 123.72, "2016-06-30": -0.419, "2016-03-31": "303.80100", "2015-12-31": -76.413, "2015-09-30": -19.388, "2015-06-30": 28.674, "2015-03-31": "143.75000", "2014-12-31": -299.716, "2014-09-30": 146.315, "2014-06-30": 227.428, "2014-03-31": "148.39900", "2013-12-31": 257.583, "2013-09-30": 138.126, "2013-06-30": 80.638, "2013-03-31": "60.99000", "2012-12-31": 307.025, "2012-09-30": 27.075, "2012-06-30": 175.953, "2012-03-31": "-68.16500", "2011-12-31": 176.916, "2011-09-30": 173.272, "2011-06-30": 125.918, "2011-03-31": "-230.72600", "2010-12-31": -19.581, "2010-09-30": 116.081, "2010-06-30": 152.162, "2010-03-31": "-17.66700", "2009-12-31": 353.136, "2009-09-30": 29.888, "2009-06-30": 230.065, "2009-03-31": "37.90700", "2008-12-31": 454.893, "2008-09-30": 147.307, "2008-06-30": 84.096, "2008-03-31": "-240.03500", "2007-12-31": 91.921, "2007-09-30": 75.511, "2007-06-30": 34.298, "2007-03-31": "33.38800", "2006-12-31": 71.428, "2006-09-30": 65.527, "2006-06-30": 28.475, "2006-03-31": "30.33900", "2005-12-31": 101.376, "2005-09-30": 146.082, "2005-06-30": 16.791, "2005-03-31": "-2.80100"}, "Change In Accounts Receivable": {"2020-09-30": 1.771, "2020-06-30": -7.926, "2020-03-31": "-20.93800", "2019-12-31": 2.122, "2019-09-30": -15.351, "2019-06-30": -11.924, "2019-03-31": "-0.83500", "2018-12-31": -2.87, "2018-09-30": -4.151, "2018-06-30": -1.809, "2018-03-31": "-5.70200", "2017-12-31": -4.302, "2017-09-30": 1.511, "2017-06-30": 1.947, "2017-03-31": "2.02700", "2016-12-31": -4.884, "2016-09-30": -1.745, "2016-06-30": 1.558, "2016-03-31": "0.80000", "2015-12-31": 6.474, "2015-09-30": 6.943, "2015-06-30": -6.026, "2015-03-31": "0.97500", "2014-12-31": -5.507, "2014-09-30": -0.42, "2014-06-30": 5.269, "2014-03-31": "-7.62400", "2013-12-31": 20.617, "2013-09-30": 9.459, "2013-06-30": 2.307, "2013-03-31": "51.51400", "2012-12-31": -13.827, "2012-09-30": -0.473, "2012-06-30": 10.415, "2012-03-31": "-19.38600", "2011-12-31": -2.423, "2011-09-30": 22.77, "2011-06-30": -1.003, "2011-03-31": "-10.47500", "2010-12-31": 8.487, "2010-09-30": -6.068, "2010-06-30": 2.08, "2010-03-31": "-2.48000", "2009-12-31": 3.772, "2009-09-30": -4.043, "2009-06-30": 8.185, "2009-03-31": "7.46900", "2008-12-31": 7.179, "2008-09-30": -15.854, "2008-06-30": 3.343, "2008-03-31": "3.68600", "2007-12-31": -7.978, "2007-09-30": -22.643, "2007-06-30": 7.25, "2007-03-31": "-2.50600", "2006-12-31": -8.674, "2006-09-30": -11.317, "2006-06-30": -4.166, "2006-03-31": "48.53000", "2005-12-31": 4.669, "2005-09-30": -54.225, "2005-06-30": -5.646, "2005-03-31": "10.17900"}, "Change In Inventories": {"2020-09-30": 0, "2020-06-30": 0, "2020-03-31": "", "2019-12-31": 0, "2019-09-30": 0, "2019-06-30": 0, "2019-03-31": "", "2018-12-31": 0, "2018-09-30": 0, "2018-06-30": 0, "2018-03-31": "", "2017-12-31": 0, "2017-09-30": 0, "2017-06-30": 0, "2017-03-31": "", "2016-12-31": 0, "2016-09-30": 0, "2016-06-30": 0, "2016-03-31": "", "2015-12-31": 0, "2015-09-30": 0, "2015-06-30": 0, "2015-03-31": "", "2014-12-31": 0, "2014-09-30": 0, "2014-06-30": 0, "2014-03-31": "", "2013-12-31": 0, "2013-09-30": 0, "2013-06-30": 0, "2013-03-31": "", "2012-12-31": 0, "2012-09-30": 0, "2012-06-30": 0, "2012-03-31": "", "2011-12-31": 0, "2011-09-30": 0, "2011-06-30": 0, "2011-03-31": "", "2010-12-31": 0, "2010-09-30": 0, "2010-06-30": 0, "2010-03-31": "", "2009-12-31": 0, "2009-09-30": 0, "2009-06-30": 0, "2009-03-31": "", "2008-12-31": 0, "2008-09-30": 0, "2008-06-30": 0, "2008-03-31": "", "2007-12-31": 0, "2007-09-30": 0, "2007-06-30": 0, "2007-03-31": "", "2006-12-31": 0, "2006-09-30": 0, "2006-06-30": 0, "2006-03-31": "", "2005-12-31": 0, "2005-09-30": 0, "2005-06-30": 0, "2005-03-31": ""}, "Change In Accounts Payable": {"2020-09-30": 0, "2020-06-30": 0, "2020-03-31": "", "2019-12-31": 0, "2019-09-30": 0, "2019-06-30": 0, "2019-03-31": "", "2018-12-31": 0, "2018-09-30": 0, "2018-06-30": 0, "2018-03-31": "", "2017-12-31": 0, "2017-09-30": 0, "2017-06-30": 0, "2017-03-31": "", "2016-12-31": 0, "2016-09-30": 0, "2016-06-30": 0, "2016-03-31": "", "2015-12-31": 0, "2015-09-30": 0, "2015-06-30": 0, "2015-03-31": "", "2014-12-31": 0, "2014-09-30": 0, "2014-06-30": 0, "2014-03-31": "", "2013-12-31": 0, "2013-09-30": 0, "2013-06-30": 0, "2013-03-31": "", "2012-12-31": 0, "2012-09-30": 0, "2012-06-30": 0, "2012-03-31": "", "2011-12-31": 0, "2011-09-30": 0, "2011-06-30": 0, "2011-03-31": "", "2010-12-31": 0, "2010-09-30": 0, "2010-06-30": 0, "2010-03-31": "", "2009-12-31": 0, "2009-09-30": 0, "2009-06-30": 0, "2009-03-31": "", "2008-12-31": 0, "2008-09-30": 0, "2008-06-30": 0, "2008-03-31": "", "2007-12-31": 0, "2007-09-30": 0, "2007-06-30": 0, "2007-03-31": "", "2006-12-31": 0, "2006-09-30": 0, "2006-06-30": 0, "2006-03-31": "", "2005-12-31": 0, "2005-09-30": 0, "2005-06-30": 0, "2005-03-31": ""}, "Change In Assets/Liabilities": {"2020-09-30": -247.357, "2020-06-30": 85.881, "2020-03-31": "-104.84000", "2019-12-31": 86.683, "2019-09-30": -68.636, "2019-06-30": 72.536, "2019-03-31": "-95.70100", "2018-12-31": 118.4, "2018-09-30": 32.656, "2018-06-30": -223.673, "2018-03-31": "59.61500", "2017-12-31": 7.129, "2017-09-30": 56.62, "2017-06-30": -239.227, "2017-03-31": "68.68200", "2016-12-31": 52.503, "2016-09-30": 32.871, "2016-06-30": -216.108, "2016-03-31": "45.76500", "2015-12-31": 34.393, "2015-09-30": 15.473, "2015-06-30": -234.199, "2015-03-31": "-62.76400", "2014-12-31": 28.299, "2014-09-30": 31.042, "2014-06-30": -230.475, "2014-03-31": "38.64600", "2013-12-31": 14.581, "2013-09-30": 53.17, "2013-06-30": -206.611, "2013-03-31": "35.40400", "2012-12-31": -57.737, "2012-09-30": -52.582, "2012-06-30": -273.166, "2012-03-31": "73.78100", "2011-12-31": -74.726, "2011-09-30": 25.389, "2011-06-30": -174.29, "2011-03-31": "-39.42400", "2010-12-31": -19.177, "2010-09-30": -218.366, "2010-06-30": 15.425, "2010-03-31": "49.51400", "2009-12-31": 4.751, "2009-09-30": -134.437, "2009-06-30": 18.924, "2009-03-31": "-46.88200", "2008-12-31": 29.978, "2008-09-30": -59.576, "2008-06-30": 34.824, "2008-03-31": "-38.26700", "2007-12-31": 51.867, "2007-09-30": -54.641, "2007-06-30": 18.862, "2007-03-31": "-45.87600", "2006-12-31": 46.73, "2006-09-30": -75.869, "2006-06-30": 6.551, "2006-03-31": "6.62600", "2005-12-31": 16.994, "2005-09-30": 1.87, "2005-06-30": -11.913, "2005-03-31": "-55.11000"}, "Total Change In Assets/Liabilities": {"2020-09-30": -223.033, "2020-06-30": 59.003, "2020-03-31": "-133.43700", "2019-12-31": 93.249, "2019-09-30": -71.009, "2019-06-30": 38.704, "2019-03-31": "-86.11000", "2018-12-31": 125.209, "2018-09-30": 35.731, "2018-06-30": -256.353, "2018-03-31": "73.74800", "2017-12-31": -21.022, "2017-09-30": 91.769, "2017-06-30": -242.639, "2017-03-31": "70.03900", "2016-12-31": 56.104, "2016-09-30": 29.285, "2016-06-30": -220.69, "2016-03-31": "59.33900", "2015-12-31": 21.435, "2015-09-30": 43.057, "2015-06-30": -253.974, "2015-03-31": "-74.48000", "2014-12-31": 30.471, "2014-09-30": 65.414, "2014-06-30": -254.603, "2014-03-31": "62.57600", "2013-12-31": 32.373, "2013-09-30": 74.415, "2013-06-30": -233.086, "2013-03-31": "65.01000", "2012-12-31": -84.515, "2012-09-30": -44.449, "2012-06-30": -277.42, "2012-03-31": "95.00400", "2011-12-31": -138.075, "2011-09-30": 67.136, "2011-06-30": -192.949, "2011-03-31": "-18.99300", "2010-12-31": -86.198, "2010-09-30": -169.857, "2010-06-30": 14.944, "2010-03-31": "73.17100", "2009-12-31": -65.594, "2009-09-30": -75.684, "2009-06-30": 19.937, "2009-03-31": "-24.52600", "2008-12-31": -57.023, "2008-09-30": 3.239, "2008-06-30": 2.028, "2008-03-31": "11.86200", "2007-12-31": -25.83, "2007-09-30": -18.697, "2007-06-30": 17.957, "2007-03-31": "-119.05600", "2006-12-31": 146.626, "2006-09-30": -65.913, "2006-06-30": -22.872, "2006-03-31": "10.91800", "2005-12-31": 38.491, "2005-09-30": -2.427, "2005-06-30": -11.443, "2005-03-31": "-62.99500"}, "Cash Flow From Operating Activities": {"2020-09-30": -76.355, "2020-06-30": 216.267, "2020-03-31": "51.44800", "2019-12-31": 264.568, "2019-09-30": 105.119, "2019-06-30": 228.734, "2019-03-31": "64.11800", "2018-12-31": 314.603, "2018-09-30": 246.778, "2018-06-30": -24.158, "2018-03-31": "265.41800", "2017-12-31": 198.517, "2017-09-30": 345.408, "2017-06-30": 14.932, "2017-03-31": "301.28500", "2016-12-31": 422.666, "2016-09-30": 253.609, "2016-06-30": 47.273, "2016-03-31": "271.53200", "2015-12-31": 228.566, "2015-09-30": 258.909, "2015-06-30": -9.9, "2015-03-31": "194.51600", "2014-12-31": 306.741, "2014-09-30": 380.926, "2014-06-30": 138.512, "2014-03-31": "309.13100", "2013-12-31": 251.197, "2013-09-30": 344.792, "2013-06-30": 29.873, "2013-03-31": "414.92700", "2012-12-31": 314.403, "2012-09-30": 246.782, "2012-06-30": -43.239, "2012-03-31": "307.10300", "2011-12-31": 135.828, "2011-09-30": 306.631, "2011-06-30": 63.938, "2011-03-31": "196.10200", "2010-12-31": 176.365, "2010-09-30": 62.356, "2010-06-30": 244.317, "2010-03-31": "288.04800", "2009-12-31": 144.092, "2009-09-30": 110.048, "2009-06-30": 209.627, "2009-03-31": "169.81200", "2008-12-31": 170.203, "2008-09-30": 194.093, "2008-06-30": 231.941, "2008-03-31": "221.57500", "2007-12-31": 210.232, "2007-09-30": 187.655, "2007-06-30": 218.175, "2007-03-31": "81.26300", "2006-12-31": 337.83, "2006-09-30": 127.597, "2006-06-30": 168.772, "2006-03-31": "190.46900", "2005-12-31": 259.828, "2005-09-30": 182.397, "2005-06-30": 186.43, "2005-03-31": "134.02300"}, "Net Change In Property, Plant, And Equipment": {"2020-09-30": -156.527, "2020-06-30": -185.45, "2020-03-31": "-219.09600", "2019-12-31": -244.862, "2019-09-30": -228.268, "2019-06-30": -210.531, "2019-03-31": "-199.06100", "2018-12-31": -215.095, "2018-09-30": -139.354, "2018-06-30": -157.247, "2018-03-31": "-141.09200", "2017-12-31": -144.685, "2017-09-30": -151.791, "2017-06-30": -165.094, "2017-03-31": "-165.59000", "2016-12-31": -305.498, "2016-09-30": -241.133, "2016-06-30": -242.953, "2016-03-31": "-204.52600", "2015-12-31": -229.801, "2015-09-30": -208.933, "2015-06-30": -195.98, "2015-03-31": "-142.51800", "2014-12-31": -283.162, "2014-09-30": -220.5, "2014-06-30": -175.975, "2014-03-31": "-143.75600", "2013-12-31": -410.326, "2013-09-30": -120.824, "2013-06-30": -105.816, "2013-03-31": "-92.79400", "2012-12-31": -117.963, "2012-09-30": -103.125, "2012-06-30": -76.771, "2012-03-31": "-64.66600", "2011-12-31": -95.967, "2011-09-30": -43.346, "2011-06-30": -78.158, "2011-03-31": "-41.27500", "2010-12-31": -115.909, "2010-09-30": -48.236, "2010-06-30": -69.579, "2010-03-31": "-67.84500", "2009-12-31": -151.238, "2009-09-30": -178.762, "2009-06-30": -180.429, "2009-03-31": "-171.44500", "2008-12-31": -234.192, "2008-09-30": -221.418, "2008-06-30": -193.437, "2008-03-31": "-157.52600", "2007-12-31": -184.557, "2007-09-30": -124.093, "2007-06-30": -128.775, "2007-03-31": "-87.64200", "2006-12-31": -135.905, "2006-09-30": -92.709, "2006-06-30": -103.486, "2006-03-31": "-99.60700", "2005-12-31": -66.783, "2005-09-30": -88.571, "2005-06-30": -55.427, "2005-03-31": "-34.14800"}, "Net Change In Intangible Assets": {"2020-09-30": 0, "2020-06-30": 0, "2020-03-31": "", "2019-12-31": 0, "2019-09-30": 0, "2019-06-30": 0, "2019-03-31": "", "2018-12-31": 0, "2018-09-30": 0, "2018-06-30": 0, "2018-03-31": "", "2017-12-31": 0, "2017-09-30": 0, "2017-06-30": 0, "2017-03-31": "", "2016-12-31": 0, "2016-09-30": 0, "2016-06-30": 0, "2016-03-31": "", "2015-12-31": 0, "2015-09-30": 0, "2015-06-30": 0, "2015-03-31": "", "2014-12-31": 0, "2014-09-30": 0, "2014-06-30": 0, "2014-03-31": "", "2013-12-31": 0, "2013-09-30": 0, "2013-06-30": 0, "2013-03-31": "", "2012-12-31": 0, "2012-09-30": 0, "2012-06-30": 0, "2012-03-31": "", "2011-12-31": 0, "2011-09-30": 0, "2011-06-30": 0, "2011-03-31": "", "2010-12-31": 0, "2010-09-30": 0, "2010-06-30": 0, "2010-03-31": "", "2009-12-31": 0, "2009-09-30": 0, "2009-06-30": 0, "2009-03-31": "", "2008-12-31": 0, "2008-09-30": 0, "2008-06-30": 0, "2008-03-31": "", "2007-12-31": 0, "2007-09-30": 0, "2007-06-30": 0, "2007-03-31": "", "2006-12-31": 0, "2006-09-30": 0, "2006-06-30": 0, "2006-03-31": "", "2005-12-31": 0, "2005-09-30": 0, "2005-06-30": 0, "2005-03-31": ""}, "Net Acquisitions/Divestitures": {"2020-09-30": 501.119, "2020-06-30": 245.972, "2020-03-31": "191.21600", "2019-12-31": 568.091, "2019-09-30": 495.781, "2019-06-30": 261.99, "2019-03-31": "533.99600", "2018-12-31": 140.189, "2018-09-30": -268.593, "2018-06-30": 32.194, "2018-03-31": "-44.09500", "2017-12-31": -18.766, "2017-09-30": 4.363, "2017-06-30": -10.67, "2017-03-31": "4.00900", "2016-12-31": 15.497, "2016-09-30": 7.785, "2016-06-30": 66.859, "2016-03-31": "1.92900", "2015-12-31": 241.155, "2015-09-30": 33.561, "2015-06-30": -331.123, "2015-03-31": "284.84700", "2014-12-31": -62.521, "2014-09-30": 123.869, "2014-06-30": -4.196, "2014-03-31": "120.27000", "2013-12-31": 174.843, "2013-09-30": 65.173, "2013-06-30": 335.28, "2013-03-31": "499.36900", "2012-12-31": -563.788, "2012-09-30": 50.41, "2012-06-30": 52.913, "2012-03-31": "284.96800", "2011-12-31": -86.434, "2011-09-30": 4.973, "2011-06-30": 3.59, "2011-03-31": "127.19900", "2010-12-31": -84.675, "2010-09-30": 4.582, "2010-06-30": 0.54, "2010-03-31": "33.87600", "2009-12-31": 75.046, "2009-09-30": 247.788, "2009-06-30": 24.015, "2009-03-31": "20.84900", "2008-12-31": 42.497, "2008-09-30": -3.593, "2008-06-30": 116.088, "2008-03-31": "192.83400", "2007-12-31": 26.797, "2007-09-30": 27.347, "2007-06-30": -1602.606, "2007-03-31": "-1004.01300", "2006-12-31": -900.586, "2006-09-30": -309.974, "2006-06-30": -102.597, "2006-03-31": "-76.11600", "2005-12-31": -258.3691, "2005-09-30": -432.725, "2005-06-30": -84.527, "2005-03-31": "-6.15500"}, "Net Change In Short-term Investments": {"2020-09-30": 0, "2020-06-30": 0, "2020-03-31": "28.37500", "2019-12-31": 0, "2019-09-30": 0.462, "2019-06-30": 0.097, "2019-03-31": "167.75500", "2018-12-31": 4.101, "2018-09-30": 0, "2018-06-30": 0, "2018-03-31": "", "2017-12-31": 0, "2017-09-30": 0, "2017-06-30": 0, "2017-03-31": "", "2016-12-31": 3.937, "2016-09-30": 0, "2016-06-30": -4.379, "2016-03-31": "", "2015-12-31": 0, "2015-09-30": 0, "2015-06-30": 0, "2015-03-31": "", "2014-12-31": 0, "2014-09-30": 0, "2014-06-30": 0, "2014-03-31": "", "2013-12-31": 0.033, "2013-09-30": 217.961, "2013-06-30": 0.415, "2013-03-31": "160.30000", "2012-12-31": 1.798, "2012-09-30": 0, "2012-06-30": 58.46, "2012-03-31": "", "2011-12-31": 51.117, "2011-09-30": 0, "2011-06-30": 4.139, "2011-03-31": "15.16200", "2010-12-31": -323.232, "2010-09-30": 3.059, "2010-06-30": 137.671, "2010-03-31": "11.36800", "2009-12-31": -114.01, "2009-09-30": 50.758, "2009-06-30": -0.435, "2009-03-31": "-2.04700", "2008-12-31": -153.389, "2008-09-30": 33.49, "2008-06-30": 6.854, "2008-03-31": "-0.65600", "2007-12-31": 55.438, "2007-09-30": 19.429, "2007-06-30": -73.303, "2007-03-31": "-41.46800", "2006-12-31": -54.552, "2006-09-30": -1.241, "2006-06-30": 115.989, "2006-03-31": "-41.08300", "2005-12-31": 32.184, "2005-09-30": -33.786, "2005-06-30": -102.187, "2005-03-31": "-22.85400"}, "Net Change In Long-Term Investments": {"2020-09-30": -2.999, "2020-06-30": -1.027, "2020-03-31": "-2.13000", "2019-12-31": -1.777, "2019-09-30": -7.905, "2019-06-30": 1741.086, "2019-03-31": "-0.91800", "2018-12-31": -4.403, "2018-09-30": -6.065, "2018-06-30": -19.144, "2018-03-31": "-7.51900", "2017-12-31": -6.959, "2017-09-30": -5.858, "2017-06-30": -21.041, "2017-03-31": "-6.67900", "2016-12-31": -14.811, "2016-09-30": -22.138, "2016-06-30": -27.471, "2016-03-31": "-63.18800", "2015-12-31": -90.549, "2015-09-30": 16.494, "2015-06-30": -137.472, "2015-03-31": "-23.91200", "2014-12-31": -59.117, "2014-09-30": -28.803, "2014-06-30": -46.261, "2014-03-31": "-16.63300", "2013-12-31": -17.676, "2013-09-30": -153.405, "2013-06-30": -19.717, "2013-03-31": "-39.89200", "2012-12-31": -112.824, "2012-09-30": -59.027, "2012-06-30": -10.505, "2012-03-31": "-46.73200", "2011-12-31": -185.821, "2011-09-30": -58.704, "2011-06-30": -110.247, "2011-03-31": "-316.12900", "2010-12-31": -6.117, "2010-09-30": -117.133, "2010-06-30": -5.179, "2010-03-31": "-36.74100", "2009-12-31": -9.528, "2009-09-30": -3.026, "2009-06-30": -16.13, "2009-03-31": "-9.58200", "2008-12-31": -40.977, "2008-09-30": -18.973, "2008-06-30": -21.725, "2008-03-31": "-74.55200", "2007-12-31": -69.991, "2007-09-30": -34.821, "2007-06-30": -75.574, "2007-03-31": "-91.03700", "2006-12-31": -120.922, "2006-09-30": -23.145, "2006-06-30": -66.705, "2006-03-31": "-22.87900", "2005-12-31": -26.705, "2005-09-30": -761.996, "2005-06-30": -70.591, "2005-03-31": "-112.06600"}, "Net Change In Investments - Total": {"2020-09-30": -2.999, "2020-06-30": -1.027, "2020-03-31": "26.24500", "2019-12-31": -1.777, "2019-09-30": -7.443, "2019-06-30": 1741.183, "2019-03-31": "166.83700", "2018-12-31": -0.302, "2018-09-30": -6.065, "2018-06-30": -19.144, "2018-03-31": "-7.51900", "2017-12-31": -6.959, "2017-09-30": -5.858, "2017-06-30": -21.041, "2017-03-31": "-6.67900", "2016-12-31": -10.874, "2016-09-30": -22.138, "2016-06-30": -31.85, "2016-03-31": "-63.18800", "2015-12-31": -90.549, "2015-09-30": 16.494, "2015-06-30": -137.472, "2015-03-31": "-23.91200", "2014-12-31": -59.117, "2014-09-30": -28.803, "2014-06-30": -46.261, "2014-03-31": "-16.63300", "2013-12-31": -17.643, "2013-09-30": 64.556, "2013-06-30": -19.302, "2013-03-31": "120.40800", "2012-12-31": -111.026, "2012-09-30": -59.027, "2012-06-30": 47.955, "2012-03-31": "-46.73200", "2011-12-31": -134.704, "2011-09-30": -58.704, "2011-06-30": -106.108, "2011-03-31": "-300.96700", "2010-12-31": -329.349, "2010-09-30": -114.074, "2010-06-30": 132.492, "2010-03-31": "-25.37300", "2009-12-31": -123.538, "2009-09-30": 47.732, "2009-06-30": -16.565, "2009-03-31": "-11.62900", "2008-12-31": -194.366, "2008-09-30": 14.517, "2008-06-30": -14.871, "2008-03-31": "-75.20800", "2007-12-31": -14.553, "2007-09-30": -15.392, "2007-06-30": -148.877, "2007-03-31": "-132.50500", "2006-12-31": -175.474, "2006-09-30": -24.386, "2006-06-30": 49.284, "2006-03-31": "-63.96200", "2005-12-31": 5.479, "2005-09-30": -795.782, "2005-06-30": -172.778, "2005-03-31": "-134.92000"}, "Investing Activities - Other": {"2020-09-30": -94.121, "2020-06-30": -84.213, "2020-03-31": "-97.70400", "2019-12-31": -86.724, "2019-09-30": -145.033, "2019-06-30": -82.425, "2019-03-31": "-98.47800", "2018-12-31": -150.208, "2018-09-30": 16.612, "2018-06-30": 79.911, "2018-03-31": "2.08600", "2017-12-31": 18.388, "2017-09-30": 350.52, "2017-06-30": 101.93, "2017-03-31": "11.60600", "2016-12-31": 93.811, "2016-09-30": 10.382, "2016-06-30": 2.139, "2016-03-31": "30.64800", "2015-12-31": -172.846, "2015-09-30": 153.097, "2015-06-30": 40.102, "2015-03-31": "31.45400", "2014-12-31": 27.474, "2014-09-30": -5.191, "2014-06-30": 77.157, "2014-03-31": "122.88000", "2013-12-31": -45.198, "2013-09-30": -59.19, "2013-06-30": 332.838, "2013-03-31": "0.70200", "2012-12-31": 116.503, "2012-09-30": -25.14, "2012-06-30": -25.298, "2012-03-31": "-1.47500", "2011-12-31": 154.019, "2011-09-30": 72.145, "2011-06-30": 143.512, "2011-03-31": "275.46400", "2010-12-31": -41.525, "2010-09-30": 1.466, "2010-06-30": 136.564, "2010-03-31": "66.68400", "2009-12-31": 35.329, "2009-09-30": 24.752, "2009-06-30": 132.095, "2009-03-31": "-16.20100", "2008-12-31": 71.393, "2008-09-30": 36.768, "2008-06-30": 129.787, "2008-03-31": "37.49600", "2007-12-31": 170.166, "2007-09-30": 213.152, "2007-06-30": 19.383, "2007-03-31": "-81.53600", "2006-12-31": 64.769, "2006-09-30": 170.679, "2006-06-30": -191.057, "2006-03-31": "74.61700", "2005-12-31": 52.448, "2005-09-30": 194.473, "2005-06-30": -41.873, "2005-03-31": "168.37400"}, "Cash Flow From Investing Activities": {"2020-09-30": 247.472, "2020-06-30": -24.718, "2020-03-31": "-99.33900", "2019-12-31": 234.728, "2019-09-30": 115.037, "2019-06-30": 1710.217, "2019-03-31": "403.29400", "2018-12-31": -225.416, "2018-09-30": -397.4, "2018-06-30": -64.286, "2018-03-31": "-190.62000", "2017-12-31": -152.022, "2017-09-30": 197.234, "2017-06-30": -94.875, "2017-03-31": "-156.65400", "2016-12-31": -207.064, "2016-09-30": -245.104, "2016-06-30": -205.805, "2016-03-31": "-235.13700", "2015-12-31": -252.041, "2015-09-30": -5.781, "2015-06-30": -624.473, "2015-03-31": "149.87100", "2014-12-31": -377.326, "2014-09-30": -130.625, "2014-06-30": -149.275, "2014-03-31": "82.76100", "2013-12-31": -298.324, "2013-09-30": -50.285, "2013-06-30": 543, "2013-03-31": "527.68500", "2012-12-31": -676.274, "2012-09-30": -136.882, "2012-06-30": -1.201, "2012-03-31": "172.09500", "2011-12-31": -163.086, "2011-09-30": -24.932, "2011-06-30": -37.164, "2011-03-31": "60.42100", "2010-12-31": -571.458, "2010-09-30": -156.262, "2010-06-30": 200.017, "2010-03-31": "7.34200", "2009-12-31": -164.401, "2009-09-30": 141.51, "2009-06-30": -40.884, "2009-03-31": "-178.42600", "2008-12-31": -314.668, "2008-09-30": -173.726, "2008-06-30": 37.567, "2008-03-31": "-2.40400", "2007-12-31": -2.147, "2007-09-30": 101.014, "2007-06-30": -1860.875, "2007-03-31": "-1305.69600", "2006-12-31": -1147.196, "2006-09-30": -256.39, "2006-06-30": -347.856, "2006-03-31": "-165.06800", "2005-12-31": -267.225, "2005-09-30": -1122.605, "2005-06-30": -354.605, "2005-03-31": "-6.84900"}, "Net Long-Term Debt": {"2020-09-30": -501.5249, "2020-06-30": -7.962, "2020-03-31": "550.91200", "2019-12-31": -83.655, "2019-09-30": -42.974, "2019-06-30": -1254.388, "2019-03-31": "-229.81400", "2018-12-31": -206.78, "2018-09-30": 7.647, "2018-06-30": -0.245, "2018-03-31": "40.87900", "2017-12-31": 372.2579, "2017-09-30": -161.025, "2017-06-30": 217.416, "2017-03-31": "-4.45800", "2016-12-31": 99.858, "2016-09-30": 115.919, "2016-06-30": 315.248, "2016-03-31": "-22.11700", "2015-12-31": 1195.511, "2015-09-30": 197.897, "2015-06-30": 246.317, "2015-03-31": "-107.43100", "2014-12-31": -253.904, "2014-09-30": 285.09, "2014-06-30": 718.039, "2014-03-31": "366.80200", "2013-12-31": -66.792, "2013-09-30": -33.979, "2013-06-30": -186.623, "2013-03-31": "-1030.46100", "2012-12-31": 1142.6008, "2012-09-30": -15.0749, "2012-06-30": -22.541, "2012-03-31": "-259.67900", "2011-12-31": 155.0132, "2011-09-30": -129.7931, "2011-06-30": -92.856, "2011-03-31": "-259.79400", "2010-12-31": 336.4582, "2010-09-30": 437.192, "2010-06-30": -431.5741, "2010-03-31": "135.08910", "2009-12-31": -1860.251, "2009-09-30": 335.86, "2009-06-30": -339.439, "2009-03-31": "215.56500", "2008-12-31": 347.585, "2008-09-30": -41.177, "2008-06-30": 70.744, "2008-03-31": "351.15700", "2007-12-31": 297.067, "2007-09-30": -5.969, "2007-06-30": -334.622, "2007-03-31": "2129.96600", "2006-12-31": 2603.57, "2006-09-30": 389.534, "2006-06-30": 205.319, "2006-03-31": "409.45300", "2005-12-31": 224.236, "2005-09-30": 78.118, "2005-06-30": 33.664, "2005-03-31": "575.65500"}, "Net Current Debt": {"2020-09-30": 0, "2020-06-30": 0, "2020-03-31": "", "2019-12-31": -407.126, "2019-09-30": 0, "2019-06-30": 0, "2019-03-31": "", "2018-12-31": 0, "2018-09-30": 0, "2018-06-30": 0, "2018-03-31": "", "2017-12-31": 0, "2017-09-30": 0, "2017-06-30": 0, "2017-03-31": "", "2016-12-31": 0, "2016-09-30": 0, "2016-06-30": 0, "2016-03-31": "", "2015-12-31": 0, "2015-09-30": 0, "2015-06-30": 0, "2015-03-31": "", "2014-12-31": -198.884, "2014-09-30": 0, "2014-06-30": 0, "2014-03-31": "", "2013-12-31": 0, "2013-09-30": 0, "2013-06-30": 0, "2013-03-31": "", "2012-12-31": 0, "2012-09-30": 0, "2012-06-30": 0, "2012-03-31": "", "2011-12-31": 0, "2011-09-30": 0, "2011-06-30": 0, "2011-03-31": "", "2010-12-31": 0, "2010-09-30": 0, "2010-06-30": 0, "2010-03-31": "", "2009-12-31": 0, "2009-09-30": 0, "2009-06-30": 0.032, "2009-03-31": "-0.03200", "2008-12-31": 0, "2008-09-30": 0, "2008-06-30": 0, "2008-03-31": "", "2007-12-31": 109.092, "2007-09-30": -22.439, "2007-06-30": 0, "2007-03-31": "-86.65300", "2006-12-31": 174.254, "2006-09-30": -174.254, "2006-06-30": 0, "2006-03-31": "", "2005-12-31": 0, "2005-09-30": 0, "2005-06-30": 0, "2005-03-31": ""}, "Debt Issuance/Retirement Net - Total": {"2020-09-30": -501.5249, "2020-06-30": -7.962, "2020-03-31": "550.91200", "2019-12-31": -490.781, "2019-09-30": -42.974, "2019-06-30": -1254.388, "2019-03-31": "-229.81400", "2018-12-31": -206.78, "2018-09-30": 7.647, "2018-06-30": -0.245, "2018-03-31": "40.87900", "2017-12-31": 372.2579, "2017-09-30": -161.025, "2017-06-30": 217.416, "2017-03-31": "-4.45800", "2016-12-31": 99.858, "2016-09-30": 115.919, "2016-06-30": 315.248, "2016-03-31": "-22.11700", "2015-12-31": 1195.511, "2015-09-30": 197.897, "2015-06-30": 246.317, "2015-03-31": "-107.43100", "2014-12-31": -452.7882, "2014-09-30": 285.09, "2014-06-30": 718.039, "2014-03-31": "366.80200", "2013-12-31": -66.792, "2013-09-30": -33.979, "2013-06-30": -186.623, "2013-03-31": "-1030.46100", "2012-12-31": 1142.6008, "2012-09-30": -15.0749, "2012-06-30": -22.541, "2012-03-31": "-259.67900", "2011-12-31": 155.0132, "2011-09-30": -129.7931, "2011-06-30": -92.856, "2011-03-31": "-259.79400", "2010-12-31": 336.4582, "2010-09-30": 437.192, "2010-06-30": -431.5741, "2010-03-31": "135.08910", "2009-12-31": -1860.251, "2009-09-30": 335.86, "2009-06-30": -339.407, "2009-03-31": "215.53300", "2008-12-31": 347.585, "2008-09-30": -41.177, "2008-06-30": 70.744, "2008-03-31": "351.15700", "2007-12-31": 406.159, "2007-09-30": -28.408, "2007-06-30": -334.622, "2007-03-31": "2043.31300", "2006-12-31": 2777.824, "2006-09-30": 215.28, "2006-06-30": 205.319, "2006-03-31": "409.45300", "2005-12-31": 224.236, "2005-09-30": 78.118, "2005-06-30": 33.664, "2005-03-31": "575.65500"}, "Net Common Equity Issued/Repurchased": {"2020-09-30": 0.3, "2020-06-30": 0.368, "2020-03-31": "4.76200", "2019-12-31": 4.5, "2019-09-30": 0.357, "2019-06-30": 0.535, "2019-03-31": "-7.18100", "2018-12-31": -10.138, "2018-09-30": 0.791, "2018-06-30": 0.702, "2018-03-31": "2.98500", "2017-12-31": 4.701, "2017-09-30": 15.252, "2017-06-30": 1.121, "2017-03-31": "8.22000", "2016-12-31": 1.249, "2016-09-30": 3.21, "2016-06-30": 1.286, "2016-03-31": "2.33800", "2015-12-31": -5.967, "2015-09-30": 4.529, "2015-06-30": -1.274, "2015-03-31": "12.01800", "2014-12-31": 2.333, "2014-09-30": 3.613, "2014-06-30": 6.39, "2014-03-31": "3.09800", "2013-12-31": 2.597, "2013-09-30": 0.587, "2013-06-30": 2.836, "2013-03-31": "1.30200", "2012-12-31": 1.509, "2012-09-30": 0.543, "2012-06-30": 1.67, "2012-03-31": "-22.03700", "2011-12-31": 3.307, "2011-09-30": 1.618, "2011-06-30": 5.682, "2011-03-31": "14.90000", "2010-12-31": 14.8, "2010-09-30": 1.929, "2010-06-30": 8.964, "2010-03-31": "-24.36000", "2009-12-31": -30.475, "2009-09-30": 0.544, "2009-06-30": 709.704, "2009-03-31": "", "2008-12-31": -23.802, "2008-09-30": 9.841, "2008-06-30": 1.833, "2008-03-31": "10.30700", "2007-12-31": -13.057, "2007-09-30": -0.56, "2007-06-30": 3.469, "2007-03-31": "1.83500", "2006-12-31": 870.891, "2006-09-30": 0.353, "2006-06-30": 5.848, "2006-03-31": "3.30900", "2005-12-31": 6.637, "2005-09-30": 786.075, "2005-06-30": 32.153, "2005-03-31": "8.64500"}, "Net Total Equity Issued/Repurchased": {"2020-09-30": 0.3, "2020-06-30": 0.368, "2020-03-31": "4.76200", "2019-12-31": 4.5, "2019-09-30": 0.357, "2019-06-30": 0.535, "2019-03-31": "-8.07400", "2018-12-31": -10.138, "2018-09-30": 0.791, "2018-06-30": 0.702, "2018-03-31": "-467.01500", "2017-12-31": 314.31, "2017-09-30": 15.252, "2017-06-30": 1.121, "2017-03-31": "8.22000", "2016-12-31": 1.249, "2016-09-30": -243.04, "2016-06-30": 1.286, "2016-03-31": "2.33800", "2015-12-31": -5.967, "2015-09-30": 4.529, "2015-06-30": -1.274, "2015-03-31": "12.01800", "2014-12-31": 2.333, "2014-09-30": 3.613, "2014-06-30": 6.39, "2014-03-31": "3.09800", "2013-12-31": 2.367, "2013-09-30": 0.587, "2013-06-30": -34.238, "2013-03-31": "29.51200", "2012-12-31": 1.336, "2012-09-30": 48.387, "2012-06-30": 1.67, "2012-03-31": "-22.03700", "2011-12-31": 3.112, "2011-09-30": 6.117, "2011-06-30": 212.22, "2011-03-31": "14.90000", "2010-12-31": -15.554, "2010-09-30": -33.671, "2010-06-30": -0.036, "2010-03-31": "-28.36000", "2009-12-31": -30.475, "2009-09-30": 0.545, "2009-06-30": 709.703, "2009-03-31": "-24.33000", "2008-12-31": -23.802, "2008-09-30": 9.841, "2008-06-30": 1.833, "2008-03-31": "10.30700", "2007-12-31": -13.057, "2007-09-30": -0.56, "2007-06-30": 3.469, "2007-03-31": "1.83500", "2006-12-31": 870.848, "2006-09-30": -34.93, "2006-06-30": 39.993, "2006-03-31": "3.30900", "2005-12-31": -24.102, "2005-09-30": 561.792, "2005-06-30": 141.109, "2005-03-31": "-186.35500"}, "Total Common And Preferred Stock Dividends Paid": {"2020-09-30": -136.1599, "2020-06-30": -205.643, "2020-03-31": "-511.01700", "2019-12-31": -153.678, "2019-09-30": -154.423, "2019-06-30": -187.599, "2019-03-31": "-138.41000", "2018-12-31": -145.464, "2018-09-30": -195.507, "2018-06-30": -133.249, "2018-03-31": "-136.39200", "2017-12-31": -191.436, "2017-09-30": -152.575, "2017-06-30": -176.231, "2017-03-31": "-150.46100", "2016-12-31": -170.764, "2016-09-30": -154.099, "2016-06-30": -201.12, "2016-03-31": "-160.70500", "2015-12-31": -148.299, "2015-09-30": -155.44, "2015-06-30": -156.238, "2015-03-31": "-198.21800", "2014-12-31": -169.595, "2014-09-30": -216.224, "2014-06-30": -296.772, "2014-03-31": "-167.60300", "2013-12-31": -171.529, "2013-09-30": -176.033, "2013-06-30": -165.141, "2013-03-31": "-331.64500", "2012-12-31": -358.361, "2012-09-30": -158.319, "2012-06-30": -181.208, "2012-03-31": "-179.85400", "2011-12-31": -184.332, "2011-09-30": -159.06, "2011-06-30": -179.193, "2011-03-31": "-164.13400", "2010-12-31": -145.718, "2010-09-30": -145.615, "2010-06-30": -147.17, "2010-03-31": "-145.30700", "2009-12-31": -125.028, "2009-09-30": -82.182, "2009-06-30": -81.33, "2009-03-31": "-73.38400", "2008-12-31": -246.502, "2008-09-30": -152.965, "2008-06-30": -152.723, "2008-03-31": "-152.32200", "2007-12-31": -232.812, "2007-09-30": -143.62, "2007-06-30": -143.427, "2007-03-31": "-143.16100", "2006-12-31": -399.855, "2006-09-30": -127.938, "2006-06-30": -127.693, "2006-03-31": "-127.47000", "2005-12-31": -379.446, "2005-09-30": -107.934, "2005-06-30": -108.522, "2005-03-31": "-108.95300"}, "Financial Activities - Other": {"2020-09-30": 93.265, "2020-06-30": 217.721, "2020-03-31": "63.41100", "2019-12-31": 502.238, "2019-09-30": 145.53, "2019-06-30": -330.223, "2019-03-31": "101.61500", "2018-12-31": 70.29, "2018-09-30": 45.542, "2018-06-30": 15.127, "2018-03-31": "-9.01400", "2017-12-31": -12.598, "2017-09-30": -416.209, "2017-06-30": 12.321, "2017-03-31": "-14.24900", "2016-12-31": -11.261, "2016-09-30": -1.342, "2016-06-30": -0.9, "2016-03-31": "-16.70400", "2015-12-31": -48.904, "2015-09-30": -28.314, "2015-06-30": -5.663, "2015-03-31": "-181.66500", "2014-12-31": 205.97, "2014-09-30": -10.864, "2014-06-30": -202.395, "2014-03-31": "-20.75200", "2013-12-31": -5.952, "2013-09-30": 5.586, "2013-06-30": 8.961, "2013-03-31": "15.48600", "2012-12-31": 70.73, "2012-09-30": 9.628, "2012-06-30": 103.523, "2012-03-31": "-9.82200", "2011-12-31": 74.835, "2011-09-30": -5.295, "2011-06-30": 6.209, "2011-03-31": "80.07700", "2010-12-31": 64.442, "2010-09-30": 30.133, "2010-06-30": -2.373, "2010-03-31": "-3.35100", "2009-12-31": 11.531, "2009-09-30": -14.268, "2009-06-30": -14.661, "2009-03-31": "-10.60800", "2008-12-31": 65.025, "2008-09-30": -19.086, "2008-06-30": -18.404, "2008-03-31": "-41.83400", "2007-12-31": -48.054, "2007-09-30": -25.313, "2007-06-30": -23.888, "2007-03-31": "-26.19700", "2006-12-31": -593.016, "2006-09-30": -31.127, "2006-06-30": -24.075, "2006-03-31": "-25.26700", "2005-12-31": 86.752, "2005-09-30": -39.405, "2005-06-30": -30.308, "2005-03-31": "-32.47300"}, "Cash Flow From Financial Activities": {"2020-09-30": -544.12, "2020-06-30": 4.484, "2020-03-31": "108.06800", "2019-12-31": -137.721, "2019-09-30": -51.51, "2019-06-30": -1771.675, "2019-03-31": "-274.68300", "2018-12-31": -292.092, "2018-09-30": -141.527, "2018-06-30": -117.665, "2018-03-31": "-571.54200", "2017-12-31": 482.534, "2017-09-30": -714.557, "2017-06-30": 54.627, "2017-03-31": "-160.94800", "2016-12-31": -80.918, "2016-09-30": -282.562, "2016-06-30": 114.514, "2016-03-31": "-197.18800", "2015-12-31": 992.341, "2015-09-30": 18.672, "2015-06-30": 83.142, "2015-03-31": "-475.29600", "2014-12-31": -414.08, "2014-09-30": 61.615, "2014-06-30": 225.262, "2014-03-31": "181.54500", "2013-12-31": -241.906, "2013-09-30": -203.839, "2013-06-30": -377.041, "2013-03-31": "-1317.10800", "2012-12-31": 856.306, "2012-09-30": -115.379, "2012-06-30": -98.556, "2012-03-31": "-471.39200", "2011-12-31": 48.628, "2011-09-30": -288.031, "2011-06-30": -53.62, "2011-03-31": "-328.95100", "2010-12-31": 239.628, "2010-09-30": 288.039, "2010-06-30": -581.153, "2010-03-31": "-41.92900", "2009-12-31": -2004.223, "2009-09-30": 239.955, "2009-06-30": 274.305, "2009-03-31": "107.21100", "2008-12-31": 142.306, "2008-09-30": -203.387, "2008-06-30": -98.55, "2008-03-31": "167.30800", "2007-12-31": 112.236, "2007-09-30": -197.901, "2007-06-30": -498.468, "2007-03-31": "1875.79000", "2006-12-31": 2655.801, "2006-09-30": 21.285, "2006-06-30": 93.544, "2006-03-31": "260.02500", "2005-12-31": -92.56, "2005-09-30": 492.571, "2005-06-30": 35.943, "2005-03-31": "247.87400"}, "Net Cash Flow": {"2020-09-30": -373.003, "2020-06-30": 196.033, "2020-03-31": "60.17700", "2019-12-31": 361.575, "2019-09-30": 168.646, "2019-06-30": 167.276, "2019-03-31": "192.72900", "2018-12-31": -202.905, "2018-09-30": -292.149, "2018-06-30": -206.109, "2018-03-31": "-496.74400", "2017-12-31": 529.029, "2017-09-30": -171.915, "2017-06-30": -25.316, "2017-03-31": "-16.31700", "2016-12-31": 134.684, "2016-09-30": -274.057, "2016-06-30": -44.018, "2016-03-31": "-160.79300", "2015-12-31": 968.866, "2015-09-30": 271.8, "2015-06-30": -551.231, "2015-03-31": "-130.90900", "2014-12-31": -484.665, "2014-09-30": 311.916, "2014-06-30": 214.499, "2014-03-31": "573.43700", "2013-12-31": -289.033, "2013-09-30": 90.668, "2013-06-30": 195.832, "2013-03-31": "-374.49600", "2012-12-31": 494.435, "2012-09-30": -5.479, "2012-06-30": -142.996, "2012-03-31": "7.80600", "2011-12-31": 21.37, "2011-09-30": -6.332, "2011-06-30": -26.846, "2011-03-31": "-72.42800", "2010-12-31": -155.465, "2010-09-30": 194.133, "2010-06-30": -136.819, "2010-03-31": "253.46100", "2009-12-31": -2024.532, "2009-09-30": 491.513, "2009-06-30": 443.048, "2009-03-31": "98.59700", "2008-12-31": -2.159, "2008-09-30": -183.02, "2008-06-30": 170.958, "2008-03-31": "386.47900", "2007-12-31": 320.321, "2007-09-30": 90.768, "2007-06-30": -2141.168, "2007-03-31": "651.35700", "2006-12-31": 1846.435, "2006-09-30": -107.508, "2006-06-30": -85.54, "2006-03-31": "285.42600", "2005-12-31": -99.957, "2005-09-30": -447.637, "2005-06-30": -132.232, "2005-03-31": "375.04800"}, "Stock-Based Compensation": {"2020-09-30": 6.17, "2020-06-30": 7.703, "2020-03-31": "25.76500", "2019-12-31": 5.863, "2019-09-30": 5.871, "2019-06-30": 10.52, "2019-03-31": "31.65400", "2018-12-31": 5.532, "2018-09-30": 5.545, "2018-06-30": 6.976, "2018-03-31": "13.66900", "2017-12-31": 32.829, "2017-09-30": 0, "2017-06-30": 0, "2017-03-31": "", "2016-12-31": 0, "2016-09-30": 0, "2016-06-30": 0, "2016-03-31": "", "2015-12-31": 0, "2015-09-30": 0, "2015-06-30": 0, "2015-03-31": "", "2014-12-31": 0, "2014-09-30": 0, "2014-06-30": 0, "2014-03-31": "", "2013-12-31": 0, "2013-09-30": 0, "2013-06-30": 0, "2013-03-31": "", "2012-12-31": 0, "2012-09-30": 0, "2012-06-30": 0, "2012-03-31": "", "2011-12-31": 0, "2011-09-30": 0, "2011-06-30": 0, "2011-03-31": "", "2010-12-31": 0, "2010-09-30": 0, "2010-06-30": 0, "2010-03-31": "", "2009-12-31": 0, "2009-09-30": 0, "2009-06-30": 0, "2009-03-31": "", "2008-12-31": 0, "2008-09-30": 0, "2008-06-30": 0, "2008-03-31": "", "2007-12-31": 0, "2007-09-30": 0, "2007-06-30": 0, "2007-03-31": "", "2006-12-31": 0, "2006-09-30": 0, "2006-06-30": 0, "2006-03-31": "", "2005-12-31": 0, "2005-09-30": 0, "2005-06-30": 0, "2005-03-31": ""}, "Common Stock Dividends Paid": {"2020-09-30": -123.63, "2020-06-30": -180.581, "2020-03-31": "-498.48600", "2019-12-31": -141.145, "2019-09-30": -141.891, "2019-06-30": -175.067, "2019-03-31": "-125.87600", "2018-12-31": -132.931, "2018-09-30": -182.972, "2018-06-30": -119.83, "2018-03-31": "-119.76400", "2017-12-31": -175.306, "2017-09-30": -136.447, "2017-06-30": -160.102, "2017-03-31": "-134.33200", "2016-12-31": -154.633, "2016-09-30": -130.82, "2016-06-30": -180.757, "2016-03-31": "-140.34100", "2015-12-31": -127.934, "2015-09-30": -135.076, "2015-06-30": -135.873, "2015-03-31": "-178.73400", "2014-12-31": -149.229, "2014-09-30": -195.859, "2014-06-30": -276.403, "2014-03-31": "-147.23500", "2013-12-31": -151.161, "2013-09-30": -155.664, "2013-06-30": -145.851, "2013-03-31": "-308.48400", "2012-12-31": -338.419, "2012-09-30": -139.861, "2012-06-30": -163.421, "2012-03-31": "-162.06500", "2011-12-31": -166.543, "2011-09-30": -142.502, "2011-06-30": -165.635, "2011-03-31": "-150.57500", "2010-12-31": -132.149, "2010-09-30": -132.048, "2010-06-30": -132.904, "2010-03-31": "-131.04000", "2009-12-31": -110.761, "2009-09-30": -67.913, "2009-06-30": -67.059, "2009-03-31": "-59.11500", "2008-12-31": -232.231, "2008-09-30": -138.691, "2008-06-30": -138.448, "2008-03-31": "-138.03000", "2007-12-31": -218.516, "2007-09-30": -129.325, "2007-06-30": -129.131, "2007-03-31": "-128.81200", "2006-12-31": -385.506, "2006-09-30": -113.534, "2006-06-30": -113.286, "2006-03-31": "-113.02400", "2005-12-31": -367.867, "2005-09-30": -99.844, "2005-06-30": -98.844, "2005-03-31": "-103.74700"}}, "financial ratios": {"Current Ratio": {"2019-12-31": "", "2018-12-31": "", "2017-12-31": "", "2016-12-31": "", "2015-12-31": "", "2014-12-31": "", "2013-12-31": "", "2012-12-31": "", "2011-12-31": "", "2010-12-31": "", "2009-12-31": "", "2008-12-31": "", "2007-12-31": "", "2006-12-31": "", "2005-12-31": ""}, "Long-term Debt / Capital": {"2019-12-31": "0.50320", "2018-12-31": "0.65820", "2017-12-31": "0.66020", "2016-12-31": "0.55360", "2015-12-31": "0.59730", "2014-12-31": "0.56000", "2013-12-31": "0.56780", "2012-12-31": "0.58470", "2011-12-31": "0.57300", "2010-12-31": "0.61450", "2009-12-31": "0.61640", "2008-12-31": "0.66680", "2007-12-31": "0.68710", "2006-12-31": "0.60840", "2005-12-31": "0.54260"}, "Debt/Equity Ratio": {"2019-12-31": "1.01310", "2018-12-31": "1.92580", "2017-12-31": "1.94290", "2016-12-31": "1.24000", "2015-12-31": "1.48350", "2014-12-31": "1.27250", "2013-12-31": "1.31390", "2012-12-31": "1.40780", "2011-12-31": "1.34200", "2010-12-31": "1.59430", "2009-12-31": "1.60700", "2008-12-31": "2.00140", "2007-12-31": "2.19560", "2006-12-31": "1.55340", "2005-12-31": "1.18610"}, "Gross Margin": {"2019-12-31": "", "2018-12-31": "", "2017-12-31": "", "2016-12-31": "", "2015-12-31": "", "2014-12-31": "", "2013-12-31": "", "2012-12-31": "", "2011-12-31": "", "2010-12-31": "", "2009-12-31": "", "2008-12-31": "", "2007-12-31": "", "2006-12-31": "", "2005-12-31": ""}, "Operating Margin": {"2019-12-31": "15.56320", "2018-12-31": "26.94250", "2017-12-31": "29.20410", "2016-12-31": "28.93820", "2015-12-31": "31.19700", "2014-12-31": "29.83310", "2013-12-31": "29.33880", "2012-12-31": "27.47200", "2011-12-31": "30.05120", "2010-12-31": "29.67030", "2009-12-31": "29.41590", "2008-12-31": "29.82040", "2007-12-31": "33.88980", "2006-12-31": "35.22160", "2005-12-31": "28.50990"}, "EBIT Margin": {"2019-12-31": "15.56320", "2018-12-31": "26.94250", "2017-12-31": "29.20410", "2016-12-31": "28.93820", "2015-12-31": "31.19700", "2014-12-31": "29.83310", "2013-12-31": "29.33880", "2012-12-31": "27.47200", "2011-12-31": "30.05120", "2010-12-31": "29.67030", "2009-12-31": "29.41590", "2008-12-31": "29.82040", "2007-12-31": "33.88980", "2006-12-31": "35.22160", "2005-12-31": "28.50990"}, "EBITDA Margin": {"2019-12-31": "37.33820", "2018-12-31": "47.01040", "2017-12-31": "52.38110", "2016-12-31": "55.99090", "2015-12-31": "55.73260", "2014-12-31": "53.03820", "2013-12-31": "51.48250", "2012-12-31": "46.47870", "2011-12-31": "49.21450", "2010-12-31": "48.82870", "2009-12-31": "47.73840", "2008-12-31": "48.04280", "2007-12-31": "53.12430", "2006-12-31": "55.61590", "2005-12-31": "41.72410"}, "Pre-Tax Profit Margin": {"2019-12-31": "178.61130", "2018-12-31": "21.24110", "2017-12-31": "15.34130", "2016-12-31": "29.19200", "2015-12-31": "27.74660", "2014-12-31": "18.70830", "2013-12-31": "-0.52510", "2012-12-31": "18.20270", "2011-12-31": "22.14310", "2010-12-31": "28.27510", "2009-12-31": "3.73410", "2008-12-31": "0.98000", "2007-12-31": "22.84140", "2006-12-31": "31.82720", "2005-12-31": "25.44820"}, "Net Profit Margin": {"2019-12-31": "160.95010", "2018-12-31": "17.78570", "2017-12-31": "7.77390", "2016-12-31": "41.10340", "2015-12-31": "34.24110", "2014-12-31": "33.87610", "2013-12-31": "17.05110", "2012-12-31": "20.73330", "2011-12-31": "22.26470", "2010-12-31": "23.32770", "2009-12-31": "1.84870", "2008-12-31": "11.44510", "2007-12-31": "20.13780", "2006-12-31": "26.32810", "2005-12-31": "19.56870"}, "Asset Turnover": {"2019-12-31": "0.10520", "2018-12-31": "0.12590", "2017-12-31": "0.11980", "2016-12-31": "0.09630", "2015-12-31": "0.09390", "2014-12-31": "0.10930", "2013-12-31": "0.11440", "2012-12-31": "0.12010", "2011-12-31": "0.13220", "2010-12-31": "0.12470", "2009-12-31": "0.13160", "2008-12-31": "0.12330", "2007-12-31": "0.10700", "2006-12-31": "0.10630", "2005-12-31": "0.18480"}, "Inventory Turnover Ratio": {"2019-12-31": "", "2018-12-31": "", "2017-12-31": "", "2016-12-31": "", "2015-12-31": "", "2014-12-31": "", "2013-12-31": "", "2012-12-31": "", "2011-12-31": "", "2010-12-31": "", "2009-12-31": "", "2008-12-31": "", "2007-12-31": "", "2006-12-31": "", "2005-12-31": ""}, "Receiveable Turnover": {"2019-12-31": "", "2018-12-31": "", "2017-12-31": "", "2016-12-31": "", "2015-12-31": "", "2014-12-31": "", "2013-12-31": "", "2012-12-31": "", "2011-12-31": "", "2010-12-31": "", "2009-12-31": "", "2008-12-31": "", "2007-12-31": "", "2006-12-31": "", "2005-12-31": ""}, "Days Sales In Receivables": {"2019-12-31": "", "2018-12-31": "", "2017-12-31": "", "2016-12-31": "", "2015-12-31": "", "2014-12-31": "", "2013-12-31": "", "2012-12-31": "", "2011-12-31": "", "2010-12-31": "", "2009-12-31": "", "2008-12-31": "", "2007-12-31": "", "2006-12-31": "", "2005-12-31": ""}, "ROE - Return On Equity": {"2019-12-31": "51.93790", "2018-12-31": "10.00730", "2017-12-31": "6.73900", "2016-12-31": "8.76860", "2015-12-31": "10.25820", "2014-12-31": "6.81460", "2013-12-31": "-0.05310", "2012-12-31": "7.11440", "2011-12-31": "8.85740", "2010-12-31": "11.59520", "2009-12-31": "1.34780", "2008-12-31": "4.27610", "2007-12-31": "11.76160", "2006-12-31": "11.43320", "2005-12-31": "14.28000"}, "Return On Tangible Equity": {"2019-12-31": "45.80060", "2018-12-31": "8.48840", "2017-12-31": "5.72050", "2016-12-31": "7.76720", "2015-12-31": "8.77350", "2014-12-31": "5.82790", "2013-12-31": "-0.04600", "2012-12-31": "6.33070", "2011-12-31": "7.95720", "2010-12-31": "10.81390", "2009-12-31": "1.26450", "2008-12-31": "3.70930", "2007-12-31": "9.97050", "2006-12-31": "9.89280", "2005-12-31": "12.01590"}, "ROA - Return On Assets": {"2019-12-31": "18.23310", "2018-12-31": "2.45600", "2017-12-31": "1.59420", "2016-12-31": "2.77210", "2015-12-31": "3.00770", "2014-12-31": "2.00090", "2013-12-31": "-0.01670", "2012-12-31": "2.14860", "2011-12-31": "2.81010", "2010-12-31": "3.41760", "2009-12-31": "0.38900", "2008-12-31": "1.07630", "2007-12-31": "2.40320", "2006-12-31": "3.38910", "2005-12-31": "4.63780"}, "ROI - Return On Investment": {"2019-12-31": "22.65520", "2018-12-31": "2.82350", "2017-12-31": "1.88200", "2016-12-31": "3.38120", "2015-12-31": "3.42500", "2014-12-31": "2.48740", "2013-12-31": "-0.01910", "2012-12-31": "2.49110", "2011-12-31": "3.26730", "2010-12-31": "3.95710", "2009-12-31": "0.45300", "2008-12-31": "1.23590", "2007-12-31": "3.12010", "2006-12-31": "3.87430", "2005-12-31": "5.49650"}, "Book Value Per Share": {"2019-12-31": "38.28020", "2018-12-31": "26.80810", "2017-12-31": "26.35850", "2016-12-31": "40.28800", "2015-12-31": "39.64470", "2014-12-31": "39.86110", "2013-12-31": "40.55180", "2012-12-31": "42.32810", "2011-12-31": "40.56870", "2010-12-31": "37.19010", "2009-12-31": "36.69360", "2008-12-31": "40.02070", "2007-12-31": "35.39480", "2006-12-31": "40.70850", "2005-12-31": "37.28940"}, "Operating Cash Flow Per Share": {"2019-12-31": -0.7281, "2018-12-31": -0.3014, "2017-12-31": -0.7352, "2016-12-31": 1.687, "2015-12-31": -2.4713, "2014-12-31": 0.4721, "2013-12-31": 1.1216, "2012-12-31": 0.6466, "2011-12-31": -0.4106, "2010-12-31": 0.5354, "2009-12-31": -1.5204, "2008-12-31": 0.7742, "2007-12-31": -1.0849, "2006-12-31": 0.0742, "2005-12-31": 5.4086}, "Free Cash Flow Per Share": {"2019-12-31": -1.9359, "2018-12-31": -0.4348, "2017-12-31": 1.2131, "2016-12-31": 0.5597, "2015-12-31": -2.2077, "2014-12-31": -0.0039, "2013-12-31": -0.8226, "2012-12-31": 0.0941, "2011-12-31": -0.164, "2010-12-31": 2.8279, "2009-12-31": -0.3495, "2008-12-31": -1.0153, "2007-12-31": -1.5262, "2006-12-31": -1.0591, "2005-12-31": 3.6717}}, "financial ratios, quarterly": {"Current Ratio": {"2020-09-30": "", "2020-06-30": "", "2020-03-31": "", "2019-12-31": "", "2019-09-30": "", "2019-06-30": "", "2019-03-31": "", "2018-12-31": "", "2018-09-30": "", "2018-06-30": "", "2018-03-31": "", "2017-12-31": "", "2017-09-30": "", "2017-06-30": "", "2017-03-31": "", "2016-12-31": "", "2016-09-30": "", "2016-06-30": "", "2016-03-31": "", "2015-12-31": "", "2015-09-30": "", "2015-06-30": "", "2015-03-31": "", "2014-12-31": "", "2014-09-30": "", "2014-06-30": "", "2014-03-31": "", "2013-12-31": "", "2013-09-30": "", "2013-06-30": "", "2013-03-31": "", "2012-12-31": "", "2012-09-30": "", "2012-06-30": "", "2012-03-31": "", "2011-12-31": "", "2011-09-30": "", "2011-06-30": "", "2011-03-31": "", "2010-12-31": "", "2010-09-30": "", "2010-06-30": "", "2010-03-31": "", "2009-12-31": "", "2009-09-30": "", "2009-06-30": "", "2009-03-31": "", "2008-12-31": "", "2008-09-30": "", "2008-06-30": "", "2008-03-31": "", "2007-12-31": "", "2007-09-30": "", "2007-06-30": "", "2007-03-31": "", "2006-12-31": "", "2006-09-30": "", "2006-06-30": "", "2006-03-31": "", "2005-12-31": "", "2005-09-30": "", "2005-06-30": "", "2005-03-31": ""}, "Long-term Debt / Capital": {"2020-09-30": "0.51990", "2020-06-30": "0.53450", "2020-03-31": "0.52190", "2019-12-31": "0.50320", "2019-09-30": "0.49270", "2019-06-30": "0.50100", "2019-03-31": "0.62920", "2018-12-31": "0.65820", "2018-09-30": "0.66030", "2018-06-30": "0.66430", "2018-03-31": "0.66050", "2017-12-31": "0.66020", "2017-09-30": "0.63880", "2017-06-30": "0.58640", "2017-03-31": "0.58390", "2016-12-31": "0.55360", "2016-09-30": "0.61310", "2016-06-30": "0.60120", "2016-03-31": "0.60240", "2015-12-31": "0.59730", "2015-09-30": "0.57340", "2015-06-30": "0.57320", "2015-03-31": "0.57590", "2014-12-31": "0.56000", "2014-09-30": "0.60690", "2014-06-30": "0.60160", "2014-03-31": "0.58270", "2013-12-31": "0.56780", "2013-09-30": "0.56100", "2013-06-30": "0.55860", "2013-03-31": "0.56510", "2012-12-31": "0.58470", "2012-09-30": "0.56060", "2012-06-30": "0.58420", "2012-03-31": "0.57840", "2011-12-31": "0.57300", "2011-09-30": "0.58560", "2011-06-30": "0.58860", "2011-03-31": "0.59470", "2010-12-31": "0.61450", "2010-09-30": "0.63130", "2010-06-30": "0.61650", "2010-03-31": "0.62610", "2009-12-31": "0.61640", "2009-09-30": "0.64620", "2009-06-30": "0.63490", "2009-03-31": "0.65990", "2008-12-31": "0.66680", "2008-09-30": "0.65990", "2008-06-30": "0.65810", "2008-03-31": "0.65600", "2007-12-31": "0.68710", "2007-09-30": "0.66960", "2007-06-30": "0.66930", "2007-03-31": "0.65190", "2006-12-31": "0.60840", "2006-09-30": "0.58040", "2006-06-30": "0.57410", "2006-03-31": "0.56590", "2005-12-31": "0.54260", "2005-09-30": "0.51590", "2005-06-30": "0.56560", "2005-03-31": "0.57540"}, "Debt/Equity Ratio": {"2020-09-30": "1.08300", "2020-06-30": "1.14820", "2020-03-31": "1.09150", "2019-12-31": "1.01310", "2019-09-30": "0.97110", "2019-06-30": "1.00420", "2019-03-31": "1.69710", "2018-12-31": "1.92580", "2018-09-30": "1.94390", "2018-06-30": "1.97860", "2018-03-31": "1.94520", "2017-12-31": "1.94290", "2017-09-30": "1.76860", "2017-06-30": "1.41770", "2017-03-31": "1.40350", "2016-12-31": "1.24000", "2016-09-30": "1.58440", "2016-06-30": "1.50780", "2016-03-31": "1.51510", "2015-12-31": "1.48350", "2015-09-30": "1.34420", "2015-06-30": "1.34280", "2015-03-31": "1.35780", "2014-12-31": "1.27250", "2014-09-30": "1.54370", "2014-06-30": "1.50990", "2014-03-31": "1.39620", "2013-12-31": "1.31390", "2013-09-30": "1.27770", "2013-06-30": "1.26560", "2013-03-31": "1.29930", "2012-12-31": "1.40780", "2012-09-30": "1.27590", "2012-06-30": "1.40480", "2012-03-31": "1.37190", "2011-12-31": "1.34200", "2011-09-30": "1.41340", "2011-06-30": "1.43060", "2011-03-31": "1.46740", "2010-12-31": "1.59430", "2010-09-30": "1.71250", "2010-06-30": "1.60720", "2010-03-31": "1.67420", "2009-12-31": "1.60700", "2009-09-30": "1.82670", "2009-06-30": "1.73900", "2009-03-31": "1.94060", "2008-12-31": "2.00140", "2008-09-30": "1.94040", "2008-06-30": "1.92470", "2008-03-31": "1.90660", "2007-12-31": "2.19560", "2007-09-30": "2.02640", "2007-06-30": "2.02430", "2007-03-31": "1.87280", "2006-12-31": "1.55340", "2006-09-30": "1.38330", "2006-06-30": "1.34800", "2006-03-31": "1.30340", "2005-12-31": "1.18610", "2005-09-30": "1.06570", "2005-06-30": "1.30190", "2005-03-31": "1.35540"}, "Gross Margin": {"2020-09-30": "", "2020-06-30": "", "2020-03-31": "", "2019-12-31": "", "2019-09-30": "", "2019-06-30": "", "2019-03-31": "", "2018-12-31": "", "2018-09-30": "", "2018-06-30": "", "2018-03-31": "", "2017-12-31": "", "2017-09-30": "", "2017-06-30": "", "2017-03-31": "", "2016-12-31": "", "2016-09-30": "", "2016-06-30": "", "2016-03-31": "", "2015-12-31": "", "2015-09-30": "", "2015-06-30": "", "2015-03-31": "", "2014-12-31": "", "2014-09-30": "", "2014-06-30": "", "2014-03-31": "", "2013-12-31": "", "2013-09-30": "", "2013-06-30": "", "2013-03-31": "", "2012-12-31": "", "2012-09-30": "", "2012-06-30": "", "2012-03-31": "", "2011-12-31": "", "2011-09-30": "", "2011-06-30": "", "2011-03-31": "", "2010-12-31": "", "2010-09-30": "", "2010-06-30": "", "2010-03-31": "", "2009-12-31": "", "2009-09-30": "", "2009-06-30": "", "2009-03-31": "", "2008-12-31": "", "2008-09-30": "", "2008-06-30": "", "2008-03-31": "", "2007-12-31": "", "2007-09-30": "", "2007-06-30": "", "2007-03-31": "", "2006-12-31": "", "2006-09-30": "", "2006-06-30": "", "2006-03-31": "", "2005-12-31": "", "2005-09-30": "", "2005-06-30": "", "2005-03-31": ""}, "Operating Margin": {"2020-09-30": "6.58640", "2020-06-30": "30.21550", "2020-03-31": "18.01270", "2019-12-31": "21.07870", "2019-09-30": "23.04440", "2019-06-30": "-2.69080", "2019-03-31": "20.09880", "2018-12-31": "24.93100", "2018-09-30": "28.95610", "2018-06-30": "28.87870", "2018-03-31": "24.99010", "2017-12-31": "29.98610", "2017-09-30": "30.68250", "2017-06-30": "30.09470", "2017-03-31": "25.94450", "2016-12-31": "91.96480", "2016-09-30": "29.52960", "2016-06-30": "30.04850", "2016-03-31": "-0.04570", "2015-12-31": "49.60280", "2015-09-30": "30.50370", "2015-06-30": "31.38000", "2015-03-31": "27.63900", "2014-12-31": "29.01880", "2014-09-30": "31.47330", "2014-06-30": "32.94990", "2014-03-31": "25.82610", "2013-12-31": "-8.59750", "2013-09-30": "35.10540", "2013-06-30": "31.29570", "2013-03-31": "34.82530", "2012-12-31": "23.94760", "2012-09-30": "28.35380", "2012-06-30": "29.91230", "2012-03-31": "27.22760", "2011-12-31": "28.61290", "2011-09-30": "31.43950", "2011-06-30": "33.24190", "2011-03-31": "26.85360", "2010-12-31": "13.85370", "2010-09-30": "32.58770", "2010-06-30": "34.70770", "2010-03-31": "33.29830", "2009-12-31": "23.95150", "2009-09-30": "33.23510", "2009-06-30": "32.31880", "2009-03-31": "27.84500", "2008-12-31": "21.33260", "2008-09-30": "30.90060", "2008-06-30": "35.00300", "2008-03-31": "31.68930", "2007-12-31": "34.41890", "2007-09-30": "33.15070", "2007-06-30": "33.51240", "2007-03-31": "34.53840", "2006-12-31": "-162.05300", "2006-09-30": "25.95990", "2006-06-30": "29.04630", "2006-03-31": "27.69080", "2005-12-31": "27.29740", "2005-09-30": "26.22870", "2005-06-30": "30.43490", "2005-03-31": "30.48090"}, "EBIT Margin": {"2020-09-30": "6.58640", "2020-06-30": "30.21550", "2020-03-31": "18.01270", "2019-12-31": "21.07870", "2019-09-30": "23.04440", "2019-06-30": "-2.69080", "2019-03-31": "20.09880", "2018-12-31": "24.93090", "2018-09-30": "28.95610", "2018-06-30": "28.87870", "2018-03-31": "24.99010", "2017-12-31": "29.98610", "2017-09-30": "30.68250", "2017-06-30": "30.09470", "2017-03-31": "25.94450", "2016-12-31": "91.96480", "2016-09-30": "29.52960", "2016-06-30": "30.04850", "2016-03-31": "-0.04570", "2015-12-31": "49.60280", "2015-09-30": "30.50370", "2015-06-30": "31.38000", "2015-03-31": "27.63900", "2014-12-31": "29.01880", "2014-09-30": "31.47330", "2014-06-30": "32.94990", "2014-03-31": "25.82610", "2013-12-31": "-8.59750", "2013-09-30": "35.10540", "2013-06-30": "31.29570", "2013-03-31": "34.82530", "2012-12-31": "23.94760", "2012-09-30": "28.35380", "2012-06-30": "29.91230", "2012-03-31": "27.22760", "2011-12-31": "28.61290", "2011-09-30": "31.43950", "2011-06-30": "33.24190", "2011-03-31": "26.85360", "2010-12-31": "13.85370", "2010-09-30": "32.58770", "2010-06-30": "34.70770", "2010-03-31": "33.29830", "2009-12-31": "23.95150", "2009-09-30": "33.23510", "2009-06-30": "32.31880", "2009-03-31": "27.84500", "2008-12-31": "21.33260", "2008-09-30": "30.90060", "2008-06-30": "35.00300", "2008-03-31": "31.68930", "2007-12-31": "34.41890", "2007-09-30": "33.15070", "2007-06-30": "33.51240", "2007-03-31": "34.53840", "2006-12-31": "-162.05300", "2006-09-30": "25.95990", "2006-06-30": "29.04630", "2006-03-31": "27.69080", "2005-12-31": "27.29740", "2005-09-30": "26.22870", "2005-06-30": "30.43490", "2005-03-31": "30.48090"}, "EBITDA Margin": {"2020-09-30": "", "2020-06-30": "", "2020-03-31": "", "2019-12-31": "", "2019-09-30": "", "2019-06-30": "", "2019-03-31": "", "2018-12-31": "", "2018-09-30": "", "2018-06-30": "", "2018-03-31": "", "2017-12-31": "", "2017-09-30": "", "2017-06-30": "", "2017-03-31": "", "2016-12-31": "", "2016-09-30": "", "2016-06-30": "", "2016-03-31": "", "2015-12-31": "", "2015-09-30": "", "2015-06-30": "", "2015-03-31": "", "2014-12-31": "", "2014-09-30": "", "2014-06-30": "", "2014-03-31": "", "2013-12-31": "", "2013-09-30": "", "2013-06-30": "", "2013-03-31": "", "2012-12-31": "", "2012-09-30": "", "2012-06-30": "", "2012-03-31": "", "2011-12-31": "", "2011-09-30": "", "2011-06-30": "", "2011-03-31": "", "2010-12-31": "", "2010-09-30": "", "2010-06-30": "", "2010-03-31": "", "2009-12-31": "", "2009-09-30": "", "2009-06-30": "", "2009-03-31": "", "2008-12-31": "", "2008-09-30": "", "2008-06-30": "", "2008-03-31": "", "2007-12-31": "", "2007-09-30": "", "2007-06-30": "", "2007-03-31": "", "2006-12-31": "", "2006-09-30": "", "2006-06-30": "", "2006-03-31": "", "2005-12-31": "", "2005-09-30": "", "2005-06-30": "", "2005-03-31": ""}, "Pre-Tax Profit Margin": {"2020-09-30": "25.41940", "2020-06-30": "-62.82760", "2020-03-31": "-20.62620", "2019-12-31": "39.81140", "2019-09-30": "83.21340", "2019-06-30": "566.51480", "2019-03-31": "45.43460", "2018-12-31": "23.96560", "2018-09-30": "40.77940", "2018-06-30": "19.40170", "2018-03-31": "0.59630", "2017-12-31": "17.19870", "2017-09-30": "7.25550", "2017-06-30": "25.19400", "2017-03-31": "11.88450", "2016-12-31": "122.56540", "2016-09-30": "15.92970", "2016-06-30": "43.10960", "2016-03-31": "-14.59830", "2015-12-31": "81.25870", "2015-09-30": "32.44650", "2015-06-30": "20.71950", "2015-03-31": "18.13410", "2014-12-31": "18.48960", "2014-09-30": "15.49670", "2014-06-30": "24.72520", "2014-03-31": "16.09960", "2013-12-31": "-133.77750", "2013-09-30": "16.47190", "2013-06-30": "17.26810", "2013-03-31": "11.58150", "2012-12-31": "18.35670", "2012-09-30": "15.46500", "2012-06-30": "7.05590", "2012-03-31": "32.23310", "2011-12-31": "15.69660", "2011-09-30": "9.41150", "2011-06-30": "18.13710", "2011-03-31": "43.27750", "2010-12-31": "52.72000", "2010-09-30": "18.22780", "2010-06-30": "12.55230", "2010-03-31": "36.14310", "2009-12-31": "-22.03010", "2009-09-30": "17.54870", "2009-06-30": "-5.68140", "2009-03-31": "23.41530", "2008-12-31": "-36.64310", "2008-09-30": "7.09170", "2008-06-30": "13.70070", "2008-03-31": "18.53400", "2007-12-31": "7.00650", "2007-09-30": "19.49020", "2007-06-30": "32.51280", "2007-03-31": "35.45960", "2006-12-31": "-176.79790", "2006-09-30": "21.83270", "2006-06-30": "25.63270", "2006-03-31": "23.72770", "2005-12-31": "21.06160", "2005-09-30": "10.53430", "2005-06-30": "31.47250", "2005-03-31": "40.81240"}, "Net Profit Margin": {"2020-09-30": "14.60870", "2020-06-30": "-57.64870", "2020-03-31": "1.11650", "2019-12-31": "41.91550", "2019-09-30": "69.29890", "2019-06-30": "518.28540", "2019-03-31": "33.94410", "2018-12-31": "18.49300", "2018-09-30": "35.17120", "2018-06-30": "20.58510", "2018-03-31": "-3.32580", "2017-12-31": "5.09470", "2017-09-30": "-5.48950", "2017-06-30": "22.69120", "2017-03-31": "9.39890", "2016-12-31": "244.58050", "2016-09-30": "13.15260", "2016-06-30": "35.46090", "2016-03-31": "-18.62250", "2015-12-31": "171.16230", "2015-09-30": "31.68760", "2015-06-30": "26.87880", "2015-03-31": "13.94080", "2014-12-31": "85.96810", "2014-09-30": "22.66400", "2014-06-30": "13.34270", "2014-03-31": "11.08660", "2013-12-31": "-28.67210", "2013-09-30": "12.40750", "2013-06-30": "21.74050", "2013-03-31": "32.27850", "2012-12-31": "10.45730", "2012-09-30": "33.05490", "2012-06-30": "3.02520", "2012-03-31": "34.92540", "2011-12-31": "11.76470", "2011-09-30": "5.97320", "2011-06-30": "13.19830", "2011-03-31": "54.91520", "2010-12-31": "48.51820", "2010-09-30": "13.85370", "2010-06-30": "8.45630", "2010-03-31": "29.22530", "2009-12-31": "-23.92220", "2009-09-30": "18.82370", "2009-06-30": "-7.70330", "2009-03-31": "18.54510", "2008-12-31": "-35.41820", "2008-09-30": "3.36300", "2008-06-30": "17.32860", "2008-03-31": "59.99900", "2007-12-31": "9.79740", "2007-09-30": "18.29380", "2007-06-30": "25.99790", "2007-03-31": "28.46370", "2006-12-31": "-136.56350", "2006-09-30": "16.81120", "2006-06-30": "22.43710", "2006-03-31": "20.82460", "2005-12-31": "15.58040", "2005-09-30": "4.16600", "2005-06-30": "29.19770", "2005-03-31": "31.43880"}, "Asset Turnover": {"2020-09-30": "0.02070", "2020-06-30": "0.01900", "2020-03-31": "0.02440", "2019-12-31": "0.02520", "2019-09-30": "0.02560", "2019-06-30": "0.02590", "2019-03-31": "0.03030", "2018-12-31": "0.03160", "2018-09-30": "0.03250", "2018-06-30": "0.03210", "2018-03-31": "0.03180", "2017-12-31": "0.03080", "2017-09-30": "0.03140", "2017-06-30": "0.02450", "2017-03-31": "0.02450", "2016-12-31": "0.01280", "2016-09-30": "0.02410", "2016-06-30": "0.02950", "2016-03-31": "0.02940", "2015-12-31": "0.00640", "2015-09-30": "0.03140", "2015-06-30": "0.03150", "2015-03-31": "0.03150", "2014-12-31": "0.02820", "2014-09-30": "0.02760", "2014-06-30": "0.02770", "2014-03-31": "0.02760", "2013-12-31": "0.01200", "2013-09-30": "0.03300", "2013-06-30": "0.03300", "2013-03-31": "0.03400", "2012-12-31": "0.02710", "2012-09-30": "0.03450", "2012-06-30": "0.03390", "2012-03-31": "0.03300", "2011-12-31": "0.02900", "2011-09-30": "0.03410", "2011-06-30": "0.03390", "2011-03-31": "0.03550", "2010-12-31": "0.02450", "2010-09-30": "0.03330", "2010-06-30": "0.03440", "2010-03-31": "0.03360", "2009-12-31": "0.03130", "2009-09-30": "0.03000", "2009-06-30": "0.03090", "2009-03-31": "0.03130", "2008-12-31": "0.02990", "2008-09-30": "0.03150", "2008-06-30": "0.03140", "2008-03-31": "0.03020", "2007-12-31": "0.02890", "2007-09-30": "0.02860", "2007-06-30": "0.02630", "2007-03-31": "0.02650", "2006-12-31": "-0.00430", "2006-09-30": "0.04550", "2006-06-30": "0.04550", "2006-03-31": "0.04520", "2005-12-31": "0.04980", "2005-09-30": "0.04970", "2005-06-30": "0.04750", "2005-03-31": "0.04940"}, "Inventory Turnover Ratio": {"2020-09-30": "", "2020-06-30": "", "2020-03-31": "", "2019-12-31": "", "2019-09-30": "", "2019-06-30": "", "2019-03-31": "", "2018-12-31": "", "2018-09-30": "", "2018-06-30": "", "2018-03-31": "", "2017-12-31": "", "2017-09-30": "", "2017-06-30": "", "2017-03-31": "", "2016-12-31": "", "2016-09-30": "", "2016-06-30": "", "2016-03-31": "", "2015-12-31": "", "2015-09-30": "", "2015-06-30": "", "2015-03-31": "", "2014-12-31": "", "2014-09-30": "", "2014-06-30": "", "2014-03-31": "", "2013-12-31": "", "2013-09-30": "", "2013-06-30": "", "2013-03-31": "", "2012-12-31": "", "2012-09-30": "", "2012-06-30": "", "2012-03-31": "", "2011-12-31": "", "2011-09-30": "", "2011-06-30": "", "2011-03-31": "", "2010-12-31": "", "2010-09-30": "", "2010-06-30": "", "2010-03-31": "", "2009-12-31": "", "2009-09-30": "", "2009-06-30": "", "2009-03-31": "", "2008-12-31": "", "2008-09-30": "", "2008-06-30": "", "2008-03-31": "", "2007-12-31": "", "2007-09-30": "", "2007-06-30": "", "2007-03-31": "", "2006-12-31": "", "2006-09-30": "", "2006-06-30": "", "2006-03-31": "", "2005-12-31": "", "2005-09-30": "", "2005-06-30": "", "2005-03-31": ""}, "Receiveable Turnover": {"2020-09-30": "", "2020-06-30": "", "2020-03-31": "", "2019-12-31": "", "2019-09-30": "", "2019-06-30": "", "2019-03-31": "", "2018-12-31": "", "2018-09-30": "", "2018-06-30": "", "2018-03-31": "", "2017-12-31": "", "2017-09-30": "", "2017-06-30": "", "2017-03-31": "", "2016-12-31": "", "2016-09-30": "", "2016-06-30": "", "2016-03-31": "", "2015-12-31": "", "2015-09-30": "", "2015-06-30": "", "2015-03-31": "", "2014-12-31": "", "2014-09-30": "", "2014-06-30": "", "2014-03-31": "", "2013-12-31": "", "2013-09-30": "", "2013-06-30": "", "2013-03-31": "", "2012-12-31": "", "2012-09-30": "", "2012-06-30": "", "2012-03-31": "", "2011-12-31": "", "2011-09-30": "", "2011-06-30": "", "2011-03-31": "", "2010-12-31": "", "2010-09-30": "", "2010-06-30": "", "2010-03-31": "", "2009-12-31": "", "2009-09-30": "", "2009-06-30": "", "2009-03-31": "", "2008-12-31": "", "2008-09-30": "", "2008-06-30": "", "2008-03-31": "", "2007-12-31": "", "2007-09-30": "", "2007-06-30": "", "2007-03-31": "", "2006-12-31": "", "2006-09-30": "", "2006-06-30": "", "2006-03-31": "", "2005-12-31": "", "2005-09-30": "", "2005-06-30": "", "2005-03-31": ""}, "Days Sales In Receivables": {"2020-09-30": "", "2020-06-30": "", "2020-03-31": "", "2019-12-31": "", "2019-09-30": "", "2019-06-30": "", "2019-03-31": "", "2018-12-31": "", "2018-09-30": "", "2018-06-30": "", "2018-03-31": "", "2017-12-31": "", "2017-09-30": "", "2017-06-30": "", "2017-03-31": "", "2016-12-31": "", "2016-09-30": "", "2016-06-30": "", "2016-03-31": "", "2015-12-31": "", "2015-09-30": "", "2015-06-30": "", "2015-03-31": "", "2014-12-31": "", "2014-09-30": "", "2014-06-30": "", "2014-03-31": "", "2013-12-31": "", "2013-09-30": "", "2013-06-30": "", "2013-03-31": "", "2012-12-31": "", "2012-09-30": "", "2012-06-30": "", "2012-03-31": "", "2011-12-31": "", "2011-09-30": "", "2011-06-30": "", "2011-03-31": "", "2010-12-31": "", "2010-09-30": "", "2010-06-30": "", "2010-03-31": "", "2009-12-31": "", "2009-09-30": "", "2009-06-30": "", "2009-03-31": "", "2008-12-31": "", "2008-09-30": "", "2008-06-30": "", "2008-03-31": "", "2007-12-31": "", "2007-09-30": "", "2007-06-30": "", "2007-03-31": "", "2006-12-31": "", "2006-09-30": "", "2006-06-30": "", "2006-03-31": "", "2005-12-31": "", "2005-09-30": "", "2005-06-30": "", "2005-03-31": ""}, "ROE - Return On Equity": {"2020-09-30": "1.14660", "2020-06-30": "-3.59990", "2020-03-31": "-1.63230", "2019-12-31": "2.50200", "2019-09-30": "5.33590", "2019-06-30": "39.31380", "2019-03-31": "5.07620", "2018-12-31": "2.31380", "2018-09-30": "5.28440", "2018-06-30": "2.58260", "2018-03-31": "0.01560", "2017-12-31": "1.27020", "2017-09-30": "0.87480", "2017-06-30": "1.95840", "2017-03-31": "0.89700", "2016-12-31": "4.98300", "2016-09-30": "1.25230", "2016-06-30": "4.38020", "2016-03-31": "-1.53300", "2015-12-31": "1.77950", "2015-09-30": "3.25540", "2015-06-30": "3.57920", "2015-03-31": "1.89130", "2014-12-31": "1.73670", "2014-09-30": "1.46320", "2014-06-30": "2.34310", "2014-03-31": "1.46260", "2013-12-31": "-4.85190", "2013-09-30": "1.64830", "2013-06-30": "1.70130", "2013-03-31": "1.21850", "2012-12-31": "1.78770", "2012-09-30": "1.63870", "2012-06-30": "0.64550", "2012-03-31": "3.21970", "2011-12-31": "1.35640", "2011-09-30": "0.91120", "2011-06-30": "1.89320", "2011-03-31": "4.76940", "2010-12-31": "4.27290", "2010-09-30": "2.10020", "2010-06-30": "1.39100", "2010-03-31": "4.17380", "2009-12-31": "-2.47360", "2009-09-30": "1.83140", "2009-06-30": "-0.69440", "2009-03-31": "2.68150", "2008-12-31": "-4.40240", "2008-09-30": "0.78220", "2008-06-30": "1.58340", "2008-03-31": "6.07530", "2007-12-31": "1.23520", "2007-09-30": "1.97550", "2007-06-30": "3.47430", "2007-03-31": "3.52860", "2006-12-31": "3.03570", "2006-09-30": "3.26490", "2006-06-30": "3.27220", "2006-03-31": "3.41950", "2005-12-31": "3.00720", "2005-09-30": "1.50330", "2005-06-30": "4.98740", "2005-03-31": "6.76540"}, "Return On Tangible Equity": {"2020-09-30": "1.00200", "2020-06-30": "-3.14950", "2020-03-31": "-1.43860", "2019-12-31": "2.20630", "2019-09-30": "4.73800", "2019-06-30": "34.79030", "2019-03-31": "4.21580", "2018-12-31": "1.96260", "2018-09-30": "4.47370", "2018-06-30": "2.18160", "2018-03-31": "0.01320", "2017-12-31": "1.07820", "2017-09-30": "0.72590", "2017-06-30": "1.73240", "2017-03-31": "0.79310", "2016-12-31": "4.41390", "2016-09-30": "1.09970", "2016-06-30": "3.72550", "2016-03-31": "-1.30380", "2015-12-31": "1.52190", "2015-09-30": "2.78750", "2015-06-30": "3.05640", "2015-03-31": "1.60060", "2014-12-31": "1.48520", "2014-09-30": "1.25320", "2014-06-30": "2.00820", "2014-03-31": "1.26150", "2013-12-31": "-4.20620", "2013-09-30": "1.42960", "2013-06-30": "1.48100", "2013-03-31": "1.07730", "2012-12-31": "1.59080", "2012-09-30": "1.42160", "2012-06-30": "0.57600", "2012-03-31": "2.89920", "2011-12-31": "1.21850", "2011-09-30": "0.82210", "2011-06-30": "1.71060", "2011-03-31": "4.45910", "2010-12-31": "3.98500", "2010-09-30": "1.96310", "2010-06-30": "1.21850", "2010-03-31": "3.65490", "2009-12-31": "-2.32060", "2009-09-30": "1.61490", "2009-06-30": "-0.61410", "2009-03-31": "2.34480", "2008-12-31": "-3.81880", "2008-09-30": "0.67970", "2008-06-30": "1.37790", "2008-03-31": "5.29080", "2007-12-31": "1.04710", "2007-09-30": "1.71280", "2007-06-30": "3.01270", "2007-03-31": "3.05970", "2006-12-31": "2.62670", "2006-09-30": "2.75800", "2006-06-30": "2.75920", "2006-03-31": "2.88420", "2005-12-31": "2.53040", "2005-09-30": "1.26910", "2005-06-30": "4.32670", "2005-03-31": "5.99150"}, "ROA - Return On Assets": {"2020-09-30": "0.39140", "2020-06-30": "-1.20470", "2020-03-31": "-0.57390", "2019-12-31": "0.87830", "2019-09-30": "1.99740", "2019-06-30": "14.49510", "2019-03-31": "1.20860", "2018-12-31": "0.56790", "2018-09-30": "1.31370", "2018-06-30": "0.62050", "2018-03-31": "0.00380", "2017-12-31": "0.30050", "2017-09-30": "0.22070", "2017-06-30": "0.61930", "2017-03-31": "0.28230", "2016-12-31": "1.57530", "2016-09-30": "0.36210", "2016-06-30": "1.26180", "2016-03-31": "-0.44230", "2015-12-31": "0.52170", "2015-09-30": "1.00530", "2015-06-30": "1.10160", "2015-03-31": "0.56630", "2014-12-31": "0.50990", "2014-09-30": "0.41440", "2014-06-30": "0.66910", "2014-03-31": "0.44030", "2013-12-31": "-1.52520", "2013-09-30": "0.53250", "2013-06-30": "0.55590", "2013-03-31": "0.38890", "2012-12-31": "0.53990", "2012-09-30": "0.51830", "2012-06-30": "0.20180", "2012-03-31": "1.03060", "2011-12-31": "0.43030", "2011-09-30": "0.28620", "2011-06-30": "0.58720", "2011-03-31": "1.50390", "2010-12-31": "1.25940", "2010-09-30": "0.58060", "2010-06-30": "0.40670", "2010-03-31": "1.18570", "2009-12-31": "-0.71390", "2009-09-30": "0.50350", "2009-06-30": "-0.20030", "2009-03-31": "0.71060", "2008-12-31": "-1.10810", "2008-09-30": "0.19910", "2008-06-30": "0.40680", "2008-03-31": "1.57160", "2007-12-31": "0.25240", "2007-09-30": "0.47770", "2007-06-30": "0.84520", "2007-03-31": "0.93850", "2006-12-31": "0.89990", "2006-09-30": "0.98990", "2006-06-30": "1.00580", "2006-03-31": "1.06990", "2005-12-31": "0.97670", "2005-09-30": "0.51750", "2005-06-30": "1.50550", "2005-03-31": "2.02190"}, "ROI - Return On Investment": {"2020-09-30": "0.47920", "2020-06-30": "-1.46020", "2020-03-31": "-0.68510", "2019-12-31": "1.09140", "2019-09-30": "2.39420", "2019-06-30": "17.28350", "2019-03-31": "1.55260", "2018-12-31": "0.65280", "2018-09-30": "1.47740", "2018-06-30": "0.71070", "2018-03-31": "0.00440", "2017-12-31": "0.35470", "2017-09-30": "0.25390", "2017-06-30": "0.70000", "2017-03-31": "0.32200", "2016-12-31": "1.92150", "2016-09-30": "0.41340", "2016-06-30": "1.44310", "2016-03-31": "-0.50290", "2015-12-31": "0.59410", "2015-09-30": "1.15050", "2015-06-30": "1.26070", "2015-03-31": "0.65670", "2014-12-31": "0.63390", "2014-09-30": "0.47350", "2014-06-30": "0.76790", "2014-03-31": "0.50520", "2013-12-31": "-1.74420", "2013-09-30": "0.60560", "2013-06-30": "0.62980", "2013-03-31": "0.44550", "2012-12-31": "0.62600", "2012-09-30": "0.60410", "2012-06-30": "0.23070", "2012-03-31": "1.17280", "2011-12-31": "0.50030", "2011-09-30": "0.32520", "2011-06-30": "0.67350", "2011-03-31": "1.72400", "2010-12-31": "1.45820", "2010-09-30": "0.68080", "2010-06-30": "0.46730", "2010-03-31": "1.36670", "2009-12-31": "-0.83130", "2009-09-30": "0.57130", "2009-06-30": "-0.22420", "2009-03-31": "0.79740", "2008-12-31": "-1.27240", "2008-09-30": "0.23110", "2008-06-30": "0.47110", "2008-03-31": "1.82020", "2007-12-31": "0.32770", "2007-09-30": "0.56600", "2007-06-30": "0.99620", "2007-03-31": "1.06510", "2006-12-31": "1.02870", "2006-09-30": "1.15720", "2006-06-30": "1.17510", "2006-03-31": "1.25220", "2005-12-31": "1.15750", "2005-09-30": "0.61440", "2005-06-30": "1.87960", "2005-03-31": "2.54370"}, "Book Value Per Share": {"2020-09-30": "36.00150", "2020-06-30": "36.24840", "2020-03-31": "38.16120", "2019-12-31": "38.28020", "2019-09-30": "40.39960", "2019-06-30": "39.28530", "2019-03-31": "26.68730", "2018-12-31": "26.80810", "2018-09-30": "26.47340", "2018-06-30": "25.98630", "2018-03-31": "26.42320", "2017-12-31": "26.35850", "2017-09-30": "27.84720", "2017-06-30": "40.34640", "2017-03-31": "39.94510", "2016-12-31": "40.28800", "2016-09-30": "37.40320", "2016-06-30": "38.91190", "2016-03-31": "38.66880", "2015-12-31": "39.64470", "2015-09-30": "39.48480", "2015-06-30": "38.75560", "2015-03-31": "37.41190", "2014-12-31": "39.86110", "2014-09-30": "38.48470", "2014-06-30": "38.35750", "2014-03-31": "39.53500", "2013-12-31": "40.55180", "2013-09-30": "41.84930", "2013-06-30": "42.36150", "2013-03-31": "42.90590", "2012-12-31": "42.32810", "2012-09-30": "41.30620", "2012-06-30": "39.14440", "2012-03-31": "40.45170", "2011-12-31": "40.56870", "2011-09-30": "39.90860", "2011-06-30": "39.94800", "2011-03-31": "39.32290", "2010-12-31": "37.19010", "2010-09-30": "35.51620", "2010-06-30": "36.41950", "2010-03-31": "36.41490", "2009-12-31": "36.69360", "2009-09-30": "38.81320", "2009-06-30": "39.88630", "2009-03-31": "41.45100", "2008-12-31": "40.02070", "2008-09-30": "40.70240", "2008-06-30": "41.25550", "2008-03-31": "41.55120", "2007-12-31": "35.39480", "2007-09-30": "40.76050", "2007-06-30": "40.85870", "2007-03-31": "40.90310", "2006-12-31": "40.70850", "2006-09-30": "37.57180", "2006-06-30": "37.44060", "2006-03-31": "37.54750", "2005-12-31": "37.28940", "2005-09-30": "38.16210", "2005-06-30": "33.09020", "2005-03-31": "31.38820"}, "Operating Cash Flow Per Share": {"2020-09-30": -0.3999, "2020-06-30": 1.1317, "2020-03-31": "0.26920", "2019-12-31": 1.3844, "2019-09-30": 0.5506, "2019-06-30": 1.1971, "2019-03-31": "0.33570", "2018-12-31": 1.6451, "2018-09-30": 1.2888, "2018-06-30": -0.1343, "2018-03-31": "1.39630", "2017-12-31": 1.0305, "2017-09-30": 1.8064, "2017-06-30": 0.0778, "2017-03-31": "1.58260", "2016-12-31": 2.2206, "2016-09-30": 1.333, "2016-06-30": 0.2396, "2016-03-31": "1.43930", "2015-12-31": 1.206, "2015-09-30": 1.3658, "2015-06-30": -0.0537, "2015-03-31": "1.02740", "2014-12-31": 1.6285, "2014-09-30": 2.015, "2014-06-30": 0.7311, "2014-03-31": "1.64220", "2013-12-31": 1.3386, "2013-09-30": 1.8366, "2013-06-30": 0.1569, "2013-03-31": "2.21260", "2012-12-31": 1.6873, "2012-09-30": 1.3198, "2012-06-30": -0.1844, "2012-03-31": "1.60040", "2011-12-31": 0.7309, "2011-09-30": 1.6486, "2011-06-30": 0.3731, "2011-03-31": "1.02390", "2010-12-31": 0.9579, "2010-09-30": 0.3303, "2010-06-30": 1.3287, "2010-03-31": "1.57020", "2009-12-31": 0.947, "2009-09-30": 0.4926, "2009-06-30": 1.1312, "2009-03-31": "1.08090", "2008-12-31": 1.2334, "2008-09-30": 1.1615, "2008-06-30": 1.4445, "2008-03-31": "1.33270", "2007-12-31": 1.325, "2007-09-30": 1.2497, "2007-06-30": 1.3277, "2007-03-31": "0.49550", "2006-12-31": 2.2393, "2006-09-30": 0.9242, "2006-06-30": 1.0407, "2006-03-31": "1.27860", "2005-12-31": 1.912, "2005-09-30": 1.2527, "2005-06-30": 1.2535, "2005-03-31": "0.99040"}, "Free Cash Flow Per Share": {"2020-09-30": -1.218, "2020-06-30": 0.1612, "2020-03-31": "-0.87720", "2019-12-31": 0.1033, "2019-09-30": -0.6448, "2019-06-30": 0.0955, "2019-03-31": "-0.70650", "2018-12-31": 0.5203, "2018-09-30": 0.5617, "2018-06-30": -0.9527, "2018-03-31": "0.65410", "2017-12-31": 0.2795, "2017-09-30": 1.0147, "2017-06-30": -0.7888, "2017-03-31": "0.71280", "2016-12-31": 0.6165, "2016-09-30": 0.0662, "2016-06-30": -1.0328, "2016-03-31": "0.35520", "2015-12-31": -0.0065, "2015-09-30": 0.2635, "2015-06-30": -1.0862, "2015-03-31": "0.27460", "2014-12-31": 0.126, "2014-09-30": 0.8489, "2014-06-30": -0.2003, "2014-03-31": "0.87850", "2013-12-31": -0.8475, "2013-09-30": 1.193, "2013-06-30": -0.4063, "2013-03-31": "1.71780", "2012-12-31": 1.0541, "2012-09-30": 0.7685, "2012-06-30": -0.6064, "2012-03-31": "1.26340", "2011-12-31": 0.2148, "2011-09-30": 1.4153, "2011-06-30": -0.053, "2011-03-31": "0.80840", "2010-12-31": 0.3284, "2010-09-30": 0.0705, "2010-06-30": 0.9502, "2010-03-31": "1.20040", "2009-12-31": -0.051, "2009-09-30": -0.3881, "2009-06-30": 0.1711, "2009-03-31": "-0.01040", "2008-12-31": -0.3864, "2008-09-30": -0.1705, "2008-06-30": 0.2428, "2008-03-31": "0.38520", "2007-12-31": 0.1617, "2007-09-30": 0.4192, "2007-06-30": 0.5444, "2007-03-31": "-0.03890", "2006-12-31": 1.3398, "2006-09-30": 0.2647, "2006-06-30": 0.3981, "2006-03-31": "0.61000", "2005-12-31": 1.4138, "2005-09-30": 0.6413, "2005-06-30": 0.8785, "2005-03-31": "0.73810"}}, "revenue": {"Vornado Realty Trust Annual Revenue (Millions of US $)": {"2019": "$1,925", "2018": "$2,164", "2017": "$2,084", "2016": "$2,004", "2015": "$1,985", "2014": "$2,313", "2013": "$2,299", "2012": "$2,649", "2011": "$2,703", "2010": "$2,558", "2009": "$2,656", "2008": "$2,640", "2007": "$2,405", "2006": "$1,909", "2005": "$2,520"}, "Vornado Realty Trust Quarterly Revenue (Millions of US $)": {"2020-09-30": "$364", "2020-06-30": "$343", "2020-03-31": "$445", "2019-12-31": "$461", "2019-09-30": "$466", "2019-06-30": "$463", "2019-03-31": "$535", "2018-12-31": "$543", "2018-09-30": "$542", "2018-06-30": "$542", "2018-03-31": "$536", "2017-12-31": "$536", "2017-09-30": "$529", "2017-06-30": "$511", "2017-03-31": "$508", "2016-12-31": "$266", "2016-09-30": "$503", "2016-06-30": "$622", "2016-03-31": "$613", "2015-12-31": "$135", "2015-09-30": "$628", "2015-06-30": "$616", "2015-03-31": "$607", "2014-12-31": "$597", "2014-09-30": "$579", "2014-06-30": "$574", "2014-03-31": "$562", "2013-12-31": "$240", "2013-09-30": "$669", "2013-06-30": "$671", "2013-03-31": "$719", "2012-12-31": "$599", "2012-09-30": "$703", "2012-06-30": "$678", "2012-03-31": "$669", "2011-12-31": "$592", "2011-09-30": "$688", "2011-06-30": "$696", "2011-03-31": "$727", "2010-12-31": "$502", "2010-09-30": "$687", "2010-06-30": "$684", "2010-03-31": "$685", "2009-12-31": "$632", "2009-09-30": "$671", "2009-06-30": "$674", "2009-03-31": "$679", "2008-12-31": "$641", "2008-09-30": "$676", "2008-06-30": "$674", "2008-03-31": "$649", "2007-12-31": "$649", "2007-09-30": "$637", "2007-06-30": "$583", "2007-03-31": "$536", "2006-12-31": "$-77", "2006-09-30": "$676", "2006-06-30": "$663", "2006-03-31": "$647", "2005-12-31": "$679", "2005-09-30": "$653", "2005-06-30": "$591", "2005-03-31": "$596"}}, "gross-profit": {"Vornado Realty Trust Annual Gross Profit (Millions of US $)": {"2019": "$900", "2018": "$1,169", "2017": "$1,196", "2016": "$1,150", "2015": "$1,161", "2014": "$1,359", "2013": "$1,338", "2012": "$1,434", "2011": "$1,572", "2010": "$1,575", "2009": "$1,605", "2008": "$1,592", "2007": "$1,455", "2006": "$1,172", "2005": "$1,225"}, "Vornado Realty Trust Quarterly Gross Profit (Millions of US $)": {"2020-09-30": "$168", "2020-06-30": "$238", "2020-03-31": "$214", "2019-12-31": "$234", "2019-09-30": "$238", "2019-06-30": "$141", "2019-03-31": "$288", "2018-12-31": "$274", "2018-09-30": "$304", "2018-06-30": "$305", "2018-03-31": "$286", "2017-12-31": "$311", "2017-09-30": "$303", "2017-06-30": "$295", "2017-03-31": "$287", "2016-12-31": "$137", "2016-09-30": "$289", "2016-06-30": "$377", "2016-03-31": "$357", "2015-12-31": "$64", "2015-09-30": "$371", "2015-06-30": "$374", "2015-03-31": "$352", "2014-12-31": "$350", "2014-09-30": "$339", "2014-06-30": "$344", "2014-03-31": "$326", "2013-12-31": "$96", "2013-09-30": "$404", "2013-06-30": "$397", "2013-03-31": "$442", "2012-12-31": "$312", "2012-09-30": "$371", "2012-06-30": "$381", "2012-03-31": "$370", "2011-12-31": "$370", "2011-09-30": "$392", "2011-06-30": "$409", "2011-03-31": "$402", "2010-12-31": "$330", "2010-09-30": "$412", "2010-06-30": "$422", "2010-03-31": "$411", "2009-12-31": "$396", "2009-09-30": "$405", "2009-06-30": "$404", "2009-03-31": "$400", "2008-12-31": "$386", "2008-09-30": "$400", "2008-06-30": "$418", "2008-03-31": "$388", "2007-12-31": "$397", "2007-09-30": "$378", "2007-06-30": "$356", "2007-03-31": "$323", "2006-12-31": "$184", "2006-09-30": "$329", "2006-06-30": "$343", "2006-03-31": "$315", "2005-12-31": "$314", "2005-09-30": "$301", "2005-06-30": "$309", "2005-03-31": "$300"}}, "operating-income": {"Vornado Realty Trust Annual Operating Income (Millions of US $)": {"2019": "$300", "2018": "$583", "2017": "$609", "2016": "$580", "2015": "$619", "2014": "$690", "2013": "$675", "2012": "$728", "2011": "$812", "2010": "$759", "2009": "$781", "2008": "$787", "2007": "$815", "2006": "$672", "2005": "$718"}, "Vornado Realty Trust Quarterly Operating Income (Millions of US $)": {"2020-09-30": "$24", "2020-06-30": "$104", "2020-03-31": "$80", "2019-12-31": "$97", "2019-09-30": "$107", "2019-06-30": "$-12", "2019-03-31": "$107", "2018-12-31": "$135", "2018-09-30": "$157", "2018-06-30": "$156", "2018-03-31": "$134", "2017-12-31": "$161", "2017-09-30": "$162", "2017-06-30": "$154", "2017-03-31": "$132", "2016-12-31": "$245", "2016-09-30": "$148", "2016-06-30": "$187", "2016-03-31": "$-0", "2015-12-31": "$67", "2015-09-30": "$191", "2015-06-30": "$193", "2015-03-31": "$168", "2014-12-31": "$173", "2014-09-30": "$182", "2014-06-30": "$189", "2014-03-31": "$145", "2013-12-31": "$-21", "2013-09-30": "$235", "2013-06-30": "$210", "2013-03-31": "$250", "2012-12-31": "$143", "2012-09-30": "$199", "2012-06-30": "$203", "2012-03-31": "$182", "2011-12-31": "$169", "2011-09-30": "$216", "2011-06-30": "$231", "2011-03-31": "$195", "2010-12-31": "$70", "2010-09-30": "$224", "2010-06-30": "$237", "2010-03-31": "$228", "2009-12-31": "$151", "2009-09-30": "$223", "2009-06-30": "$218", "2009-03-31": "$189", "2008-12-31": "$137", "2008-09-30": "$209", "2008-06-30": "$236", "2008-03-31": "$206", "2007-12-31": "$223", "2007-09-30": "$211", "2007-06-30": "$195", "2007-03-31": "$185", "2006-12-31": "$125", "2006-09-30": "$175", "2006-06-30": "$193", "2006-03-31": "$179", "2005-12-31": "$185", "2005-09-30": "$171", "2005-06-30": "$180", "2005-03-31": "$182"}}, "ebitda": {"Vornado Realty Trust Annual EBITDA (Millions of US $)": {"2019": "$719", "2018": "$1,017", "2017": "$1,092", "2016": "$1,122", "2015": "$1,107", "2014": "$1,227", "2013": "$1,184", "2012": "$1,231", "2011": "$1,330", "2010": "$1,249", "2009": "$1,268", "2008": "$1,269", "2007": "$1,278", "2006": "$1,062", "2005": "$1,051"}, "Vornado Realty Trust Quarterly EBITDA (Millions of US $)": {"2020-09-30": "$132", "2020-06-30": "$195", "2020-03-31": "$173", "2019-12-31": "$190", "2019-09-30": "$204", "2019-06-30": "$101", "2019-03-31": "$224", "2018-12-31": "$247", "2018-09-30": "$267", "2018-06-30": "$264", "2018-03-31": "$239", "2017-12-31": "$272", "2017-09-30": "$269", "2017-06-30": "$285", "2017-03-31": "$266", "2016-12-31": "$383", "2016-09-30": "$283", "2016-06-30": "$323", "2016-03-31": "$133", "2015-12-31": "$179", "2015-09-30": "$319", "2015-06-30": "$322", "2015-03-31": "$286", "2014-12-31": "$319", "2014-09-30": "$308", "2014-06-30": "$313", "2014-03-31": "$287", "2013-12-31": "$110", "2013-09-30": "$353", "2013-06-30": "$339", "2013-03-31": "$382", "2012-12-31": "$268", "2012-09-30": "$319", "2012-06-30": "$330", "2012-03-31": "$314", "2011-12-31": "$322", "2011-09-30": "$341", "2011-06-30": "$352", "2011-03-31": "$315", "2010-12-31": "$189", "2010-09-30": "$347", "2010-06-30": "$361", "2010-03-31": "$353", "2009-12-31": "$251", "2009-09-30": "$369", "2009-06-30": "$340", "2009-03-31": "$307", "2008-12-31": "$226", "2008-09-30": "$359", "2008-06-30": "$345", "2008-03-31": "$339", "2007-12-31": "$352", "2007-09-30": "$330", "2007-06-30": "$311", "2007-03-31": "$284", "2006-12-31": "$227", "2006-09-30": "$271", "2006-06-30": "$295", "2006-03-31": "$269", "2005-12-31": "$275", "2005-09-30": "$253", "2005-06-30": "$263", "2005-03-31": "$261"}}, "net-income": {"Vornado Realty Trust Annual Net Income (Millions of US $)": {"2019": "$3,098", "2018": "$385", "2017": "$162", "2016": "$824", "2015": "$680", "2014": "$783", "2013": "$392", "2012": "$549", "2011": "$602", "2010": "$597", "2009": "$49", "2008": "$302", "2007": "$484", "2006": "$503", "2005": "$493"}, "Vornado Realty Trust Quarterly Net Income (Millions of US $)": {"2020-09-30": "$53", "2020-06-30": "$-198", "2020-03-31": "$5", "2019-12-31": "$193", "2019-09-30": "$323", "2019-06-30": "$2,400", "2019-03-31": "$181", "2018-12-31": "$100", "2018-09-30": "$191", "2018-06-30": "$112", "2018-03-31": "$-18", "2017-12-31": "$27", "2017-09-30": "$-29", "2017-06-30": "$116", "2017-03-31": "$48", "2016-12-31": "$651", "2016-09-30": "$66", "2016-06-30": "$220", "2016-03-31": "$-114", "2015-12-31": "$231", "2015-09-30": "$199", "2015-06-30": "$166", "2015-03-31": "$85", "2014-12-31": "$513", "2014-09-30": "$131", "2014-06-30": "$77", "2014-03-31": "$62", "2013-12-31": "$-69", "2013-09-30": "$83", "2013-06-30": "$146", "2013-03-31": "$232", "2012-12-31": "$63", "2012-09-30": "$232", "2012-06-30": "$21", "2012-03-31": "$234", "2011-12-31": "$70", "2011-09-30": "$41", "2011-06-30": "$92", "2011-03-31": "$399", "2010-12-31": "$243", "2010-09-30": "$95", "2010-06-30": "$58", "2010-03-31": "$200", "2009-12-31": "$-151", "2009-09-30": "$126", "2009-06-30": "$-52", "2009-03-31": "$126", "2008-12-31": "$-227", "2008-09-30": "$23", "2008-06-30": "$117", "2008-03-31": "$390", "2007-12-31": "$64", "2007-09-30": "$117", "2007-06-30": "$152", "2007-03-31": "$153", "2006-12-31": "$105", "2006-09-30": "$114", "2006-06-30": "$149", "2006-03-31": "$135", "2005-12-31": "$106", "2005-09-30": "$27", "2005-06-30": "$173", "2005-03-31": "$187"}}, "eps-earnings-per-share-diluted": {"Vornado Realty Trust Annual EPS": {"2019": "$16.21", "2018": "$2.01", "2017": "$0.85", "2016": "$4.34", "2015": "$3.59", "2014": "$4.15", "2013": "$2.09", "2012": "$2.94", "2011": "$3.23", "2010": "$3.24", "2009": "$0.28", "2008": "$1.91", "2007": "$3.05", "2006": "$3.35", "2005": "$3.50"}, "Vornado Realty Trust Quarterly EPS": {"2020-09-30": "$0.28", "2020-06-30": "$-1.03", "2020-03-31": "$0.03", "2019-12-31": "$1.01", "2019-09-30": "$1.69", "2019-06-30": "$12.56", "2019-03-31": "$0.95", "2018-12-31": "$0.52", "2018-09-30": "$1.00", "2018-06-30": "$0.58", "2018-03-31": "$-0.09", "2017-12-31": "$0.14", "2017-09-30": "$-0.15", "2017-06-30": "$0.61", "2017-03-31": "$0.25", "2016-12-31": "$3.44", "2016-09-30": "$0.35", "2016-06-30": "$1.16", "2016-03-31": "$-0.61", "2015-12-31": "$1.22", "2015-09-30": "$1.05", "2015-06-30": "$0.87", "2015-03-31": "$0.45", "2014-12-31": "$2.72", "2014-09-30": "$0.69", "2014-06-30": "$0.41", "2014-03-31": "$0.33", "2013-12-31": "$-0.37", "2013-09-30": "$0.44", "2013-06-30": "$0.78", "2013-03-31": "$1.24", "2012-12-31": "$0.34", "2012-09-30": "$1.24", "2012-06-30": "$0.11", "2012-03-31": "$1.25", "2011-12-31": "$0.40", "2011-09-30": "$0.22", "2011-06-30": "$0.49", "2011-03-31": "$2.12", "2010-12-31": "$1.32", "2010-09-30": "$0.52", "2010-06-30": "$0.31", "2010-03-31": "$1.09", "2009-12-31": "$-0.92", "2009-09-30": "$0.70", "2009-06-30": "$-0.30", "2009-03-31": "$0.80", "2008-12-31": "$-1.33", "2008-09-30": "$0.14", "2008-06-30": "$0.72", "2008-03-31": "$2.38", "2007-12-31": "$0.39", "2007-09-30": "$0.74", "2007-06-30": "$0.96", "2007-03-31": "$0.96", "2006-12-31": "$0.69", "2006-09-30": "$0.76", "2006-06-30": "$0.99", "2006-03-31": "$0.91", "2005-12-31": "$0.67", "2005-09-30": "$0.19", "2005-06-30": "$1.25", "2005-03-31": "$1.39"}}, "shares-outstanding": {"Vornado Realty Trust Annual Shares Outstanding (Millions of Shares)": {"2019": "191", "2018": "191", "2017": "191", "2016": "190", "2015": "190", "2014": "189", "2013": "188", "2012": "187", "2011": "186", "2010": "184", "2009": "174", "2008": "158", "2007": "159", "2006": "150", "2005": "141"}, "Vornado Realty Trust Quarterly Shares Outstanding (Millions of Shares)": {"2020-09-30": "191", "2020-06-30": "191", "2020-03-31": "191", "2019-12-31": "191", "2019-09-30": "191", "2019-06-30": "191", "2019-03-31": "191", "2018-12-31": "191", "2018-09-30": "191", "2018-06-30": "191", "2018-03-31": "190", "2017-12-31": "191", "2017-09-30": "191", "2017-06-30": "190", "2017-03-31": "190", "2016-12-31": "190", "2016-09-30": "190", "2016-06-30": "190", "2016-03-31": "189", "2015-12-31": "190", "2015-09-30": "190", "2015-06-30": "190", "2015-03-31": "189", "2014-12-31": "189", "2014-09-30": "189", "2014-06-30": "189", "2014-03-31": "188", "2013-12-31": "188", "2013-09-30": "188", "2013-06-30": "188", "2013-03-31": "188", "2012-12-31": "187", "2012-09-30": "187", "2012-06-30": "186", "2012-03-31": "192", "2011-12-31": "186", "2011-09-30": "186", "2011-06-30": "186", "2011-03-31": "192", "2010-12-31": "184", "2010-09-30": "184", "2010-06-30": "184", "2010-03-31": "183", "2009-12-31": "174", "2009-09-30": "181", "2009-06-30": "172", "2009-03-31": "157", "2008-12-31": "158", "2008-09-30": "164", "2008-06-30": "163", "2008-03-31": "166", "2007-12-31": "159", "2007-09-30": "159", "2007-06-30": "164", "2007-03-31": "164", "2006-12-31": "150", "2006-09-30": "150", "2006-06-30": "155", "2006-03-31": "149", "2005-12-31": "141", "2005-09-30": "144", "2005-06-30": "143", "2005-03-31": "135"}}, "total-assets": {"Vornado Realty Trust Annual Total Assets (Millions of US $)": {"2019": "$18,287", "2018": "$17,181", "2017": "$17,398", "2016": "$20,815", "2015": "$21,143", "2014": "$21,158", "2013": "$20,097", "2012": "$22,065", "2011": "$20,446", "2010": "$20,517", "2009": "$20,185", "2008": "$21,418", "2007": "$22,479", "2006": "$17,954", "2005": "$13,637"}, "Vornado Realty Trust Quarterly Total Assets (Millions of US $)": {"2020-09-30": "$17,563", "2020-06-30": "$18,042", "2020-03-31": "$18,210", "2019-12-31": "$18,287", "2019-09-30": "$18,216", "2019-06-30": "$17,914", "2019-03-31": "$17,638", "2018-12-31": "$17,181", "2018-09-30": "$16,678", "2018-06-30": "$16,866", "2018-03-31": "$16,864", "2017-12-31": "$17,398", "2017-09-30": "$16,842", "2017-06-30": "$20,889", "2017-03-31": "$20,731", "2016-12-31": "$20,815", "2016-09-30": "$20,859", "2016-06-30": "$21,074", "2016-03-31": "$20,873", "2015-12-31": "$21,143", "2015-09-30": "$19,972", "2015-06-30": "$19,586", "2015-03-31": "$19,261", "2014-12-31": "$21,158", "2014-09-30": "$21,001", "2014-06-30": "$20,737", "2014-03-31": "$20,369", "2013-12-31": "$20,097", "2013-09-30": "$20,275", "2013-06-30": "$20,333", "2013-03-31": "$21,126", "2012-12-31": "$22,065", "2012-09-30": "$20,398", "2012-06-30": "$20,004", "2012-03-31": "$20,270", "2011-12-31": "$20,446", "2011-09-30": "$20,188", "2011-06-30": "$20,539", "2011-03-31": "$20,492", "2010-12-31": "$20,517", "2010-09-30": "$20,634", "2010-06-30": "$19,891", "2010-03-31": "$20,420", "2009-12-31": "$20,185", "2009-09-30": "$22,350", "2009-06-30": "$21,832", "2009-03-31": "$21,649", "2008-12-31": "$21,418", "2008-09-30": "$21,444", "2008-06-30": "$21,502", "2008-03-31": "$21,486", "2007-12-31": "$22,479", "2007-09-30": "$22,254", "2007-06-30": "$22,139", "2007-03-31": "$20,252", "2006-12-31": "$17,954", "2006-09-30": "$14,869", "2006-06-30": "$14,556", "2006-03-31": "$14,330", "2005-12-31": "$13,637", "2005-09-30": "$13,155", "2005-06-30": "$12,440", "2005-03-31": "$12,064"}}, "cash-on-hand": {"Vornado Realty Trust Annual Cash on Hand (Millions of US $)": {"2019": "$1,607", "2018": "$717", "2017": "$1,915", "2016": "$1,596", "2015": "$1,944", "2014": "$1,375", "2013": "$846", "2012": "$1,144", "2011": "$705", "2010": "$892", "2009": "$869", "2008": "$1,903", "2007": "$1,533", "2006": "$2,374", "2005": "$487"}, "Vornado Realty Trust Quarterly Cash on Hand (Millions of US $)": {"2020-09-30": "$1,490", "2020-06-30": "$1,863", "2020-03-31": "$1,667", "2019-12-31": "$1,607", "2019-09-30": "$1,246", "2019-06-30": "$1,077", "2019-03-31": "$901", "2018-12-31": "$717", "2018-09-30": "$920", "2018-06-30": "$1,212", "2018-03-31": "$1,418", "2017-12-31": "$1,915", "2017-09-30": "$1,386", "2017-06-30": "$1,558", "2017-03-31": "$1,583", "2016-12-31": "$1,596", "2016-09-30": "$1,465", "2016-06-30": "$1,739", "2016-03-31": "$1,783", "2015-12-31": "$1,944", "2015-09-30": "$896", "2015-06-30": "$644", "2015-03-31": "$1,266", "2014-12-31": "$1,375", "2014-09-30": "$1,844", "2014-06-30": "$1,532", "2014-03-31": "$1,367", "2013-12-31": "$846", "2013-09-30": "$1,193", "2013-06-30": "$1,094", "2013-03-31": "$754", "2012-12-31": "$1,144", "2012-09-30": "$858", "2012-06-30": "$584", "2012-03-31": "$732", "2011-12-31": "$705", "2011-09-30": "$710", "2011-06-30": "$747", "2011-03-31": "$853", "2010-12-31": "$892", "2010-09-30": "$995", "2010-06-30": "$792", "2010-03-31": "$1,112", "2009-12-31": "$869", "2009-09-30": "$2,848", "2009-06-30": "$2,376", "2009-03-31": "$2,026", "2008-12-31": "$1,903", "2008-09-30": "$1,919", "2008-06-30": "$2,096", "2008-03-31": "$1,919", "2007-12-31": "$1,533", "2007-09-30": "$1,221", "2007-06-30": "$1,099", "2007-03-31": "$3,016", "2006-12-31": "$2,374", "2006-09-30": "$577", "2006-06-30": "$701", "2006-03-31": "$784", "2005-12-31": "$487", "2005-09-30": "$577", "2005-06-30": "$1,036", "2005-03-31": "$1,161"}}, "long-term-debt": {"Vornado Realty Trust Annual Long Term Debt (Millions of US $)": {"2019": "$7,407", "2018": "$9,837", "2017": "$9,729", "2016": "$9,447", "2015": "$11,091", "2014": "$9,530", "2013": "$9,979", "2012": "$11,127", "2011": "$10,077", "2010": "$10,889", "2009": "$10,686", "2008": "$12,438", "2007": "$11,896", "2006": "$9,555", "2005": "$6,243"}, "Vornado Realty Trust Quarterly Long Term Debt (Millions of US $)": {"2020-09-30": "$7,457", "2020-06-30": "$7,956", "2020-03-31": "$7,961", "2019-12-31": "$7,407", "2019-09-30": "$7,487", "2019-06-30": "$7,528", "2019-03-31": "$8,640", "2018-12-31": "$9,837", "2018-09-30": "$9,793", "2018-06-30": "$9,782", "2018-03-31": "$9,774", "2017-12-31": "$9,729", "2017-09-30": "$9,352", "2017-06-30": "$10,838", "2017-03-31": "$10,615", "2016-12-31": "$9,447", "2016-09-30": "$11,200", "2016-06-30": "$11,079", "2016-03-31": "$11,060", "2015-12-31": "$11,091", "2015-09-30": "$10,007", "2015-06-30": "$9,810", "2015-03-31": "$9,564", "2014-12-31": "$9,530", "2014-09-30": "$11,153", "2014-06-30": "$10,869", "2014-03-31": "$10,345", "2013-12-31": "$9,979", "2013-09-30": "$10,001", "2013-06-30": "$10,025", "2013-03-31": "$10,421", "2012-12-31": "$11,127", "2012-09-30": "$9,811", "2012-06-30": "$10,218", "2012-03-31": "$10,303", "2011-12-31": "$10,077", "2011-09-30": "$10,407", "2011-06-30": "$10,540", "2011-03-31": "$10,631", "2010-12-31": "$10,889", "2010-09-30": "$11,110", "2010-06-30": "$10,670", "2010-03-31": "$11,091", "2009-12-31": "$10,686", "2009-09-30": "$12,728", "2009-06-30": "$12,386", "2009-03-31": "$12,732", "2008-12-31": "$12,438", "2008-09-30": "$12,191", "2008-06-30": "$12,219", "2008-03-31": "$12,169", "2007-12-31": "$11,896", "2007-09-30": "$12,576", "2007-06-30": "$12,572", "2007-03-31": "$11,633", "2006-12-31": "$9,555", "2006-09-30": "$7,382", "2006-06-30": "$7,153", "2006-03-31": "$6,929", "2005-12-31": "$6,243", "2005-09-30": "$5,716", "2005-06-30": "$5,635", "2005-03-31": "$5,518"}}, "total-liabilities": {"Vornado Realty Trust Annual Total Liabilities (Millions of US $)": {"2019": "$10,976", "2018": "$12,073", "2017": "$12,390", "2016": "$13,196", "2015": "$13,667", "2014": "$13,669", "2013": "$12,502", "2012": "$14,161", "2011": "$12,938", "2010": "$13,687", "2009": "$13,536", "2008": "$15,203", "2007": "$17,061", "2006": "$11,804", "2005": "$8,374"}, "Vornado Realty Trust Quarterly Total Liabilities (Millions of US $)": {"2020-09-30": "$10,677", "2020-06-30": "$11,114", "2020-03-31": "$10,916", "2019-12-31": "$10,976", "2019-09-30": "$10,506", "2019-06-30": "$10,418", "2019-03-31": "$12,547", "2018-12-31": "$12,073", "2018-09-30": "$11,641", "2018-06-30": "$11,922", "2018-03-31": "$11,840", "2017-12-31": "$12,390", "2017-09-30": "$11,555", "2017-06-30": "$13,245", "2017-03-31": "$13,168", "2016-12-31": "$13,196", "2016-09-30": "$13,790", "2016-06-30": "$13,726", "2016-03-31": "$13,574", "2015-12-31": "$13,667", "2015-09-30": "$12,527", "2015-06-30": "$12,281", "2015-03-31": "$12,217", "2014-12-31": "$13,669", "2014-09-30": "$13,776", "2014-06-30": "$13,538", "2014-03-31": "$12,960", "2013-12-31": "$12,502", "2013-09-30": "$12,447", "2013-06-30": "$12,412", "2013-03-31": "$13,106", "2012-12-31": "$14,161", "2012-09-30": "$12,709", "2012-06-30": "$12,730", "2012-03-31": "$12,760", "2011-12-31": "$12,938", "2011-09-30": "$12,825", "2011-06-30": "$13,171", "2011-03-31": "$13,248", "2010-12-31": "$13,687", "2010-09-30": "$14,146", "2010-06-30": "$13,252", "2010-03-31": "$13,795", "2009-12-31": "$13,536", "2009-09-30": "$15,382", "2009-06-30": "$14,710", "2009-03-31": "$15,088", "2008-12-31": "$15,203", "2008-09-30": "$15,162", "2008-06-30": "$15,153", "2008-03-31": "$15,104", "2007-12-31": "$17,061", "2007-09-30": "$16,047", "2007-06-30": "$15,928", "2007-03-31": "$14,041", "2006-12-31": "$11,804", "2006-09-30": "$9,532", "2006-06-30": "$9,250", "2006-03-31": "$9,014", "2005-12-31": "$8,374", "2005-09-30": "$7,791", "2005-06-30": "$8,111", "2005-03-31": "$7,993"}}, "total-share-holder-equity": {"Vornado Realty Trust Annual Share Holder Equity (Millions of US $)": {"2019": "$7,311", "2018": "$5,108", "2017": "$5,008", "2016": "$7,618", "2015": "$7,476", "2014": "$7,489", "2013": "$7,595", "2012": "$7,904", "2011": "$7,508", "2010": "$6,830", "2009": "$6,649", "2008": "$6,215", "2007": "$5,418", "2006": "$6,151", "2005": "$5,264"}, "Vornado Realty Trust Quarterly Share Holder Equity (Millions of US $)": {"2020-09-30": "$6,886", "2020-06-30": "$6,929", "2020-03-31": "$7,293", "2019-12-31": "$7,311", "2019-09-30": "$7,710", "2019-06-30": "$7,496", "2019-03-31": "$5,091", "2018-12-31": "$5,108", "2018-09-30": "$5,038", "2018-06-30": "$4,944", "2018-03-31": "$5,025", "2017-12-31": "$5,008", "2017-09-30": "$5,288", "2017-06-30": "$7,644", "2017-03-31": "$7,563", "2016-12-31": "$7,618", "2016-09-30": "$7,069", "2016-06-30": "$7,348", "2016-03-31": "$7,300", "2015-12-31": "$7,476", "2015-09-30": "$7,445", "2015-06-30": "$7,305", "2015-03-31": "$7,044", "2014-12-31": "$7,489", "2014-09-30": "$7,225", "2014-06-30": "$7,198", "2014-03-31": "$7,409", "2013-12-31": "$7,595", "2013-09-30": "$7,828", "2013-06-30": "$7,921", "2013-03-31": "$8,021", "2012-12-31": "$7,904", "2012-09-30": "$7,689", "2012-06-30": "$7,274", "2012-03-31": "$7,510", "2011-12-31": "$7,508", "2011-09-30": "$7,363", "2011-06-30": "$7,368", "2011-03-31": "$7,245", "2010-12-31": "$6,830", "2010-09-30": "$6,488", "2010-06-30": "$6,639", "2010-03-31": "$6,624", "2009-12-31": "$6,649", "2009-09-30": "$6,968", "2009-06-30": "$7,122", "2009-03-31": "$6,561", "2008-12-31": "$6,215", "2008-09-30": "$6,283", "2008-06-30": "$6,349", "2008-03-31": "$6,382", "2007-12-31": "$5,418", "2007-09-30": "$6,206", "2007-06-30": "$6,211", "2007-03-31": "$6,212", "2006-12-31": "$6,151", "2006-09-30": "$5,337", "2006-06-30": "$5,306", "2006-03-31": "$5,316", "2005-12-31": "$5,264", "2005-09-30": "$5,363", "2005-06-30": "$4,328", "2005-03-31": "$4,071"}}, "profit-margins": {"current": "6.43%"}, "gross margin": {"2020-09-30": "52.94%", "2020-06-30": "53.88%", "2020-03-31": "45.07%", "2019-12-31": "46.81%", "2019-09-30": "46.89%", "2019-06-30": "48.34%", "2019-03-31": "54.16%", "2018-12-31": "54.05%", "2018-09-30": "55.94%", "2018-06-30": "56.23%", "2018-03-31": "56.58%", "2017-12-31": "57.39%", "2017-09-30": "56.34%", "2017-06-30": "56.38%", "2017-03-31": "57.40%", "2016-12-31": "57.88%", "2016-09-30": "58.04%", "2016-06-30": "58.51%", "2016-03-31": "58.53%", "2015-12-31": "58.46%", "2015-09-30": "59.11%", "2015-06-30": "58.98%", "2015-03-31": "58.76%", "2014-12-31": "58.78%", "2014-09-30": "56.52%", "2014-06-30": "57.21%", "2014-03-31": "57.10%", "2013-12-31": "58.24%", "2013-09-30": "58.50%", "2013-06-30": "56.54%", "2013-03-31": "55.80%", "2012-12-31": "54.13%", "2012-09-30": "56.47%", "2012-06-30": "57.59%", "2012-03-31": "58.26%", "2011-12-31": "58.19%", "2011-09-30": "58.67%", "2011-06-30": "59.46%", "2011-03-31": "60.23%", "2010-12-31": "61.57%", "2010-09-30": "61.05%", "2010-06-30": "61.15%", "2010-03-31": "60.71%", "2009-12-31": "60.43%", "2009-09-30": "59.85%", "2009-06-30": "59.55%", "2009-03-31": "60.07%", "2008-12-31": "60.30%", "2008-09-30": "60.54%", "2008-06-30": "60.60%", "2008-03-31": "60.33%", "2007-12-31": "60.46%", "2007-09-30": "73.91%", "2007-06-30": "69.38%", "2007-03-31": "65.57%", "2006-12-31": "61.34%", "2006-09-30": "48.82%", "2006-06-30": "48.18%", "2006-03-31": "48.21%", "2005-12-31": "48.59%"}, "operating margin": {"2020-09-30": "18.91%", "2020-06-30": "22.62%", "2020-03-31": "14.82%", "2019-12-31": "15.53%", "2019-09-30": "16.79%", "2019-06-30": "18.58%", "2019-03-31": "25.67%", "2018-12-31": "26.91%", "2018-09-30": "28.20%", "2018-06-30": "28.60%", "2018-03-31": "28.93%", "2017-12-31": "29.22%", "2017-09-30": "38.20%", "2017-06-30": "37.98%", "2017-03-31": "37.49%", "2016-12-31": "28.94%", "2016-09-30": "21.46%", "2016-06-30": "22.27%", "2016-03-31": "22.64%", "2015-12-31": "31.17%", "2015-09-30": "29.62%", "2015-06-30": "29.85%", "2015-03-31": "30.21%", "2014-12-31": "29.80%", "2014-09-30": "25.32%", "2014-06-30": "26.80%", "2014-03-31": "26.56%", "2013-12-31": "29.32%", "2013-09-30": "31.53%", "2013-06-30": "29.79%", "2013-03-31": "29.46%", "2012-12-31": "27.44%", "2012-09-30": "28.50%", "2012-06-30": "29.31%", "2012-03-31": "30.17%", "2011-12-31": "30.00%", "2011-09-30": "27.25%", "2011-06-30": "27.57%", "2011-03-31": "27.92%", "2010-12-31": "29.67%", "2010-09-30": "31.25%", "2010-06-30": "31.40%", "2010-03-31": "30.80%", "2009-12-31": "29.41%", "2009-09-30": "28.78%", "2009-06-30": "28.20%", "2009-03-31": "28.88%", "2008-12-31": "29.85%", "2008-09-30": "33.01%", "2008-06-30": "33.58%", "2008-03-31": "33.16%", "2007-12-31": "33.85%", "2007-09-30": "42.64%", "2007-06-30": "39.58%", "2007-03-31": "37.71%", "2006-12-31": "35.20%", "2006-09-30": "27.47%", "2006-06-30": "27.55%", "2006-03-31": "27.82%", "2005-12-31": "28.50%"}, "ebitda margin": {"2020-09-30": "42.78%", "2020-06-30": "44.43%", "2020-03-31": "36.40%", "2019-12-31": "37.35%", "2019-09-30": "38.66%", "2019-06-30": "40.28%", "2019-03-31": "46.35%", "2018-12-31": "47.02%", "2018-09-30": "48.33%", "2018-06-30": "48.72%", "2018-03-31": "50.43%", "2017-12-31": "52.40%", "2017-09-30": "66.32%", "2017-06-30": "68.06%", "2017-03-31": "66.09%", "2016-12-31": "55.99%", "2016-09-30": "49.01%", "2016-06-30": "47.75%", "2016-03-31": "47.84%", "2015-12-31": "55.69%", "2015-09-30": "50.90%", "2015-06-30": "51.48%", "2015-03-31": "52.02%", "2014-12-31": "53.07%", "2014-09-30": "52.07%", "2014-06-30": "51.98%", "2014-03-31": "50.84%", "2013-12-31": "51.50%", "2013-09-30": "50.49%", "2013-06-30": "48.59%", "2013-03-31": "48.13%", "2012-12-31": "46.47%", "2012-09-30": "48.64%", "2012-06-30": "49.75%", "2012-03-31": "50.25%", "2011-12-31": "49.20%", "2011-09-30": "45.81%", "2011-06-30": "46.06%", "2011-03-31": "46.62%", "2010-12-31": "48.87%", "2010-09-30": "48.81%", "2010-06-30": "49.93%", "2010-03-31": "49.32%", "2009-12-31": "47.70%", "2009-09-30": "46.60%", "2009-06-30": "46.14%", "2009-03-31": "46.33%", "2008-12-31": "48.07%", "2008-09-30": "52.68%", "2008-06-30": "52.36%", "2008-03-31": "52.90%", "2007-12-31": "53.10%", "2007-09-30": "68.61%", "2007-06-30": "63.62%", "2007-03-31": "59.90%", "2006-12-31": "55.63%", "2006-09-30": "41.65%", "2006-06-30": "41.33%", "2006-03-31": "41.25%", "2005-12-31": "41.76%"}, "pre tax profit margin": {"2020-09-30": "-1.92%", "2020-06-30": "15.39%", "2020-03-31": "169.16%", "2019-12-31": "178.65%", "2019-09-30": "168.66%", "2019-06-30": "154.49%", "2019-03-31": "32.33%", "2018-12-31": "21.22%", "2018-09-30": "19.53%", "2018-06-30": "11.11%", "2018-03-31": "12.41%", "2017-12-31": "15.31%", "2017-09-30": "30.49%", "2017-06-30": "33.28%", "2017-03-31": "38.65%", "2016-12-31": "29.19%", "2016-09-30": "19.70%", "2016-06-30": "24.67%", "2016-03-31": "17.72%", "2015-12-31": "27.79%", "2015-09-30": "22.55%", "2015-06-30": "18.26%", "2015-03-31": "19.18%", "2014-12-31": "18.73%", "2014-09-30": "0.10%", "2014-06-30": "1.08%", "2014-03-31": "-0.19%", "2013-12-31": "-0.52%", "2013-09-30": "15.76%", "2013-06-30": "15.53%", "2013-03-31": "12.97%", "2012-12-31": "18.23%", "2012-09-30": "17.64%", "2012-06-30": "16.06%", "2012-03-31": "18.90%", "2011-12-31": "22.16%", "2011-09-30": "29.51%", "2011-06-30": "31.81%", "2011-03-31": "30.42%", "2010-12-31": "28.30%", "2010-09-30": "11.90%", "2010-06-30": "11.71%", "2010-03-31": "7.10%", "2009-12-31": "3.77%", "2009-09-30": "0.15%", "2009-06-30": "-2.47%", "2009-03-31": "2.40%", "2008-12-31": "0.95%", "2008-09-30": "11.52%", "2008-06-30": "14.60%", "2008-03-31": "19.02%", "2007-12-31": "22.83%", "2007-09-30": "38.12%", "2007-06-30": "38.65%", "2007-03-31": "35.82%", "2006-12-31": "31.85%", "2006-09-30": "23.08%", "2006-06-30": "20.29%", "2006-03-31": "21.48%", "2005-12-31": "25.45%"}, "net profit margin": {"2020-09-30": "3.29%", "2020-06-30": "18.83%", "2020-03-31": "159.18%", "2019-12-31": "160.88%", "2019-09-30": "149.68%", "2019-06-30": "137.88%", "2019-03-31": "27.01%", "2018-12-31": "17.80%", "2018-09-30": "14.47%", "2018-06-30": "4.29%", "2018-03-31": "4.55%", "2017-12-31": "7.77%", "2017-09-30": "43.33%", "2017-06-30": "49.27%", "2017-03-31": "51.87%", "2016-12-31": "41.07%", "2016-09-30": "21.52%", "2016-06-30": "26.83%", "2016-03-31": "24.20%", "2015-12-31": "34.29%", "2015-09-30": "39.34%", "2015-06-30": "37.31%", "2015-03-31": "34.20%", "2014-12-31": "33.87%", "2014-09-30": "10.28%", "2014-06-30": "7.48%", "2014-03-31": "10.36%", "2013-12-31": "17.05%", "2013-09-30": "19.71%", "2013-06-30": "25.00%", "2013-03-31": "20.30%", "2012-12-31": "20.76%", "2012-09-30": "21.08%", "2012-06-30": "13.93%", "2012-03-31": "16.52%", "2011-12-31": "22.27%", "2011-09-30": "29.66%", "2011-06-30": "31.74%", "2011-03-31": "30.58%", "2010-12-31": "23.30%", "2010-09-30": "7.51%", "2010-06-30": "8.72%", "2010-03-31": "4.62%", "2009-12-31": "1.84%", "2009-09-30": "-1.01%", "2009-06-30": "-4.87%", "2009-03-31": "1.46%", "2008-12-31": "11.48%", "2008-09-30": "22.43%", "2008-06-30": "26.37%", "2008-03-31": "28.71%", "2007-12-31": "20.21%", "2007-09-30": "31.39%", "2007-06-30": "30.50%", "2007-03-31": "28.98%", "2006-12-31": "26.35%", "2006-09-30": "18.91%", "2006-06-30": "15.78%", "2006-03-31": "17.16%", "2005-12-31": "19.57%"}, "pe ratio": {"current": "13.60", "2021-02-05": "128.93", "2020-09-30": "112.74", "2020-06-30": "21.48", "2020-03-31": "2.23", "2019-12-31": "3.82", "2019-09-30": "3.62", "2019-06-30": "3.77", "2019-03-31": "19.52", "2018-12-31": "26.93", "2018-09-30": "38.91", "2018-06-30": "132.62", "2018-03-31": "112.62", "2017-12-31": "77.81", "2017-09-30": "15.58", "2017-06-30": "13.67", "2017-03-31": "12.96", "2016-12-31": "16.05", "2016-09-30": "31.56", "2016-06-30": "23.33", "2016-03-31": "24.37", "2015-12-31": "18.05", "2015-09-30": "11.44", "2015-06-30": "12.84", "2015-03-31": "16.68", "2014-12-31": "16.26", "2014-09-30": "53.72", "2014-06-30": "74.53", "2014-03-31": "46.92", "2013-12-31": "23.68", "2013-09-30": "16.69", "2013-06-30": "12.70", "2013-03-31": "15.67", "2012-12-31": "14.86", "2012-09-30": "14.60", "2012-06-30": "22.90", "2012-03-31": "19.11", "2011-12-31": "12.62", "2011-09-30": "9.41", "2011-06-30": "10.88", "2011-03-31": "10.57", "2010-12-31": "13.19", "2010-09-30": "40.02", "2010-06-30": "29.37", "2010-03-31": "59.63", "2009-12-31": "102.94", "2009-09-30": "0.00", "2009-06-30": "0.00", "2009-03-31": "42.45", "2008-12-31": "13.95", "2008-09-30": "10.64", "2008-06-30": "9.01", "2008-03-31": "8.53", "2007-12-31": "12.72", "2007-09-30": "15.16", "2007-06-30": "15.05", "2007-03-31": "16.07", "2006-12-31": "16.53"}, "price sales": {"2021-02-05": "4.43", "2020-09-30": "3.87", "2020-06-30": "4.07", "2020-03-31": "3.54", "2019-12-31": "6.14", "2019-09-30": "5.43", "2019-06-30": "5.21", "2019-03-31": "5.28", "2018-12-31": "4.80", "2018-09-30": "5.62", "2018-06-30": "5.67", "2018-03-31": "5.18", "2017-12-31": "6.05", "2017-09-30": "6.77", "2017-06-30": "6.75", "2017-03-31": "6.73", "2016-12-31": "6.58", "2016-09-30": "6.77", "2016-06-30": "6.24", "2016-03-31": "5.86", "2015-12-31": "6.18", "2015-09-30": "4.50", "2015-06-30": "4.79", "2015-03-31": "5.71", "2014-12-31": "5.50", "2014-09-30": "5.49", "2014-06-30": "5.55", "2014-03-31": "4.85", "2013-12-31": "4.04", "2013-09-30": "3.28", "2013-06-30": "3.17", "2013-03-31": "3.17", "2012-12-31": "3.09", "2012-09-30": "3.08", "2012-06-30": "3.19", "2012-03-31": "3.16", "2011-12-31": "2.80", "2011-09-30": "2.79", "2011-06-30": "3.45", "2011-03-31": "3.23", "2010-12-31": "3.07", "2010-09-30": "2.94", "2010-06-30": "2.50", "2010-03-31": "2.54", "2009-12-31": "2.24", "2009-09-30": "2.00", "2009-06-30": "1.35", "2009-03-31": "0.97", "2008-12-31": "1.77", "2008-09-30": "2.64", "2008-06-30": "2.55", "2008-03-31": "2.57", "2007-12-31": "2.72", "2007-09-30": "4.86", "2007-06-30": "4.64", "2007-03-31": "4.69", "2006-12-31": "4.35"}, "price book": {"current": "1.19", "2021-02-05": "1.04", "2020-09-30": "0.91", "2020-06-30": "1.01", "2020-03-31": "0.89", "2019-12-31": "1.62", "2019-09-30": "1.41", "2019-06-30": "1.45", "2019-03-31": "2.24", "2018-12-31": "2.03", "2018-09-30": "2.40", "2018-06-30": "2.45", "2018-03-31": "2.17", "2017-12-31": "2.51", "2017-09-30": "2.32", "2017-06-30": "1.57", "2017-03-31": "1.68", "2016-12-31": "1.73", "2016-09-30": "1.79", "2016-06-30": "1.69", "2016-03-31": "1.59", "2015-12-31": "1.63", "2015-09-30": "1.47", "2015-06-30": "1.57", "2015-03-31": "1.90", "2014-12-31": "1.69", "2014-09-30": "1.48", "2014-06-30": "1.57", "2014-03-31": "1.40", "2013-12-31": "1.22", "2013-09-30": "1.11", "2013-06-30": "1.08", "2013-03-31": "1.07", "2012-12-31": "1.03", "2012-09-30": "1.05", "2012-06-30": "1.14", "2012-03-31": "1.10", "2011-12-31": "1.00", "2011-09-30": "0.98", "2011-06-30": "1.21", "2011-03-31": "1.15", "2010-12-31": "1.15", "2010-09-30": "1.23", "2010-06-30": "1.02", "2010-03-31": "1.05", "2009-12-31": "0.95", "2009-09-30": "0.82", "2009-06-30": "0.56", "2009-03-31": "0.39", "2008-12-31": "0.72", "2008-09-30": "1.05", "2008-06-30": "1.00", "2008-03-31": "0.96", "2007-12-31": "1.15", "2007-09-30": "1.23", "2007-06-30": "1.23", "2007-03-31": "1.32", "2006-12-31": "1.35", "2006-09-30": "1.30", "2006-06-30": "1.16", "2006-03-31": "1.13"}, "price fcf": {"2021-02-05": "", "2020-09-30": "$-1.83", "2020-06-30": "$-1.26", "2020-03-31": "$-1.32", "2019-12-31": "$-1.15", "2019-09-30": "$-0.74", "2019-06-30": "$0.47", "2019-03-31": "$-0.58", "2018-12-31": "$0.78", "2018-09-30": "$0.54", "2018-06-30": "$1.00", "2018-03-31": "$1.16", "2017-12-31": "$1.22", "2017-09-30": "$1.56", "2017-06-30": "$0.61", "2017-03-31": "$0.36", "2016-12-31": "$0.01", "2016-09-30": "$-0.62", "2016-06-30": "$-0.42", "2016-03-31": "$-0.47", "2015-12-31": "$-0.55", "2015-09-30": "$-0.42", "2015-06-30": "$0.16", "2015-03-31": "$1.05", "2014-12-31": "$1.65", "2014-09-30": "$0.68", "2014-06-30": "$1.02", "2014-03-31": "$0.82", "2013-12-31": "$1.66", "2013-09-30": "$3.56", "2013-06-30": "$3.13", "2013-03-31": "$2.93", "2012-12-31": "$2.48", "2012-09-30": "$1.64", "2012-06-30": "$2.29", "2012-03-31": "$2.84", "2011-12-31": "$2.39", "2011-09-30": "$2.50", "2011-06-30": "$1.15", "2011-03-31": "$2.16", "2010-12-31": "$2.55", "2010-09-30": "$2.17", "2010-06-30": "$1.71", "2010-03-31": "$0.93", "2009-12-31": "$-0.28", "2009-09-30": "$-0.61", "2009-06-30": "$-0.40", "2009-03-31": "$-0.32", "2008-12-31": "$0.07", "2008-09-30": "$0.62", "2008-06-30": "$1.21", "2008-03-31": "$1.51", "2007-12-31": "$1.09", "2007-09-30": "$2.26", "2007-06-30": "$2.11", "2007-03-31": "$1.96", "2006-12-31": "$2.61"}, "net worth": {"value": "$7.15B"}, "current ratio": {"2020-09-30": "5.28", "2020-06-30": "6.93", "2020-03-31": "6.17", "2019-12-31": "5.56", "2019-09-30": "4.61", "2019-06-30": "4.87", "2019-03-31": "3.93", "2018-12-31": "4.00", "2018-09-30": "4.64", "2018-06-30": "5.62", "2018-03-31": "5.61", "2017-12-31": "6.98", "2017-09-30": "5.72", "2017-06-30": "6.33", "2017-03-31": "6.03", "2016-12-31": "6.40", "2016-09-30": "5.61", "2016-06-30": "5.89", "2016-03-31": "6.37", "2015-12-31": "6.70", "2015-09-30": "4.06", "2015-06-30": "3.68", "2015-03-31": "5.07", "2014-12-31": "5.07", "2014-09-30": "5.72", "2014-06-30": "5.56", "2014-03-31": "5.16", "2013-12-31": "4.16", "2013-09-30": "5.21", "2013-06-30": "5.60", "2013-03-31": "4.46", "2012-12-31": "4.79", "2012-09-30": "4.35", "2012-06-30": "3.83", "2012-03-31": "3.98", "2011-12-31": "4.08", "2011-09-30": "3.73", "2011-06-30": "4.18", "2011-03-31": "4.06", "2010-12-31": "4.47", "2010-09-30": "4.08", "2010-06-30": "3.97", "2010-03-31": "4.30", "2009-12-31": "4.03", "2009-09-30": "7.21", "2009-06-30": "7.17", "2009-03-31": "6.64", "2008-12-31": "6.17", "2008-09-30": "5.40", "2008-06-30": "6.38", "2008-03-31": "6.24", "2007-12-31": "5.67", "2007-09-30": "4.59", "2007-06-30": "5.15", "2007-03-31": "9.56", "2006-12-31": "6.81", "2006-09-30": "4.22", "2006-06-30": "4.95", "2006-03-31": "4.22", "2005-12-31": "3.12", "2005-09-30": "3.35", "2005-06-30": "4.78", "2005-03-31": "5.03"}, "quick ratio": {"2020-09-30": "0.00", "2020-06-30": "0.00", "2020-03-31": "0.00", "2019-12-31": "0.00", "2019-09-30": "0.00", "2019-06-30": "0.00", "2019-03-31": "0.00", "2018-12-31": "0.00", "2018-09-30": "0.00", "2018-06-30": "0.00", "2018-03-31": "0.00", "2017-12-31": "0.00", "2017-09-30": "0.00", "2017-06-30": "0.00", "2017-03-31": "0.00", "2016-12-31": "0.00", "2016-09-30": "0.00", "2016-06-30": "0.00", "2016-03-31": "0.00", "2015-12-31": "0.00", "2015-09-30": "0.00", "2015-06-30": "0.00", "2015-03-31": "0.00", "2014-12-31": "0.00", "2014-09-30": "0.00", "2014-06-30": "0.00", "2014-03-31": "0.00", "2013-12-31": "0.00", "2013-09-30": "0.00", "2013-06-30": "0.00", "2013-03-31": "0.00", "2012-12-31": "0.00", "2012-09-30": "0.00", "2012-06-30": "0.00", "2012-03-31": "0.00", "2011-12-31": "0.00", "2011-09-30": "0.00", "2011-06-30": "0.00", "2011-03-31": "0.00", "2010-12-31": "0.00", "2010-09-30": "0.00", "2010-06-30": "0.00", "2010-03-31": "0.00", "2009-12-31": "0.00", "2009-09-30": "0.00", "2009-06-30": "0.00", "2009-03-31": "0.00", "2008-12-31": "0.00", "2008-09-30": "0.00", "2008-06-30": "0.00", "2008-03-31": "0.00", "2007-12-31": "0.00", "2007-09-30": "0.00", "2007-06-30": "0.00", "2007-03-31": "0.00", "2006-12-31": "0.00", "2006-09-30": "0.00", "2006-06-30": "0.00", "2006-03-31": "0.00", "2005-12-31": "0.00", "2005-09-30": "0.00", "2005-06-30": "0.00", "2005-03-31": "0.00"}, "debt equity ratio": {"current": "1.24", "2020-09-30": "1.55", "2020-06-30": "1.60", "2020-03-31": "1.50", "2019-12-31": "1.50", "2019-09-30": "1.36", "2019-06-30": "1.39", "2019-03-31": "2.47", "2018-12-31": "2.36", "2018-09-30": "2.31", "2018-06-30": "2.41", "2018-03-31": "2.36", "2017-12-31": "2.47", "2017-09-30": "2.19", "2017-06-30": "1.73", "2017-03-31": "1.74", "2016-12-31": "1.73", "2016-09-30": "1.95", "2016-06-30": "1.87", "2016-03-31": "1.86", "2015-12-31": "1.83", "2015-09-30": "1.68", "2015-06-30": "1.68", "2015-03-31": "1.74", "2014-12-31": "1.83", "2014-09-30": "1.91", "2014-06-30": "1.88", "2014-03-31": "1.75", "2013-12-31": "1.65", "2013-09-30": "1.59", "2013-06-30": "1.57", "2013-03-31": "1.63", "2012-12-31": "1.79", "2012-09-30": "1.65", "2012-06-30": "1.75", "2012-03-31": "1.70", "2011-12-31": "1.72", "2011-09-30": "1.74", "2011-06-30": "1.79", "2011-03-31": "1.83", "2010-12-31": "2.00", "2010-09-30": "2.18", "2010-06-30": "2.00", "2010-03-31": "2.08", "2009-12-31": "2.04", "2009-09-30": "2.21", "2009-06-30": "2.07", "2009-03-31": "2.30", "2008-12-31": "2.45", "2008-09-30": "2.41", "2008-06-30": "2.39", "2008-03-31": "2.37", "2007-12-31": "3.15", "2007-09-30": "2.59", "2007-06-30": "2.57", "2007-03-31": "2.26", "2006-12-31": "1.92", "2006-09-30": "1.79", "2006-06-30": "1.74", "2006-03-31": "1.70", "2005-12-31": "1.59", "2005-09-30": "1.45", "2005-06-30": "1.87", "2005-03-31": "1.96"}, "return on equity": {"2020-09-30": "0.75%", "2020-06-30": "4.42%", "2020-03-31": "39.19%", "2019-12-31": "44.87%", "2019-09-30": "47.30%", "2019-06-30": "50.53%", "2019-03-31": "11.58%", "2018-12-31": "7.66%", "2018-09-30": "6.24%", "2018-06-30": "1.82%", "2018-03-31": "1.67%", "2017-12-31": "2.54%", "2017-09-30": "11.18%", "2017-06-30": "11.79%", "2017-03-31": "13.31%", "2016-12-31": "11.22%", "2016-09-30": "5.52%", "2016-06-30": "7.25%", "2016-03-31": "6.53%", "2015-12-31": "9.31%", "2015-09-30": "13.15%", "2015-06-30": "12.32%", "2015-03-31": "11.13%", "2014-12-31": "10.68%", "2014-09-30": "2.73%", "2014-06-30": "2.04%", "2014-03-31": "2.89%", "2013-12-31": "5.00%", "2013-09-30": "6.62%", "2013-06-30": "8.54%", "2013-03-31": "7.10%", "2012-12-31": "7.24%", "2012-09-30": "7.43%", "2012-06-30": "4.94%", "2012-03-31": "5.88%", "2011-12-31": "8.17%", "2011-09-30": "10.76%", "2011-06-30": "11.87%", "2011-03-31": "11.69%", "2010-12-31": "8.97%", "2010-09-30": "3.06%", "2010-06-30": "3.47%", "2010-03-31": "1.80%", "2009-12-31": "0.72%", "2009-09-30": "-0.40%", "2009-06-30": "-1.99%", "2009-03-31": "0.61%", "2008-12-31": "4.80%", "2008-09-30": "9.72%", "2008-06-30": "11.30%", "2008-03-31": "11.94%", "2007-12-31": "8.08%", "2007-09-30": "8.51%", "2007-06-30": "8.77%", "2007-03-31": "9.06%", "2006-12-31": "9.10%", "2006-09-30": "9.50%", "2006-06-30": "7.85%", "2006-03-31": "8.70%", "2005-12-31": "10.36%"}, "return on assets": {"2020-09-30": "0.29%", "2020-06-30": "1.78%", "2020-03-31": "16.09%", "2019-12-31": "17.19%", "2019-09-30": "16.94%", "2019-06-30": "16.55%", "2019-03-31": "3.42%", "2018-12-31": "2.28%", "2018-09-30": "1.84%", "2018-06-30": "0.54%", "2018-03-31": "0.53%", "2017-12-31": "0.85%", "2017-09-30": "3.97%", "2017-06-30": "4.23%", "2017-03-31": "4.72%", "2016-12-31": "3.94%", "2016-09-30": "1.92%", "2016-06-30": "2.58%", "2016-03-31": "2.36%", "2015-12-31": "3.41%", "2015-09-30": "4.82%", "2015-06-30": "4.42%", "2015-03-31": "3.92%", "2014-12-31": "3.76%", "2014-09-30": "0.98%", "2014-06-30": "0.75%", "2014-03-31": "1.10%", "2013-12-31": "1.92%", "2013-09-30": "2.50%", "2013-06-30": "3.21%", "2013-03-31": "2.62%", "2012-12-31": "2.66%", "2012-09-30": "2.75%", "2012-06-30": "1.81%", "2012-03-31": "2.15%", "2011-12-31": "2.95%", "2011-09-30": "3.79%", "2011-06-30": "4.03%", "2011-03-31": "3.90%", "2010-12-31": "2.93%", "2010-09-30": "1.00%", "2010-06-30": "1.12%", "2010-03-31": "0.58%", "2009-12-31": "0.23%", "2009-09-30": "-0.12%", "2009-06-30": "-0.60%", "2009-03-31": "0.18%", "2008-12-31": "1.41%", "2008-09-30": "2.73%", "2008-06-30": "3.14%", "2008-03-31": "3.27%", "2007-12-31": "2.23%", "2007-09-30": "2.55%", "2007-06-30": "2.79%", "2007-03-31": "3.08%", "2006-12-31": "3.26%", "2006-09-30": "3.51%", "2006-06-30": "3.00%", "2006-03-31": "3.29%", "2005-12-31": "3.84%"}, "return on investments": {"2020-09-30": "2.06%", "2020-06-30": "2.58%", "2020-03-31": "1.81%", "2019-12-31": "2.04%", "2019-09-30": "2.29%", "2019-06-30": "2.64%", "2019-03-31": "3.81%", "2018-12-31": "3.93%", "2018-09-30": "4.12%", "2018-06-30": "4.16%", "2018-03-31": "3.90%", "2017-12-31": "3.69%", "2017-09-30": "4.05%", "2017-06-30": "3.77%", "2017-03-31": "3.96%", "2016-12-31": "3.22%", "2016-09-30": "2.18%", "2016-06-30": "2.44%", "2016-03-31": "2.52%", "2015-12-31": "3.55%", "2015-09-30": "4.25%", "2015-06-30": "4.14%", "2015-03-31": "4.06%", "2014-12-31": "3.87%", "2014-09-30": "2.76%", "2014-06-30": "3.08%", "2014-03-31": "3.20%", "2013-12-31": "3.76%", "2013-09-30": "4.58%", "2013-06-30": "4.40%", "2013-03-31": "4.39%", "2012-12-31": "4.05%", "2012-09-30": "4.28%", "2012-06-30": "4.36%", "2012-03-31": "4.49%", "2011-12-31": "4.56%", "2011-09-30": "4.00%", "2011-06-30": "4.05%", "2011-03-31": "4.12%", "2010-12-31": "4.32%", "2010-09-30": "4.80%", "2010-06-30": "4.66%", "2010-03-31": "4.42%", "2009-12-31": "4.12%", "2009-09-30": "3.98%", "2009-06-30": "3.97%", "2009-03-31": "4.11%", "2008-12-31": "4.25%", "2008-09-30": "4.80%", "2008-06-30": "4.79%", "2008-03-31": "4.55%", "2007-12-31": "4.48%", "2007-09-30": "4.03%", "2007-06-30": "4.18%", "2007-03-31": "4.62%", "2006-12-31": "5.06%", "2006-09-30": "5.98%", "2006-06-30": "6.16%", "2006-03-31": "6.38%", "2005-12-31": "6.82%"}, "return on tangible equity": {"2020-09-30": "0.75%", "2020-06-30": "4.44%", "2020-03-31": "39.36%", "2019-12-31": "45.08%", "2019-09-30": "47.74%", "2019-06-30": "51.31%", "2019-03-31": "11.84%", "2018-12-31": "7.88%", "2018-09-30": "6.43%", "2018-06-30": "1.87%", "2018-03-31": "1.72%", "2017-12-31": "2.61%", "2017-09-30": "11.48%", "2017-06-30": "12.09%", "2017-03-31": "13.67%", "2016-12-31": "11.54%", "2016-09-30": "5.69%", "2016-06-30": "7.48%", "2016-03-31": "6.74%", "2015-12-31": "9.62%", "2015-09-30": "13.59%", "2015-06-30": "12.75%", "2015-03-31": "11.54%", "2014-12-31": "11.10%", "2014-09-30": "2.85%", "2014-06-30": "2.12%", "2014-03-31": "3.00%", "2013-12-31": "5.21%", "2013-09-30": "6.92%", "2013-06-30": "8.92%", "2013-03-31": "7.42%", "2012-12-31": "7.55%", "2012-09-30": "7.72%", "2012-06-30": "5.14%", "2012-03-31": "6.13%", "2011-12-31": "8.54%", "2011-09-30": "11.28%", "2011-06-30": "12.49%", "2011-03-31": "12.17%", "2010-12-31": "9.22%", "2010-09-30": "3.16%", "2010-06-30": "3.52%", "2010-03-31": "1.83%", "2009-12-31": "0.73%", "2009-09-30": "-0.40%", "2009-06-30": "-1.99%", "2009-03-31": "0.61%", "2008-12-31": "4.80%", "2008-09-30": "9.72%", "2008-06-30": "11.30%", "2008-03-31": "11.94%", "2007-12-31": "8.08%", "2007-09-30": "8.51%", "2007-06-30": "8.77%", "2007-03-31": "9.06%", "2006-12-31": "9.10%", "2006-09-30": "9.50%", "2006-06-30": "7.85%", "2006-03-31": "8.70%", "2005-12-31": "10.36%"}, "dividend yield history": {"last payout": "$2.12", "last yield": "5.67%"}}