{"ticker": "VOYA", "price": {"title": "Voya Financial Historical Annual Stock Price Data", "value": 57.98, "historical": {"2020": {"Average Stock Price": "50.5858", "Year Open": "61.2000", "Year High": "63.6200", "Year Low": "30.3600", "Year Close": "58.8100", "Annual % Change": "-3.56%"}, "2019": {"Average Stock Price": "52.7674", "Year Open": "40.0300", "Year High": "61.7500", "Year Low": "39.5300", "Year Close": "60.9800", "Annual % Change": "51.92%"}, "2018": {"Average Stock Price": "49.3004", "Year Open": "49.7400", "Year High": "55.1500", "Year Low": "37.0600", "Year Close": "40.1400", "Annual % Change": "-18.86%"}, "2017": {"Average Stock Price": "39.4797", "Year Open": "39.7100", "Year High": "52.0700", "Year Low": "34.1800", "Year Close": "49.4700", "Annual % Change": "26.13%"}, "2016": {"Average Stock Price": "30.8458", "Year Open": "36.5200", "Year High": "41.0000", "Year Low": "23.3800", "Year Close": "39.2200", "Annual % Change": "6.26%"}, "2015": {"Average Stock Price": "42.6824", "Year Open": "42.3300", "Year High": "48.1400", "Year Low": "36.0400", "Year Close": "36.9100", "Annual % Change": "-12.91%"}, "2014": {"Average Stock Price": "37.3191", "Year Open": "35.2700", "Year High": "43.0700", "Year Low": "33.1100", "Year Close": "42.3800", "Annual % Change": "20.57%"}, "2013": {"Average Stock Price": "30.0589", "Year Open": "20.8400", "Year High": "35.8900", "Year Low": "20.6700", "Year Close": "35.1500", "Annual % Change": "0.00%"}}}, "market cap": {"value": "$7.32B"}, "income statement": {"Revenue": {"2019-12-31": "7476.00000", "2018-12-31": "7163.00000", "2017-12-31": "7229.00000", "2016-12-31": "8788.00000", "2015-12-31": "8716.00000", "2014-12-31": "10987.40000", "2013-12-31": "8756.50000", "2012-12-31": "9615.30000", "2011-12-31": "9718.80000", "2010-12-31": "9274.20000"}, "Cost Of Goods Sold": {"2019-12-31": "3750.00000", "2018-12-31": "3526.00000", "2017-12-31": "3658.00000", "2016-12-31": "5314.00000", "2015-12-31": "4698.00000", "2014-12-31": "5937.90000", "2013-12-31": "4497.80000", "2012-12-31": "4861.60000", "2011-12-31": "5742.00000", "2010-12-31": "5027.30000"}, "Gross Profit": {"2019-12-31": "3726.00000", "2018-12-31": "3637.00000", "2017-12-31": "3571.00000", "2016-12-31": "3474.00000", "2015-12-31": "4018.00000", "2014-12-31": "5049.50000", "2013-12-31": "4258.70000", "2012-12-31": "4753.70000", "2011-12-31": "3976.80000", "2010-12-31": "4246.90000"}, "Research And Development Expenses": {"2019-12-31": "", "2018-12-31": "", "2017-12-31": "", "2016-12-31": "", "2015-12-31": "", "2014-12-31": "", "2013-12-31": "", "2012-12-31": "", "2011-12-31": "", "2010-12-31": ""}, "SG&A Expenses": {"2019-12-31": "199.00000", "2018-12-31": "233.00000", "2017-12-31": "353.00000", "2016-12-31": "415.00000", "2015-12-31": "377.00000", "2014-12-31": "379.30000", "2013-12-31": "442.80000", "2012-12-31": "722.30000", "2011-12-31": "387.00000", "2010-12-31": "746.60000"}, "Other Operating Income Or Expenses": {"2019-12-31": "-2753.00000", "2018-12-31": "-2614.00000", "2017-12-31": "-2569.00000", "2016-12-31": "-2659.00000", "2015-12-31": "-2696.00000", "2014-12-31": "-3469.80000", "2013-12-31": "-2694.40000", "2012-12-31": "-3165.30000", "2011-12-31": "-3104.30000", "2010-12-31": "-3080.20000"}, "Operating Expenses": {"2019-12-31": "6916.00000", "2018-12-31": "6635.00000", "2017-12-31": "6844.00000", "2016-12-31": "8778.00000", "2015-12-31": "8240.00000", "2014-12-31": "10186.20000", "2013-12-31": "8000.39900", "2012-12-31": "9009.30000", "2011-12-31": "9441.00000", "2010-12-31": "9236.39900"}, "Operating Income": {"2019-12-31": "560.00000", "2018-12-31": "528.00000", "2017-12-31": "385.00000", "2016-12-31": "10.00000", "2015-12-31": "476.00000", "2014-12-31": "801.20020", "2013-12-31": "756.10060", "2012-12-31": "606.00000", "2011-12-31": "277.79980", "2010-12-31": "37.80080"}, "Total Non-Operating Income/Expense": {"2019-12-31": "", "2018-12-31": "", "2017-12-31": "", "2016-12-31": "", "2015-12-31": "", "2014-12-31": "", "2013-12-31": "", "2012-12-31": "", "2011-12-31": "", "2010-12-31": ""}, "Pre-Tax Income": {"2019-12-31": "560.00000", "2018-12-31": "528.00000", "2017-12-31": "385.00000", "2016-12-31": "10.00000", "2015-12-31": "476.00000", "2014-12-31": "801.20000", "2013-12-31": "756.10000", "2012-12-31": "606.00000", "2011-12-31": "277.80000", "2010-12-31": "37.80000"}, "Income Taxes": {"2019-12-31": "-205.00000", "2018-12-31": "37.00000", "2017-12-31": "687.00000", "2016-12-31": "-29.00000", "2015-12-31": "84.00000", "2014-12-31": "-1731.50000", "2013-12-31": "-32.50000", "2012-12-31": "-5.20000", "2011-12-31": "175.00000", "2010-12-31": "171.00000"}, "Income After Taxes": {"2019-12-31": "765.00000", "2018-12-31": "491.00000", "2017-12-31": "-302.00000", "2016-12-31": "39.00000", "2015-12-31": "392.00000", "2014-12-31": "2532.70000", "2013-12-31": "788.60000", "2012-12-31": "611.20000", "2011-12-31": "102.80000", "2010-12-31": "-133.20000"}, "Other Income": {"2019-12-31": "", "2018-12-31": "", "2017-12-31": "", "2016-12-31": "", "2015-12-31": "", "2014-12-31": "", "2013-12-31": "", "2012-12-31": "", "2011-12-31": "", "2010-12-31": ""}, "Income From Continuous Operations": {"2019-12-31": "765.00000", "2018-12-31": "491.00000", "2017-12-31": "-302.00000", "2016-12-31": "39.00000", "2015-12-31": "392.00000", "2014-12-31": "2532.70000", "2013-12-31": "788.60000", "2012-12-31": "611.20000", "2011-12-31": "102.80000", "2010-12-31": "-133.20000"}, "Income From Discontinued Operations": {"2019-12-31": "-1066.00000", "2018-12-31": "529.00000", "2017-12-31": "-2473.00000", "2016-12-31": "-337.00000", "2015-12-31": "146.00000", "2014-12-31": "", "2013-12-31": "", "2012-12-31": "", "2011-12-31": "", "2010-12-31": ""}, "Net Income": {"2019-12-31": "-379.00000", "2018-12-31": "875.00000", "2017-12-31": "-2992.00000", "2016-12-31": "-327.00000", "2015-12-31": "408.00000", "2014-12-31": "2295.00000", "2013-12-31": "598.50000", "2012-12-31": "473.00000", "2011-12-31": "-88.10000", "2010-12-31": "-122.90000"}, "EBITDA": {"2019-12-31": "979.00000", "2018-12-31": "1025.00000", "2017-12-31": "1007.00000", "2016-12-31": "820.00000", "2015-12-31": "1326.00000", "2014-12-31": "1721.60000", "2013-12-31": "1757.30100", "2012-12-31": "1812.30000", "2011-12-31": "1115.90000", "2010-12-31": "1512.10100"}, "EBIT": {"2019-12-31": "774.00000", "2018-12-31": "790.00000", "2017-12-31": "649.00000", "2016-12-31": "400.00000", "2015-12-31": "945.00000", "2014-12-31": "1200.40000", "2013-12-31": "1121.50100", "2012-12-31": "866.10000", "2011-12-31": "485.49980", "2010-12-31": "420.10080"}, "Basic Shares Outstanding": {"2019-12-31": "141.00000", "2018-12-31": "163.20000", "2017-12-31": "184.10000", "2016-12-31": "200.80000", "2015-12-31": "225.40000", "2014-12-31": "253.10000", "2013-12-31": "250.60000", "2012-12-31": "230.00000", "2011-12-31": "230.00000", "2010-12-31": "230.00000"}, "Shares Outstanding": {"2019-12-31": "147.00000", "2018-12-31": "168.20000", "2017-12-31": "184.10000", "2016-12-31": "202.70000", "2015-12-31": "227.40000", "2014-12-31": "255.10000", "2013-12-31": "251.80000", "2012-12-31": "230.00000", "2011-12-31": "230.00000", "2010-12-31": "230.00000"}, "Basic EPS": {"2019-12-31": "-2.69000", "2018-12-31": "5.36000", "2017-12-31": "-16.25000", "2016-12-31": "-1.63000", "2015-12-31": "1.81000", "2014-12-31": "9.07000", "2013-12-31": "2.39000", "2012-12-31": "2.06000", "2011-12-31": "-0.38000", "2010-12-31": "-0.53000"}, "EPS - Earnings Per Share": {"2019-12-31": "-2.69000", "2018-12-31": "5.36000", "2017-12-31": "-16.25000", "2016-12-31": "-1.61000", "2015-12-31": "1.80000", "2014-12-31": "9.00000", "2013-12-31": "2.38000", "2012-12-31": "2.06000", "2011-12-31": "-0.38000", "2010-12-31": "-0.53000"}}, "income statement, quarterly": {"Revenue": {"2020-09-30": "2071.00000", "2020-06-30": "1663.00000", "2020-03-31": "1685.00000", "2019-12-31": "1810.00000", "2019-09-30": "1875.00000", "2019-06-30": "1969.00000", "2019-03-31": "1822.00000", "2018-12-31": "831.00000", "2018-09-30": "2252.00000", "2018-06-30": "2113.00000", "2018-03-31": "1967.00000", "2017-12-31": "797.00000", "2017-09-30": "2184.00000", "2017-06-30": "2191.00000", "2017-03-31": "2057.00000", "2016-12-31": "554.20000", "2016-09-30": "2528.50000", "2016-06-30": "2696.00000", "2016-03-31": "3009.30000", "2015-12-31": "-552.89990", "2015-09-30": "3696.40000", "2015-06-30": "2968.10000", "2015-03-31": "2604.40000", "2014-12-31": "2420.30000", "2014-09-30": "3196.10000", "2014-06-30": "2700.10000", "2014-03-31": "2670.90000", "2013-12-31": "2362.00000", "2013-09-30": "2435.30000", "2013-06-30": "2140.60000", "2013-03-31": "1818.60000", "2012-12-31": "2203.80000", "2012-09-30": "2564.30000", "2012-06-30": "3361.90000", "2012-03-31": "1485.30000", "2011-12-31": "", "2010-12-31": ""}, "Cost Of Goods Sold": {"2020-09-30": "1299.00000", "2020-06-30": "997.00000", "2020-03-31": "882.00000", "2019-12-31": "862.00000", "2019-09-30": "1003.00000", "2019-06-30": "951.00000", "2019-03-31": "934.00000", "2018-12-31": "80.00000", "2018-09-30": "1268.00000", "2018-06-30": "1088.00000", "2018-03-31": "1090.00000", "2017-12-31": "181.00000", "2017-09-30": "1192.00000", "2017-06-30": "1136.00000", "2017-03-31": "1149.00000", "2016-12-31": "-18.30010", "2016-09-30": "1906.90000", "2016-06-30": "1549.70000", "2016-03-31": "1875.70000", "2015-12-31": "-577.50010", "2015-09-30": "2454.80000", "2015-06-30": "1449.00000", "2015-03-31": "1371.70000", "2014-12-31": "1541.70000", "2014-09-30": "1732.90000", "2014-06-30": "1305.20000", "2014-03-31": "1358.10000", "2013-12-31": "1118.80000", "2013-09-30": "1087.70000", "2013-06-30": "1229.90000", "2013-03-31": "1061.40000", "2012-12-31": "1783.40000", "2012-09-30": "1106.50000", "2012-06-30": "1511.60000", "2012-03-31": "1018.20000", "2011-12-31": "", "2010-12-31": ""}, "Gross Profit": {"2020-09-30": "772.00000", "2020-06-30": "666.00000", "2020-03-31": "803.00000", "2019-12-31": "948.00000", "2019-09-30": "872.00000", "2019-06-30": "1018.00000", "2019-03-31": "888.00000", "2018-12-31": "751.00000", "2018-09-30": "984.00000", "2018-06-30": "1025.00000", "2018-03-31": "877.00000", "2017-12-31": "616.00000", "2017-09-30": "992.00000", "2017-06-30": "1055.00000", "2017-03-31": "908.00000", "2016-12-31": "572.50000", "2016-09-30": "621.60000", "2016-06-30": "1146.30000", "2016-03-31": "1133.60000", "2015-12-31": "24.60020", "2015-09-30": "1241.60000", "2015-06-30": "1519.10000", "2015-03-31": "1232.70000", "2014-12-31": "878.60020", "2014-09-30": "1463.20000", "2014-06-30": "1394.90000", "2014-03-31": "1312.80000", "2013-12-31": "1243.20000", "2013-09-30": "1347.60000", "2013-06-30": "910.70010", "2013-03-31": "757.20000", "2012-12-31": "420.39980", "2012-09-30": "1457.80000", "2012-06-30": "1850.30000", "2012-03-31": "467.10010", "2011-12-31": "", "2010-12-31": ""}, "Research And Development Expenses": {"2020-09-30": "", "2020-06-30": "", "2020-03-31": "", "2019-12-31": "", "2019-09-30": "", "2019-06-30": "", "2019-03-31": "", "2018-12-31": "", "2018-09-30": "", "2018-06-30": "", "2018-03-31": "", "2017-12-31": "", "2017-09-30": "", "2017-06-30": "", "2017-03-31": "", "2016-12-31": "", "2016-09-30": "", "2016-06-30": "", "2016-03-31": "", "2015-12-31": "", "2015-09-30": "", "2015-06-30": "", "2015-03-31": "", "2014-12-31": "", "2014-09-30": "", "2014-06-30": "", "2014-03-31": "", "2013-12-31": "", "2013-09-30": "", "2013-06-30": "", "2013-03-31": "", "2012-12-31": "", "2012-09-30": "", "2012-06-30": "", "2012-03-31": "", "2011-12-31": "", "2010-12-31": ""}, "SG&A Expenses": {"2020-09-30": "241.00000", "2020-06-30": "19.00000", "2020-03-31": "76.00000", "2019-12-31": "63.00000", "2019-09-30": "36.00000", "2019-06-30": "43.00000", "2019-03-31": "57.00000", "2018-12-31": "-27.00000", "2018-09-30": "86.00000", "2018-06-30": "74.00000", "2018-03-31": "100.00000", "2017-12-31": "-115.00000", "2017-09-30": "209.00000", "2017-06-30": "195.00000", "2017-03-31": "64.00000", "2016-12-31": "33.80000", "2016-09-30": "180.70000", "2016-06-30": "98.00000", "2016-03-31": "102.50000", "2015-12-31": "-210.50000", "2015-09-30": "316.30000", "2015-06-30": "153.10000", "2015-03-31": "118.10000", "2014-12-31": "106.90000", "2014-09-30": "30.60000", "2014-06-30": "115.70000", "2014-03-31": "126.10000", "2013-12-31": "123.20000", "2013-09-30": "64.60000", "2013-06-30": "124.50000", "2013-03-31": "130.50000", "2012-12-31": "1191.90000", "2012-09-30": "150.00000", "2012-06-30": "216.20000", "2012-03-31": "173.70000", "2011-12-31": "", "2010-12-31": ""}, "Other Operating Income Or Expenses": {"2020-09-30": "-631.00000", "2020-06-30": "-645.00000", "2020-03-31": "-640.00000", "2019-12-31": "-769.00000", "2019-09-30": "-628.00000", "2019-06-30": "-674.00000", "2019-03-31": "-682.00000", "2018-12-31": "-608.00000", "2018-09-30": "-657.00000", "2018-06-30": "-648.00000", "2018-03-31": "-701.00000", "2017-12-31": "-592.00000", "2017-09-30": "-676.00000", "2017-06-30": "-633.00000", "2017-03-31": "-668.00000", "2016-12-31": "-495.40000", "2016-09-30": "-724.70000", "2016-06-30": "-717.80000", "2016-03-31": "-721.10000", "2015-12-31": "-472.20010", "2015-09-30": "-731.90000", "2015-06-30": "-748.50000", "2015-03-31": "-743.40000", "2014-12-31": "-1149.00000", "2014-09-30": "-769.00000", "2014-06-30": "-761.20000", "2014-03-31": "-790.60000", "2013-12-31": "-396.20000", "2013-09-30": "-764.20000", "2013-06-30": "-774.20000", "2013-03-31": "-759.80000", "2012-12-31": "", "2012-09-30": "-861.10000", "2012-06-30": "-717.30000", "2012-03-31": "-759.80000", "2011-12-31": "", "2010-12-31": ""}, "Operating Expenses": {"2020-09-30": "2216.00000", "2020-06-30": "1711.00000", "2020-03-31": "1641.00000", "2019-12-31": "1744.00000", "2019-09-30": "1726.00000", "2019-06-30": "1726.00000", "2019-03-31": "1720.00000", "2018-12-31": "751.00000", "2018-09-30": "2066.00000", "2018-06-30": "1872.00000", "2018-03-31": "1946.00000", "2017-12-31": "720.00000", "2017-09-30": "2144.00000", "2017-06-30": "2036.00000", "2017-03-31": "1944.00000", "2016-12-31": "582.69970", "2016-09-30": "2884.40000", "2016-06-30": "2542.90000", "2016-03-31": "2768.00000", "2015-12-31": "-201.10010", "2015-09-30": "3616.10000", "2015-06-30": "2481.90000", "2015-03-31": "2343.10000", "2014-12-31": "2902.20100", "2014-09-30": "2636.30000", "2014-06-30": "2279.10000", "2014-03-31": "2368.60000", "2013-12-31": "1736.40000", "2013-09-30": "2015.30000", "2013-06-30": "2215.80000", "2013-03-31": "2032.90000", "2012-12-31": "2234.80000", "2012-09-30": "2190.40000", "2012-06-30": "2508.80000", "2012-03-31": "1998.20000", "2011-12-31": "", "2010-12-31": ""}, "Operating Income": {"2020-09-30": "-145.00000", "2020-06-30": "-48.00000", "2020-03-31": "44.00000", "2019-12-31": "66.00000", "2019-09-30": "149.00000", "2019-06-30": "243.00000", "2019-03-31": "102.00000", "2018-12-31": "80.00000", "2018-09-30": "186.00000", "2018-06-30": "241.00000", "2018-03-31": "21.00000", "2017-12-31": "77.00000", "2017-09-30": "40.00000", "2017-06-30": "155.00000", "2017-03-31": "113.00000", "2016-12-31": "-28.49980", "2016-09-30": "-355.90010", "2016-06-30": "153.10010", "2016-03-31": "241.30000", "2015-12-31": "-351.79980", "2015-09-30": "80.29980", "2015-06-30": "486.20020", "2015-03-31": "261.29980", "2014-12-31": "-481.90040", "2014-09-30": "559.80030", "2014-06-30": "421.00020", "2014-03-31": "302.29980", "2013-12-31": "625.60030", "2013-09-30": "420.00000", "2013-06-30": "-75.20000", "2013-03-31": "-214.29990", "2012-12-31": "-31.00000", "2012-09-30": "373.90010", "2012-06-30": "853.10010", "2012-03-31": "-512.89990", "2011-12-31": "", "2010-12-31": ""}, "Total Non-Operating Income/Expense": {"2020-09-30": "", "2020-06-30": "", "2020-03-31": "", "2019-12-31": "", "2019-09-30": "", "2019-06-30": "", "2019-03-31": "", "2018-12-31": "", "2018-09-30": "", "2018-06-30": "", "2018-03-31": "", "2017-12-31": "", "2017-09-30": "", "2017-06-30": "", "2017-03-31": "", "2016-12-31": "", "2016-09-30": "", "2016-06-30": "", "2016-03-31": "", "2015-12-31": "", "2015-09-30": "", "2015-06-30": "", "2015-03-31": "", "2014-12-31": "", "2014-09-30": "", "2014-06-30": "", "2014-03-31": "", "2013-12-31": "", "2013-09-30": "", "2013-06-30": "", "2013-03-31": "", "2012-12-31": "-77.10000", "2012-09-30": "", "2012-06-30": "", "2012-03-31": "", "2011-12-31": "", "2010-12-31": ""}, "Pre-Tax Income": {"2020-09-30": "-145.00000", "2020-06-30": "-48.00000", "2020-03-31": "44.00000", "2019-12-31": "66.00000", "2019-09-30": "149.00000", "2019-06-30": "243.00000", "2019-03-31": "102.00000", "2018-12-31": "80.00000", "2018-09-30": "186.00000", "2018-06-30": "241.00000", "2018-03-31": "21.00000", "2017-12-31": "77.00000", "2017-09-30": "40.00000", "2017-06-30": "155.00000", "2017-03-31": "113.00000", "2016-12-31": "-28.50000", "2016-09-30": "-355.90000", "2016-06-30": "153.10000", "2016-03-31": "241.30000", "2015-12-31": "-351.80000", "2015-09-30": "80.30000", "2015-06-30": "486.20000", "2015-03-31": "261.30000", "2014-12-31": "-481.90000", "2014-09-30": "559.80000", "2014-06-30": "421.00000", "2014-03-31": "302.30000", "2013-12-31": "625.60000", "2013-09-30": "420.00000", "2013-06-30": "-75.20000", "2013-03-31": "-214.30000", "2012-12-31": "-108.10000", "2012-09-30": "373.90000", "2012-06-30": "853.10000", "2012-03-31": "-512.90000", "2011-12-31": "", "2010-12-31": ""}, "Income Taxes": {"2020-09-30": "-72.00000", "2020-06-30": "5.00000", "2020-03-31": "-6.00000", "2019-12-31": "-252.00000", "2019-09-30": "5.00000", "2019-06-30": "33.00000", "2019-03-31": "9.00000", "2018-12-31": "-33.00000", "2018-09-30": "21.00000", "2018-06-30": "45.00000", "2018-03-31": "4.00000", "2017-12-31": "634.00000", "2017-09-30": "-40.00000", "2017-06-30": "", "2017-03-31": "93.00000", "2016-12-31": "24.30000", "2016-09-30": "-119.40000", "2016-06-30": "17.10000", "2016-03-31": "49.00000", "2015-12-31": "-44.80000", "2015-09-30": "-35.90000", "2015-06-30": "119.10000", "2015-03-31": "45.60000", "2014-12-31": "-1805.70000", "2014-09-30": "37.40000", "2014-06-30": "6.10000", "2014-03-31": "30.70000", "2013-12-31": "-26.10000", "2013-09-30": "-27.70000", "2013-06-30": "10.10000", "2013-03-31": "11.20000", "2012-12-31": "-1.20000", "2012-09-30": "-12.90000", "2012-06-30": "1.00000", "2012-03-31": "7.90000", "2011-12-31": "", "2010-12-31": ""}, "Income After Taxes": {"2020-09-30": "-73.00000", "2020-06-30": "-53.00000", "2020-03-31": "50.00000", "2019-12-31": "318.00000", "2019-09-30": "144.00000", "2019-06-30": "210.00000", "2019-03-31": "93.00000", "2018-12-31": "113.00000", "2018-09-30": "165.00000", "2018-06-30": "196.00000", "2018-03-31": "17.00000", "2017-12-31": "-557.00000", "2017-09-30": "80.00000", "2017-06-30": "155.00000", "2017-03-31": "20.00000", "2016-12-31": "-52.80000", "2016-09-30": "-236.50000", "2016-06-30": "136.00000", "2016-03-31": "192.30000", "2015-12-31": "-307.00000", "2015-09-30": "116.20000", "2015-06-30": "367.10000", "2015-03-31": "215.70000", "2014-12-31": "1323.80000", "2014-09-30": "522.40000", "2014-06-30": "414.90000", "2014-03-31": "271.60000", "2013-12-31": "651.70000", "2013-09-30": "447.70000", "2013-06-30": "-85.30000", "2013-03-31": "-225.50000", "2012-12-31": "-106.90000", "2012-09-30": "386.80000", "2012-06-30": "852.10000", "2012-03-31": "-520.80000", "2011-12-31": "", "2010-12-31": ""}, "Other Income": {"2020-09-30": "", "2020-06-30": "", "2020-03-31": "", "2019-12-31": "", "2019-09-30": "", "2019-06-30": "", "2019-03-31": "", "2018-12-31": "", "2018-09-30": "", "2018-06-30": "", "2018-03-31": "", "2017-12-31": "", "2017-09-30": "", "2017-06-30": "", "2017-03-31": "", "2016-12-31": "", "2016-09-30": "", "2016-06-30": "", "2016-03-31": "", "2015-12-31": "", "2015-09-30": "", "2015-06-30": "", "2015-03-31": "", "2014-12-31": "", "2014-09-30": "", "2014-06-30": "", "2014-03-31": "", "2013-12-31": "", "2013-09-30": "", "2013-06-30": "", "2013-03-31": "", "2012-12-31": "0.00000", "2012-09-30": "", "2012-06-30": "", "2012-03-31": "", "2011-12-31": "", "2010-12-31": ""}, "Income From Continuous Operations": {"2020-09-30": "-73.00000", "2020-06-30": "-53.00000", "2020-03-31": "50.00000", "2019-12-31": "318.00000", "2019-09-30": "144.00000", "2019-06-30": "210.00000", "2019-03-31": "93.00000", "2018-12-31": "113.00000", "2018-09-30": "165.00000", "2018-06-30": "196.00000", "2018-03-31": "17.00000", "2017-12-31": "-557.00000", "2017-09-30": "80.00000", "2017-06-30": "155.00000", "2017-03-31": "20.00000", "2016-12-31": "-52.80000", "2016-09-30": "-236.50000", "2016-06-30": "136.00000", "2016-03-31": "192.30000", "2015-12-31": "-307.00000", "2015-09-30": "116.20000", "2015-06-30": "367.10000", "2015-03-31": "215.70000", "2014-12-31": "1323.80000", "2014-09-30": "522.40000", "2014-06-30": "414.90000", "2014-03-31": "271.60000", "2013-12-31": "651.70000", "2013-09-30": "447.70000", "2013-06-30": "-85.30000", "2013-03-31": "-225.50000", "2012-12-31": "-22.70000", "2012-09-30": "386.80000", "2012-06-30": "852.10000", "2012-03-31": "-520.80000", "2011-12-31": "", "2010-12-31": ""}, "Income From Discontinued Operations": {"2020-09-30": "-140.00000", "2020-06-30": "-93.00000", "2020-03-31": "-128.00000", "2019-12-31": "-1084.00000", "2019-09-30": "-4.00000", "2019-06-30": "42.00000", "2019-03-31": "-20.00000", "2018-12-31": "72.00000", "2018-09-30": "", "2018-06-30": "28.00000", "2018-03-31": "429.00000", "2017-12-31": "-2509.00000", "2017-09-30": "134.00000", "2017-06-30": "64.00000", "2017-03-31": "-162.00000", "2016-12-31": "", "2016-09-30": "", "2016-06-30": "", "2016-03-31": "", "2015-12-31": "", "2015-09-30": "", "2015-06-30": "", "2015-03-31": "", "2014-12-31": "", "2014-09-30": "", "2014-06-30": "", "2014-03-31": "", "2013-12-31": "", "2013-09-30": "", "2013-06-30": "", "2013-03-31": "", "2012-12-31": "0.00000", "2012-09-30": "", "2012-06-30": "", "2012-03-31": "", "2011-12-31": "", "2010-12-31": ""}, "Net Income": {"2020-09-30": "-333.00000", "2020-06-30": "-71.00000", "2020-03-31": "-98.00000", "2019-12-31": "-776.00000", "2019-09-30": "107.00000", "2019-06-30": "226.00000", "2019-03-31": "64.00000", "2018-12-31": "121.00000", "2018-09-30": "142.00000", "2018-06-30": "166.00000", "2018-03-31": "446.00000", "2017-12-31": "-3165.00000", "2017-09-30": "149.00000", "2017-06-30": "167.00000", "2017-03-31": "-143.00000", "2016-12-31": "-432.00000", "2016-09-30": "-248.10000", "2016-06-30": "161.50000", "2016-03-31": "191.60000", "2015-12-31": "-107.10000", "2015-09-30": "40.30000", "2015-06-30": "285.20000", "2015-03-31": "189.60000", "2014-12-31": "1382.80000", "2014-09-30": "405.80000", "2014-06-30": "248.30000", "2014-03-31": "258.10000", "2013-12-31": "546.10000", "2013-09-30": "346.60000", "2013-06-30": "-82.20000", "2013-03-31": "-212.00000", "2012-12-31": "-22.70000", "2012-09-30": "366.50000", "2012-06-30": "634.40000", "2012-03-31": "-505.20000", "2011-12-31": "", "2010-12-31": ""}, "EBITDA": {"2020-09-30": "-100.00000", "2020-06-30": "2.00000", "2020-03-31": "87.00000", "2019-12-31": "116.00000", "2019-09-30": "208.00000", "2019-06-30": "301.00000", "2019-03-31": "149.00000", "2018-12-31": "170.00000", "2018-09-30": "241.00000", "2018-06-30": "303.00000", "2018-03-31": "76.00000", "2017-12-31": "139.00000", "2017-09-30": "107.00000", "2017-06-30": "227.00000", "2017-03-31": "176.00000", "2016-12-31": "43.30030", "2016-09-30": "-283.80010", "2016-06-30": "330.50010", "2016-03-31": "310.00010", "2015-12-31": "-237.09980", "2015-09-30": "193.39980", "2015-06-30": "617.50020", "2015-03-31": "371.19980", "2014-12-31": "-377.30040", "2014-09-30": "663.60030", "2014-06-30": "518.00020", "2014-03-31": "396.09980", "2013-12-31": "723.80030", "2013-09-30": "518.80000", "2013-06-30": "12.00010", "2013-03-31": "-133.09990", "2012-12-31": "46.10000", "2012-09-30": "446.70010", "2012-06-30": "916.80010", "2012-03-31": "-466.39990", "2011-12-31": "", "2010-12-31": ""}, "EBIT": {"2020-09-30": "-100.00000", "2020-06-30": "2.00000", "2020-03-31": "87.00000", "2019-12-31": "116.00000", "2019-09-30": "208.00000", "2019-06-30": "301.00000", "2019-03-31": "149.00000", "2018-12-31": "170.00000", "2018-09-30": "241.00000", "2018-06-30": "303.00000", "2018-03-31": "76.00000", "2017-12-31": "139.00000", "2017-09-30": "107.00000", "2017-06-30": "227.00000", "2017-03-31": "176.00000", "2016-12-31": "43.30000", "2016-09-30": "-283.80010", "2016-06-30": "330.50010", "2016-03-31": "310.00010", "2015-12-31": "-237.09980", "2015-09-30": "193.39980", "2015-06-30": "617.50020", "2015-03-31": "371.19980", "2014-12-31": "-377.30020", "2014-09-30": "663.60030", "2014-06-30": "518.00020", "2014-03-31": "396.09980", "2013-12-31": "723.80050", "2013-09-30": "518.80000", "2013-06-30": "12.00010", "2013-03-31": "-133.09990", "2012-12-31": "-31.00000", "2012-09-30": "446.70010", "2012-06-30": "916.80010", "2012-03-31": "-466.39990", "2011-12-31": "", "2010-12-31": ""}, "Basic Shares Outstanding": {"2020-09-30": "126.30000", "2020-06-30": "126.20000", "2020-03-31": "130.90000", "2019-12-31": "141.00000", "2019-09-30": "138.40000", "2019-06-30": "144.10000", "2019-03-31": "146.90000", "2018-12-31": "163.20000", "2018-09-30": "159.60000", "2018-06-30": "167.00000", "2018-03-31": "172.30000", "2017-12-31": "184.10000", "2017-09-30": "179.80000", "2017-06-30": "185.80000", "2017-03-31": "191.70000", "2016-12-31": "200.80000", "2016-09-30": "199.60000", "2016-06-30": "202.40000", "2016-03-31": "206.90000", "2015-12-31": "225.40000", "2015-09-30": "221.80000", "2015-06-30": "228.30000", "2015-03-31": "238.50000", "2014-12-31": "253.10000", "2014-09-30": "252.60000", "2014-06-30": "254.50000", "2014-03-31": "261.10000", "2013-12-31": "250.60000", "2013-09-30": "260.80000", "2013-06-30": "250.30000", "2013-03-31": "230.00000", "2012-12-31": "230.00000", "2012-09-30": "230.00000", "2012-06-30": "230.00000", "2012-03-31": "230.00000", "2011-12-31": "", "2010-12-31": ""}, "Shares Outstanding": {"2020-09-30": "126.30000", "2020-06-30": "128.30000", "2020-03-31": "137.40000", "2019-12-31": "147.00000", "2019-09-30": "144.30000", "2019-06-30": "149.90000", "2019-03-31": "151.30000", "2018-12-31": "168.20000", "2018-09-30": "164.00000", "2018-06-30": "172.80000", "2018-03-31": "178.40000", "2017-12-31": "184.10000", "2017-09-30": "182.40000", "2017-06-30": "187.70000", "2017-03-31": "194.50000", "2016-12-31": "202.70000", "2016-09-30": "199.60000", "2016-06-30": "203.50000", "2016-03-31": "209.10000", "2015-12-31": "227.40000", "2015-09-30": "223.60000", "2015-06-30": "229.80000", "2015-03-31": "240.70000", "2014-12-31": "255.10000", "2014-09-30": "254.40000", "2014-06-30": "256.20000", "2014-03-31": "263.50000", "2013-12-31": "251.80000", "2013-09-30": "262.30000", "2013-06-30": "250.30000", "2013-03-31": "230.00000", "2012-12-31": "230.00000", "2012-09-30": "230.00000", "2012-06-30": "230.00000", "2012-03-31": "230.00000", "2011-12-31": "", "2010-12-31": ""}, "Basic EPS": {"2020-09-30": "-2.64000", "2020-06-30": "-0.56000", "2020-03-31": "-0.75000", "2019-12-31": "-5.47000", "2019-09-30": "0.77000", "2019-06-30": "1.57000", "2019-03-31": "0.44000", "2018-12-31": "0.88000", "2018-09-30": "0.89000", "2018-06-30": "1.00000", "2018-03-31": "2.59000", "2017-12-31": "-17.23000", "2017-09-30": "0.83000", "2017-06-30": "0.90000", "2017-03-31": "-0.75000", "2016-12-31": "-2.12000", "2016-09-30": "-1.24000", "2016-06-30": "0.80000", "2016-03-31": "0.93000", "2015-12-31": "-0.42000", "2015-09-30": "0.18000", "2015-06-30": "1.25000", "2015-03-31": "0.80000", "2014-12-31": "5.49000", "2014-09-30": "1.61000", "2014-06-30": "0.98000", "2014-03-31": "0.99000", "2013-12-31": "2.31000", "2013-09-30": "1.33000", "2013-06-30": "-0.33000", "2013-03-31": "-0.92000", "2012-12-31": "-0.10000", "2012-09-30": "1.59000", "2012-06-30": "2.76000", "2012-03-31": "-2.20000", "2011-12-31": "", "2010-12-31": ""}, "EPS - Earnings Per Share": {"2020-09-30": "-2.64000", "2020-06-30": "-0.55000", "2020-03-31": "-0.71000", "2019-12-31": "-5.36000", "2019-09-30": "0.74000", "2019-06-30": "1.51000", "2019-03-31": "0.42000", "2018-12-31": "1.03000", "2018-09-30": "0.87000", "2018-06-30": "0.96000", "2018-03-31": "2.50000", "2017-12-31": "-17.21000", "2017-09-30": "0.81000", "2017-06-30": "0.89000", "2017-03-31": "-0.74000", "2016-12-31": "-2.08000", "2016-09-30": "-1.24000", "2016-06-30": "0.79000", "2016-03-31": "0.92000", "2015-12-31": "-0.41000", "2015-09-30": "0.18000", "2015-06-30": "1.24000", "2015-03-31": "0.79000", "2014-12-31": "5.46000", "2014-09-30": "1.59000", "2014-06-30": "0.97000", "2014-03-31": "0.98000", "2013-12-31": "2.31000", "2013-09-30": "1.32000", "2013-06-30": "-0.33000", "2013-03-31": "-0.92000", "2012-12-31": "-0.10000", "2012-09-30": "1.59000", "2012-06-30": "2.76000", "2012-03-31": "-2.20000", "2011-12-31": "0.00000", "2010-12-31": "0.00000"}}, "balance sheet": {"Cash On Hand": {"2019-12-31": "1249.00000", "2018-12-31": "1568.00000", "2017-12-31": "1435.00000", "2016-12-31": "2229.00000", "2015-12-31": "2980.30000", "2014-12-31": "3241.30000", "2013-12-31": "3551.50000", "2012-12-31": "2227.60000", "2011-12-31": "775.00000", "2010-12-31": ""}, "Receivables": {"2019-12-31": "3732.00000", "2018-12-31": "3843.00000", "2017-12-31": "7632.00000", "2016-12-31": "7287.00000", "2015-12-31": "7653.70000", "2014-12-31": "7116.90000", "2013-12-31": "6702.20000", "2012-12-31": "7379.30000", "2011-12-31": "7723.40000", "2010-12-31": ""}, "Inventory": {"2019-12-31": "", "2018-12-31": "", "2017-12-31": "", "2016-12-31": "", "2015-12-31": "", "2014-12-31": "", "2013-12-31": "", "2012-12-31": "", "2011-12-31": "", "2010-12-31": ""}, "Pre-Paid Expenses": {"2019-12-31": "", "2018-12-31": "", "2017-12-31": "", "2016-12-31": "", "2015-12-31": "", "2014-12-31": "", "2013-12-31": "", "2012-12-31": "", "2011-12-31": "", "2010-12-31": ""}, "Other Current Assets": {"2019-12-31": "", "2018-12-31": "", "2017-12-31": "", "2016-12-31": "", "2015-12-31": "", "2014-12-31": "", "2013-12-31": "", "2012-12-31": "", "2011-12-31": "", "2010-12-31": ""}, "Total Current Assets": {"2019-12-31": "4981.00000", "2018-12-31": "5411.00000", "2017-12-31": "9067.00000", "2016-12-31": "9516.00000", "2015-12-31": "10634.00000", "2014-12-31": "10358.20000", "2013-12-31": "10253.70000", "2012-12-31": "9606.90000", "2011-12-31": "8498.40000", "2010-12-31": ""}, "Property, Plant, And Equipment": {"2019-12-31": "", "2018-12-31": "", "2017-12-31": "", "2016-12-31": "", "2015-12-31": "", "2014-12-31": "", "2013-12-31": "", "2012-12-31": "", "2011-12-31": "", "2010-12-31": ""}, "Long-Term Investments": {"2019-12-31": "55587.00000", "2018-12-31": "52437.00000", "2017-12-31": "68380.00000", "2016-12-31": "65035.00000", "2015-12-31": "90050.90000", "2014-12-31": "92552.50000", "2013-12-31": "88500.80000", "2012-12-31": "97015.10000", "2011-12-31": "94776.80000", "2010-12-31": ""}, "Goodwill And Intangible Assets": {"2019-12-31": "", "2018-12-31": "", "2017-12-31": "", "2016-12-31": "", "2015-12-31": "250.80000", "2014-12-31": "284.40000", "2013-12-31": "323.70000", "2012-12-31": "348.50000", "2011-12-31": "382.50000", "2010-12-31": "0.00000"}, "Other Long-Term Assets": {"2019-12-31": "104799.00000", "2018-12-31": "92999.00000", "2017-12-31": "140930.00000", "2016-12-31": "134467.00000", "2015-12-31": "109702.90000", "2014-12-31": "117864.80000", "2013-12-31": "116431.30000", "2012-12-31": "105767.40000", "2011-12-31": "95562.80000", "2010-12-31": ""}, "Total Long-Term Assets": {"2019-12-31": "164070.00000", "2018-12-31": "150019.00000", "2017-12-31": "213465.00000", "2016-12-31": "205069.00000", "2015-12-31": "207589.50000", "2014-12-31": "216572.50000", "2013-12-31": "210769.50000", "2012-12-31": "206787.30000", "2011-12-31": "195074.40000", "2010-12-31": ""}, "Total Assets": {"2019-12-31": "169051.00000", "2018-12-31": "155430.00000", "2017-12-31": "222532.00000", "2016-12-31": "214585.00000", "2015-12-31": "218223.50000", "2014-12-31": "226930.70000", "2013-12-31": "221023.20000", "2012-12-31": "216394.20000", "2011-12-31": "203572.80000", "2010-12-31": "0.00000"}, "Total Current Liabilities": {"2019-12-31": "51337.00000", "2018-12-31": "51322.00000", "2017-12-31": "66692.00000", "2016-12-31": "65522.00000", "2015-12-31": "89561.91000", "2014-12-31": "86937.50000", "2013-12-31": "85663.09000", "2012-12-31": "89260.10000", "2011-12-31": "91518.30000", "2010-12-31": ""}, "Long Term Debt": {"2019-12-31": "4415.00000", "2018-12-31": "4502.00000", "2017-12-31": "4989.00000", "2016-12-31": "4519.00000", "2015-12-31": "4944.80000", "2014-12-31": "4960.70000", "2013-12-31": "4284.10000", "2012-12-31": "4680.90000", "2011-12-31": "3124.90000", "2010-12-31": ""}, "Other Non-Current Liabilities": {"2019-12-31": "103042.00000", "2018-12-31": "90601.00000", "2017-12-31": "139812.00000", "2016-12-31": "130576.00000", "2015-12-31": "107371.00000", "2014-12-31": "116386.20000", "2013-12-31": "115517.90000", "2012-12-31": "105337.60000", "2011-12-31": "94490.50000", "2010-12-31": ""}, "Total Long Term Liabilities": {"2019-12-31": "107484.00000", "2018-12-31": "95103.00000", "2017-12-31": "144801.00000", "2016-12-31": "135095.00000", "2015-12-31": "112385.80000", "2014-12-31": "121431.70000", "2013-12-31": "119846.10000", "2012-12-31": "111072.90000", "2011-12-31": "98128.40000", "2010-12-31": ""}, "Total Liabilities": {"2019-12-31": "158821.00000", "2018-12-31": "146425.00000", "2017-12-31": "211493.00000", "2016-12-31": "200617.00000", "2015-12-31": "201947.70000", "2014-12-31": "208369.20000", "2013-12-31": "205509.20000", "2012-12-31": "200333.00000", "2011-12-31": "189646.70000", "2010-12-31": "0.00000"}, "Common Stock Net": {"2019-12-31": "2.00000", "2018-12-31": "3.00000", "2017-12-31": "3.00000", "2016-12-31": "3.00000", "2015-12-31": "2.70000", "2014-12-31": "2.60000", "2013-12-31": "2.60000", "2012-12-31": "2.30000", "2011-12-31": "2.30000", "2010-12-31": "0.00000"}, "Retained Earnings (Accumulated Deficit)": {"2019-12-31": "-4649.00000", "2018-12-31": "-11732.00000", "2017-12-31": "-12719.00000", "2016-12-31": "-9742.00000", "2015-12-31": "-9406.30000", "2014-12-31": "-9803.20000", "2013-12-31": "-12143.20000", "2012-12-31": "-12755.70000", "2011-12-31": "-13108.60000", "2010-12-31": ""}, "Comprehensive Income": {"2019-12-31": "3331.00000", "2018-12-31": "607.00000", "2017-12-31": "2731.00000", "2016-12-31": "1921.00000", "2015-12-31": "1424.90000", "2014-12-31": "3103.70000", "2013-12-31": "1849.10000", "2012-12-31": "3710.70000", "2011-12-31": "2595.00000", "2010-12-31": ""}, "Other Share Holders Equity": {"2019-12-31": "", "2018-12-31": "", "2017-12-31": "", "2016-12-31": "", "2015-12-31": "", "2014-12-31": "", "2013-12-31": "", "2012-12-31": "", "2011-12-31": "", "2010-12-31": "0.00000"}, "Share Holder Equity": {"2019-12-31": "10230.00000", "2018-12-31": "9005.00000", "2017-12-31": "11039.00000", "2016-12-31": "13968.00000", "2015-12-31": "16275.80000", "2014-12-31": "18561.50000", "2013-12-31": "15514.00000", "2012-12-31": "16061.20000", "2011-12-31": "13926.10000", "2010-12-31": "0.00000"}, "Total Liabilities And Share Holders Equity": {"2019-12-31": "169051.00000", "2018-12-31": "155430.00000", "2017-12-31": "222532.00000", "2016-12-31": "214585.00000", "2015-12-31": "218223.50000", "2014-12-31": "226930.70000", "2013-12-31": "221023.20000", "2012-12-31": "216394.20000", "2011-12-31": "203572.80000", "2010-12-31": "0.00000"}}, "balance sheet, quarterly": {"Cash On Hand": {"2020-09-30": "1136.00000", "2020-06-30": "1149.00000", "2020-03-31": "1085.00000", "2019-12-31": "1249.00000", "2019-09-30": "1450.00000", "2019-06-30": "1541.00000", "2019-03-31": "1340.00000", "2018-12-31": "1568.00000", "2018-09-30": "1885.00000", "2018-06-30": "1620.00000", "2018-03-31": "1597.00000", "2017-12-31": "1435.00000", "2017-09-30": "2072.90000", "2017-06-30": "2713.30000", "2017-03-31": "2531.30000", "2016-12-31": "2229.00000", "2016-09-30": "2951.60000", "2016-06-30": "3977.30000", "2016-03-31": "2781.00000", "2015-12-31": "2980.30000", "2015-09-30": "3286.10000", "2015-06-30": "2958.90000", "2015-03-31": "2175.10000", "2014-12-31": "3241.30000", "2014-09-30": "1908.50000", "2014-06-30": "3787.60000", "2014-03-31": "2499.80000", "2013-12-31": "3551.50000", "2013-09-30": "2030.00000", "2013-06-30": "2486.40000", "2013-03-31": "3842.50000", "2012-12-31": "2227.60000", "2012-09-30": "", "2012-06-30": "", "2012-03-31": "", "2011-12-31": "775.00000", "2010-12-31": ""}, "Receivables": {"2020-09-30": "3657.00000", "2020-06-30": "3767.00000", "2020-03-31": "3722.00000", "2019-12-31": "3732.00000", "2019-09-30": "6780.00000", "2019-06-30": "6640.00000", "2019-03-31": "6753.00000", "2018-12-31": "3843.00000", "2018-09-30": "7068.00000", "2018-06-30": "7617.00000", "2018-03-31": "7601.00000", "2017-12-31": "7632.00000", "2017-09-30": "7297.80000", "2017-06-30": "7277.50000", "2017-03-31": "7353.70000", "2016-12-31": "7287.00000", "2016-09-30": "7305.10000", "2016-06-30": "7473.10000", "2016-03-31": "7558.00000", "2015-12-31": "7653.70000", "2015-09-30": "7332.50000", "2015-06-30": "7269.10000", "2015-03-31": "7048.80000", "2014-12-31": "7116.90000", "2014-09-30": "6752.50000", "2014-06-30": "6637.10000", "2014-03-31": "6785.80000", "2013-12-31": "6702.20000", "2013-09-30": "6755.60000", "2013-06-30": "7053.00000", "2013-03-31": "7151.00000", "2012-12-31": "7379.30000", "2012-09-30": "", "2012-06-30": "", "2012-03-31": "", "2011-12-31": "9681.00000", "2010-12-31": ""}, "Inventory": {"2020-09-30": "", "2020-06-30": "", "2020-03-31": "", "2019-12-31": "", "2019-09-30": "", "2019-06-30": "", "2019-03-31": "", "2018-12-31": "", "2018-09-30": "", "2018-06-30": "", "2018-03-31": "", "2017-12-31": "", "2017-09-30": "", "2017-06-30": "", "2017-03-31": "", "2016-12-31": "", "2016-09-30": "", "2016-06-30": "", "2016-03-31": "", "2015-12-31": "", "2015-09-30": "", "2015-06-30": "", "2015-03-31": "", "2014-12-31": "", "2014-09-30": "", "2014-06-30": "", "2014-03-31": "", "2013-12-31": "", "2013-09-30": "", "2013-06-30": "", "2013-03-31": "", "2012-12-31": "", "2012-09-30": "", "2012-06-30": "", "2012-03-31": "", "2011-12-31": "", "2010-12-31": ""}, "Pre-Paid Expenses": {"2020-09-30": "", "2020-06-30": "", "2020-03-31": "", "2019-12-31": "", "2019-09-30": "", "2019-06-30": "", "2019-03-31": "", "2018-12-31": "", "2018-09-30": "", "2018-06-30": "", "2018-03-31": "", "2017-12-31": "", "2017-09-30": "", "2017-06-30": "", "2017-03-31": "", "2016-12-31": "", "2016-09-30": "", "2016-06-30": "", "2016-03-31": "", "2015-12-31": "", "2015-09-30": "", "2015-06-30": "", "2015-03-31": "", "2014-12-31": "", "2014-09-30": "", "2014-06-30": "", "2014-03-31": "", "2013-12-31": "", "2013-09-30": "", "2013-06-30": "", "2013-03-31": "", "2012-12-31": "", "2012-09-30": "", "2012-06-30": "", "2012-03-31": "", "2011-12-31": "", "2010-12-31": ""}, "Other Current Assets": {"2020-09-30": "", "2020-06-30": "", "2020-03-31": "", "2019-12-31": "", "2019-09-30": "", "2019-06-30": "", "2019-03-31": "", "2018-12-31": "", "2018-09-30": "", "2018-06-30": "", "2018-03-31": "", "2017-12-31": "", "2017-09-30": "", "2017-06-30": "", "2017-03-31": "", "2016-12-31": "", "2016-09-30": "", "2016-06-30": "", "2016-03-31": "", "2015-12-31": "", "2015-09-30": "", "2015-06-30": "", "2015-03-31": "", "2014-12-31": "", "2014-09-30": "", "2014-06-30": "", "2014-03-31": "", "2013-12-31": "", "2013-09-30": "", "2013-06-30": "", "2013-03-31": "", "2012-12-31": "", "2012-09-30": "", "2012-06-30": "", "2012-03-31": "", "2011-12-31": "", "2010-12-31": ""}, "Total Current Assets": {"2020-09-30": "4793.00000", "2020-06-30": "4916.00000", "2020-03-31": "4807.00000", "2019-12-31": "4981.00000", "2019-09-30": "8230.00000", "2019-06-30": "8181.00000", "2019-03-31": "8093.00000", "2018-12-31": "5411.00000", "2018-09-30": "8953.00000", "2018-06-30": "9237.00000", "2018-03-31": "9198.00000", "2017-12-31": "9067.00000", "2017-09-30": "9370.69900", "2017-06-30": "9990.80000", "2017-03-31": "9885.00000", "2016-12-31": "9516.00000", "2016-09-30": "10256.70000", "2016-06-30": "11450.40000", "2016-03-31": "10339.00000", "2015-12-31": "10634.00000", "2015-09-30": "10618.60000", "2015-06-30": "10228.00000", "2015-03-31": "9223.90000", "2014-12-31": "10358.20000", "2014-09-30": "8661.00000", "2014-06-30": "10424.70000", "2014-03-31": "9285.60000", "2013-12-31": "10253.70000", "2013-09-30": "8785.60000", "2013-06-30": "9539.40000", "2013-03-31": "10993.50000", "2012-12-31": "9606.90000", "2012-09-30": "", "2012-06-30": "", "2012-03-31": "", "2011-12-31": "10456.00000", "2010-12-31": ""}, "Property, Plant, And Equipment": {"2020-09-30": "", "2020-06-30": "", "2020-03-31": "", "2019-12-31": "", "2019-09-30": "", "2019-06-30": "", "2019-03-31": "", "2018-12-31": "", "2018-09-30": "", "2018-06-30": "", "2018-03-31": "", "2017-12-31": "", "2017-09-30": "", "2017-06-30": "", "2017-03-31": "", "2016-12-31": "", "2016-09-30": "", "2016-06-30": "", "2016-03-31": "", "2015-12-31": "", "2015-09-30": "", "2015-06-30": "", "2015-03-31": "", "2014-12-31": "", "2014-09-30": "", "2014-06-30": "", "2014-03-31": "", "2013-12-31": "", "2013-09-30": "", "2013-06-30": "", "2013-03-31": "", "2012-12-31": "", "2012-09-30": "", "2012-06-30": "", "2012-03-31": "", "2011-12-31": "", "2010-12-31": ""}, "Long-Term Investments": {"2020-09-30": "57290.00000", "2020-06-30": "57702.00000", "2020-03-31": "55294.00000", "2019-12-31": "55587.00000", "2019-09-30": "71689.00000", "2019-06-30": "69641.00000", "2019-03-31": "68210.00000", "2018-12-31": "52437.00000", "2018-09-30": "66363.00000", "2018-06-30": "66210.00000", "2018-03-31": "66778.00000", "2017-12-31": "68380.00000", "2017-09-30": "99061.30000", "2017-06-30": "95700.20000", "2017-03-31": "94110.40000", "2016-12-31": "65035.00000", "2016-09-30": "99409.20000", "2016-06-30": "97858.60000", "2016-03-31": "95108.41000", "2015-12-31": "90050.90000", "2015-09-30": "92714.60000", "2015-06-30": "90032.10000", "2015-03-31": "94990.50000", "2014-12-31": "92552.50000", "2014-09-30": "91345.10000", "2014-06-30": "91331.00000", "2014-03-31": "90385.60000", "2013-12-31": "88500.80000", "2013-09-30": "90402.90000", "2013-06-30": "90827.00000", "2013-03-31": "93978.09000", "2012-12-31": "97015.10000", "2012-09-30": "", "2012-06-30": "", "2012-03-31": "", "2011-12-31": "89246.49000", "2010-12-31": ""}, "Goodwill And Intangible Assets": {"2020-09-30": "", "2020-06-30": "", "2020-03-31": "", "2019-12-31": "", "2019-09-30": "", "2019-06-30": "", "2019-03-31": "", "2018-12-31": "", "2018-09-30": "", "2018-06-30": "", "2018-03-31": "", "2017-12-31": "", "2017-09-30": "196.00000", "2017-06-30": "197.80000", "2017-03-31": "208.00000", "2016-12-31": "", "2016-09-30": "227.30000", "2016-06-30": "239.50000", "2016-03-31": "245.70000", "2015-12-31": "250.80000", "2015-09-30": "258.60000", "2015-06-30": "266.00000", "2015-03-31": "276.30000", "2014-12-31": "284.40000", "2014-09-30": "296.10000", "2014-06-30": "303.20000", "2014-03-31": "312.50000", "2013-12-31": "323.70000", "2013-09-30": "323.40000", "2013-06-30": "333.00000", "2013-03-31": "341.80000", "2012-12-31": "348.50000", "2012-09-30": "0.00000", "2012-06-30": "0.00000", "2012-03-31": "0.00000", "2011-12-31": "382.50000", "2010-12-31": "0.00000"}, "Other Long-Term Assets": {"2020-09-30": "106400.00000", "2020-06-30": "101023.00000", "2020-03-31": "91259.00000", "2019-12-31": "104799.00000", "2019-09-30": "83759.00000", "2019-06-30": "83518.00000", "2019-03-31": "81218.00000", "2018-12-31": "92999.00000", "2018-09-30": "84537.00000", "2018-06-30": "82019.00000", "2018-03-31": "139057.00000", "2017-12-31": "140930.00000", "2017-09-30": "112143.20000", "2017-06-30": "107758.80000", "2017-03-31": "105972.70000", "2016-12-31": "134467.00000", "2016-09-30": "103541.40000", "2016-06-30": "102253.30000", "2016-03-31": "102055.40000", "2015-12-31": "109702.90000", "2015-09-30": "108483.50000", "2015-06-30": "119297.30000", "2015-03-31": "119277.80000", "2014-12-31": "117864.80000", "2014-09-30": "119221.70000", "2014-06-30": "121507.90000", "2014-03-31": "118666.20000", "2013-12-31": "116431.30000", "2013-09-30": "112881.30000", "2013-06-30": "111363.60000", "2013-03-31": "111517.00000", "2012-12-31": "105767.40000", "2012-09-30": "", "2012-06-30": "", "2012-03-31": "", "2011-12-31": "95562.80000", "2010-12-31": ""}, "Total Long-Term Assets": {"2020-09-30": "166673.00000", "2020-06-30": "162018.00000", "2020-03-31": "150925.00000", "2019-12-31": "164070.00000", "2019-09-30": "158620.00000", "2019-06-30": "156981.00000", "2019-03-31": "153892.00000", "2018-12-31": "150019.00000", "2018-09-30": "156083.00000", "2018-06-30": "153503.00000", "2018-03-31": "210626.00000", "2017-12-31": "213465.00000", "2017-09-30": "217273.20000", "2017-06-30": "209848.00000", "2017-03-31": "207140.50000", "2016-12-31": "205069.00000", "2016-09-30": "208365.50000", "2016-06-30": "205615.00000", "2016-03-31": "203668.70000", "2015-12-31": "207589.50000", "2015-09-30": "208092.60000", "2015-06-30": "216357.10000", "2015-03-31": "219824.30000", "2014-12-31": "216572.50000", "2014-09-30": "215642.80000", "2014-06-30": "217653.30000", "2014-03-31": "214225.10000", "2013-12-31": "210769.50000", "2013-09-30": "208872.60000", "2013-06-30": "207584.10000", "2013-03-31": "209856.50000", "2012-12-31": "206787.30000", "2012-09-30": "", "2012-06-30": "", "2012-03-31": "", "2011-12-31": "189544.10000", "2010-12-31": ""}, "Total Assets": {"2020-09-30": "171466.00000", "2020-06-30": "166934.00000", "2020-03-31": "155732.00000", "2019-12-31": "169051.00000", "2019-09-30": "166850.00000", "2019-06-30": "165162.00000", "2019-03-31": "161985.00000", "2018-12-31": "155430.00000", "2018-09-30": "165036.00000", "2018-06-30": "162740.00000", "2018-03-31": "219824.00000", "2017-12-31": "222532.00000", "2017-09-30": "226643.90000", "2017-06-30": "219838.80000", "2017-03-31": "217025.50000", "2016-12-31": "214585.00000", "2016-09-30": "218622.20000", "2016-06-30": "217065.40000", "2016-03-31": "214007.70000", "2015-12-31": "218223.50000", "2015-09-30": "218711.20000", "2015-06-30": "226585.10000", "2015-03-31": "229048.20000", "2014-12-31": "226930.70000", "2014-09-30": "224303.80000", "2014-06-30": "228078.00000", "2014-03-31": "223510.70000", "2013-12-31": "221023.20000", "2013-09-30": "217658.20000", "2013-06-30": "217123.50000", "2013-03-31": "220850.00000", "2012-12-31": "216394.20000", "2012-09-30": "0.00000", "2012-06-30": "0.00000", "2012-03-31": "0.00000", "2011-12-31": "203572.80000", "2010-12-31": "0.00000"}, "Total Current Liabilities": {"2020-09-30": "52858.00000", "2020-06-30": "52090.00000", "2020-03-31": "52064.00000", "2019-12-31": "51337.00000", "2019-09-30": "66647.00000", "2019-06-30": "65963.00000", "2019-03-31": "65832.00000", "2018-12-31": "51322.00000", "2018-09-30": "66040.00000", "2018-06-30": "66508.00000", "2018-03-31": "66272.00000", "2017-12-31": "66692.00000", "2017-09-30": "93898.00000", "2017-06-30": "94026.50000", "2017-03-31": "93719.40000", "2016-12-31": "65522.00000", "2016-09-30": "92810.70000", "2016-06-30": "92080.20000", "2016-03-31": "90923.50000", "2015-12-31": "89561.91000", "2015-09-30": "89663.50000", "2015-06-30": "87410.30000", "2015-03-31": "87700.50000", "2014-12-31": "86937.50000", "2014-09-30": "85730.00000", "2014-06-30": "86056.80000", "2014-03-31": "85898.10000", "2013-12-31": "85663.09000", "2013-09-30": "86976.09000", "2013-06-30": "87878.60000", "2013-03-31": "88273.70000", "2012-12-31": "89260.10000", "2012-09-30": "", "2012-06-30": "", "2012-03-31": "", "2011-12-31": "18786.60000", "2010-12-31": ""}, "Long Term Debt": {"2020-09-30": "3618.00000", "2020-06-30": "4651.00000", "2020-03-31": "5107.00000", "2019-12-31": "4415.00000", "2019-09-30": "4956.00000", "2019-06-30": "5013.00000", "2019-03-31": "5114.00000", "2018-12-31": "4502.00000", "2018-09-30": "5556.00000", "2018-06-30": "5415.00000", "2018-03-31": "5177.00000", "2017-12-31": "4989.00000", "2017-09-30": "6439.90000", "2017-06-30": "4702.10000", "2017-03-31": "4466.60000", "2016-12-31": "4519.00000", "2016-09-30": "6426.50000", "2016-06-30": "6559.80000", "2016-03-31": "6013.80000", "2015-12-31": "4944.80000", "2015-09-30": "5367.30000", "2015-06-30": "4737.40000", "2015-03-31": "5487.90000", "2014-12-31": "4960.70000", "2014-09-30": "4442.60000", "2014-06-30": "4420.10000", "2014-03-31": "4379.50000", "2013-12-31": "4284.10000", "2013-09-30": "4091.20000", "2013-06-30": "3736.30000", "2013-03-31": "4789.60000", "2012-12-31": "4680.90000", "2012-09-30": "", "2012-06-30": "", "2012-03-31": "", "2011-12-31": "5182.00000", "2010-12-31": ""}, "Other Non-Current Liabilities": {"2020-09-30": "104336.00000", "2020-06-30": "99759.00000", "2020-03-31": "90266.00000", "2019-12-31": "103042.00000", "2019-09-30": "84036.00000", "2019-06-30": "83447.00000", "2019-03-31": "81233.00000", "2018-12-31": "90601.00000", "2018-09-30": "84240.00000", "2018-06-30": "81575.00000", "2018-03-31": "137966.00000", "2017-12-31": "139812.00000", "2017-09-30": "111693.40000", "2017-06-30": "106815.40000", "2017-03-31": "104961.80000", "2016-12-31": "130576.00000", "2016-09-30": "103229.60000", "2016-06-30": "102059.80000", "2016-03-31": "101368.00000", "2015-12-31": "107371.00000", "2015-09-30": "106431.80000", "2015-06-30": "116875.30000", "2015-03-31": "117189.00000", "2014-12-31": "116386.20000", "2014-09-30": "116539.60000", "2014-06-30": "119755.60000", "2014-03-31": "116589.50000", "2013-12-31": "115517.90000", "2013-09-30": "111613.80000", "2013-06-30": "110646.20000", "2013-03-31": "111253.00000", "2012-12-31": "105337.60000", "2012-09-30": "", "2012-06-30": "", "2012-03-31": "", "2011-12-31": "165678.10000", "2010-12-31": ""}, "Total Long Term Liabilities": {"2020-09-30": "107963.00000", "2020-06-30": "104555.00000", "2020-03-31": "95403.00000", "2019-12-31": "107484.00000", "2019-09-30": "88992.00000", "2019-06-30": "88460.00000", "2019-03-31": "86347.00000", "2018-12-31": "95103.00000", "2018-09-30": "89796.00000", "2018-06-30": "86990.00000", "2018-03-31": "143143.00000", "2017-12-31": "144801.00000", "2017-09-30": "118134.60000", "2017-06-30": "111520.30000", "2017-03-31": "109428.40000", "2016-12-31": "135095.00000", "2016-09-30": "109656.10000", "2016-06-30": "108619.60000", "2016-03-31": "107381.80000", "2015-12-31": "112385.80000", "2015-09-30": "111799.10000", "2015-06-30": "121625.90000", "2015-03-31": "122681.00000", "2014-12-31": "121431.70000", "2014-09-30": "121429.60000", "2014-06-30": "124757.90000", "2014-03-31": "121244.60000", "2013-12-31": "119846.10000", "2013-09-30": "115817.60000", "2013-06-30": "114597.80000", "2013-03-31": "116977.40000", "2012-12-31": "111072.90000", "2012-09-30": "", "2012-06-30": "", "2012-03-31": "", "2011-12-31": "170860.10000", "2010-12-31": ""}, "Total Liabilities": {"2020-09-30": "160821.00000", "2020-06-30": "156645.00000", "2020-03-31": "147467.00000", "2019-12-31": "158821.00000", "2019-09-30": "155639.00000", "2019-06-30": "154423.00000", "2019-03-31": "152179.00000", "2018-12-31": "146425.00000", "2018-09-30": "155836.00000", "2018-06-30": "153498.00000", "2018-03-31": "209415.00000", "2017-12-31": "211493.00000", "2017-09-30": "212032.60000", "2017-06-30": "205546.80000", "2017-03-31": "203147.80000", "2016-12-31": "200617.00000", "2016-09-30": "202466.80000", "2016-06-30": "200699.80000", "2016-03-31": "198305.30000", "2015-12-31": "201947.70000", "2015-09-30": "201462.60000", "2015-06-30": "209036.20000", "2015-03-31": "210381.50000", "2014-12-31": "208369.20000", "2014-09-30": "207159.60000", "2014-06-30": "210814.70000", "2014-03-31": "207142.70000", "2013-12-31": "205509.20000", "2013-09-30": "202793.70000", "2013-06-30": "202476.40000", "2013-03-31": "205251.10000", "2012-12-31": "200333.00000", "2012-09-30": "0.00000", "2012-06-30": "0.00000", "2012-03-31": "0.00000", "2011-12-31": "189646.70000", "2010-12-31": "0.00000"}, "Common Stock Net": {"2020-09-30": "2.00000", "2020-06-30": "2.00000", "2020-03-31": "2.00000", "2019-12-31": "2.00000", "2019-09-30": "3.00000", "2019-06-30": "3.00000", "2019-03-31": "3.00000", "2018-12-31": "3.00000", "2018-09-30": "3.00000", "2018-06-30": "3.00000", "2018-03-31": "3.00000", "2017-12-31": "3.00000", "2017-09-30": "2.70000", "2017-06-30": "2.70000", "2017-03-31": "2.70000", "2016-12-31": "3.00000", "2016-09-30": "2.70000", "2016-06-30": "2.70000", "2016-03-31": "2.70000", "2015-12-31": "2.70000", "2015-09-30": "2.70000", "2015-06-30": "2.70000", "2015-03-31": "2.70000", "2014-12-31": "2.60000", "2014-09-30": "2.60000", "2014-06-30": "2.60000", "2014-03-31": "2.60000", "2013-12-31": "2.60000", "2013-09-30": "2.60000", "2013-06-30": "2.60000", "2013-03-31": "2.30000", "2012-12-31": "2.30000", "2012-09-30": "0.00000", "2012-06-30": "0.00000", "2012-03-31": "0.00000", "2011-12-31": "2.30000", "2010-12-31": "0.00000"}, "Retained Earnings (Accumulated Deficit)": {"2020-09-30": "-5152.00000", "2020-06-30": "-4833.00000", "2020-03-31": "-4766.00000", "2019-12-31": "-4649.00000", "2019-09-30": "-11665.00000", "2019-06-30": "-11785.00000", "2019-03-31": "-12011.00000", "2018-12-31": "-11732.00000", "2018-09-30": "-11853.00000", "2018-06-30": "-11995.00000", "2018-03-31": "-12161.00000", "2017-12-31": "-12719.00000", "2017-09-30": "-9655.60000", "2017-06-30": "-9804.20000", "2017-03-31": "-9971.40000", "2016-12-31": "-9742.00000", "2016-09-30": "-9310.30000", "2016-06-30": "-9062.20000", "2016-03-31": "-9223.70000", "2015-12-31": "-9406.30000", "2015-09-30": "-9303.70000", "2015-06-30": "-9359.70000", "2015-03-31": "-9645.40000", "2014-12-31": "-9803.20000", "2014-09-30": "-11235.00000", "2014-06-30": "-11632.90000", "2014-03-31": "-11888.30000", "2013-12-31": "-12143.20000", "2013-09-30": "-12707.30000", "2013-06-30": "-13117.50000", "2013-03-31": "-12973.90000", "2012-12-31": "-12755.70000", "2012-09-30": "", "2012-06-30": "", "2012-03-31": "", "2011-12-31": "-13108.60000", "2010-12-31": ""}, "Comprehensive Income": {"2020-09-30": "4483.00000", "2020-06-30": "4039.00000", "2020-03-31": "1841.00000", "2019-12-31": "3331.00000", "2019-09-30": "3497.00000", "2019-06-30": "2867.00000", "2019-03-31": "1966.00000", "2018-12-31": "607.00000", "2018-09-30": "777.00000", "2018-06-30": "943.00000", "2018-03-31": "1511.00000", "2017-12-31": "2731.00000", "2017-09-30": "2832.00000", "2017-06-30": "2706.90000", "2017-03-31": "2212.30000", "2016-12-31": "1921.00000", "2016-09-30": "3517.10000", "2016-06-30": "3439.70000", "2016-03-31": "2476.20000", "2015-12-31": "1424.90000", "2015-09-30": "2045.70000", "2015-06-30": "2109.20000", "2015-03-31": "3531.20000", "2014-12-31": "3103.70000", "2014-09-30": "2820.20000", "2014-06-30": "3152.70000", "2014-03-31": "2577.50000", "2013-12-31": "1849.10000", "2013-09-30": "1950.00000", "2013-06-30": "2087.80000", "2013-03-31": "3452.80000", "2012-12-31": "3710.70000", "2012-09-30": "", "2012-06-30": "", "2012-03-31": "", "2011-12-31": "", "2010-12-31": ""}, "Other Share Holders Equity": {"2020-09-30": "", "2020-06-30": "", "2020-03-31": "", "2019-12-31": "", "2019-09-30": "", "2019-06-30": "", "2019-03-31": "", "2018-12-31": "", "2018-09-30": "", "2018-06-30": "", "2018-03-31": "", "2017-12-31": "", "2017-09-30": "", "2017-06-30": "", "2017-03-31": "", "2016-12-31": "", "2016-09-30": "", "2016-06-30": "", "2016-03-31": "", "2015-12-31": "", "2015-09-30": "", "2015-06-30": "", "2015-03-31": "", "2014-12-31": "", "2014-09-30": "", "2014-06-30": "", "2014-03-31": "", "2013-12-31": "", "2013-09-30": "", "2013-06-30": "", "2013-03-31": "", "2012-12-31": "", "2012-09-30": "0.00000", "2012-06-30": "0.00000", "2012-03-31": "0.00000", "2011-12-31": "4167.20000", "2010-12-31": "0.00000"}, "Share Holder Equity": {"2020-09-30": "10645.00000", "2020-06-30": "10289.00000", "2020-03-31": "8265.00000", "2019-12-31": "10230.00000", "2019-09-30": "11211.00000", "2019-06-30": "10739.00000", "2019-03-31": "9806.00000", "2018-12-31": "9005.00000", "2018-09-30": "9200.00000", "2018-06-30": "9242.00000", "2018-03-31": "10409.00000", "2017-12-31": "11039.00000", "2017-09-30": "14611.30000", "2017-06-30": "14292.00000", "2017-03-31": "13877.70000", "2016-12-31": "13968.00000", "2016-09-30": "16155.40000", "2016-06-30": "16365.60000", "2016-03-31": "15702.40000", "2015-12-31": "16275.80000", "2015-09-30": "17248.60000", "2015-06-30": "17548.90000", "2015-03-31": "18666.70000", "2014-12-31": "18561.50000", "2014-09-30": "17144.20000", "2014-06-30": "17263.30000", "2014-03-31": "16368.00000", "2013-12-31": "15514.00000", "2013-09-30": "14864.50000", "2013-06-30": "14647.10000", "2013-03-31": "15598.90000", "2012-12-31": "16061.20000", "2012-09-30": "0.00000", "2012-06-30": "0.00000", "2012-03-31": "0.00000", "2011-12-31": "13926.10000", "2010-12-31": "0.00000"}, "Total Liabilities And Share Holders Equity": {"2020-09-30": "171466.00000", "2020-06-30": "166934.00000", "2020-03-31": "155732.00000", "2019-12-31": "169051.00000", "2019-09-30": "166850.00000", "2019-06-30": "165162.00000", "2019-03-31": "161985.00000", "2018-12-31": "155430.00000", "2018-09-30": "165036.00000", "2018-06-30": "162740.00000", "2018-03-31": "219824.00000", "2017-12-31": "222532.00000", "2017-09-30": "226643.90000", "2017-06-30": "219838.80000", "2017-03-31": "217025.50000", "2016-12-31": "214585.00000", "2016-09-30": "218622.20000", "2016-06-30": "217065.40000", "2016-03-31": "214007.70000", "2015-12-31": "218223.50000", "2015-09-30": "218711.20000", "2015-06-30": "226585.10000", "2015-03-31": "229048.20000", "2014-12-31": "226930.70000", "2014-09-30": "224303.80000", "2014-06-30": "228078.00000", "2014-03-31": "223510.70000", "2013-12-31": "221023.20000", "2013-09-30": "217658.20000", "2013-06-30": "217123.50000", "2013-03-31": "220850.00000", "2012-12-31": "216394.20000", "2012-09-30": "0.00000", "2012-06-30": "0.00000", "2012-03-31": "0.00000", "2011-12-31": "203572.80000", "2010-12-31": "0.00000"}}, "cash flow statement": {"Net Income/Loss": {"2019-12-31": "-301.00000", "2018-12-31": "1020.00000", "2017-12-31": "-2775.00000", "2016-12-31": "-298.00000", "2015-12-31": "538.00000", "2014-12-31": "2532.70000", "2013-12-31": "788.60000", "2012-12-31": "611.20000", "2011-12-31": "102.80000", "2010-12-31": "-133.20000"}, "Total Depreciation And Amortization - Cash Flow": {"2019-12-31": "205.00000", "2018-12-31": "235.00000", "2017-12-31": "358.00000", "2016-12-31": "420.00000", "2015-12-31": "381.00000", "2014-12-31": "521.20000", "2013-12-31": "635.80000", "2012-12-31": "946.20000", "2011-12-31": "630.40000", "2010-12-31": "1092.00000"}, "Other Non-Cash Items": {"2019-12-31": "1158.00000", "2018-12-31": "956.00000", "2017-12-31": "4128.00000", "2016-12-31": "3530.00000", "2015-12-31": "3103.00000", "2014-12-31": "813.40000", "2013-12-31": "1812.30000", "2012-12-31": "1552.50000", "2011-12-31": "3836.10000", "2010-12-31": "2285.00000"}, "Total Non-Cash Items": {"2019-12-31": "1363.00000", "2018-12-31": "1191.00000", "2017-12-31": "4486.00000", "2016-12-31": "3950.00000", "2015-12-31": "3484.00000", "2014-12-31": "1334.60000", "2013-12-31": "2448.10000", "2012-12-31": "2498.70000", "2011-12-31": "4466.50000", "2010-12-31": "3377.00000"}, "Change In Accounts Receivable": {"2019-12-31": "254.00000", "2018-12-31": "-314.00000", "2017-12-31": "281.00000", "2016-12-31": "-18.00000", "2015-12-31": "68.00000", "2014-12-31": "39.50000", "2013-12-31": "24.80000", "2012-12-31": "125.40000", "2011-12-31": "12.10000", "2010-12-31": "7.80000"}, "Change In Inventories": {"2019-12-31": "", "2018-12-31": "", "2017-12-31": "", "2016-12-31": "", "2015-12-31": "", "2014-12-31": "", "2013-12-31": "", "2012-12-31": "", "2011-12-31": "", "2010-12-31": ""}, "Change In Accounts Payable": {"2019-12-31": "-71.00000", "2018-12-31": "-164.00000", "2017-12-31": "-60.00000", "2016-12-31": "-190.00000", "2015-12-31": "-497.00000", "2014-12-31": "148.80000", "2013-12-31": "-124.80000", "2012-12-31": "96.50000", "2011-12-31": "-329.10000", "2010-12-31": "-619.40000"}, "Change In Assets/Liabilities": {"2019-12-31": "65.00000", "2018-12-31": "135.00000", "2017-12-31": "-350.00000", "2016-12-31": "248.00000", "2015-12-31": "-345.00000", "2014-12-31": "-427.00000", "2013-12-31": "126.70000", "2012-12-31": "-49.70000", "2011-12-31": "104.70000", "2010-12-31": "-82.50000"}, "Total Change In Assets/Liabilities": {"2019-12-31": "248.00000", "2018-12-31": "-343.00000", "2017-12-31": "-129.00000", "2016-12-31": "40.00000", "2015-12-31": "-774.00000", "2014-12-31": "-238.70000", "2013-12-31": "26.70000", "2012-12-31": "172.20000", "2011-12-31": "-212.30000", "2010-12-31": "-694.10000"}, "Cash Flow From Operating Activities": {"2019-12-31": "1310.00000", "2018-12-31": "1868.00000", "2017-12-31": "1582.00000", "2016-12-31": "3692.00000", "2015-12-31": "3248.00000", "2014-12-31": "3628.60000", "2013-12-31": "3263.40000", "2012-12-31": "3282.10000", "2011-12-31": "4357.00000", "2010-12-31": "2549.70000"}, "Net Change In Property, Plant, And Equipment": {"2019-12-31": "", "2018-12-31": "", "2017-12-31": "", "2016-12-31": "", "2015-12-31": "", "2014-12-31": "-32.70000", "2013-12-31": "-40.70000", "2012-12-31": "-29.30000", "2011-12-31": "-32.90000", "2010-12-31": "-34.70000"}, "Net Change In Intangible Assets": {"2019-12-31": "", "2018-12-31": "", "2017-12-31": "", "2016-12-31": "", "2015-12-31": "", "2014-12-31": "", "2013-12-31": "", "2012-12-31": "", "2011-12-31": "", "2010-12-31": ""}, "Net Acquisitions/Divestitures": {"2019-12-31": "-198.00000", "2018-12-31": "", "2017-12-31": "-91.00000", "2016-12-31": "-61.00000", "2015-12-31": "-159.00000", "2014-12-31": "-84.70000", "2013-12-31": "369.10000", "2012-12-31": "717.00000", "2011-12-31": "-35.10000", "2010-12-31": "9.40000"}, "Net Change In Short-term Investments": {"2019-12-31": "58.00000", "2018-12-31": "273.00000", "2017-12-31": "-28.00000", "2016-12-31": "31.00000", "2015-12-31": "468.00000", "2014-12-31": "-662.00000", "2013-12-31": "4943.10000", "2012-12-31": "-2397.40000", "2011-12-31": "-763.20000", "2010-12-31": "2525.80000"}, "Net Change In Long-Term Investments": {"2019-12-31": "-330.00000", "2018-12-31": "-376.00000", "2017-12-31": "-51.00000", "2016-12-31": "-1827.00000", "2015-12-31": "-2875.00000", "2014-12-31": "-1894.60000", "2013-12-31": "-4010.39800", "2012-12-31": "482.69920", "2011-12-31": "-1763.89800", "2010-12-31": "-2385.10200"}, "Net Change In Investments - Total": {"2019-12-31": "-272.00000", "2018-12-31": "-103.00000", "2017-12-31": "-79.00000", "2016-12-31": "-1796.00000", "2015-12-31": "-2407.00000", "2014-12-31": "-2556.60000", "2013-12-31": "932.70170", "2012-12-31": "-1914.70100", "2011-12-31": "-2527.09800", "2010-12-31": "140.69850"}, "Investing Activities - Other": {"2019-12-31": "-785.00000", "2018-12-31": "-179.00000", "2017-12-31": "-2258.00000", "2016-12-31": "-1826.00000", "2015-12-31": "-1708.00000", "2014-12-31": "-639.90000", "2013-12-31": "-3146.70000", "2012-12-31": "-1148.90000", "2011-12-31": "-356.60000", "2010-12-31": "-1771.60000"}, "Cash Flow From Investing Activities": {"2019-12-31": "-1255.00000", "2018-12-31": "-282.00000", "2017-12-31": "-2428.00000", "2016-12-31": "-3683.00000", "2015-12-31": "-4274.00000", "2014-12-31": "-3313.90000", "2013-12-31": "-1885.60000", "2012-12-31": "-2375.90000", "2011-12-31": "-2951.70000", "2010-12-31": "-1656.20000"}, "Net Long-Term Debt": {"2019-12-31": "-707.00000", "2018-12-31": "-187.00000", "2017-12-31": "-1130.00000", "2016-12-31": "139.00000", "2015-12-31": "1574.00000", "2014-12-31": "-1420.19900", "2013-12-31": "-1889.39900", "2012-12-31": "-671.50000", "2011-12-31": "-125.30080", "2010-12-31": "-2621.30000"}, "Net Current Debt": {"2019-12-31": "", "2018-12-31": "", "2017-12-31": "", "2016-12-31": "", "2015-12-31": "", "2014-12-31": "", "2013-12-31": "-171.60000", "2012-12-31": "-309.10000", "2011-12-31": "-1905.00000", "2010-12-31": "707.70000"}, "Debt Issuance/Retirement Net - Total": {"2019-12-31": "-707.00000", "2018-12-31": "-187.00000", "2017-12-31": "-1130.00000", "2016-12-31": "139.00000", "2015-12-31": "1574.00000", "2014-12-31": "-1420.19900", "2013-12-31": "-2061.00000", "2012-12-31": "-980.60000", "2011-12-31": "-2030.30100", "2010-12-31": "-1913.60000"}, "Net Common Equity Issued/Repurchased": {"2019-12-31": "-1133.00000", "2018-12-31": "-1022.00000", "2017-12-31": "-920.00000", "2016-12-31": "-686.00000", "2015-12-31": "-1487.00000", "2014-12-31": "-789.40000", "2013-12-31": "571.60000", "2012-12-31": "", "2011-12-31": "", "2010-12-31": ""}, "Net Total Equity Issued/Repurchased": {"2019-12-31": "-840.00000", "2018-12-31": "-703.00000", "2017-12-31": "-920.00000", "2016-12-31": "-686.00000", "2015-12-31": "-1487.00000", "2014-12-31": "-789.40000", "2013-12-31": "571.60000", "2012-12-31": "", "2011-12-31": "", "2010-12-31": ""}, "Total Common And Preferred Stock Dividends Paid": {"2019-12-31": "-72.00000", "2018-12-31": "-6.00000", "2017-12-31": "-8.00000", "2016-12-31": "-8.00000", "2015-12-31": "-9.00000", "2014-12-31": "-10.10000", "2013-12-31": "-5.20000", "2012-12-31": "", "2011-12-31": "", "2010-12-31": ""}, "Financial Activities - Other": {"2019-12-31": "1498.00000", "2018-12-31": "-868.00000", "2017-12-31": "1709.00000", "2016-12-31": "944.00000", "2015-12-31": "930.00000", "2014-12-31": "1595.10000", "2013-12-31": "1170.80000", "2012-12-31": "1223.20000", "2011-12-31": "647.70000", "2010-12-31": "366.00000"}, "Cash Flow From Financial Activities": {"2019-12-31": "-121.00000", "2018-12-31": "-1764.00000", "2017-12-31": "-349.00000", "2016-12-31": "389.00000", "2015-12-31": "1008.00000", "2014-12-31": "-624.60000", "2013-12-31": "-323.80000", "2012-12-31": "242.60000", "2011-12-31": "-1382.60000", "2010-12-31": "-1547.60000"}, "Net Cash Flow": {"2019-12-31": "-66.00000", "2018-12-31": "-178.00000", "2017-12-31": "-1195.00000", "2016-12-31": "398.00000", "2015-12-31": "-18.00000", "2014-12-31": "-309.90000", "2013-12-31": "1054.00000", "2012-12-31": "1148.80000", "2011-12-31": "22.70000", "2010-12-31": "-654.10000"}, "Stock-Based Compensation": {"2019-12-31": "98.00000", "2018-12-31": "96.00000", "2017-12-31": "117.00000", "2016-12-31": "99.00000", "2015-12-31": "76.00000", "2014-12-31": "92.60000", "2013-12-31": "80.00000", "2012-12-31": "52.40000", "2011-12-31": "60.50000", "2010-12-31": ""}, "Common Stock Dividends Paid": {"2019-12-31": "-44.00000", "2018-12-31": "-6.00000", "2017-12-31": "-8.00000", "2016-12-31": "-8.00000", "2015-12-31": "-9.00000", "2014-12-31": "-10.10000", "2013-12-31": "-5.20000", "2012-12-31": "", "2011-12-31": "", "2010-12-31": ""}}, "cash flow statement, quarterly": {"Net Income/Loss": {"2020-09-30": 0, "2020-06-30": 0, "2020-03-31": "0.00000", "2019-12-31": -301, "2019-09-30": 0, "2019-06-30": 0, "2019-03-31": "0.00000", "2018-12-31": 1020, "2018-09-30": 0, "2018-06-30": 0, "2018-03-31": "0.00000", "2017-12-31": -2775, "2017-09-30": 0, "2017-06-30": 0, "2017-03-31": "0.00000", "2016-12-31": -298, "2016-09-30": 0, "2016-06-30": 0, "2016-03-31": "0.00000", "2015-12-31": 538, "2015-09-30": 0, "2015-06-30": 0, "2015-03-31": "0.00000", "2014-12-31": 2532.7, "2014-09-30": 0, "2014-06-30": 0, "2014-03-31": "0.00000", "2013-12-31": 788.6, "2013-09-30": 0, "2013-06-30": 0, "2013-03-31": "0.00000", "2012-12-31": 611.2, "2012-09-30": 0, "2012-06-30": 0, "2012-03-31": "0.00000", "2011-12-31": 236, "2010-12-31": -133.2}, "Total Depreciation And Amortization - Cash Flow": {"2020-09-30": 0, "2020-06-30": 0, "2020-03-31": "", "2019-12-31": 205, "2019-09-30": 0, "2019-06-30": 0, "2019-03-31": "", "2018-12-31": 235, "2018-09-30": 0, "2018-06-30": 0, "2018-03-31": "", "2017-12-31": 358, "2017-09-30": 0, "2017-06-30": 0, "2017-03-31": "", "2016-12-31": 420, "2016-09-30": 0, "2016-06-30": 0, "2016-03-31": "", "2015-12-31": 381, "2015-09-30": 0, "2015-06-30": 0, "2015-03-31": "", "2014-12-31": 521.2, "2014-09-30": 0, "2014-06-30": 0, "2014-03-31": "", "2013-12-31": 635.8, "2013-09-30": 0, "2013-06-30": 0, "2013-03-31": "", "2012-12-31": 946.2, "2012-09-30": 0, "2012-06-30": 0, "2012-03-31": "", "2011-12-31": -461.6, "2010-12-31": 1092}, "Other Non-Cash Items": {"2020-09-30": 0, "2020-06-30": 0, "2020-03-31": "", "2019-12-31": 1158, "2019-09-30": 0, "2019-06-30": 0, "2019-03-31": "", "2018-12-31": 956, "2018-09-30": 0, "2018-06-30": 0, "2018-03-31": "", "2017-12-31": 4128, "2017-09-30": 0, "2017-06-30": 0, "2017-03-31": "", "2016-12-31": 3530, "2016-09-30": 0, "2016-06-30": 0, "2016-03-31": "", "2015-12-31": 3103, "2015-09-30": 0, "2015-06-30": 0, "2015-03-31": "", "2014-12-31": 813.4, "2014-09-30": 0, "2014-06-30": 0, "2014-03-31": "", "2013-12-31": 1812.3, "2013-09-30": 0, "2013-06-30": 0, "2013-03-31": "", "2012-12-31": 1552.5, "2012-09-30": 0, "2012-06-30": 0, "2012-03-31": "", "2011-12-31": 0, "2010-12-31": 0}, "Total Non-Cash Items": {"2020-09-30": 0, "2020-06-30": 0, "2020-03-31": "", "2019-12-31": 1363, "2019-09-30": 0, "2019-06-30": 0, "2019-03-31": "", "2018-12-31": 1191, "2018-09-30": 0, "2018-06-30": 0, "2018-03-31": "", "2017-12-31": 4486, "2017-09-30": 0, "2017-06-30": 0, "2017-03-31": "", "2016-12-31": 3950, "2016-09-30": 0, "2016-06-30": 0, "2016-03-31": "", "2015-12-31": 3484, "2015-09-30": 0, "2015-06-30": 0, "2015-03-31": "", "2014-12-31": 1334.6, "2014-09-30": 0, "2014-06-30": 0, "2014-03-31": "", "2013-12-31": 2448.1, "2013-09-30": 0, "2013-06-30": 0, "2013-03-31": "", "2012-12-31": 946.2, "2012-09-30": 0, "2012-06-30": 0, "2012-03-31": "", "2011-12-31": -461.6, "2010-12-31": 1092}, "Change In Accounts Receivable": {"2020-09-30": 0, "2020-06-30": 0, "2020-03-31": "", "2019-12-31": 254, "2019-09-30": 0, "2019-06-30": 0, "2019-03-31": "", "2018-12-31": -314, "2018-09-30": 0, "2018-06-30": 0, "2018-03-31": "", "2017-12-31": 281, "2017-09-30": 0, "2017-06-30": 0, "2017-03-31": "", "2016-12-31": -18, "2016-09-30": 0, "2016-06-30": 0, "2016-03-31": "", "2015-12-31": 68, "2015-09-30": 0, "2015-06-30": 0, "2015-03-31": "", "2014-12-31": 39.5, "2014-09-30": 0, "2014-06-30": 0, "2014-03-31": "", "2013-12-31": 24.8, "2013-09-30": 0, "2013-06-30": 0, "2013-03-31": "", "2012-12-31": 125.4, "2012-09-30": 0, "2012-06-30": 0, "2012-03-31": "", "2011-12-31": 0, "2010-12-31": 0}, "Change In Inventories": {"2020-09-30": 0, "2020-06-30": 0, "2020-03-31": "", "2019-12-31": 0, "2019-09-30": 0, "2019-06-30": 0, "2019-03-31": "", "2018-12-31": 0, "2018-09-30": 0, "2018-06-30": 0, "2018-03-31": "", "2017-12-31": 0, "2017-09-30": 0, "2017-06-30": 0, "2017-03-31": "", "2016-12-31": 0, "2016-09-30": 0, "2016-06-30": 0, "2016-03-31": "", "2015-12-31": 0, "2015-09-30": 0, "2015-06-30": 0, "2015-03-31": "", "2014-12-31": 0, "2014-09-30": 0, "2014-06-30": 0, "2014-03-31": "", "2013-12-31": 0, "2013-09-30": 0, "2013-06-30": 0, "2013-03-31": "", "2012-12-31": 0, "2012-09-30": 0, "2012-06-30": 0, "2012-03-31": "", "2011-12-31": 0, "2010-12-31": 0}, "Change In Accounts Payable": {"2020-09-30": 0, "2020-06-30": 0, "2020-03-31": "", "2019-12-31": -71, "2019-09-30": 0, "2019-06-30": 0, "2019-03-31": "", "2018-12-31": -164, "2018-09-30": 0, "2018-06-30": 0, "2018-03-31": "", "2017-12-31": -60, "2017-09-30": 0, "2017-06-30": 0, "2017-03-31": "", "2016-12-31": -190, "2016-09-30": 0, "2016-06-30": 0, "2016-03-31": "", "2015-12-31": -497, "2015-09-30": 0, "2015-06-30": 0, "2015-03-31": "", "2014-12-31": 148.8, "2014-09-30": 0, "2014-06-30": 0, "2014-03-31": "", "2013-12-31": -124.8, "2013-09-30": 0, "2013-06-30": 0, "2013-03-31": "", "2012-12-31": 96.5, "2012-09-30": 0, "2012-06-30": 0, "2012-03-31": "", "2011-12-31": 0, "2010-12-31": 0}, "Change In Assets/Liabilities": {"2020-09-30": 0, "2020-06-30": 0, "2020-03-31": "", "2019-12-31": 65, "2019-09-30": 0, "2019-06-30": 0, "2019-03-31": "", "2018-12-31": 135, "2018-09-30": 0, "2018-06-30": 0, "2018-03-31": "", "2017-12-31": -350, "2017-09-30": 0, "2017-06-30": 0, "2017-03-31": "", "2016-12-31": 248, "2016-09-30": 0, "2016-06-30": 0, "2016-03-31": "", "2015-12-31": -345, "2015-09-30": 0, "2015-06-30": 0, "2015-03-31": "", "2014-12-31": -427, "2014-09-30": 0, "2014-06-30": 0, "2014-03-31": "", "2013-12-31": 126.7, "2013-09-30": 0, "2013-06-30": 0, "2013-03-31": "", "2012-12-31": -49.7, "2012-09-30": 0, "2012-06-30": 0, "2012-03-31": "", "2011-12-31": 0, "2010-12-31": 0}, "Total Change In Assets/Liabilities": {"2020-09-30": 0, "2020-06-30": 0, "2020-03-31": "", "2019-12-31": 248, "2019-09-30": 0, "2019-06-30": 0, "2019-03-31": "", "2018-12-31": -343, "2018-09-30": 0, "2018-06-30": 0, "2018-03-31": "", "2017-12-31": -129, "2017-09-30": 0, "2017-06-30": 0, "2017-03-31": "", "2016-12-31": 40, "2016-09-30": 0, "2016-06-30": 0, "2016-03-31": "", "2015-12-31": -774, "2015-09-30": 0, "2015-06-30": 0, "2015-03-31": "", "2014-12-31": -238.7, "2014-09-30": 0, "2014-06-30": 0, "2014-03-31": "", "2013-12-31": 26.7, "2013-09-30": 0, "2013-06-30": 0, "2013-03-31": "", "2012-12-31": 309, "2012-09-30": 0, "2012-06-30": 0, "2012-03-31": "", "2011-12-31": 568.8, "2010-12-31": -694.1}, "Cash Flow From Operating Activities": {"2020-09-30": 356, "2020-06-30": 508, "2020-03-31": "-76.00000", "2019-12-31": 459, "2019-09-30": 302, "2019-06-30": 418, "2019-03-31": "131.00000", "2018-12-31": 234, "2018-09-30": 580, "2018-06-30": 653, "2018-03-31": "401.00000", "2017-12-31": 456, "2017-09-30": 570, "2017-06-30": 605, "2017-03-31": "-49.00000", "2016-12-31": 1209.2, "2016-09-30": 819.7, "2016-06-30": 1006.4, "2016-03-31": "656.70000", "2015-12-31": 561.6, "2015-09-30": 1203.2, "2015-06-30": 429.5, "2015-03-31": "1053.70000", "2014-12-31": 712.4, "2014-09-30": 1098.8, "2014-06-30": 1030.8, "2014-03-31": "786.60000", "2013-12-31": 321.3, "2013-09-30": 1652.2, "2013-06-30": 1318.3, "2013-03-31": "-28.40000", "2012-12-31": 860.1, "2012-09-30": 1075, "2012-06-30": 1022.7, "2012-03-31": "324.30000", "2011-12-31": 1807.3, "2010-12-31": 2549.7}, "Net Change In Property, Plant, And Equipment": {"2020-09-30": 0, "2020-06-30": 0, "2020-03-31": "", "2019-12-31": 0, "2019-09-30": 0, "2019-06-30": 0, "2019-03-31": "", "2018-12-31": 0, "2018-09-30": 0, "2018-06-30": 0, "2018-03-31": "", "2017-12-31": 0, "2017-09-30": 0, "2017-06-30": 0, "2017-03-31": "", "2016-12-31": 49.2, "2016-09-30": -12.9, "2016-06-30": -18.1, "2016-03-31": "-18.20000", "2015-12-31": 38.3, "2015-09-30": -14.3, "2015-06-30": -15.4, "2015-03-31": "-8.60000", "2014-12-31": -6.2, "2014-09-30": -7.6, "2014-06-30": -10.2, "2014-03-31": "-8.70000", "2013-12-31": -15, "2013-09-30": -10.6, "2013-06-30": -8.5, "2013-03-31": "-6.60000", "2012-12-31": -10.5, "2012-09-30": 6.1, "2012-06-30": -16.7, "2012-03-31": "-8.20000", "2011-12-31": 1.8, "2010-12-31": -34.7}, "Net Change In Intangible Assets": {"2020-09-30": 0, "2020-06-30": 0, "2020-03-31": "", "2019-12-31": 0, "2019-09-30": 0, "2019-06-30": 0, "2019-03-31": "", "2018-12-31": 0, "2018-09-30": 0, "2018-06-30": 0, "2018-03-31": "", "2017-12-31": 0, "2017-09-30": 0, "2017-06-30": 0, "2017-03-31": "", "2016-12-31": 0, "2016-09-30": 0, "2016-06-30": 0, "2016-03-31": "", "2015-12-31": 0, "2015-09-30": 0, "2015-06-30": 0, "2015-03-31": "", "2014-12-31": 0, "2014-09-30": 0, "2014-06-30": 0, "2014-03-31": "", "2013-12-31": 0, "2013-09-30": 0, "2013-06-30": 0, "2013-03-31": "", "2012-12-31": 0, "2012-09-30": 0, "2012-06-30": 0, "2012-03-31": "", "2011-12-31": 0, "2010-12-31": 0}, "Net Acquisitions/Divestitures": {"2020-09-30": 18, "2020-06-30": -23, "2020-03-31": "-41.00000", "2019-12-31": -58, "2019-09-30": -61, "2019-06-30": -56, "2019-03-31": "-23.00000", "2018-12-31": 25, "2018-09-30": -19, "2018-06-30": 18, "2018-03-31": "-24.00000", "2017-12-31": -41, "2017-09-30": 5, "2017-06-30": -9, "2017-03-31": "-46.00000", "2016-12-31": 37.6, "2016-09-30": -64.5, "2016-06-30": 38.1, "2016-03-31": "-72.20000", "2015-12-31": -24.8, "2015-09-30": -30.8, "2015-06-30": -69.7, "2015-03-31": "-33.70000", "2014-12-31": 176.6, "2014-09-30": -142.4, "2014-06-30": -100.5, "2014-03-31": "-18.40000", "2013-12-31": 450.1, "2013-09-30": -126.3, "2013-06-30": 55.1, "2013-03-31": "-9.80000", "2012-12-31": 443.5, "2012-09-30": 11.6, "2012-06-30": 276.1, "2012-03-31": "-14.20000", "2011-12-31": -44.48, "2010-12-31": 9.39}, "Net Change In Short-term Investments": {"2020-09-30": 3, "2020-06-30": 7, "2020-03-31": "-12.00000", "2019-12-31": 54, "2019-09-30": 24, "2019-06-30": -11, "2019-03-31": "-9.00000", "2018-12-31": -146, "2018-09-30": 16, "2018-06-30": 125, "2018-03-31": "278.00000", "2017-12-31": -82, "2017-09-30": 42, "2017-06-30": 52, "2017-03-31": "-40.00000", "2016-12-31": -119, "2016-09-30": -66.6, "2016-06-30": 80, "2016-03-31": "136.60000", "2015-12-31": 328.1, "2015-09-30": -507, "2015-06-30": 551, "2015-03-31": "95.90000", "2014-12-31": -537.5, "2014-09-30": -396.7, "2014-06-30": 270.3, "2014-03-31": "1.90000", "2013-12-31": 1499.9, "2013-09-30": -143.2, "2013-06-30": 587.3, "2013-03-31": "2999.10000", "2012-12-31": -2333.9, "2012-09-30": 2128.7, "2012-06-30": -2691.6, "2012-03-31": "499.40000", "2011-12-31": 0, "2010-12-31": 0}, "Net Change In Long-Term Investments": {"2020-09-30": -706, "2020-06-30": -176, "2020-03-31": "-584.00000", "2019-12-31": -271, "2019-09-30": -547, "2019-06-30": 336, "2019-03-31": "152.00000", "2018-12-31": 140, "2018-09-30": -104, "2018-06-30": -29, "2018-03-31": "-383.00000", "2017-12-31": 1252, "2017-09-30": -532, "2017-06-30": -816, "2017-03-31": "45.00000", "2016-12-31": 561.801, "2016-09-30": -1279.001, "2016-06-30": 178.9, "2016-03-31": "-1288.70000", "2015-12-31": 1761.2, "2015-09-30": -2569.4, "2015-06-30": -449, "2015-03-31": "-1617.80000", "2014-12-31": 273.701, "2014-09-30": -976.102, "2014-06-30": -233.399, "2014-03-31": "-958.80000", "2013-12-31": -496.198, "2013-09-30": -9.9, "2013-06-30": -2891.1994, "2013-03-31": "-613.10060", "2012-12-31": 661.001, "2012-09-30": -615.4024, "2012-06-30": -891.0994, "2012-03-31": "1328.20000", "2011-12-31": 0, "2010-12-31": 0}, "Net Change In Investments - Total": {"2020-09-30": -703, "2020-06-30": -169, "2020-03-31": "-596.00000", "2019-12-31": -217, "2019-09-30": -523, "2019-06-30": 325, "2019-03-31": "143.00000", "2018-12-31": -6, "2018-09-30": -88, "2018-06-30": 96, "2018-03-31": "-105.00000", "2017-12-31": 1170, "2017-09-30": -490, "2017-06-30": -764, "2017-03-31": "5.00000", "2016-12-31": 442.801, "2016-09-30": -1345.6012, "2016-06-30": 258.9002, "2016-03-31": "-1152.10000", "2015-12-31": 2089.3, "2015-09-30": -3076.4, "2015-06-30": 102, "2015-03-31": "-1521.90000", "2014-12-31": -263.799, "2014-09-30": -1372.8018, "2014-06-30": 36.9008, "2014-03-31": "-956.90000", "2013-12-31": 1003.7019, "2013-09-30": -153.1003, "2013-06-30": -2303.8999, "2013-03-31": "2386.00000", "2012-12-31": -1672.8982, "2012-09-30": 1513.2972, "2012-06-30": -3582.699, "2012-03-31": "1827.60000", "2011-12-31": -2667.78, "2010-12-31": 140.69}, "Investing Activities - Other": {"2020-09-30": -190, "2020-06-30": 53, "2020-03-31": "-174.00000", "2019-12-31": -99, "2019-09-30": -370, "2019-06-30": -152, "2019-03-31": "-164.00000", "2018-12-31": -352, "2018-09-30": 71, "2018-06-30": -263, "2018-03-31": "365.00000", "2017-12-31": -1274, "2017-09-30": -1096, "2017-06-30": -120, "2017-03-31": "232.00000", "2016-12-31": -1698.4, "2016-09-30": -501, "2016-06-30": 64.2, "2016-03-31": "309.20000", "2015-12-31": -2631.9, "2015-09-30": 1053.4, "2015-06-30": -447.8, "2015-03-31": "318.30000", "2014-12-31": -167.3, "2014-09-30": -66.8, "2014-06-30": -345.9, "2014-03-31": "-59.90000", "2013-12-31": -500.7, "2013-09-30": -632.5, "2013-06-30": -571.1, "2013-03-31": "-1442.40000", "2012-12-31": 72.8, "2012-09-30": -1249, "2012-06-30": 1368.4, "2012-03-31": "-1341.10000", "2011-12-31": 1415, "2010-12-31": -1771.6}, "Cash Flow From Investing Activities": {"2020-09-30": -875, "2020-06-30": -139, "2020-03-31": "-811.00000", "2019-12-31": -374, "2019-09-30": -954, "2019-06-30": 117, "2019-03-31": "-44.00000", "2018-12-31": -333, "2018-09-30": -36, "2018-06-30": -149, "2018-03-31": "236.00000", "2017-12-31": -145, "2017-09-30": -1581, "2017-06-30": -893, "2017-03-31": "191.00000", "2016-12-31": -1168.8, "2016-09-30": -1924, "2016-06-30": 343.1, "2016-03-31": "-933.30000", "2015-12-31": -529.1, "2015-09-30": -2068.1, "2015-06-30": -430.9, "2015-03-31": "-1245.90000", "2014-12-31": -260.7, "2014-09-30": -1589.6, "2014-06-30": -419.7, "2014-03-31": "-1043.90000", "2013-12-31": 938.1, "2013-09-30": -922.5, "2013-06-30": -2828.4, "2013-03-31": "927.20000", "2012-12-31": -1167.1, "2012-09-30": 282, "2012-06-30": -1954.9, "2012-03-31": "464.10000", "2011-12-31": -1295.5, "2010-12-31": -1656.2}, "Net Long-Term Debt": {"2020-09-30": 322, "2020-06-30": -558, "2020-03-31": "580.00000", "2019-12-31": -88, "2019-09-30": 177, "2019-06-30": -383, "2019-03-31": "-413.00000", "2018-12-31": -362, "2018-09-30": -200, "2018-06-30": 258, "2018-03-31": "117.00000", "2017-12-31": -835, "2017-09-30": 215, "2017-06-30": -300, "2017-03-31": "-210.00000", "2016-12-31": -810.7998, "2016-09-30": 241.2998, "2016-06-30": 545.7999, "2016-03-31": "162.70010", "2015-12-31": 19.8, "2015-09-30": 895.8001, "2015-06-30": 220.7998, "2015-03-31": "437.60010", "2014-12-31": -42.699, "2014-09-30": -823.1001, "2014-06-30": -273.0999, "2014-03-31": "-281.30000", "2013-12-31": -698.899, "2013-09-30": -241.7998, "2013-06-30": -584.3001, "2013-03-31": "-364.40010", "2012-12-31": -570, "2012-09-30": -983.6006, "2012-06-30": 1552.8003, "2012-03-31": "-670.69970", "2011-12-31": 0, "2010-12-31": 0}, "Net Current Debt": {"2020-09-30": 0, "2020-06-30": 0, "2020-03-31": "", "2019-12-31": 0, "2019-09-30": 0, "2019-06-30": 0, "2019-03-31": "", "2018-12-31": 0, "2018-09-30": 0, "2018-06-30": 0, "2018-03-31": "", "2017-12-31": 0, "2017-09-30": 0, "2017-06-30": 0, "2017-03-31": "", "2016-12-31": 0, "2016-09-30": 0, "2016-06-30": 0, "2016-03-31": "", "2015-12-31": 0, "2015-09-30": 0, "2015-06-30": 0, "2015-03-31": "", "2014-12-31": 0, "2014-09-30": 0, "2014-06-30": 0, "2014-03-31": "", "2013-12-31": 0, "2013-09-30": 0, "2013-06-30": -1.9, "2013-03-31": "-169.70000", "2012-12-31": -66.7, "2012-09-30": -268.4, "2012-06-30": -103.1, "2012-03-31": "129.10000", "2011-12-31": -2612.7, "2010-12-31": 707.7}, "Debt Issuance/Retirement Net - Total": {"2020-09-30": 322, "2020-06-30": -558, "2020-03-31": "580.00000", "2019-12-31": -88, "2019-09-30": 177, "2019-06-30": -383, "2019-03-31": "-413.00000", "2018-12-31": -362, "2018-09-30": -200, "2018-06-30": 258, "2018-03-31": "117.00000", "2017-12-31": -835, "2017-09-30": 215, "2017-06-30": -300, "2017-03-31": "-210.00000", "2016-12-31": -810.7998, "2016-09-30": 241.2998, "2016-06-30": 545.7999, "2016-03-31": "162.70010", "2015-12-31": 19.8, "2015-09-30": 895.8001, "2015-06-30": 220.7998, "2015-03-31": "437.60010", "2014-12-31": -42.699, "2014-09-30": -823.1001, "2014-06-30": -273.0999, "2014-03-31": "-281.30000", "2013-12-31": -698.9, "2013-09-30": -241.8, "2013-06-30": -586.1998, "2013-03-31": "-534.10020", "2012-12-31": -327.6, "2012-09-30": -1252.0006, "2012-06-30": 1449.7003, "2012-03-31": "-541.59970", "2011-12-31": 2496, "2010-12-31": -2621.3}, "Net Common Equity Issued/Repurchased": {"2020-09-30": 2, "2020-06-30": 0, "2020-03-31": "-364.00000", "2019-12-31": -200, "2019-09-30": -249, "2019-06-30": -436, "2019-03-31": "-248.00000", "2018-12-31": -275, "2018-09-30": -248, "2018-06-30": -501, "2018-03-31": "2.00000", "2017-12-31": -500, "2017-09-30": 2, "2017-06-30": -233, "2017-03-31": "-189.00000", "2016-12-31": -200.1, "2016-09-30": 1.3, "2016-06-30": -266.7, "2016-03-31": "-220.50000", "2015-12-31": -146.5, "2015-09-30": -599.7, "2015-06-30": -118.8, "2015-03-31": "-622.00000", "2014-12-31": -175, "2014-09-30": -325, "2014-06-30": -39.4, "2014-03-31": "-250.00000", "2013-12-31": 0, "2013-09-30": -0.4, "2013-06-30": 572, "2013-03-31": "", "2012-12-31": 0, "2012-09-30": 0, "2012-06-30": 0, "2012-03-31": "", "2011-12-31": 0, "2010-12-31": 0}, "Net Total Equity Issued/Repurchased": {"2020-09-30": 2, "2020-06-30": 0, "2020-03-31": "-364.00000", "2019-12-31": -200, "2019-09-30": -249, "2019-06-30": -143, "2019-03-31": "-248.00000", "2018-12-31": -275, "2018-09-30": 71, "2018-06-30": -501, "2018-03-31": "2.00000", "2017-12-31": -500, "2017-09-30": 2, "2017-06-30": -233, "2017-03-31": "-189.00000", "2016-12-31": -200.1, "2016-09-30": 1.3, "2016-06-30": -266.7, "2016-03-31": "-220.50000", "2015-12-31": -146.5, "2015-09-30": -599.7, "2015-06-30": -118.8, "2015-03-31": "-622.00000", "2014-12-31": -175, "2014-09-30": -325, "2014-06-30": -39.4, "2014-03-31": "-250.00000", "2013-12-31": 0, "2013-09-30": -0.4, "2013-06-30": 572, "2013-03-31": "", "2012-12-31": 0, "2012-09-30": 0, "2012-06-30": 0, "2012-03-31": "", "2011-12-31": 0, "2010-12-31": 0}, "Total Common And Preferred Stock Dividends Paid": {"2020-09-30": -33, "2020-06-30": -23, "2020-03-31": "-34.00000", "2019-12-31": -25, "2019-09-30": -34, "2019-06-30": -2, "2019-03-31": "-11.00000", "2018-12-31": -1, "2018-09-30": -2, "2018-06-30": -1, "2018-03-31": "-2.00000", "2017-12-31": -2, "2017-09-30": -2, "2017-06-30": -2, "2017-03-31": "-2.00000", "2016-12-31": -1.9, "2016-09-30": -2, "2016-06-30": -2.1, "2016-03-31": "-2.00000", "2015-12-31": -2.1, "2015-09-30": -2.2, "2015-06-30": -2.3, "2015-03-31": "-2.40000", "2014-12-31": -2.4, "2014-09-30": -2.5, "2014-06-30": -2.6, "2014-03-31": "-2.60000", "2013-12-31": -5.2, "2013-09-30": 0, "2013-06-30": 0, "2013-03-31": "", "2012-12-31": 0, "2012-09-30": 0, "2012-06-30": 0, "2012-03-31": "", "2011-12-31": 0, "2010-12-31": 0}, "Financial Activities - Other": {"2020-09-30": 254, "2020-06-30": 423, "2020-03-31": "545.00000", "2019-12-31": 324, "2019-09-30": 652, "2019-06-30": 442, "2019-03-31": "80.00000", "2018-12-31": 486, "2018-09-30": -158, "2018-06-30": -682, "2018-03-31": "-514.00000", "2017-12-31": 775, "2017-09-30": 196, "2017-06-30": 1092, "2017-03-31": "-354.00000", "2016-12-31": 1116.4, "2016-09-30": -169.3, "2016-06-30": -353.2, "2016-03-31": "350.10000", "2015-12-31": 98.1, "2015-09-30": 586.6, "2015-06-30": 521.8, "2015-03-31": "-276.50000", "2014-12-31": 390.8, "2014-09-30": 407.9, "2014-06-30": 346.2, "2014-03-31": "450.20000", "2013-12-31": 568.9, "2013-09-30": -320.7, "2013-06-30": 286.4, "2013-03-31": "636.20000", "2012-12-31": 651.8, "2012-09-30": 158.4, "2012-06-30": 20.8, "2012-03-31": "392.20000", "2011-12-31": 281.7, "2010-12-31": 366}, "Cash Flow From Financial Activities": {"2020-09-30": 545, "2020-06-30": -158, "2020-03-31": "727.00000", "2019-12-31": 11, "2019-09-30": 546, "2019-06-30": -86, "2019-03-31": "-592.00000", "2018-12-31": -152, "2018-09-30": -289, "2018-06-30": -926, "2018-03-31": "-397.00000", "2017-12-31": -562, "2017-09-30": 411, "2017-06-30": 557, "2017-03-31": "-755.00000", "2016-12-31": 103.6, "2016-09-30": 71.3, "2016-06-30": -76.2, "2016-03-31": "290.30000", "2015-12-31": -30.7, "2015-09-30": 880.5, "2015-06-30": 621.5, "2015-03-31": "-463.30000", "2014-12-31": 170.7, "2014-09-30": -742.7, "2014-06-30": 31.1, "2014-03-31": "-83.70000", "2013-12-31": -135.2, "2013-09-30": -562.9, "2013-06-30": 272.2, "2013-03-31": "102.10000", "2012-12-31": 15.1, "2012-09-30": -1093.6, "2012-06-30": 1470.5, "2012-03-31": "-149.40000", "2011-12-31": 165, "2010-12-31": -1547.6}, "Net Cash Flow": {"2020-09-30": 26, "2020-06-30": 211, "2020-03-31": "-160.00000", "2019-12-31": 96, "2019-09-30": -106, "2019-06-30": 449, "2019-03-31": "-505.00000", "2018-12-31": -251, "2018-09-30": 255, "2018-06-30": -422, "2018-03-31": "240.00000", "2017-12-31": -251, "2017-09-30": -600, "2017-06-30": 269, "2017-03-31": "-613.00000", "2016-12-31": 144, "2016-09-30": -1033, "2016-06-30": 1273.3, "2016-03-31": "13.70000", "2015-12-31": 1.8, "2015-09-30": 15.6, "2015-06-30": 620.1, "2015-03-31": "-655.50000", "2014-12-31": 622.4, "2014-09-30": -1233.5, "2014-06-30": 642.2, "2014-03-31": "-341.00000", "2013-12-31": 1124.2, "2013-09-30": 166.8, "2013-06-30": -1237.9, "2013-03-31": "1000.90000", "2012-12-31": -291.9, "2012-09-30": 263.4, "2012-06-30": 538.3, "2012-03-31": "639.00000", "2011-12-31": 676.8, "2010-12-31": -654.1}, "Stock-Based Compensation": {"2020-09-30": 0, "2020-06-30": 0, "2020-03-31": "", "2019-12-31": 98, "2019-09-30": 0, "2019-06-30": 0, "2019-03-31": "", "2018-12-31": 96, "2018-09-30": 0, "2018-06-30": 0, "2018-03-31": "", "2017-12-31": 117, "2017-09-30": 0, "2017-06-30": 0, "2017-03-31": "", "2016-12-31": 99, "2016-09-30": 0, "2016-06-30": 0, "2016-03-31": "", "2015-12-31": 76, "2015-09-30": 0, "2015-06-30": 0, "2015-03-31": "", "2014-12-31": 92.6, "2014-09-30": 0, "2014-06-30": 0, "2014-03-31": "", "2013-12-31": 80, "2013-09-30": 0, "2013-06-30": 0, "2013-03-31": "", "2012-12-31": 52.4, "2012-09-30": 0, "2012-06-30": 0, "2012-03-31": "", "2011-12-31": 0, "2010-12-31": 0}, "Common Stock Dividends Paid": {"2020-09-30": -19, "2020-06-30": -19, "2020-03-31": "-20.00000", "2019-12-31": -21, "2019-09-30": -20, "2019-06-30": -2, "2019-03-31": "-1.00000", "2018-12-31": -1, "2018-09-30": -2, "2018-06-30": -1, "2018-03-31": "-2.00000", "2017-12-31": -2, "2017-09-30": -2, "2017-06-30": -2, "2017-03-31": "-2.00000", "2016-12-31": -1.9, "2016-09-30": -2, "2016-06-30": -2.1, "2016-03-31": "-2.00000", "2015-12-31": -2.1, "2015-09-30": -2.2, "2015-06-30": -2.3, "2015-03-31": "-2.40000", "2014-12-31": -2.4, "2014-09-30": -2.5, "2014-06-30": -2.6, "2014-03-31": "-2.60000", "2013-12-31": -5.2, "2013-09-30": 0, "2013-06-30": 0, "2013-03-31": "0.00000", "2012-12-31": 0, "2012-09-30": 0, "2012-06-30": 0, "2012-03-31": "", "2011-12-31": 0, "2010-12-31": 0}}, "financial ratios": {"Current Ratio": {"2019-12-31": "", "2018-12-31": "", "2017-12-31": "", "2016-12-31": "", "2015-12-31": "", "2014-12-31": "", "2013-12-31": "", "2012-12-31": "", "2011-12-31": "", "2010-12-31": ""}, "Long-term Debt / Capital": {"2019-12-31": "0.30150", "2018-12-31": "0.33330", "2017-12-31": "0.31130", "2016-12-31": "0.24440", "2015-12-31": "0.23300", "2014-12-31": "0.21090", "2013-12-31": "0.21640", "2012-12-31": "0.22570", "2011-12-31": "0.18330", "2010-12-31": ""}, "Debt/Equity Ratio": {"2019-12-31": "0.43170", "2018-12-31": "0.50010", "2017-12-31": "0.48250", "2016-12-31": "0.32350", "2015-12-31": "0.30380", "2014-12-31": "0.26730", "2013-12-31": "0.27610", "2012-12-31": "0.35770", "2011-12-31": "0.30010", "2010-12-31": ""}, "Gross Margin": {"2019-12-31": "", "2018-12-31": "", "2017-12-31": "", "2016-12-31": "", "2015-12-31": "", "2014-12-31": "", "2013-12-31": "", "2012-12-31": "", "2011-12-31": "", "2010-12-31": ""}, "Operating Margin": {"2019-12-31": "7.49060", "2018-12-31": "7.37120", "2017-12-31": "5.32580", "2016-12-31": "0.11380", "2015-12-31": "5.46120", "2014-12-31": "7.29200", "2013-12-31": "8.63470", "2012-12-31": "6.30250", "2011-12-31": "2.85840", "2010-12-31": "0.40760"}, "EBIT Margin": {"2019-12-31": "10.35310", "2018-12-31": "11.02890", "2017-12-31": "8.97770", "2016-12-31": "4.55170", "2015-12-31": "10.84210", "2014-12-31": "10.92520", "2013-12-31": "12.80760", "2012-12-31": "9.00750", "2011-12-31": "4.99550", "2010-12-31": "4.52980"}, "EBITDA Margin": {"2019-12-31": "13.09520", "2018-12-31": "14.30970", "2017-12-31": "13.93000", "2016-12-31": "9.33090", "2015-12-31": "15.21340", "2014-12-31": "15.66890", "2013-12-31": "20.06850", "2012-12-31": "18.84810", "2011-12-31": "11.48190", "2010-12-31": "16.30440"}, "Pre-Tax Profit Margin": {"2019-12-31": "7.49060", "2018-12-31": "7.37120", "2017-12-31": "5.32580", "2016-12-31": "0.11380", "2015-12-31": "5.46120", "2014-12-31": "7.29200", "2013-12-31": "8.63470", "2012-12-31": "6.30250", "2011-12-31": "2.85840", "2010-12-31": "0.40760"}, "Net Profit Margin": {"2019-12-31": "-5.06960", "2018-12-31": "12.21560", "2017-12-31": "-41.38890", "2016-12-31": "-3.72100", "2015-12-31": "4.68100", "2014-12-31": "20.88760", "2013-12-31": "6.83490", "2012-12-31": "4.91920", "2011-12-31": "-0.90650", "2010-12-31": "-1.32520"}, "Asset Turnover": {"2019-12-31": "0.04420", "2018-12-31": "0.04610", "2017-12-31": "0.03250", "2016-12-31": "0.04100", "2015-12-31": "0.03990", "2014-12-31": "0.04840", "2013-12-31": "0.03960", "2012-12-31": "0.04440", "2011-12-31": "0.04770", "2010-12-31": ""}, "Inventory Turnover Ratio": {"2019-12-31": "", "2018-12-31": "", "2017-12-31": "", "2016-12-31": "", "2015-12-31": "", "2014-12-31": "", "2013-12-31": "", "2012-12-31": "", "2011-12-31": "", "2010-12-31": ""}, "Receiveable Turnover": {"2019-12-31": "", "2018-12-31": "", "2017-12-31": "", "2016-12-31": "", "2015-12-31": "", "2014-12-31": "", "2013-12-31": "", "2012-12-31": "", "2011-12-31": "", "2010-12-31": ""}, "Days Sales In Receivables": {"2019-12-31": "", "2018-12-31": "", "2017-12-31": "", "2016-12-31": "", "2015-12-31": "", "2014-12-31": "", "2013-12-31": "", "2012-12-31": "", "2011-12-31": "", "2010-12-31": ""}, "ROE - Return On Equity": {"2019-12-31": "7.47800", "2018-12-31": "5.45250", "2017-12-31": "-2.73580", "2016-12-31": "0.27920", "2015-12-31": "2.40850", "2014-12-31": "13.64490", "2013-12-31": "5.08320", "2012-12-31": "3.80540", "2011-12-31": "0.73820", "2010-12-31": ""}, "Return On Tangible Equity": {"2019-12-31": "7.47800", "2018-12-31": "5.45250", "2017-12-31": "-2.73580", "2016-12-31": "0.27920", "2015-12-31": "2.44620", "2014-12-31": "13.85720", "2013-12-31": "5.19150", "2012-12-31": "3.88980", "2011-12-31": "0.75900", "2010-12-31": ""}, "ROA - Return On Assets": {"2019-12-31": "0.45250", "2018-12-31": "0.31590", "2017-12-31": "-0.13570", "2016-12-31": "0.01820", "2015-12-31": "0.17960", "2014-12-31": "1.11610", "2013-12-31": "0.35680", "2012-12-31": "0.28240", "2011-12-31": "0.05050", "2010-12-31": ""}, "ROI - Return On Investment": {"2019-12-31": "5.22360", "2018-12-31": "3.63520", "2017-12-31": "-1.88420", "2016-12-31": "0.21100", "2015-12-31": "1.84730", "2014-12-31": "10.76730", "2013-12-31": "3.98320", "2012-12-31": "2.94670", "2011-12-31": "0.60290", "2010-12-31": ""}, "Book Value Per Share": {"2019-12-31": "77.30910", "2018-12-31": "59.64450", "2017-12-31": "64.18660", "2016-12-31": "71.76360", "2015-12-31": "77.83740", "2014-12-31": "76.73990", "2013-12-31": "59.28710", "2012-12-31": "69.83130", "2011-12-31": "60.54830", "2010-12-31": ""}, "Operating Cash Flow Per Share": {"2019-12-31": -2.1942, "2018-12-31": 2.5126, "2017-12-31": -9.6209, "2016-12-31": 3.9309, "2015-12-31": 0.059, "2014-12-31": 1.2639, "2013-12-31": -1.3097, "2012-12-31": -4.6735, "2011-12-31": 7.8578, "2010-12-31": 11.0857}, "Free Cash Flow Per Share": {"2019-12-31": -2.1942, "2018-12-31": 2.5126, "2017-12-31": -9.6209, "2016-12-31": 3.9309, "2015-12-31": 0.1872, "2014-12-31": 1.2973, "2013-12-31": -1.3439, "2012-12-31": -4.6578, "2011-12-31": 7.8656, "2010-12-31": 10.9348}}, "financial ratios, quarterly": {"Current Ratio": {"2020-09-30": "", "2020-06-30": "", "2020-03-31": "", "2019-12-31": "", "2019-09-30": "", "2019-06-30": "", "2019-03-31": "", "2018-12-31": "", "2018-09-30": "", "2018-06-30": "", "2018-03-31": "", "2017-12-31": "", "2017-09-30": "", "2017-06-30": "", "2017-03-31": "", "2016-12-31": "", "2016-09-30": "", "2016-06-30": "", "2016-03-31": "", "2015-12-31": "", "2015-09-30": "", "2015-06-30": "", "2015-03-31": "", "2014-12-31": "", "2014-09-30": "", "2014-06-30": "", "2014-03-31": "", "2013-12-31": "", "2013-09-30": "", "2013-06-30": "", "2013-03-31": "", "2012-12-31": "", "2012-09-30": "", "2012-06-30": "", "2012-03-31": "", "2011-12-31": "", "2010-12-31": ""}, "Long-term Debt / Capital": {"2020-09-30": "0.25370", "2020-06-30": "0.31130", "2020-03-31": "0.38190", "2019-12-31": "0.30150", "2019-09-30": "0.30660", "2019-06-30": "0.31820", "2019-03-31": "0.34280", "2018-12-31": "0.33330", "2018-09-30": "0.37650", "2018-06-30": "0.36940", "2018-03-31": "0.33220", "2017-12-31": "0.31130", "2017-09-30": "0.30590", "2017-06-30": "0.24760", "2017-03-31": "0.24350", "2016-12-31": "0.24440", "2016-09-30": "0.28460", "2016-06-30": "0.28610", "2016-03-31": "0.27690", "2015-12-31": "0.23300", "2015-09-30": "0.23730", "2015-06-30": "0.21260", "2015-03-31": "0.22720", "2014-12-31": "0.21090", "2014-09-30": "0.20580", "2014-06-30": "0.20380", "2014-03-31": "0.21110", "2013-12-31": "0.21640", "2013-09-30": "0.21580", "2013-06-30": "0.20320", "2013-03-31": "0.23490", "2012-12-31": "0.22570", "2012-09-30": "", "2012-06-30": "", "2012-03-31": "", "2011-12-31": "", "2010-12-31": ""}, "Debt/Equity Ratio": {"2020-09-30": "0.34000", "2020-06-30": "0.45210", "2020-03-31": "0.61800", "2019-12-31": "0.43170", "2019-09-30": "0.44220", "2019-06-30": "0.47580", "2019-03-31": "0.52160", "2018-12-31": "0.50010", "2018-09-30": "0.60400", "2018-06-30": "0.58600", "2018-03-31": "0.49740", "2017-12-31": "0.48250", "2017-09-30": "0.46380", "2017-06-30": "0.38050", "2017-03-31": "0.37490", "2016-12-31": "0.32350", "2016-09-30": "0.39780", "2016-06-30": "0.40080", "2016-03-31": "0.38300", "2015-12-31": "0.30380", "2015-09-30": "0.31120", "2015-06-30": "0.27000", "2015-03-31": "0.29400", "2014-12-31": "0.26730", "2014-09-30": "0.25910", "2014-06-30": "0.25600", "2014-03-31": "0.26760", "2013-12-31": "0.27610", "2013-09-30": "0.27520", "2013-06-30": "0.26460", "2013-03-31": "0.32760", "2012-12-31": "0.35770", "2012-09-30": "", "2012-06-30": "", "2012-03-31": "", "2011-12-31": "", "2010-12-31": ""}, "Gross Margin": {"2020-09-30": "", "2020-06-30": "", "2020-03-31": "", "2019-12-31": "", "2019-09-30": "", "2019-06-30": "", "2019-03-31": "", "2018-12-31": "", "2018-09-30": "", "2018-06-30": "", "2018-03-31": "", "2017-12-31": "", "2017-09-30": "", "2017-06-30": "", "2017-03-31": "", "2016-12-31": "", "2016-09-30": "", "2016-06-30": "", "2016-03-31": "", "2015-12-31": "", "2015-09-30": "", "2015-06-30": "", "2015-03-31": "", "2014-12-31": "", "2014-09-30": "", "2014-06-30": "", "2014-03-31": "", "2013-12-31": "", "2013-09-30": "", "2013-06-30": "", "2013-03-31": "", "2012-12-31": "", "2012-09-30": "", "2012-06-30": "", "2012-03-31": "", "2011-12-31": "", "2010-12-31": ""}, "Operating Margin": {"2020-09-30": "-7.00140", "2020-06-30": "-2.88640", "2020-03-31": "2.61130", "2019-12-31": "3.64640", "2019-09-30": "7.94670", "2019-06-30": "12.34130", "2019-03-31": "5.59820", "2018-12-31": "9.62700", "2018-09-30": "8.25930", "2018-06-30": "11.40560", "2018-03-31": "1.06760", "2017-12-31": "9.66120", "2017-09-30": "1.83150", "2017-06-30": "7.07440", "2017-03-31": "5.49340", "2016-12-31": "-5.14250", "2016-09-30": "-14.07550", "2016-06-30": "5.67880", "2016-03-31": "8.01850", "2015-12-31": "63.62810", "2015-09-30": "2.17240", "2015-06-30": "16.38090", "2015-03-31": "10.03300", "2014-12-31": "-19.91080", "2014-09-30": "17.51510", "2014-06-30": "15.59200", "2014-03-31": "11.31830", "2013-12-31": "26.48600", "2013-09-30": "17.24630", "2013-06-30": "-3.51300", "2013-03-31": "-11.78380", "2012-12-31": "-1.40670", "2012-09-30": "14.58100", "2012-06-30": "25.37550", "2012-03-31": "-34.53170", "2011-12-31": "", "2010-12-31": ""}, "EBIT Margin": {"2020-09-30": "-4.82860", "2020-06-30": "0.12030", "2020-03-31": "5.16320", "2019-12-31": "6.40880", "2019-09-30": "11.09330", "2019-06-30": "15.28700", "2019-03-31": "8.17780", "2018-12-31": "20.45730", "2018-09-30": "10.70160", "2018-06-30": "14.33980", "2018-03-31": "3.86380", "2017-12-31": "17.44040", "2017-09-30": "4.89930", "2017-06-30": "10.36060", "2017-03-31": "8.55610", "2016-12-31": "7.81310", "2016-09-30": "-11.22410", "2016-06-30": "12.25890", "2016-03-31": "10.30140", "2015-12-31": "42.88300", "2015-09-30": "5.23210", "2015-06-30": "20.80460", "2015-03-31": "14.25280", "2014-12-31": "-15.58900", "2014-09-30": "20.76280", "2014-06-30": "19.18450", "2014-03-31": "14.83020", "2013-12-31": "30.64350", "2013-09-30": "21.30330", "2013-06-30": "0.56060", "2013-03-31": "-7.31880", "2012-12-31": "-1.40670", "2012-09-30": "17.42000", "2012-06-30": "27.27030", "2012-03-31": "-31.40110", "2011-12-31": "", "2010-12-31": ""}, "EBITDA Margin": {"2020-09-30": "", "2020-06-30": "", "2020-03-31": "", "2019-12-31": "", "2019-09-30": "", "2019-06-30": "", "2019-03-31": "", "2018-12-31": "", "2018-09-30": "", "2018-06-30": "", "2018-03-31": "", "2017-12-31": "", "2017-09-30": "", "2017-06-30": "", "2017-03-31": "", "2016-12-31": "", "2016-09-30": "", "2016-06-30": "", "2016-03-31": "", "2015-12-31": "", "2015-09-30": "", "2015-06-30": "", "2015-03-31": "", "2014-12-31": "", "2014-09-30": "", "2014-06-30": "", "2014-03-31": "", "2013-12-31": "", "2013-09-30": "", "2013-06-30": "", "2013-03-31": "", "2012-12-31": "", "2012-09-30": "", "2012-06-30": "", "2012-03-31": "", "2011-12-31": "", "2010-12-31": ""}, "Pre-Tax Profit Margin": {"2020-09-30": "-7.00140", "2020-06-30": "-2.88640", "2020-03-31": "2.61130", "2019-12-31": "3.64640", "2019-09-30": "7.94670", "2019-06-30": "12.34130", "2019-03-31": "5.59820", "2018-12-31": "9.62700", "2018-09-30": "8.25930", "2018-06-30": "11.40560", "2018-03-31": "1.06760", "2017-12-31": "9.66120", "2017-09-30": "1.83150", "2017-06-30": "7.07440", "2017-03-31": "5.49340", "2016-12-31": "-5.14260", "2016-09-30": "-14.07550", "2016-06-30": "5.67880", "2016-03-31": "8.01850", "2015-12-31": "63.62820", "2015-09-30": "2.17240", "2015-06-30": "16.38090", "2015-03-31": "10.03300", "2014-12-31": "-19.91080", "2014-09-30": "17.51510", "2014-06-30": "15.59200", "2014-03-31": "11.31830", "2013-12-31": "26.48600", "2013-09-30": "17.24630", "2013-06-30": "-3.51300", "2013-03-31": "-11.78380", "2012-12-31": "-4.90520", "2012-09-30": "14.58100", "2012-06-30": "25.37550", "2012-03-31": "-34.53180", "2011-12-31": "", "2010-12-31": ""}, "Net Profit Margin": {"2020-09-30": "-16.07920", "2020-06-30": "-4.26940", "2020-03-31": "-5.81600", "2019-12-31": "-42.87290", "2019-09-30": "5.70670", "2019-06-30": "11.47790", "2019-03-31": "3.51260", "2018-12-31": "14.56080", "2018-09-30": "6.30550", "2018-06-30": "7.85610", "2018-03-31": "22.67410", "2017-12-31": "-397.11420", "2017-09-30": "6.82230", "2017-06-30": "7.62210", "2017-03-31": "-6.95190", "2016-12-31": "-77.95020", "2016-09-30": "-9.81210", "2016-06-30": "5.99040", "2016-03-31": "6.36690", "2015-12-31": "19.37060", "2015-09-30": "1.09030", "2015-06-30": "9.60880", "2015-03-31": "7.28000", "2014-12-31": "57.13340", "2014-09-30": "12.69670", "2014-06-30": "9.19600", "2014-03-31": "9.66340", "2013-12-31": "23.12020", "2013-09-30": "14.23230", "2013-06-30": "-3.84000", "2013-03-31": "-11.65730", "2012-12-31": "-1.03000", "2012-09-30": "14.29240", "2012-06-30": "18.87030", "2012-03-31": "-34.01330", "2011-12-31": "", "2010-12-31": ""}, "Asset Turnover": {"2020-09-30": "0.01210", "2020-06-30": "0.01000", "2020-03-31": "0.01080", "2019-12-31": "0.01070", "2019-09-30": "0.01120", "2019-06-30": "0.01190", "2019-03-31": "0.01120", "2018-12-31": "0.00530", "2018-09-30": "0.01360", "2018-06-30": "0.01300", "2018-03-31": "0.00890", "2017-12-31": "0.00360", "2017-09-30": "0.00960", "2017-06-30": "0.01000", "2017-03-31": "0.00950", "2016-12-31": "0.00260", "2016-09-30": "0.01160", "2016-06-30": "0.01240", "2016-03-31": "0.01410", "2015-12-31": "-0.00250", "2015-09-30": "0.01690", "2015-06-30": "0.01310", "2015-03-31": "0.01140", "2014-12-31": "0.01070", "2014-09-30": "0.01420", "2014-06-30": "0.01180", "2014-03-31": "0.01190", "2013-12-31": "0.01070", "2013-09-30": "0.01120", "2013-06-30": "0.00990", "2013-03-31": "0.00820", "2012-12-31": "0.01020", "2012-09-30": "", "2012-06-30": "", "2012-03-31": "", "2011-12-31": "", "2010-12-31": ""}, "Inventory Turnover Ratio": {"2020-09-30": "", "2020-06-30": "", "2020-03-31": "", "2019-12-31": "", "2019-09-30": "", "2019-06-30": "", "2019-03-31": "", "2018-12-31": "", "2018-09-30": "", "2018-06-30": "", "2018-03-31": "", "2017-12-31": "", "2017-09-30": "", "2017-06-30": "", "2017-03-31": "", "2016-12-31": "", "2016-09-30": "", "2016-06-30": "", "2016-03-31": "", "2015-12-31": "", "2015-09-30": "", "2015-06-30": "", "2015-03-31": "", "2014-12-31": "", "2014-09-30": "", "2014-06-30": "", "2014-03-31": "", "2013-12-31": "", "2013-09-30": "", "2013-06-30": "", "2013-03-31": "", "2012-12-31": "", "2012-09-30": "", "2012-06-30": "", "2012-03-31": "", "2011-12-31": "", "2010-12-31": ""}, "Receiveable Turnover": {"2020-09-30": "", "2020-06-30": "", "2020-03-31": "", "2019-12-31": "", "2019-09-30": "", "2019-06-30": "", "2019-03-31": "", "2018-12-31": "", "2018-09-30": "", "2018-06-30": "", "2018-03-31": "", "2017-12-31": "", "2017-09-30": "", "2017-06-30": "", "2017-03-31": "", "2016-12-31": "", "2016-09-30": "", "2016-06-30": "", "2016-03-31": "", "2015-12-31": "", "2015-09-30": "", "2015-06-30": "", "2015-03-31": "", "2014-12-31": "", "2014-09-30": "", "2014-06-30": "", "2014-03-31": "", "2013-12-31": "", "2013-09-30": "", "2013-06-30": "", "2013-03-31": "", "2012-12-31": "", "2012-09-30": "", "2012-06-30": "", "2012-03-31": "", "2011-12-31": "", "2010-12-31": ""}, "Days Sales In Receivables": {"2020-09-30": "", "2020-06-30": "", "2020-03-31": "", "2019-12-31": "", "2019-09-30": "", "2019-06-30": "", "2019-03-31": "", "2018-12-31": "", "2018-09-30": "", "2018-06-30": "", "2018-03-31": "", "2017-12-31": "", "2017-09-30": "", "2017-06-30": "", "2017-03-31": "", "2016-12-31": "", "2016-09-30": "", "2016-06-30": "", "2016-03-31": "", "2015-12-31": "", "2015-09-30": "", "2015-06-30": "", "2015-03-31": "", "2014-12-31": "", "2014-09-30": "", "2014-06-30": "", "2014-03-31": "", "2013-12-31": "", "2013-09-30": "", "2013-06-30": "", "2013-03-31": "", "2012-12-31": "", "2012-09-30": "", "2012-06-30": "", "2012-03-31": "", "2011-12-31": "", "2010-12-31": ""}, "ROE - Return On Equity": {"2020-09-30": "-0.68580", "2020-06-30": "-0.51510", "2020-03-31": "0.60500", "2019-12-31": "3.10850", "2019-09-30": "1.28450", "2019-06-30": "1.95550", "2019-03-31": "0.94840", "2018-12-31": "1.25490", "2018-09-30": "1.79350", "2018-06-30": "2.12080", "2018-03-31": "0.16330", "2017-12-31": "-5.04570", "2017-09-30": "0.54750", "2017-06-30": "1.08450", "2017-03-31": "0.14410", "2016-12-31": "-0.37800", "2016-09-30": "-1.46390", "2016-06-30": "0.83100", "2016-03-31": "1.22470", "2015-12-31": "-1.88620", "2015-09-30": "0.67370", "2015-06-30": "2.09190", "2015-03-31": "1.15550", "2014-12-31": "7.13200", "2014-09-30": "3.04710", "2014-06-30": "2.40340", "2014-03-31": "1.65930", "2013-12-31": "4.20070", "2013-09-30": "3.01190", "2013-06-30": "-0.58240", "2013-03-31": "-1.44560", "2012-12-31": "-0.14130", "2012-09-30": "", "2012-06-30": "", "2012-03-31": "", "2011-12-31": "", "2010-12-31": ""}, "Return On Tangible Equity": {"2020-09-30": "-0.68580", "2020-06-30": "-0.51510", "2020-03-31": "0.60500", "2019-12-31": "3.10850", "2019-09-30": "1.28450", "2019-06-30": "1.95550", "2019-03-31": "0.94840", "2018-12-31": "1.25490", "2018-09-30": "1.79350", "2018-06-30": "2.12080", "2018-03-31": "0.16330", "2017-12-31": "-5.04570", "2017-09-30": "0.55500", "2017-06-30": "1.09970", "2017-03-31": "0.14630", "2016-12-31": "-0.37800", "2016-09-30": "-1.48480", "2016-06-30": "0.84340", "2016-03-31": "1.24410", "2015-12-31": "-1.91580", "2015-09-30": "0.68390", "2015-06-30": "2.12410", "2015-03-31": "1.17290", "2014-12-31": "7.24290", "2014-09-30": "3.10060", "2014-06-30": "2.44630", "2014-03-31": "1.69160", "2013-12-31": "4.29020", "2013-09-30": "3.07890", "2013-06-30": "-0.59590", "2013-03-31": "-1.47800", "2012-12-31": "-0.14450", "2012-09-30": "", "2012-06-30": "", "2012-03-31": "", "2011-12-31": "", "2010-12-31": ""}, "ROA - Return On Assets": {"2020-09-30": "-0.04260", "2020-06-30": "-0.03170", "2020-03-31": "0.03210", "2019-12-31": "0.18810", "2019-09-30": "0.08630", "2019-06-30": "0.12710", "2019-03-31": "0.05740", "2018-12-31": "0.07270", "2018-09-30": "0.10000", "2018-06-30": "0.12040", "2018-03-31": "0.00770", "2017-12-31": "-0.25030", "2017-09-30": "0.03530", "2017-06-30": "0.07050", "2017-03-31": "0.00920", "2016-12-31": "-0.02460", "2016-09-30": "-0.10820", "2016-06-30": "0.06270", "2016-03-31": "0.08990", "2015-12-31": "-0.14070", "2015-09-30": "0.05310", "2015-06-30": "0.16200", "2015-03-31": "0.09420", "2014-12-31": "0.58330", "2014-09-30": "0.23290", "2014-06-30": "0.18190", "2014-03-31": "0.12150", "2013-12-31": "0.29490", "2013-09-30": "0.20570", "2013-06-30": "-0.03930", "2013-03-31": "-0.10210", "2012-12-31": "-0.01050", "2012-09-30": "", "2012-06-30": "", "2012-03-31": "", "2011-12-31": "", "2010-12-31": ""}, "ROI - Return On Investment": {"2020-09-30": "-0.51180", "2020-06-30": "-0.35480", "2020-03-31": "0.37390", "2019-12-31": "2.17140", "2019-09-30": "0.89070", "2019-06-30": "1.33320", "2019-03-31": "0.62330", "2018-12-31": "0.83660", "2018-09-30": "1.11820", "2018-06-30": "1.33720", "2018-03-31": "0.10910", "2017-12-31": "-3.47520", "2017-09-30": "0.38000", "2017-06-30": "0.81600", "2017-03-31": "0.10900", "2016-12-31": "-0.28560", "2016-09-30": "-1.04730", "2016-06-30": "0.59320", "2016-03-31": "0.88550", "2015-12-31": "-1.44670", "2015-09-30": "0.51380", "2015-06-30": "1.64720", "2015-03-31": "0.89300", "2014-12-31": "5.62790", "2014-09-30": "2.42000", "2014-06-30": "1.91340", "2014-03-31": "1.30910", "2013-12-31": "3.29170", "2013-09-30": "2.36180", "2013-06-30": "-0.46400", "2013-03-31": "-1.10600", "2012-12-31": "-0.10940", "2012-09-30": "", "2012-06-30": "", "2012-03-31": "", "2011-12-31": "", "2010-12-31": ""}, "Book Value Per Share": {"2020-09-30": "84.32420", "2020-06-30": "81.55000", "2020-03-31": "65.52870", "2019-12-31": "77.30910", "2019-09-30": "83.18310", "2019-06-30": "76.52710", "2019-03-31": "66.26970", "2018-12-31": "59.64450", "2018-09-30": "58.56420", "2018-06-30": "57.03990", "2018-03-31": "60.67440", "2017-12-31": "64.18660", "2017-09-30": "81.28820", "2017-06-30": "79.53570", "2017-03-31": "73.06860", "2016-12-31": "71.76360", "2016-09-30": "83.01590", "2016-06-30": "81.73440", "2016-03-31": "76.98800", "2015-12-31": "77.83740", "2015-09-30": "80.10500", "2015-06-30": "77.54230", "2015-03-31": "81.49690", "2014-12-31": "76.73990", "2014-09-30": "69.57030", "2014-06-30": "67.79550", "2014-03-31": "64.25530", "2013-12-31": "59.28710", "2013-09-30": "56.99490", "2013-06-30": "56.16740", "2013-03-31": "67.82130", "2012-12-31": "69.83130", "2012-09-30": "", "2012-06-30": "", "2012-03-31": "", "2011-12-31": "", "2010-12-31": ""}, "Operating Cash Flow Per Share": {"2020-09-30": 2.872, "2020-06-30": 3.9202, "2020-03-31": "-0.55310", "2019-12-31": 3.0142, "2019-09-30": 2.235, "2019-06-30": 2.7966, "2019-03-31": "0.86580", "2018-12-31": 1.1424, "2018-09-30": 3.8639, "2018-06-30": 3.8517, "2018-03-31": "2.24780", "2017-12-31": 2.42, "2017-09-30": 3.211, "2017-06-30": 3.2141, "2017-03-31": "-0.25190", "2016-12-31": 5.7752, "2016-09-30": 4.2664, "2016-06-30": 5.0319, "2016-03-31": "3.14060", "2015-12-31": 2.2689, "2015-09-30": 5.56, "2015-06-30": 2.0767, "2015-03-31": "4.37760", "2014-12-31": 2.7611, "2014-09-30": 4.3694, "2014-06-30": 4.1085, "2014-03-31": "2.98520", "2013-12-31": 1.7437, "2013-09-30": 6.0632, "2013-06-30": 5.2769, "2013-03-31": "-0.12350", "2012-12-31": 3.7396, "2012-09-30": 4.6739, "2012-06-30": 4.4465, "2012-03-31": "1.41000", "2011-12-31": 0, "2010-12-31": 0}, "Free Cash Flow Per Share": {"2020-09-30": 2.872, "2020-06-30": 3.9202, "2020-03-31": "-0.55310", "2019-12-31": 3.0142, "2019-09-30": 2.235, "2019-06-30": 2.7966, "2019-03-31": "0.86580", "2018-12-31": 1.1424, "2018-09-30": 3.8639, "2018-06-30": 3.8517, "2018-03-31": "2.24780", "2017-12-31": 2.42, "2017-09-30": 3.211, "2017-06-30": 3.2141, "2017-03-31": "-0.25190", "2016-12-31": 6.0217, "2016-09-30": 4.1983, "2016-06-30": 4.9405, "2016-03-31": "3.05360", "2015-12-31": 2.4402, "2015-09-30": 5.4931, "2015-06-30": 2.008, "2015-03-31": "4.34190", "2014-12-31": 2.7371, "2014-09-30": 4.339, "2014-06-30": 4.0677, "2014-03-31": "2.95220", "2013-12-31": 1.6801, "2013-09-30": 6.0255, "2013-06-30": 5.2453, "2013-03-31": "-0.15220", "2012-12-31": 3.6939, "2012-09-30": 4.7004, "2012-06-30": 4.374, "2012-03-31": "1.37430", "2011-12-31": 0, "2010-12-31": 0}}, "revenue": {"Voya Financial Annual Revenue (Millions of US $)": {"2019": "$7,476", "2018": "$7,163", "2017": "$7,229", "2016": "$8,788", "2015": "$8,716", "2014": "$10,987", "2013": "$8,757", "2012": "$9,615", "2011": "$9,719", "2010": "$9,274"}, "Voya Financial Quarterly Revenue (Millions of US $)": {"2020-09-30": "$2,071", "2020-06-30": "$1,663", "2020-03-31": "$1,685", "2019-12-31": "$1,810", "2019-09-30": "$1,875", "2019-06-30": "$1,969", "2019-03-31": "$1,822", "2018-12-31": "$831", "2018-09-30": "$2,252", "2018-06-30": "$2,113", "2018-03-31": "$1,967", "2017-12-31": "$797", "2017-09-30": "$2,184", "2017-06-30": "$2,191", "2017-03-31": "$2,057", "2016-12-31": "$554", "2016-09-30": "$2,529", "2016-06-30": "$2,696", "2016-03-31": "$3,009", "2015-12-31": "$-553", "2015-09-30": "$3,696", "2015-06-30": "$2,968", "2015-03-31": "$2,604", "2014-12-31": "$2,420", "2014-09-30": "$3,196", "2014-06-30": "$2,700", "2014-03-31": "$2,671", "2013-12-31": "$2,362", "2013-09-30": "$2,435", "2013-06-30": "$2,141", "2013-03-31": "$1,819", "2012-12-31": "$2,204", "2012-09-30": "$2,564", "2012-06-30": "$3,362", "2012-03-31": "$1,485", "2011-12-31": "", "2010-12-31": ""}}, "gross-profit": {"Voya Financial Annual Gross Profit (Millions of US $)": {"2019": "$3,726", "2018": "$3,637", "2017": "$3,571", "2016": "$3,474", "2015": "$4,018", "2014": "$5,050", "2013": "$4,259", "2012": "$4,754", "2011": "$3,977", "2010": "$4,247"}, "Voya Financial Quarterly Gross Profit (Millions of US $)": {"2020-09-30": "$772", "2020-06-30": "$666", "2020-03-31": "$803", "2019-12-31": "$948", "2019-09-30": "$872", "2019-06-30": "$1,018", "2019-03-31": "$888", "2018-12-31": "$751", "2018-09-30": "$984", "2018-06-30": "$1,025", "2018-03-31": "$877", "2017-12-31": "$616", "2017-09-30": "$992", "2017-06-30": "$1,055", "2017-03-31": "$908", "2016-12-31": "$573", "2016-09-30": "$622", "2016-06-30": "$1,146", "2016-03-31": "$1,134", "2015-12-31": "$25", "2015-09-30": "$1,242", "2015-06-30": "$1,519", "2015-03-31": "$1,233", "2014-12-31": "$879", "2014-09-30": "$1,463", "2014-06-30": "$1,395", "2014-03-31": "$1,313", "2013-12-31": "$1,243", "2013-09-30": "$1,348", "2013-06-30": "$911", "2013-03-31": "$757", "2012-12-31": "$420", "2012-09-30": "$1,458", "2012-06-30": "$1,850", "2012-03-31": "$467", "2011-12-31": "", "2010-12-31": ""}}, "operating-income": {"Voya Financial Annual Operating Income (Millions of US $)": {"2019": "$560", "2018": "$528", "2017": "$385", "2016": "$10", "2015": "$476", "2014": "$801", "2013": "$756", "2012": "$606", "2011": "$278", "2010": "$38"}, "Voya Financial Quarterly Operating Income (Millions of US $)": {"2020-09-30": "$-145", "2020-06-30": "$-48", "2020-03-31": "$44", "2019-12-31": "$66", "2019-09-30": "$149", "2019-06-30": "$243", "2019-03-31": "$102", "2018-12-31": "$80", "2018-09-30": "$186", "2018-06-30": "$241", "2018-03-31": "$21", "2017-12-31": "$77", "2017-09-30": "$40", "2017-06-30": "$155", "2017-03-31": "$113", "2016-12-31": "$-29", "2016-09-30": "$-356", "2016-06-30": "$153", "2016-03-31": "$241", "2015-12-31": "$-352", "2015-09-30": "$80", "2015-06-30": "$486", "2015-03-31": "$261", "2014-12-31": "$-482", "2014-09-30": "$560", "2014-06-30": "$421", "2014-03-31": "$302", "2013-12-31": "$626", "2013-09-30": "$420", "2013-06-30": "$-75", "2013-03-31": "$-214", "2012-12-31": "$-31", "2012-09-30": "$374", "2012-06-30": "$853", "2012-03-31": "$-513", "2011-12-31": "", "2010-12-31": ""}}, "ebitda": {"Voya Financial Annual EBITDA (Millions of US $)": {"2019": "$979", "2018": "$1,025", "2017": "$1,007", "2016": "$820", "2015": "$1,326", "2014": "$1,722", "2013": "$1,757", "2012": "$1,812", "2011": "$1,116", "2010": "$1,512"}, "Voya Financial Quarterly EBITDA (Millions of US $)": {"2020-09-30": "$-100", "2020-06-30": "$2", "2020-03-31": "$87", "2019-12-31": "$116", "2019-09-30": "$208", "2019-06-30": "$301", "2019-03-31": "$149", "2018-12-31": "$170", "2018-09-30": "$241", "2018-06-30": "$303", "2018-03-31": "$76", "2017-12-31": "$139", "2017-09-30": "$107", "2017-06-30": "$227", "2017-03-31": "$176", "2016-12-31": "$43", "2016-09-30": "$-284", "2016-06-30": "$331", "2016-03-31": "$310", "2015-12-31": "$-237", "2015-09-30": "$193", "2015-06-30": "$618", "2015-03-31": "$371", "2014-12-31": "$-377", "2014-09-30": "$664", "2014-06-30": "$518", "2014-03-31": "$396", "2013-12-31": "$724", "2013-09-30": "$519", "2013-06-30": "$12", "2013-03-31": "$-133", "2012-12-31": "$46", "2012-09-30": "$447", "2012-06-30": "$917", "2012-03-31": "$-466", "2011-12-31": "", "2010-12-31": ""}}, "net-income": {"Voya Financial Annual Net Income (Millions of US $)": {"2019": "$-379", "2018": "$875", "2017": "$-2,992", "2016": "$-327", "2015": "$408", "2014": "$2,295", "2013": "$599", "2012": "$473", "2011": "$-88", "2010": "$-123"}, "Voya Financial Quarterly Net Income (Millions of US $)": {"2020-09-30": "$-333", "2020-06-30": "$-71", "2020-03-31": "$-98", "2019-12-31": "$-776", "2019-09-30": "$107", "2019-06-30": "$226", "2019-03-31": "$64", "2018-12-31": "$121", "2018-09-30": "$142", "2018-06-30": "$166", "2018-03-31": "$446", "2017-12-31": "$-3,165", "2017-09-30": "$149", "2017-06-30": "$167", "2017-03-31": "$-143", "2016-12-31": "$-432", "2016-09-30": "$-248", "2016-06-30": "$162", "2016-03-31": "$192", "2015-12-31": "$-107", "2015-09-30": "$40", "2015-06-30": "$285", "2015-03-31": "$190", "2014-12-31": "$1,383", "2014-09-30": "$406", "2014-06-30": "$248", "2014-03-31": "$258", "2013-12-31": "$546", "2013-09-30": "$347", "2013-06-30": "$-82", "2013-03-31": "$-212", "2012-12-31": "$-23", "2012-09-30": "$367", "2012-06-30": "$634", "2012-03-31": "$-505", "2011-12-31": "", "2010-12-31": ""}}, "eps-earnings-per-share-diluted": {"Voya Financial Annual EPS": {"2019": "$-2.69", "2018": "$5.36", "2017": "$-16.25", "2016": "$-1.61", "2015": "$1.80", "2014": "$9.00", "2013": "$2.38", "2012": "$2.06", "2011": "$-0.38", "2010": "$-0.53"}, "Voya Financial Quarterly EPS": {"2020-09-30": "$-2.64", "2020-06-30": "$-0.55", "2020-03-31": "$-0.71", "2019-12-31": "$-5.36", "2019-09-30": "$0.74", "2019-06-30": "$1.51", "2019-03-31": "$0.42", "2018-12-31": "$1.03", "2018-09-30": "$0.87", "2018-06-30": "$0.96", "2018-03-31": "$2.50", "2017-12-31": "$-17.21", "2017-09-30": "$0.81", "2017-06-30": "$0.89", "2017-03-31": "$-0.74", "2016-12-31": "$-2.08", "2016-09-30": "$-1.24", "2016-06-30": "$0.79", "2016-03-31": "$0.92", "2015-12-31": "$-0.41", "2015-09-30": "$0.18", "2015-06-30": "$1.24", "2015-03-31": "$0.79", "2014-12-31": "$5.46", "2014-09-30": "$1.59", "2014-06-30": "$0.97", "2014-03-31": "$0.98", "2013-12-31": "$2.31", "2013-09-30": "$1.32", "2013-06-30": "$-0.33", "2013-03-31": "$-0.92", "2012-12-31": "$-0.10", "2012-09-30": "$1.59", "2012-06-30": "$2.76", "2012-03-31": "$-2.20", "2011-12-31": "$0.00", "2010-12-31": "$0.00"}}, "shares-outstanding": {"Voya Financial Annual Shares Outstanding (Millions of Shares)": {"2019": "147", "2018": "168", "2017": "184", "2016": "203", "2015": "227", "2014": "255", "2013": "252", "2012": "230", "2011": "230", "2010": "230"}, "Voya Financial Quarterly Shares Outstanding (Millions of Shares)": {"2020-09-30": "126", "2020-06-30": "128", "2020-03-31": "137", "2019-12-31": "147", "2019-09-30": "144", "2019-06-30": "150", "2019-03-31": "151", "2018-12-31": "168", "2018-09-30": "164", "2018-06-30": "173", "2018-03-31": "178", "2017-12-31": "184", "2017-09-30": "182", "2017-06-30": "188", "2017-03-31": "195", "2016-12-31": "203", "2016-09-30": "200", "2016-06-30": "204", "2016-03-31": "209", "2015-12-31": "227", "2015-09-30": "224", "2015-06-30": "230", "2015-03-31": "241", "2014-12-31": "255", "2014-09-30": "254", "2014-06-30": "256", "2014-03-31": "264", "2013-12-31": "252", "2013-09-30": "262", "2013-06-30": "250", "2013-03-31": "230", "2012-12-31": "230", "2012-09-30": "230", "2012-06-30": "230", "2012-03-31": "230", "2011-12-31": "", "2010-12-31": ""}}, "total-assets": {"Voya Financial Annual Total Assets (Millions of US $)": {"2019": "$169,051", "2018": "$155,430", "2017": "$222,532", "2016": "$214,585", "2015": "$218,224", "2014": "$226,931", "2013": "$221,023", "2012": "$216,394", "2011": "$203,573", "2010": "$0"}, "Voya Financial Quarterly Total Assets (Millions of US $)": {"2020-09-30": "$171,466", "2020-06-30": "$166,934", "2020-03-31": "$155,732", "2019-12-31": "$169,051", "2019-09-30": "$166,850", "2019-06-30": "$165,162", "2019-03-31": "$161,985", "2018-12-31": "$155,430", "2018-09-30": "$165,036", "2018-06-30": "$162,740", "2018-03-31": "$219,824", "2017-12-31": "$222,532", "2017-09-30": "$226,644", "2017-06-30": "$219,839", "2017-03-31": "$217,026", "2016-12-31": "$214,585", "2016-09-30": "$218,622", "2016-06-30": "$217,065", "2016-03-31": "$214,008", "2015-12-31": "$218,224", "2015-09-30": "$218,711", "2015-06-30": "$226,585", "2015-03-31": "$229,048", "2014-12-31": "$226,931", "2014-09-30": "$224,304", "2014-06-30": "$228,078", "2014-03-31": "$223,511", "2013-12-31": "$221,023", "2013-09-30": "$217,658", "2013-06-30": "$217,124", "2013-03-31": "$220,850", "2012-12-31": "$216,394", "2012-09-30": "$0", "2012-06-30": "$0", "2012-03-31": "$0", "2011-12-31": "$203,573", "2010-12-31": "$0"}}, "cash-on-hand": {"Voya Financial Annual Cash on Hand (Millions of US $)": {"2019": "$1,249", "2018": "$1,568", "2017": "$1,435", "2016": "$2,229", "2015": "$2,980", "2014": "$3,241", "2013": "$3,552", "2012": "$2,228", "2011": "$775", "2010": "$"}, "Voya Financial Quarterly Cash on Hand (Millions of US $)": {"2020-09-30": "$1,136", "2020-06-30": "$1,149", "2020-03-31": "$1,085", "2019-12-31": "$1,249", "2019-09-30": "$1,450", "2019-06-30": "$1,541", "2019-03-31": "$1,340", "2018-12-31": "$1,568", "2018-09-30": "$1,885", "2018-06-30": "$1,620", "2018-03-31": "$1,597", "2017-12-31": "$1,435", "2017-09-30": "$2,073", "2017-06-30": "$2,713", "2017-03-31": "$2,531", "2016-12-31": "$2,229", "2016-09-30": "$2,952", "2016-06-30": "$3,977", "2016-03-31": "$2,781", "2015-12-31": "$2,980", "2015-09-30": "$3,286", "2015-06-30": "$2,959", "2015-03-31": "$2,175", "2014-12-31": "$3,241", "2014-09-30": "$1,909", "2014-06-30": "$3,788", "2014-03-31": "$2,500", "2013-12-31": "$3,552", "2013-09-30": "$2,030", "2013-06-30": "$2,486", "2013-03-31": "$3,843", "2012-12-31": "$2,228", "2012-09-30": "", "2012-06-30": "", "2012-03-31": "", "2011-12-31": "$775", "2010-12-31": ""}}, "long-term-debt": {"Voya Financial Annual Long Term Debt (Millions of US $)": {"2019": "$4,415", "2018": "$4,502", "2017": "$4,989", "2016": "$4,519", "2015": "$4,945", "2014": "$4,961", "2013": "$4,284", "2012": "$4,681", "2011": "$3,125", "2010": "$"}, "Voya Financial Quarterly Long Term Debt (Millions of US $)": {"2020-09-30": "$3,618", "2020-06-30": "$4,651", "2020-03-31": "$5,107", "2019-12-31": "$4,415", "2019-09-30": "$4,956", "2019-06-30": "$5,013", "2019-03-31": "$5,114", "2018-12-31": "$4,502", "2018-09-30": "$5,556", "2018-06-30": "$5,415", "2018-03-31": "$5,177", "2017-12-31": "$4,989", "2017-09-30": "$6,440", "2017-06-30": "$4,702", "2017-03-31": "$4,467", "2016-12-31": "$4,519", "2016-09-30": "$6,427", "2016-06-30": "$6,560", "2016-03-31": "$6,014", "2015-12-31": "$4,945", "2015-09-30": "$5,367", "2015-06-30": "$4,737", "2015-03-31": "$5,488", "2014-12-31": "$4,961", "2014-09-30": "$4,443", "2014-06-30": "$4,420", "2014-03-31": "$4,380", "2013-12-31": "$4,284", "2013-09-30": "$4,091", "2013-06-30": "$3,736", "2013-03-31": "$4,790", "2012-12-31": "$4,681", "2012-09-30": "", "2012-06-30": "", "2012-03-31": "", "2011-12-31": "$5,182", "2010-12-31": ""}}, "total-liabilities": {"Voya Financial Annual Total Liabilities (Millions of US $)": {"2019": "$158,821", "2018": "$146,425", "2017": "$211,493", "2016": "$200,617", "2015": "$201,948", "2014": "$208,369", "2013": "$205,509", "2012": "$200,333", "2011": "$189,647", "2010": "$0"}, "Voya Financial Quarterly Total Liabilities (Millions of US $)": {"2020-09-30": "$160,821", "2020-06-30": "$156,645", "2020-03-31": "$147,467", "2019-12-31": "$158,821", "2019-09-30": "$155,639", "2019-06-30": "$154,423", "2019-03-31": "$152,179", "2018-12-31": "$146,425", "2018-09-30": "$155,836", "2018-06-30": "$153,498", "2018-03-31": "$209,415", "2017-12-31": "$211,493", "2017-09-30": "$212,033", "2017-06-30": "$205,547", "2017-03-31": "$203,148", "2016-12-31": "$200,617", "2016-09-30": "$202,467", "2016-06-30": "$200,700", "2016-03-31": "$198,305", "2015-12-31": "$201,948", "2015-09-30": "$201,463", "2015-06-30": "$209,036", "2015-03-31": "$210,382", "2014-12-31": "$208,369", "2014-09-30": "$207,160", "2014-06-30": "$210,815", "2014-03-31": "$207,143", "2013-12-31": "$205,509", "2013-09-30": "$202,794", "2013-06-30": "$202,476", "2013-03-31": "$205,251", "2012-12-31": "$200,333", "2012-09-30": "$0", "2012-06-30": "$0", "2012-03-31": "$0", "2011-12-31": "$189,647", "2010-12-31": "$0"}}, "total-share-holder-equity": {"Voya Financial Annual Share Holder Equity (Millions of US $)": {"2019": "$10,230", "2018": "$9,005", "2017": "$11,039", "2016": "$13,968", "2015": "$16,276", "2014": "$18,562", "2013": "$15,514", "2012": "$16,061", "2011": "$13,926", "2010": "$0"}, "Voya Financial Quarterly Share Holder Equity (Millions of US $)": {"2020-09-30": "$10,645", "2020-06-30": "$10,289", "2020-03-31": "$8,265", "2019-12-31": "$10,230", "2019-09-30": "$11,211", "2019-06-30": "$10,739", "2019-03-31": "$9,806", "2018-12-31": "$9,005", "2018-09-30": "$9,200", "2018-06-30": "$9,242", "2018-03-31": "$10,409", "2017-12-31": "$11,039", "2017-09-30": "$14,611", "2017-06-30": "$14,292", "2017-03-31": "$13,878", "2016-12-31": "$13,968", "2016-09-30": "$16,155", "2016-06-30": "$16,366", "2016-03-31": "$15,702", "2015-12-31": "$16,276", "2015-09-30": "$17,249", "2015-06-30": "$17,549", "2015-03-31": "$18,667", "2014-12-31": "$18,562", "2014-09-30": "$17,144", "2014-06-30": "$17,263", "2014-03-31": "$16,368", "2013-12-31": "$15,514", "2013-09-30": "$14,865", "2013-06-30": "$14,647", "2013-03-31": "$15,599", "2012-12-31": "$16,061", "2012-09-30": "$0", "2012-06-30": "$0", "2012-03-31": "$0", "2011-12-31": "$13,926", "2010-12-31": "$0"}}, "profit-margins": {"current": "-17.43%"}, "gross margin": {"2020-09-30": "44.11%", "2020-06-30": "46.77%", "2020-03-31": "49.61%", "2019-12-31": "49.84%", "2019-09-30": "54.32%", "2019-06-30": "52.97%", "2019-03-31": "51.98%", "2018-12-31": "50.77%", "2018-09-30": "49.12%", "2018-06-30": "49.71%", "2018-03-31": "49.59%", "2017-12-31": "49.40%", "2017-09-30": "50.50%", "2017-06-30": "43.08%", "2017-03-31": "41.46%", "2016-12-31": "39.54%", "2016-09-30": "38.11%", "2016-06-30": "40.09%", "2016-03-31": "42.98%", "2015-12-31": "46.12%", "2015-09-30": "41.69%", "2015-06-30": "45.53%", "2015-03-31": "45.51%", "2014-12-31": "45.96%", "2014-09-30": "49.54%", "2014-06-30": "52.11%", "2014-03-31": "50.11%", "2013-12-31": "48.64%", "2013-09-30": "39.96%", "2013-06-30": "40.63%", "2013-03-31": "45.08%", "2012-12-31": "43.63%"}, "operating margin": {"2020-09-30": "-1.15%", "2020-06-30": "3.00%", "2020-03-31": "6.84%", "2019-12-31": "7.49%", "2019-09-30": "8.83%", "2019-06-30": "8.89%", "2019-03-31": "8.68%", "2018-12-31": "7.37%", "2018-09-30": "7.36%", "2018-06-30": "5.37%", "2018-03-31": "4.10%", "2017-12-31": "5.33%", "2017-09-30": "4.01%", "2017-06-30": "-1.58%", "2017-03-31": "-1.51%", "2016-12-31": "0.11%", "2016-09-30": "-4.09%", "2016-06-30": "1.38%", "2016-03-31": "4.99%", "2015-12-31": "5.45%", "2015-09-30": "2.95%", "2015-06-30": "7.37%", "2015-03-31": "6.96%", "2014-12-31": "7.29%", "2014-09-30": "17.47%", "2014-06-30": "17.40%", "2014-03-31": "13.25%", "2013-12-31": "8.64%", "2013-09-30": "1.16%", "2013-06-30": "0.62%", "2013-03-31": "9.87%", "2012-12-31": "7.10%"}, "ebitda margin": {"2020-09-30": "1.45%", "2020-06-30": "5.87%", "2020-03-31": "9.70%", "2019-12-31": "10.35%", "2019-09-30": "12.74%", "2019-06-30": "12.53%", "2019-03-31": "12.30%", "2018-12-31": "11.03%", "2018-09-30": "10.65%", "2018-06-30": "8.85%", "2018-03-31": "7.69%", "2017-12-31": "8.98%", "2017-09-30": "7.92%", "2017-06-30": "2.21%", "2017-03-31": "3.39%", "2016-12-31": "4.55%", "2016-09-30": "1.56%", "2016-06-30": "6.75%", "2016-03-31": "9.69%", "2015-12-31": "10.84%", "2015-09-30": "6.89%", "2015-06-30": "11.41%", "2015-03-31": "10.77%", "2014-12-31": "10.93%", "2014-09-30": "21.06%", "2014-06-30": "21.21%", "2014-03-31": "17.18%", "2013-12-31": "12.81%", "2013-09-30": "5.16%", "2013-06-30": "4.26%", "2013-03-31": "12.84%", "2012-12-31": "9.82%"}, "pre tax profit margin": {"2020-09-30": "-1.15%", "2020-06-30": "3.00%", "2020-03-31": "6.84%", "2019-12-31": "7.49%", "2019-09-30": "8.83%", "2019-06-30": "8.89%", "2019-03-31": "8.68%", "2018-12-31": "7.37%", "2018-09-30": "7.36%", "2018-06-30": "5.37%", "2018-03-31": "4.10%", "2017-12-31": "5.33%", "2017-09-30": "3.99%", "2017-06-30": "-1.60%", "2017-03-31": "-1.52%", "2016-12-31": "0.10%", "2016-09-30": "-4.09%", "2016-06-30": "1.38%", "2016-03-31": "4.99%", "2015-12-31": "5.45%", "2015-09-30": "2.95%", "2015-06-30": "7.37%", "2015-03-31": "6.96%", "2014-12-31": "7.29%", "2014-09-30": "17.47%", "2014-06-30": "17.40%", "2014-03-31": "13.25%", "2013-12-31": "8.64%", "2013-09-30": "0.27%", "2013-06-30": "-0.26%", "2013-03-31": "9.10%", "2012-12-31": "6.30%"}, "net profit margin": {"2020-09-30": "-17.68%", "2020-06-30": "-11.92%", "2020-03-31": "-7.37%", "2019-12-31": "-5.07%", "2019-09-30": "7.97%", "2019-06-30": "8.04%", "2019-03-31": "7.02%", "2018-12-31": "12.22%", "2018-09-30": "-33.82%", "2018-06-30": "-34.05%", "2018-03-31": "-33.66%", "2017-12-31": "-41.39%", "2017-09-30": "-3.71%", "2017-06-30": "-8.95%", "2017-03-31": "-8.44%", "2016-12-31": "-3.71%", "2016-09-30": "-0.01%", "2016-06-30": "3.24%", "2016-03-31": "4.50%", "2015-12-31": "4.68%", "2015-09-30": "16.24%", "2015-06-30": "20.24%", "2015-03-31": "20.39%", "2014-12-31": "20.89%", "2014-09-30": "13.34%", "2014-06-30": "13.76%", "2014-03-31": "11.12%", "2013-12-31": "6.84%", "2013-09-30": "0.35%", "2013-06-30": "0.57%", "2013-03-31": "7.70%", "2012-12-31": "4.92%"}, "pe ratio": {"current": "12.69", "2021-02-05": "0.00", "2020-09-30": "0.00", "2020-06-30": "0.00", "2020-03-31": "0.00", "2019-12-31": "0.00", "2019-09-30": "15.65", "2019-06-30": "15.27", "2019-03-31": "16.31", "2018-12-31": "7.75", "2018-09-30": "0.00", "2018-06-30": "0.00", "2018-03-31": "0.00", "2017-12-31": "0.00", "2017-09-30": "0.00", "2017-06-30": "0.00", "2017-03-31": "0.00", "2016-12-31": "0.00", "2016-09-30": "0.00", "2016-06-30": "17.34", "2016-03-31": "15.77", "2015-12-31": "21.28", "2015-09-30": "4.84", "2015-06-30": "4.92", "2015-03-31": "4.71", "2014-12-31": "4.52", "2014-09-30": "6.83", "2014-06-30": "6.66", "2014-03-31": "8.76"}, "price sales": {"2021-02-05": "1.07", "2020-09-30": "0.89", "2020-06-30": "0.92", "2020-03-31": "0.79", "2019-12-31": "1.19", "2019-09-30": "1.25", "2019-06-30": "1.24", "2019-03-31": "1.14", "2018-12-31": "0.94", "2018-09-30": "1.18", "2018-06-30": "1.17", "2018-03-31": "1.27", "2017-12-31": "1.26", "2017-09-30": "1.06", "2017-06-30": "0.96", "2017-03-31": "0.95", "2016-12-31": "0.89", "2016-09-30": "0.75", "2016-06-30": "0.58", "2016-03-31": "0.70", "2015-12-31": "0.96", "2015-09-30": "0.76", "2015-06-30": "0.99", "2015-03-31": "0.97", "2014-12-31": "0.97", "2014-09-30": "0.90", "2014-06-30": "0.90", "2014-03-31": "0.95"}, "price book": {"current": "0.69", "2021-02-05": "0.69", "2020-09-30": "0.57", "2020-06-30": "0.57", "2020-03-31": "0.61", "2019-12-31": "0.78", "2019-09-30": "0.65", "2019-06-30": "0.71", "2019-03-31": "0.74", "2018-12-31": "0.66", "2018-09-30": "0.83", "2018-06-30": "0.81", "2018-03-31": "0.82", "2017-12-31": "0.76", "2017-09-30": "0.48", "2017-06-30": "0.46", "2017-03-31": "0.51", "2016-12-31": "0.54", "2016-09-30": "0.34", "2016-06-30": "0.30", "2016-03-31": "0.38", "2015-12-31": "0.46", "2015-09-30": "0.47", "2015-06-30": "0.59", "2015-03-31": "0.52", "2014-12-31": "0.54", "2014-09-30": "0.55", "2014-06-30": "0.52", "2014-03-31": "0.55", "2013-12-31": "0.58", "2013-09-30": "0.50", "2013-06-30": "0.47"}, "price fcf": {"2021-02-05": "", "2020-09-30": "$9.25", "2020-06-30": "$8.62", "2020-03-31": "$7.49", "2019-12-31": "$8.91", "2019-09-30": "$7.04", "2019-06-30": "$8.67", "2019-03-31": "$9.72", "2018-12-31": "$11.11", "2018-09-30": "$12.38", "2018-06-30": "$11.73", "2018-03-31": "$11.09", "2017-12-31": "$8.59", "2017-09-30": "$12.19", "2017-06-30": "$13.18", "2017-03-31": "$14.91", "2016-12-31": "$18.21", "2016-09-30": "$14.63", "2016-06-30": "$15.93", "2016-03-31": "$12.99", "2015-12-31": "$14.28", "2015-09-30": "$14.58", "2015-06-30": "$13.43", "2015-03-31": "$15.49", "2014-12-31": "$14.10", "2014-09-30": "$13.04", "2014-06-30": "$14.73", "2014-03-31": "$15.75"}, "net worth": {"value": "$7.32B"}, "current ratio": {"2020-09-30": "0.09", "2020-06-30": "0.09", "2020-03-31": "0.09", "2019-12-31": "0.10", "2019-09-30": "0.12", "2019-06-30": "0.12", "2019-03-31": "0.12", "2018-12-31": "0.11", "2018-09-30": "0.14", "2018-06-30": "0.14", "2018-03-31": "0.14", "2017-12-31": "0.14", "2017-09-30": "0.10", "2017-06-30": "0.11", "2017-03-31": "0.11", "2016-12-31": "0.15", "2016-09-30": "0.11", "2016-06-30": "0.12", "2016-03-31": "0.11", "2015-12-31": "0.12", "2015-09-30": "0.12", "2015-06-30": "0.12", "2015-03-31": "0.11", "2014-12-31": "0.12", "2014-09-30": "0.10", "2014-06-30": "0.12", "2014-03-31": "0.11", "2013-12-31": "0.12", "2013-09-30": "0.10", "2013-06-30": "0.11", "2013-03-31": "0.13", "2012-12-31": "0.11", "2012-09-30": "0.00", "2012-06-30": "0.00", "2012-03-31": "0.00", "2011-12-31": "0.56", "2010-12-31": "0.00"}, "quick ratio": {"2020-09-30": "0.00", "2020-06-30": "0.00", "2020-03-31": "0.00", "2019-12-31": "0.00", "2019-09-30": "0.00", "2019-06-30": "0.00", "2019-03-31": "0.00", "2018-12-31": "0.00", "2018-09-30": "0.00", "2018-06-30": "0.00", "2018-03-31": "0.00", "2017-12-31": "0.00", "2017-09-30": "0.00", "2017-06-30": "0.00", "2017-03-31": "0.00", "2016-12-31": "0.00", "2016-09-30": "0.00", "2016-06-30": "0.00", "2016-03-31": "0.00", "2015-12-31": "0.00", "2015-09-30": "0.00", "2015-06-30": "0.00", "2015-03-31": "0.00", "2014-12-31": "0.00", "2014-09-30": "0.00", "2014-06-30": "0.00", "2014-03-31": "0.00", "2013-12-31": "0.00", "2013-09-30": "0.00", "2013-06-30": "0.00", "2013-03-31": "0.00", "2012-12-31": "0.00", "2012-09-30": "0.00", "2012-06-30": "0.00", "2012-03-31": "0.00", "2011-12-31": "0.00", "2010-12-31": "0.00"}, "debt equity ratio": {"current": "0.34", "2020-09-30": "15.11", "2020-06-30": "15.23", "2020-03-31": "17.84", "2019-12-31": "15.53", "2019-09-30": "13.88", "2019-06-30": "14.38", "2019-03-31": "15.52", "2018-12-31": "16.26", "2018-09-30": "16.94", "2018-06-30": "16.61", "2018-03-31": "20.12", "2017-12-31": "19.16", "2017-09-30": "14.51", "2017-06-30": "14.38", "2017-03-31": "14.64", "2016-12-31": "14.36", "2016-09-30": "12.53", "2016-06-30": "12.26", "2016-03-31": "12.63", "2015-12-31": "12.41", "2015-09-30": "11.68", "2015-06-30": "11.91", "2015-03-31": "11.27", "2014-12-31": "11.23", "2014-09-30": "12.08", "2014-06-30": "12.21", "2014-03-31": "12.66", "2013-12-31": "13.25", "2013-09-30": "13.64", "2013-06-30": "13.82", "2013-03-31": "13.16", "2012-12-31": "12.47", "2012-09-30": "0.00", "2012-06-30": "0.00", "2012-03-31": "0.00", "2011-12-31": "13.62", "2010-12-31": "0.00"}, "return on equity": {"2020-09-30": "-12.97%", "2020-06-30": "-8.38%", "2020-03-31": "-5.35%", "2019-12-31": "-3.61%", "2019-09-30": "5.08%", "2019-06-30": "5.71%", "2019-03-31": "5.29%", "2018-12-31": "9.25%", "2018-09-30": "-24.18%", "2018-06-30": "-21.23%", "2018-03-31": "-19.09%", "2017-12-31": "-22.24%", "2017-09-30": "-1.83%", "2017-06-30": "-4.50%", "2017-03-31": "-4.38%", "2016-12-31": "-2.10%", "2016-09-30": "-0.01%", "2016-06-30": "1.75%", "2016-03-31": "2.46%", "2015-12-31": "2.34%", "2015-09-30": "10.54%", "2015-06-30": "12.59%", "2015-03-31": "12.44%", "2014-12-31": "13.24%", "2014-09-30": "8.80%", "2014-06-30": "8.74%", "2014-03-31": "6.96%", "2013-12-31": "3.95%", "2013-09-30": "0.20%", "2013-06-30": "0.43%", "2013-03-31": "9.68%", "2012-12-31": "11.78%"}, "return on assets": {"2020-09-30": "-0.77%", "2020-06-30": "-0.51%", "2020-03-31": "-0.33%", "2019-12-31": "-0.23%", "2019-09-30": "0.32%", "2019-06-30": "0.34%", "2019-03-31": "0.31%", "2018-12-31": "0.50%", "2018-09-30": "-1.25%", "2018-06-30": "-1.16%", "2018-03-31": "-1.08%", "2017-12-31": "-1.35%", "2017-09-30": "-0.12%", "2017-06-30": "-0.30%", "2017-03-31": "-0.30%", "2016-12-31": "-0.15%", "2016-09-30": "0.00%", "2016-06-30": "0.13%", "2016-03-31": "0.19%", "2015-12-31": "0.18%", "2015-09-30": "0.84%", "2015-06-30": "1.00%", "2015-03-31": "0.98%", "2014-12-31": "1.02%", "2014-09-30": "0.65%", "2014-06-30": "0.63%", "2014-03-31": "0.49%", "2013-12-31": "0.27%", "2013-09-30": "0.01%", "2013-06-30": "0.03%", "2013-03-31": "0.70%", "2012-12-31": "0.87%"}, "return on investments": {"2020-09-30": "-0.58%", "2020-06-30": "1.43%", "2020-03-31": "3.35%", "2019-12-31": "3.64%", "2019-09-30": "3.80%", "2019-06-30": "4.15%", "2019-03-31": "4.21%", "2018-12-31": "3.61%", "2018-09-30": "3.44%", "2018-06-30": "2.25%", "2018-03-31": "1.64%", "2017-12-31": "2.07%", "2017-09-30": "1.46%", "2017-06-30": "-0.59%", "2017-03-31": "-0.57%", "2016-12-31": "0.05%", "2016-09-30": "-1.42%", "2016-06-30": "0.55%", "2016-03-31": "2.07%", "2015-12-31": "2.10%", "2015-09-30": "1.49%", "2015-06-30": "3.60%", "2015-03-31": "3.34%", "2014-12-31": "3.66%", "2014-09-30": "9.11%", "2014-06-30": "8.72%", "2014-03-31": "6.54%", "2013-12-31": "3.91%", "2013-09-30": "0.51%", "2013-06-30": "0.36%", "2013-03-31": "9.55%", "2012-12-31": "13.17%"}, "return on tangible equity": {"2020-09-30": "-12.97%", "2020-06-30": "-8.38%", "2020-03-31": "-5.35%", "2019-12-31": "-3.61%", "2019-09-30": "5.08%", "2019-06-30": "5.71%", "2019-03-31": "5.29%", "2018-12-31": "9.25%", "2018-09-30": "-24.18%", "2018-06-30": "-21.32%", "2018-03-31": "-19.24%", "2017-12-31": "-22.49%", "2017-09-30": "-1.85%", "2017-06-30": "-4.55%", "2017-03-31": "-4.43%", "2016-12-31": "-2.12%", "2016-09-30": "-0.01%", "2016-06-30": "1.78%", "2016-03-31": "2.49%", "2015-12-31": "2.38%", "2015-09-30": "10.70%", "2015-06-30": "12.79%", "2015-03-31": "12.64%", "2014-12-31": "13.47%", "2014-09-30": "8.96%", "2014-06-30": "8.92%", "2014-03-31": "7.11%", "2013-12-31": "4.04%", "2013-09-30": "0.20%", "2013-06-30": "0.44%", "2013-03-31": "9.89%", "2012-12-31": "12.04%"}, "dividend yield history": {"last payout": "$0.60", "last yield": "1.03%"}}