{"ticker": "VRTX", "price": {"title": "Vertex Pharmaceuticals Historical Annual Stock Price Data", "value": 210.5, "historical": {"2021": {"Average Stock Price": "226.6355", "Year Open": "229.4300", "Year High": "241.3100", "Year Low": "210.4950", "Year Close": "210.4950", "Annual % Change": "-10.94%"}, "2020": {"Average Stock Price": "251.5545", "Year Open": "219.4500", "Year High": "303.1000", "Year Low": "199.7700", "Year Close": "236.3400", "Annual % Change": "7.94%"}, "2019": {"Average Stock Price": "184.7418", "Year Open": "164.0800", "Year High": "223.9100", "Year Low": "163.7300", "Year Close": "218.9500", "Annual % Change": "32.13%"}, "2018": {"Average Stock Price": "167.4049", "Year Open": "152.9100", "Year High": "192.7400", "Year Low": "145.7200", "Year Close": "165.7100", "Annual % Change": "10.58%"}, "2017": {"Average Stock Price": "126.9038", "Year Open": "74.8900", "Year High": "166.1100", "Year Low": "74.8900", "Year Close": "149.8600", "Annual % Change": "103.42%"}, "2016": {"Average Stock Price": "88.1828", "Year Open": "122.8900", "Year High": "123.4500", "Year Low": "72.0200", "Year Close": "73.6700", "Annual % Change": "-41.45%"}, "2015": {"Average Stock Price": "123.7852", "Year Open": "123.0700", "Year High": "141.4800", "Year Low": "98.5000", "Year Close": "125.8300", "Annual % Change": "5.92%"}, "2014": {"Average Stock Price": "89.4849", "Year Open": "73.8300", "Year High": "120.7800", "Year Low": "62.4400", "Year Close": "118.8000", "Annual % Change": "59.89%"}, "2013": {"Average Stock Price": "68.0295", "Year Open": "43.6500", "Year High": "88.5100", "Year Low": "43.6500", "Year Close": "74.3000", "Annual % Change": "77.33%"}, "2012": {"Average Stock Price": "47.3818", "Year Open": "32.2300", "Year High": "64.8500", "Year Low": "32.2000", "Year Close": "41.9000", "Annual % Change": "26.17%"}, "2011": {"Average Stock Price": "44.0248", "Year Open": "35.9900", "Year High": "58.0100", "Year Low": "26.6000", "Year Close": "33.2100", "Annual % Change": "-5.20%"}, "2010": {"Average Stock Price": "36.8595", "Year Open": "44.2400", "Year High": "44.2400", "Year Low": "32.1500", "Year Close": "35.0300", "Annual % Change": "-18.25%"}, "2009": {"Average Stock Price": "33.6777", "Year Open": "30.6900", "Year High": "43.5500", "Year Low": "26.2300", "Year Close": "42.8500", "Annual % Change": "41.05%"}, "2008": {"Average Stock Price": "25.9329", "Year Open": "23.1500", "Year High": "34.6800", "Year Low": "14.5900", "Year Close": "30.3800", "Annual % Change": "30.78%"}, "2007": {"Average Stock Price": "31.3792", "Year Open": "36.9000", "Year High": "40.5600", "Year Low": "23.2300", "Year Close": "23.2300", "Annual % Change": "-37.92%"}, "2006": {"Average Stock Price": "35.8992", "Year Open": "27.9000", "Year High": "45.1200", "Year Low": "27.9000", "Year Close": "37.4200", "Annual % Change": "35.24%"}, "2005": {"Average Stock Price": "16.3817", "Year Open": "10.2400", "Year High": "28.9200", "Year Low": "8.8300", "Year Close": "27.6700", "Annual % Change": "161.78%"}, "2004": {"Average Stock Price": "10.0132", "Year Open": "10.5000", "Year High": "11.9100", "Year Low": "8.1700", "Year Close": "10.5700", "Annual % Change": "2.13%"}, "2003": {"Average Stock Price": "12.7675", "Year Open": "16.3600", "Year High": "16.4000", "Year Low": "8.0000", "Year Close": "10.3500", "Annual % Change": "-34.70%"}, "2002": {"Average Stock Price": "20.1402", "Year Open": "24.5400", "Year High": "31.6100", "Year Low": "12.9500", "Year Close": "15.8500", "Annual % Change": "-35.54%"}, "2001": {"Average Stock Price": "38.1837", "Year Open": "63.1300", "Year High": "74.1900", "Year Low": "16.5200", "Year Close": "24.5900", "Annual % Change": "-65.61%"}, "2000": {"Average Stock Price": "51.5357", "Year Open": "18.7500", "Year High": "97.2500", "Year Low": "16.7500", "Year Close": "71.5000", "Annual % Change": "308.57%"}, "1999": {"Average Stock Price": "13.1561", "Year Open": "14.7200", "Year High": "17.5450", "Year Low": "9.9400", "Year Close": "17.5000", "Annual % Change": "17.65%"}, "1998": {"Average Stock Price": "13.7489", "Year Open": "16.6900", "Year High": "19.6250", "Year Low": "7.6250", "Year Close": "14.8750", "Annual % Change": "-9.85%"}, "1997": {"Average Stock Price": "18.9003", "Year Open": "19.1250", "Year High": "25.5650", "Year Low": "12.8750", "Year Close": "16.5000", "Annual % Change": "-18.01%"}, "1996": {"Average Stock Price": "14.7045", "Year Open": "13.0000", "Year High": "20.1250", "Year Low": "11.0000", "Year Close": "20.1250", "Annual % Change": "51.89%"}, "1995": {"Average Stock Price": "8.4467", "Year Open": "7.5000", "Year High": "13.2500", "Year Low": "6.3750", "Year Close": "13.2500", "Annual % Change": "76.67%"}, "1994": {"Average Stock Price": "7.1147", "Year Open": "9.0600", "Year High": "9.6250", "Year Low": "5.2500", "Year Close": "7.5000", "Annual % Change": "-18.92%"}, "1993": {"Average Stock Price": "5.5591", "Year Open": "5.1250", "Year High": "9.3750", "Year Low": "3.3750", "Year Close": "9.2500", "Annual % Change": "89.74%"}, "1992": {"Average Stock Price": "5.3817", "Year Open": "7.5000", "Year High": "8.6250", "Year Low": "3.3750", "Year Close": "4.8750", "Annual % Change": "-33.90%"}}}, "market cap": {"value": "$55.6B"}, "income statement": {"Revenue": {"2020-12-31": "6205.68300", "2019-12-31": "4162.82100", "2018-12-31": "3047.59700", "2017-12-31": "2488.65200", "2016-12-31": "1702.17700", "2015-12-31": "1032.33600", "2014-12-31": "580.41500", "2013-12-31": "1211.97500", "2012-12-31": "1527.04200", "2011-12-31": "1410.62600", "2010-12-31": "143.37000", "2009-12-31": "101.88900", "2008-12-31": "175.50400", "2007-12-31": "199.01200", "2006-12-31": "216.35600", "2005-12-31": "160.89000"}, "Cost Of Goods Sold": {"2020-12-31": "736.30000", "2019-12-31": "547.75800", "2018-12-31": "409.53900", "2017-12-31": "275.11900", "2016-12-31": "210.46000", "2015-12-31": "124.51200", "2014-12-31": "60.98700", "2013-12-31": "130.27700", "2012-12-31": "279.88500", "2011-12-31": "80.50500", "2010-12-31": "12.73000", "2009-12-31": "14.20200", "2008-12-31": "15.68600", "2007-12-31": "13.90400", "2006-12-31": "12.17000", "2005-12-31": "10.09800"}, "Gross Profit": {"2020-12-31": "5469.38300", "2019-12-31": "3615.06300", "2018-12-31": "2638.05800", "2017-12-31": "2213.53300", "2016-12-31": "1491.71700", "2015-12-31": "907.82400", "2014-12-31": "519.42800", "2013-12-31": "1081.69800", "2012-12-31": "1247.15700", "2011-12-31": "1330.12100", "2010-12-31": "130.64000", "2009-12-31": "87.68700", "2008-12-31": "159.81800", "2007-12-31": "185.10800", "2006-12-31": "204.18600", "2005-12-31": "150.79200"}, "Research And Development Expenses": {"2020-12-31": "1829.53700", "2019-12-31": "1754.54000", "2018-12-31": "1416.47600", "2017-12-31": "1324.62500", "2016-12-31": "1047.69000", "2015-12-31": "995.92200", "2014-12-31": "855.50600", "2013-12-31": "882.09700", "2012-12-31": "765.90500", "2011-12-31": "707.70600", "2010-12-31": "637.41600", "2009-12-31": "550.27400", "2008-12-31": "516.91200", "2007-12-31": "519.22700", "2006-12-31": "379.22800", "2005-12-31": "248.54000"}, "SG&A Expenses": {"2020-12-31": "770.45600", "2019-12-31": "658.49800", "2018-12-31": "557.61600", "2017-12-31": "496.07900", "2016-12-31": "432.82900", "2015-12-31": "376.57500", "2014-12-31": "305.40900", "2013-12-31": "356.18800", "2012-12-31": "432.68100", "2011-12-31": "400.72100", "2010-12-31": "187.80000", "2009-12-31": "130.19200", "2008-12-31": "101.29000", "2007-12-31": "78.55400", "2006-12-31": "50.34500", "2005-12-31": "43.99000"}, "Other Operating Income Or Expenses": {"2020-12-31": "-13.10000", "2019-12-31": "-4.45900", "2018-12-31": "-29.00000", "2017-12-31": "-255.34000", "2016-12-31": "", "2015-12-31": "", "2014-12-31": "", "2013-12-31": "-412.90000", "2012-12-31": "0.00000", "2011-12-31": "-105.80000", "2010-12-31": "", "2009-12-31": "-7.20000", "2008-12-31": "0.00000", "2007-12-31": "", "2006-12-31": "", "2005-12-31": ""}, "Operating Expenses": {"2020-12-31": "3349.39300", "2019-12-31": "2965.25500", "2018-12-31": "2412.44700", "2017-12-31": "2365.40900", "2016-12-31": "1692.24100", "2015-12-31": "1499.21500", "2014-12-31": "1272.82700", "2013-12-31": "1821.98300", "2012-12-31": "1480.31500", "2011-12-31": "1296.80600", "2010-12-31": "839.44700", "2009-12-31": "715.90110", "2008-12-31": "638.21190", "2007-12-31": "618.80400", "2006-12-31": "445.39400", "2005-12-31": "310.76200"}, "Operating Income": {"2020-12-31": "2856.29000", "2019-12-31": "1197.56600", "2018-12-31": "635.15010", "2017-12-31": "123.24290", "2016-12-31": "9.93620", "2015-12-31": "-466.87900", "2014-12-31": "-692.41200", "2013-12-31": "-610.00810", "2012-12-31": "46.72690", "2011-12-31": "113.81990", "2010-12-31": "-696.07700", "2009-12-31": "-614.01210", "2008-12-31": "-462.70790", "2007-12-31": "-419.79200", "2006-12-31": "-229.03800", "2005-12-31": "-149.87200"}, "Total Non-Operating Income/Expense": {"2020-12-31": "260.50800", "2019-12-31": "197.35300", "2018-12-31": "-34.90900", "2017-12-31": "-138.93200", "2016-12-31": "-77.30200", "2015-12-31": "-90.92100", "2014-12-31": "-42.46300", "2013-12-31": "-16.03600", "2012-12-31": "-14.73100", "2011-12-31": "-53.37500", "2010-12-31": "-58.54900", "2009-12-31": "-28.16600", "2008-12-31": "2.85700", "2007-12-31": "28.51300", "2006-12-31": "21.10100", "2005-12-31": "-53.54500"}, "Pre-Tax Income": {"2020-12-31": "3116.79800", "2019-12-31": "1394.91900", "2018-12-31": "600.24100", "2017-12-31": "-15.68900", "2016-12-31": "-67.36600", "2015-12-31": "-557.80000", "2014-12-31": "-734.87500", "2013-12-31": "-626.04400", "2012-12-31": "31.99600", "2011-12-31": "60.44500", "2010-12-31": "-754.62600", "2009-12-31": "-642.17800", "2008-12-31": "-459.85090", "2007-12-31": "-391.27900", "2006-12-31": "-207.93700", "2005-12-31": "-203.41700"}, "Income Taxes": {"2020-12-31": "405.15100", "2019-12-31": "218.10900", "2018-12-31": "-1486.86200", "2017-12-31": "-107.32400", "2016-12-31": "16.66500", "2015-12-31": "30.38100", "2014-12-31": "6.95800", "2013-12-31": "-122.42200", "2012-12-31": "-0.27500", "2011-12-31": "19.26600", "2010-12-31": "", "2009-12-31": "0.00000", "2008-12-31": "", "2007-12-31": "", "2006-12-31": "", "2005-12-31": ""}, "Income After Taxes": {"2020-12-31": "2711.64700", "2019-12-31": "1176.81000", "2018-12-31": "2087.10300", "2017-12-31": "91.63500", "2016-12-31": "-84.03100", "2015-12-31": "-588.18100", "2014-12-31": "-741.83300", "2013-12-31": "-503.62200", "2012-12-31": "32.27100", "2011-12-31": "41.17900", "2010-12-31": "-754.62600", "2009-12-31": "-642.17800", "2008-12-31": "-459.85090", "2007-12-31": "-391.27900", "2006-12-31": "-207.93700", "2005-12-31": "-203.41700"}, "Other Income": {"2020-12-31": "", "2019-12-31": "", "2018-12-31": "", "2017-12-31": "", "2016-12-31": "", "2015-12-31": "", "2014-12-31": "", "2013-12-31": "", "2012-12-31": "", "2011-12-31": "", "2010-12-31": "", "2009-12-31": "", "2008-12-31": "", "2007-12-31": "", "2006-12-31": "", "2005-12-31": ""}, "Income From Continuous Operations": {"2020-12-31": "2711.64700", "2019-12-31": "1176.81000", "2018-12-31": "2087.10300", "2017-12-31": "91.63500", "2016-12-31": "-84.03100", "2015-12-31": "-588.18100", "2014-12-31": "-741.83300", "2013-12-31": "-503.62200", "2012-12-31": "32.27100", "2011-12-31": "41.17900", "2010-12-31": "-754.62600", "2009-12-31": "-642.17800", "2008-12-31": "-459.85100", "2007-12-31": "-391.27900", "2006-12-31": "-207.93700", "2005-12-31": "-203.41700"}, "Income From Discontinued Operations": {"2020-12-31": "", "2019-12-31": "", "2018-12-31": "", "2017-12-31": "", "2016-12-31": "", "2015-12-31": "", "2014-12-31": "-0.91200", "2013-12-31": "-183.92800", "2012-12-31": "-83.40600", "2011-12-31": "", "2010-12-31": "", "2009-12-31": "", "2008-12-31": "", "2007-12-31": "", "2006-12-31": "", "2005-12-31": ""}, "Net Income": {"2020-12-31": "2711.64700", "2019-12-31": "1176.81000", "2018-12-31": "2096.89600", "2017-12-31": "263.48400", "2016-12-31": "-112.05200", "2015-12-31": "-556.33400", "2014-12-31": "-738.55500", "2013-12-31": "-445.02800", "2012-12-31": "-107.03200", "2011-12-31": "29.57400", "2010-12-31": "-754.62600", "2009-12-31": "-642.17800", "2008-12-31": "-459.85100", "2007-12-31": "-391.27900", "2006-12-31": "-206.89100", "2005-12-31": "-203.41700"}, "EBITDA": {"2020-12-31": "2856.29000", "2019-12-31": "1304.50700", "2018-12-31": "707.57010", "2017-12-31": "184.63990", "2016-12-31": "71.33420", "2015-12-31": "-404.53600", "2014-12-31": "-629.15500", "2013-12-31": "-561.64310", "2012-12-31": "84.91790", "2011-12-31": "148.86090", "2010-12-31": "-665.61800", "2009-12-31": "-583.90510", "2008-12-31": "-430.51190", "2007-12-31": "-392.33300", "2006-12-31": "-203.17000", "2005-12-31": "-122.58300"}, "EBIT": {"2020-12-31": "2856.29000", "2019-12-31": "1197.56600", "2018-12-31": "635.15010", "2017-12-31": "123.24290", "2016-12-31": "9.93620", "2015-12-31": "-466.87900", "2014-12-31": "-692.41200", "2013-12-31": "-610.00810", "2012-12-31": "46.72690", "2011-12-31": "113.81990", "2010-12-31": "-696.07700", "2009-12-31": "-614.01210", "2008-12-31": "-462.70790", "2007-12-31": "-419.79200", "2006-12-31": "-229.03800", "2005-12-31": "-149.87200"}, "Basic Shares Outstanding": {"2020-12-31": "259.84100", "2019-12-31": "256.72800", "2018-12-31": "254.29200", "2017-12-31": "248.85800", "2016-12-31": "244.68500", "2015-12-31": "241.31200", "2014-12-31": "235.30700", "2013-12-31": "224.90600", "2012-12-31": "211.94600", "2011-12-31": "204.89100", "2010-12-31": "200.40200", "2009-12-31": "173.25900", "2008-12-31": "140.55600", "2007-12-31": "128.98600", "2006-12-31": "113.22100", "2005-12-31": "89.24100"}, "Shares Outstanding": {"2020-12-31": "263.39600", "2019-12-31": "260.67300", "2018-12-31": "259.18500", "2017-12-31": "253.22500", "2016-12-31": "244.68500", "2015-12-31": "241.31200", "2014-12-31": "235.30700", "2013-12-31": "224.90600", "2012-12-31": "215.26200", "2011-12-31": "208.80700", "2010-12-31": "200.40200", "2009-12-31": "173.25900", "2008-12-31": "140.55600", "2007-12-31": "128.98600", "2006-12-31": "113.22100", "2005-12-31": "89.24100"}, "Basic EPS": {"2020-12-31": "10.44000", "2019-12-31": "4.58000", "2018-12-31": "8.24000", "2017-12-31": "1.06000", "2016-12-31": "-0.46000", "2015-12-31": "-2.31000", "2014-12-31": "-3.14000", "2013-12-31": "-1.98000", "2012-12-31": "-0.50000", "2011-12-31": "0.14000", "2010-12-31": "-3.77000", "2009-12-31": "-3.71000", "2008-12-31": "-3.27000", "2007-12-31": "-3.03000", "2006-12-31": "-1.83000", "2005-12-31": "-2.28000"}, "EPS - Earnings Per Share": {"2020-12-31": "10.29000", "2019-12-31": "4.51000", "2018-12-31": "8.09000", "2017-12-31": "1.04000", "2016-12-31": "-0.46000", "2015-12-31": "-2.31000", "2014-12-31": "-3.14000", "2013-12-31": "-1.98000", "2012-12-31": "-0.50000", "2011-12-31": "0.14000", "2010-12-31": "-3.77000", "2009-12-31": "-3.71000", "2008-12-31": "-3.27000", "2007-12-31": "-3.03000", "2006-12-31": "-1.83000", "2005-12-31": "-2.28000"}}, "income statement, quarterly": {"Revenue": {"2020-12-31": "1627.82000", "2020-09-30": "1538.27100", "2020-06-30": "1524.48500", "2020-03-31": "1515.10700", "2019-12-31": "1413.26500", "2019-09-30": "949.82800", "2019-06-30": "941.29300", "2019-03-31": "858.43500", "2018-12-31": "870.10600", "2018-09-30": "784.53500", "2018-06-30": "752.15700", "2018-03-31": "640.79900", "2017-12-31": "651.63400", "2017-09-30": "578.16500", "2017-06-30": "544.13500", "2017-03-31": "714.71800", "2016-12-31": "458.70600", "2016-09-30": "413.78300", "2016-06-30": "431.60800", "2016-03-31": "398.08000", "2015-12-31": "417.93500", "2015-09-30": "309.81600", "2015-06-30": "166.07600", "2015-03-31": "138.50900", "2014-12-31": "144.55600", "2014-09-30": "178.98700", "2014-06-30": "138.42100", "2014-03-31": "118.45100", "2013-12-31": "351.15700", "2013-09-30": "221.70000", "2013-06-30": "310.75000", "2013-03-31": "328.36800", "2012-12-31": "333.99400", "2012-09-30": "336.00600", "2012-06-30": "418.30500", "2012-03-31": "438.73700", "2011-12-31": "563.34000", "2011-09-30": "659.20000", "2011-06-30": "114.42400", "2011-03-31": "73.66200", "2010-12-31": "65.52400", "2010-09-30": "23.79500", "2010-06-30": "31.62200", "2010-03-31": "22.42900", "2009-12-31": "33.88900", "2009-09-30": "24.95700", "2009-06-30": "19.06400", "2009-03-31": "23.97900", "2008-12-31": "32.81100", "2008-09-30": "31.60900", "2008-06-30": "69.40900", "2008-03-31": "41.67500", "2007-12-31": "50.99200", "2007-09-30": "41.01400", "2007-06-30": "38.19600", "2007-03-31": "68.81000", "2006-12-31": "94.25400", "2006-09-30": "53.28900", "2006-06-30": "29.72600", "2006-03-31": "39.08700", "2005-12-31": "63.75600", "2005-09-30": "36.20700", "2005-06-30": "32.32100", "2005-03-31": "28.60600"}, "Cost Of Goods Sold": {"2020-12-31": "203.10100", "2020-09-30": "186.18200", "2020-06-30": "184.52000", "2020-03-31": "162.49700", "2019-12-31": "185.01200", "2019-09-30": "131.91400", "2019-06-30": "135.74000", "2019-03-31": "95.09200", "2018-12-31": "122.28900", "2018-09-30": "111.25500", "2018-06-30": "104.38200", "2018-03-31": "71.61300", "2017-12-31": "84.05200", "2017-09-30": "72.87400", "2017-06-30": "71.20500", "2017-03-31": "46.98800", "2016-12-31": "60.48200", "2016-09-30": "54.07700", "2016-06-30": "45.25200", "2016-03-31": "50.64900", "2015-12-31": "63.38500", "2015-09-30": "31.96000", "2015-06-30": "16.86000", "2015-03-31": "12.30700", "2014-12-31": "14.02700", "2014-09-30": "14.18400", "2014-06-30": "17.30000", "2014-03-31": "15.47600", "2013-12-31": "22.26400", "2013-09-30": "27.33900", "2013-06-30": "37.93100", "2013-03-31": "42.74300", "2012-12-31": "87.71500", "2012-09-30": "38.53600", "2012-06-30": "114.42300", "2012-03-31": "39.21100", "2011-12-31": "30.12700", "2011-09-30": "38.40600", "2011-06-30": "9.30600", "2011-03-31": "2.66600", "2010-12-31": "3.04900", "2010-09-30": "3.22800", "2010-06-30": "3.08600", "2010-03-31": "3.36700", "2009-12-31": "3.64700", "2009-09-30": "3.71200", "2009-06-30": "3.26700", "2009-03-31": "3.57600", "2008-12-31": "4.21500", "2008-09-30": "4.19400", "2008-06-30": "3.70100", "2008-03-31": "3.57600", "2007-12-31": "3.67200", "2007-09-30": "3.56200", "2007-06-30": "3.40100", "2007-03-31": "3.26900", "2006-12-31": "3.17700", "2006-09-30": "3.11300", "2006-06-30": "2.88500", "2006-03-31": "2.99500", "2005-12-31": "2.78300", "2005-09-30": "2.79600", "2005-06-30": "2.48900", "2005-03-31": "2.03000"}, "Gross Profit": {"2020-12-31": "1424.71900", "2020-09-30": "1352.08900", "2020-06-30": "1339.96500", "2020-03-31": "1352.61000", "2019-12-31": "1228.25300", "2019-09-30": "817.91400", "2019-06-30": "805.55300", "2019-03-31": "763.34300", "2018-12-31": "747.81700", "2018-09-30": "673.28000", "2018-06-30": "647.77500", "2018-03-31": "569.18600", "2017-12-31": "567.58200", "2017-09-30": "505.29100", "2017-06-30": "472.93000", "2017-03-31": "667.73000", "2016-12-31": "398.22400", "2016-09-30": "359.70600", "2016-06-30": "386.35600", "2016-03-31": "347.43100", "2015-12-31": "354.55000", "2015-09-30": "277.85600", "2015-06-30": "149.21600", "2015-03-31": "126.20200", "2014-12-31": "130.52900", "2014-09-30": "164.80300", "2014-06-30": "121.12100", "2014-03-31": "102.97500", "2013-12-31": "328.89300", "2013-09-30": "194.36100", "2013-06-30": "272.81900", "2013-03-31": "285.62500", "2012-12-31": "246.27900", "2012-09-30": "297.47000", "2012-06-30": "303.88200", "2012-03-31": "399.52600", "2011-12-31": "533.21300", "2011-09-30": "620.79400", "2011-06-30": "105.11800", "2011-03-31": "70.99600", "2010-12-31": "62.47500", "2010-09-30": "20.56700", "2010-06-30": "28.53600", "2010-03-31": "19.06200", "2009-12-31": "30.24200", "2009-09-30": "21.24500", "2009-06-30": "15.79700", "2009-03-31": "20.40300", "2008-12-31": "28.59600", "2008-09-30": "27.41500", "2008-06-30": "65.70800", "2008-03-31": "38.09900", "2007-12-31": "47.32000", "2007-09-30": "37.45200", "2007-06-30": "34.79500", "2007-03-31": "65.54100", "2006-12-31": "91.07700", "2006-09-30": "50.17600", "2006-06-30": "26.84100", "2006-03-31": "36.09200", "2005-12-31": "60.97300", "2005-09-30": "33.41100", "2005-06-30": "29.83200", "2005-03-31": "26.57600"}, "Research And Development Expenses": {"2020-12-31": "466.58400", "2020-09-30": "493.49700", "2020-06-30": "420.92800", "2020-03-31": "448.52800", "2019-12-31": "480.01100", "2019-09-30": "555.94800", "2019-06-30": "379.09100", "2019-03-31": "339.49000", "2018-12-31": "437.88100", "2018-09-30": "330.51000", "2018-06-30": "337.53200", "2018-03-31": "310.55300", "2017-12-31": "306.66400", "2017-09-30": "454.94700", "2017-06-30": "289.45100", "2017-03-31": "273.56300", "2016-12-31": "248.45200", "2016-09-30": "272.37000", "2016-06-30": "271.00800", "2016-03-31": "255.86000", "2015-12-31": "310.18100", "2015-09-30": "246.28400", "2015-06-30": "223.85800", "2015-03-31": "215.59900", "2014-12-31": "201.46300", "2014-09-30": "190.93900", "2014-06-30": "224.48700", "2014-03-31": "238.61700", "2013-12-31": "222.10490", "2013-09-30": "219.44200", "2013-06-30": "222.45500", "2013-03-31": "218.09500", "2012-12-31": "172.82900", "2012-09-30": "200.16100", "2012-06-30": "196.54400", "2012-03-31": "196.37100", "2011-12-31": "186.43800", "2011-09-30": "189.05200", "2011-06-30": "173.60400", "2011-03-31": "158.61200", "2010-12-31": "168.88800", "2010-09-30": "170.43400", "2010-06-30": "155.08200", "2010-03-31": "143.01200", "2009-12-31": "135.23000", "2009-09-30": "132.13200", "2009-06-30": "139.33100", "2009-03-31": "143.58100", "2008-12-31": "139.33800", "2008-09-30": "131.72800", "2008-06-30": "129.57300", "2008-03-31": "116.27300", "2007-12-31": "121.51300", "2007-09-30": "128.94900", "2007-06-30": "136.18700", "2007-03-31": "132.57800", "2006-12-31": "116.66100", "2006-09-30": "96.11500", "2006-06-30": "91.25000", "2006-03-31": "75.20200", "2005-12-31": "68.15800", "2005-09-30": "63.59000", "2005-06-30": "59.35700", "2005-03-31": "57.43500"}, "SG&A Expenses": {"2020-12-31": "211.84300", "2020-09-30": "184.55100", "2020-06-30": "191.80400", "2020-03-31": "182.25800", "2019-12-31": "195.27700", "2019-09-30": "159.67400", "2019-06-30": "156.50200", "2019-03-31": "147.04500", "2018-12-31": "153.21010", "2018-09-30": "137.29500", "2018-06-30": "137.30300", "2018-03-31": "129.80800", "2017-12-31": "134.79400", "2017-09-30": "120.71000", "2017-06-30": "127.24900", "2017-03-31": "113.32600", "2016-12-31": "109.90800", "2016-09-30": "106.05500", "2016-06-30": "111.65200", "2016-03-31": "105.21400", "2015-12-31": "96.54900", "2015-09-30": "99.77200", "2015-06-30": "94.39400", "2015-03-31": "85.86000", "2014-12-31": "78.52700", "2014-09-30": "75.22400", "2014-06-30": "77.44600", "2014-03-31": "74.21200", "2013-12-31": "70.36100", "2013-09-30": "86.42700", "2013-06-30": "106.52100", "2013-03-31": "92.87900", "2012-12-31": "106.33700", "2012-09-30": "97.68400", "2012-06-30": "117.51400", "2012-03-31": "111.14600", "2011-12-31": "121.88100", "2011-09-30": "110.65400", "2011-06-30": "96.66300", "2011-03-31": "71.52300", "2010-12-31": "62.47800", "2010-09-30": "48.85500", "2010-06-30": "40.91500", "2010-03-31": "35.55200", "2009-12-31": "32.57400", "2009-09-30": "36.57200", "2009-06-30": "32.52600", "2009-03-31": "28.52000", "2008-12-31": "29.48000", "2008-09-30": "25.43000", "2008-06-30": "26.44800", "2008-03-31": "19.93200", "2007-12-31": "17.27900", "2007-09-30": "21.41600", "2007-06-30": "23.32200", "2007-03-31": "16.53700", "2006-12-31": "8.32300", "2006-09-30": "14.77300", "2006-06-30": "14.37000", "2006-03-31": "12.87900", "2005-12-31": "12.81100", "2005-09-30": "10.73800", "2005-06-30": "10.81400", "2005-03-31": "9.62700"}, "Other Operating Income Or Expenses": {"2020-12-31": "-0.50000", "2020-09-30": "-1.80000", "2020-06-30": "-9.20000", "2020-03-31": "-1.60000", "2019-12-31": "-1.50000", "2019-09-30": "-2.95900", "2019-06-30": "", "2019-03-31": "", "2018-12-31": "", "2018-09-30": "", "2018-06-30": "", "2018-03-31": "", "2017-12-31": "", "2017-09-30": "-255.34000", "2017-06-30": "", "2017-03-31": "", "2016-12-31": "", "2016-09-30": "", "2016-06-30": "", "2016-03-31": "", "2015-12-31": "", "2015-09-30": "", "2015-06-30": "", "2015-03-31": "", "2014-12-31": "", "2014-09-30": "", "2014-06-30": "", "2014-03-31": "", "2013-12-31": "", "2013-09-30": "", "2013-06-30": "", "2013-03-31": "-412.90000", "2012-12-31": "", "2012-09-30": "", "2012-06-30": "", "2012-03-31": "0.00000", "2011-12-31": "", "2011-09-30": "-105.80000", "2011-06-30": "", "2011-03-31": "", "2010-12-31": "", "2010-09-30": "0.00000", "2010-06-30": "", "2010-03-31": "", "2009-12-31": "", "2009-09-30": "", "2009-06-30": "", "2009-03-31": "", "2008-12-31": "", "2008-09-30": "", "2008-06-30": "", "2008-03-31": "", "2007-12-31": "", "2007-09-30": "", "2007-06-30": "", "2007-03-31": "", "2006-12-31": "", "2006-09-30": "", "2006-06-30": "", "2006-03-31": "", "2005-12-31": "", "2005-09-30": "", "2005-06-30": "", "2005-03-31": ""}, "Operating Expenses": {"2020-12-31": "882.02800", "2020-09-30": "866.03000", "2020-06-30": "806.45200", "2020-03-31": "794.88300", "2019-12-31": "861.80020", "2019-09-30": "850.49500", "2019-06-30": "671.33300", "2019-03-31": "581.62700", "2018-12-31": "742.38370", "2018-09-30": "578.88600", "2018-06-30": "579.27900", "2018-03-31": "511.89800", "2017-12-31": "525.89720", "2017-09-30": "904.20800", "2017-06-30": "491.42800", "2017-03-31": "443.87600", "2016-12-31": "419.06580", "2016-09-30": "432.51000", "2016-06-30": "428.25500", "2016-03-31": "412.41000", "2015-12-31": "471.63910", "2015-09-30": "379.84200", "2015-06-30": "337.24000", "2015-03-31": "310.49400", "2014-12-31": "298.18110", "2014-09-30": "321.19000", "2014-06-30": "318.96300", "2014-03-31": "334.49300", "2013-12-31": "342.38810", "2013-09-30": "345.25600", "2013-06-30": "367.68300", "2013-03-31": "766.65600", "2012-12-31": "367.07500", "2012-09-30": "337.07700", "2012-06-30": "429.07500", "2012-03-31": "347.08800", "2011-12-31": "339.43800", "2011-09-30": "443.49300", "2011-06-30": "280.31400", "2011-03-31": "233.56100", "2010-12-31": "232.15800", "2010-09-30": "223.38300", "2010-06-30": "201.19500", "2010-03-31": "182.71100", "2009-12-31": "180.60810", "2009-09-30": "173.19000", "2009-06-30": "176.23100", "2009-03-31": "185.87200", "2008-12-31": "174.67390", "2008-09-30": "162.23700", "2008-06-30": "160.89000", "2008-03-31": "140.41100", "2007-12-31": "142.74000", "2007-09-30": "154.80900", "2007-06-30": "163.81600", "2007-03-31": "157.43900", "2006-12-31": "129.18700", "2006-09-30": "115.41600", "2006-06-30": "108.94800", "2006-03-31": "91.84300", "2005-12-31": "90.15000", "2005-09-30": "78.68900", "2005-06-30": "70.91700", "2005-03-31": "71.00600"}, "Operating Income": {"2020-12-31": "745.79190", "2020-09-30": "672.24100", "2020-06-30": "718.03300", "2020-03-31": "720.22410", "2019-12-31": "551.46440", "2019-09-30": "99.33300", "2019-06-30": "269.96000", "2019-03-31": "276.80800", "2018-12-31": "127.72230", "2018-09-30": "205.64900", "2018-06-30": "172.87800", "2018-03-31": "128.90100", "2017-12-31": "125.73680", "2017-09-30": "-326.04300", "2017-06-30": "52.70700", "2017-03-31": "270.84200", "2016-12-31": "39.64020", "2016-09-30": "-18.72700", "2016-06-30": "3.35300", "2016-03-31": "-14.33000", "2015-12-31": "-53.70400", "2015-09-30": "-70.02600", "2015-06-30": "-171.16400", "2015-03-31": "-171.98500", "2014-12-31": "-153.62510", "2014-09-30": "-142.20300", "2014-06-30": "-180.54200", "2014-03-31": "-216.04200", "2013-12-31": "8.76890", "2013-09-30": "-123.55600", "2013-06-30": "-56.93300", "2013-03-31": "-438.28800", "2012-12-31": "-33.08100", "2012-09-30": "-1.07100", "2012-06-30": "-10.77000", "2012-03-31": "91.64900", "2011-12-31": "223.90190", "2011-09-30": "215.70700", "2011-06-30": "-165.89000", "2011-03-31": "-159.89900", "2010-12-31": "-166.63400", "2010-09-30": "-199.58800", "2010-06-30": "-169.57300", "2010-03-31": "-160.28200", "2009-12-31": "-146.71910", "2009-09-30": "-148.23300", "2009-06-30": "-157.16700", "2009-03-31": "-161.89300", "2008-12-31": "-141.86290", "2008-09-30": "-130.62800", "2008-06-30": "-91.48100", "2008-03-31": "-98.73600", "2007-12-31": "-91.74800", "2007-09-30": "-113.79500", "2007-06-30": "-125.62000", "2007-03-31": "-88.62900", "2006-12-31": "-34.93300", "2006-09-30": "-62.12700", "2006-06-30": "-79.22200", "2006-03-31": "-52.75600", "2005-12-31": "-26.39400", "2005-09-30": "-42.48200", "2005-06-30": "-38.59600", "2005-03-31": "-42.40000"}, "Total Non-Operating Income/Expense": {"2020-12-31": "142.83100", "2020-09-30": "73.63000", "2020-06-30": "106.73700", "2020-03-31": "-62.69000", "2019-12-31": "125.48500", "2019-09-30": "-28.66700", "2019-06-30": "57.17800", "2019-03-31": "43.35700", "2018-12-31": "-95.22500", "2018-09-30": "-69.13800", "2018-06-30": "43.71300", "2018-03-31": "85.74100", "2017-12-31": "-13.29500", "2017-09-30": "-91.12700", "2017-06-30": "-17.20100", "2017-03-31": "-17.30900", "2016-12-31": "-19.33400", "2016-09-30": "-20.30700", "2016-06-30": "-21.37400", "2016-03-31": "-16.28700", "2015-12-31": "-22.34400", "2015-09-30": "-22.46000", "2015-06-30": "-19.69700", "2015-03-31": "-26.42000", "2014-12-31": "-24.96900", "2014-09-30": "-24.37400", "2014-06-30": "22.14600", "2014-03-31": "-15.26600", "2013-12-31": "-9.46200", "2013-09-30": "4.65600", "2013-06-30": "-6.57800", "2013-03-31": "-4.65200", "2012-12-31": "-3.31400", "2012-09-30": "-4.04100", "2012-06-30": "-3.63500", "2012-03-31": "-3.74100", "2011-12-31": "-13.10100", "2011-09-30": "-15.09700", "2011-06-30": "-8.98000", "2011-03-31": "-16.19700", "2010-12-31": "-13.75800", "2010-09-30": "-9.36900", "2010-06-30": "-30.43300", "2010-03-31": "-4.98900", "2009-12-31": "-11.92500", "2009-09-30": "-1.33200", "2009-06-30": "-14.13000", "2009-03-31": "-0.77900", "2008-12-31": "-0.46900", "2008-09-30": "0.58400", "2008-06-30": "0.16000", "2008-03-31": "2.58200", "2007-12-31": "5.99700", "2007-09-30": "6.76200", "2007-06-30": "7.85300", "2007-03-31": "7.90100", "2006-12-31": "7.58900", "2006-09-30": "10.32500", "2006-06-30": "1.56400", "2006-03-31": "1.62300", "2005-12-31": "-11.73700", "2005-09-30": "-37.09600", "2005-06-30": "-2.39200", "2005-03-31": "-2.32000"}, "Pre-Tax Income": {"2020-12-31": "888.62300", "2020-09-30": "745.87100", "2020-06-30": "824.77000", "2020-03-31": "657.53400", "2019-12-31": "676.95000", "2019-09-30": "70.66600", "2019-06-30": "327.13800", "2019-03-31": "320.16500", "2018-12-31": "32.49700", "2018-09-30": "136.51100", "2018-06-30": "216.59100", "2018-03-31": "214.64200", "2017-12-31": "112.44200", "2017-09-30": "-417.17000", "2017-06-30": "35.50600", "2017-03-31": "253.53300", "2016-12-31": "20.30600", "2016-09-30": "-39.03400", "2016-06-30": "-18.02100", "2016-03-31": "-30.61700", "2015-12-31": "-76.04800", "2015-09-30": "-92.48600", "2015-06-30": "-190.86100", "2015-03-31": "-198.40500", "2014-12-31": "-178.59400", "2014-09-30": "-166.57700", "2014-06-30": "-158.39600", "2014-03-31": "-231.30800", "2013-12-31": "-0.69300", "2013-09-30": "-118.90000", "2013-06-30": "-63.51100", "2013-03-31": "-442.94000", "2012-12-31": "-36.39500", "2012-09-30": "-5.11200", "2012-06-30": "-14.40500", "2012-03-31": "87.90800", "2011-12-31": "210.80100", "2011-09-30": "200.61000", "2011-06-30": "-174.87000", "2011-03-31": "-176.09600", "2010-12-31": "-180.39200", "2010-09-30": "-208.95700", "2010-06-30": "-200.00600", "2010-03-31": "-165.27100", "2009-12-31": "-158.64400", "2009-09-30": "-149.56500", "2009-06-30": "-171.29700", "2009-03-31": "-162.67200", "2008-12-31": "-142.33190", "2008-09-30": "-130.04400", "2008-06-30": "-91.32100", "2008-03-31": "-96.15400", "2007-12-31": "-85.75100", "2007-09-30": "-107.03300", "2007-06-30": "-117.76700", "2007-03-31": "-80.72800", "2006-12-31": "-27.34400", "2006-09-30": "-51.80200", "2006-06-30": "-77.65800", "2006-03-31": "-51.13300", "2005-12-31": "-38.13100", "2005-09-30": "-79.57800", "2005-06-30": "-40.98800", "2005-03-31": "-44.72000"}, "Income Taxes": {"2020-12-31": "284.43300", "2020-09-30": "78.43700", "2020-06-30": "-12.50000", "2020-03-31": "54.78100", "2019-12-31": "93.71600", "2019-09-30": "13.14800", "2019-06-30": "59.71100", "2019-03-31": "51.53400", "2018-12-31": "-1492.59900", "2018-09-30": "8.05500", "2018-06-30": "10.34100", "2018-03-31": "-12.65900", "2017-12-31": "10.25700", "2017-09-30": "-125.90300", "2017-06-30": "4.33700", "2017-03-31": "3.98500", "2016-12-31": "-7.45300", "2016-09-30": "0.50300", "2016-06-30": "18.13000", "2016-03-31": "5.48500", "2015-12-31": "-1.37900", "2015-09-30": "1.33000", "2015-06-30": "30.13100", "2015-03-31": "0.29900", "2014-12-31": "2.04300", "2014-09-30": "3.41900", "2014-06-30": "0.69300", "2014-03-31": "0.80300", "2013-12-31": "7.13500", "2013-09-30": "2.55500", "2013-06-30": "-1.79900", "2013-03-31": "-130.31300", "2012-12-31": "-41.72500", "2012-09-30": "21.35500", "2012-06-30": "20.06300", "2012-03-31": "0.03200", "2011-12-31": "22.66000", "2011-09-30": "-27.84200", "2011-06-30": "24.44800", "2011-03-31": "0.00000", "2010-12-31": "", "2010-09-30": "0.00000", "2010-06-30": "", "2010-03-31": "", "2009-12-31": "", "2009-09-30": "", "2009-06-30": "", "2009-03-31": "", "2008-12-31": "", "2008-09-30": "", "2008-06-30": "", "2008-03-31": "", "2007-12-31": "", "2007-09-30": "", "2007-06-30": "", "2007-03-31": "", "2006-12-31": "", "2006-09-30": "", "2006-06-30": "", "2006-03-31": "", "2005-12-31": "", "2005-09-30": "", "2005-06-30": "", "2005-03-31": ""}, "Income After Taxes": {"2020-12-31": "604.18990", "2020-09-30": "667.43400", "2020-06-30": "837.27000", "2020-03-31": "602.75300", "2019-12-31": "583.23400", "2019-09-30": "57.51800", "2019-06-30": "267.42700", "2019-03-31": "268.63100", "2018-12-31": "1525.09600", "2018-09-30": "128.45600", "2018-06-30": "206.25000", "2018-03-31": "227.30100", "2017-12-31": "102.18500", "2017-09-30": "-291.26700", "2017-06-30": "31.16900", "2017-03-31": "249.54800", "2016-12-31": "27.75900", "2016-09-30": "-39.53700", "2016-06-30": "-36.15100", "2016-03-31": "-36.10200", "2015-12-31": "-74.66900", "2015-09-30": "-93.81600", "2015-06-30": "-220.99200", "2015-03-31": "-198.70400", "2014-12-31": "-180.63710", "2014-09-30": "-169.99600", "2014-06-30": "-159.08900", "2014-03-31": "-232.11100", "2013-12-31": "-7.82800", "2013-09-30": "-121.45500", "2013-06-30": "-61.71200", "2013-03-31": "-312.62700", "2012-12-31": "5.33000", "2012-09-30": "-26.46700", "2012-06-30": "-34.46800", "2012-03-31": "87.87600", "2011-12-31": "188.14100", "2011-09-30": "228.45200", "2011-06-30": "-199.31800", "2011-03-31": "-176.09600", "2010-12-31": "-180.39200", "2010-09-30": "-208.95700", "2010-06-30": "-200.00600", "2010-03-31": "-165.27100", "2009-12-31": "-158.64400", "2009-09-30": "-149.56500", "2009-06-30": "-171.29700", "2009-03-31": "-162.67200", "2008-12-31": "-142.33190", "2008-09-30": "-130.04400", "2008-06-30": "-91.32100", "2008-03-31": "-96.15400", "2007-12-31": "-85.75100", "2007-09-30": "-107.03300", "2007-06-30": "-117.76700", "2007-03-31": "-80.72800", "2006-12-31": "-27.34400", "2006-09-30": "-51.80200", "2006-06-30": "-77.65800", "2006-03-31": "-51.13300", "2005-12-31": "-38.13100", "2005-09-30": "-79.57800", "2005-06-30": "-40.98800", "2005-03-31": "-44.72000"}, "Other Income": {"2020-12-31": "", "2020-09-30": "", "2020-06-30": "", "2020-03-31": "", "2019-12-31": "", "2019-09-30": "", "2019-06-30": "", "2019-03-31": "", "2018-12-31": "", "2018-09-30": "", "2018-06-30": "", "2018-03-31": "", "2017-12-31": "", "2017-09-30": "", "2017-06-30": "", "2017-03-31": "", "2016-12-31": "", "2016-09-30": "", "2016-06-30": "", "2016-03-31": "", "2015-12-31": "", "2015-09-30": "", "2015-06-30": "", "2015-03-31": "", "2014-12-31": "", "2014-09-30": "", "2014-06-30": "", "2014-03-31": "", "2013-12-31": "", "2013-09-30": "", "2013-06-30": "", "2013-03-31": "", "2012-12-31": "", "2012-09-30": "", "2012-06-30": "", "2012-03-31": "", "2011-12-31": "", "2011-09-30": "", "2011-06-30": "", "2011-03-31": "", "2010-12-31": "", "2010-09-30": "", "2010-06-30": "", "2010-03-31": "", "2009-12-31": "", "2009-09-30": "", "2009-06-30": "", "2009-03-31": "", "2008-12-31": "", "2008-09-30": "", "2008-06-30": "", "2008-03-31": "", "2007-12-31": "", "2007-09-30": "", "2007-06-30": "", "2007-03-31": "", "2006-12-31": "", "2006-09-30": "", "2006-06-30": "", "2006-03-31": "", "2005-12-31": "", "2005-09-30": "", "2005-06-30": "", "2005-03-31": ""}, "Income From Continuous Operations": {"2020-12-31": "604.18990", "2020-09-30": "667.43400", "2020-06-30": "837.27000", "2020-03-31": "602.75300", "2019-12-31": "583.23400", "2019-09-30": "57.51800", "2019-06-30": "267.42700", "2019-03-31": "268.63100", "2018-12-31": "1525.09600", "2018-09-30": "128.45600", "2018-06-30": "206.25000", "2018-03-31": "227.30100", "2017-12-31": "102.18500", "2017-09-30": "-291.26700", "2017-06-30": "31.16900", "2017-03-31": "249.54800", "2016-12-31": "27.75900", "2016-09-30": "-39.53700", "2016-06-30": "-36.15100", "2016-03-31": "-36.10200", "2015-12-31": "-74.66900", "2015-09-30": "-93.81600", "2015-06-30": "-220.99200", "2015-03-31": "-198.70400", "2014-12-31": "-180.63710", "2014-09-30": "-169.99600", "2014-06-30": "-159.08900", "2014-03-31": "-232.11100", "2013-12-31": "-7.82800", "2013-09-30": "-121.45500", "2013-06-30": "-61.71200", "2013-03-31": "-312.62700", "2012-12-31": "5.33000", "2012-09-30": "-26.46700", "2012-06-30": "-34.46800", "2012-03-31": "87.87600", "2011-12-31": "188.14100", "2011-09-30": "228.45200", "2011-06-30": "-199.31800", "2011-03-31": "-176.09600", "2010-12-31": "-180.39200", "2010-09-30": "-208.95700", "2010-06-30": "-200.00600", "2010-03-31": "-165.27100", "2009-12-31": "-158.64400", "2009-09-30": "-149.56500", "2009-06-30": "-171.29700", "2009-03-31": "-162.67200", "2008-12-31": "-142.33200", "2008-09-30": "-130.04400", "2008-06-30": "-91.32100", "2008-03-31": "-96.15400", "2007-12-31": "-85.75100", "2007-09-30": "-107.03300", "2007-06-30": "-117.76700", "2007-03-31": "-80.72800", "2006-12-31": "-27.34400", "2006-09-30": "-51.80200", "2006-06-30": "-77.65800", "2006-03-31": "-51.13300", "2005-12-31": "-38.13100", "2005-09-30": "-79.57800", "2005-06-30": "-40.98800", "2005-03-31": "-44.72000"}, "Income From Discontinued Operations": {"2020-12-31": "", "2020-09-30": "", "2020-06-30": "", "2020-03-31": "", "2019-12-31": "", "2019-09-30": "", "2019-06-30": "", "2019-03-31": "", "2018-12-31": "", "2018-09-30": "", "2018-06-30": "", "2018-03-31": "", "2017-12-31": "", "2017-09-30": "", "2017-06-30": "", "2017-03-31": "", "2016-12-31": "", "2016-09-30": "", "2016-06-30": "", "2016-03-31": "", "2015-12-31": "", "2015-09-30": "", "2015-06-30": "", "2015-03-31": "", "2014-12-31": "-0.20900", "2014-09-30": "-0.06400", "2014-06-30": "-0.29300", "2014-03-31": "-0.34600", "2013-12-31": "-181.25100", "2013-09-30": "-2.67700", "2013-06-30": "", "2013-03-31": "", "2012-12-31": "", "2012-09-30": "", "2012-06-30": "", "2012-03-31": "", "2011-12-31": "", "2011-09-30": "", "2011-06-30": "", "2011-03-31": "", "2010-12-31": "", "2010-09-30": "", "2010-06-30": "", "2010-03-31": "", "2009-12-31": "", "2009-09-30": "", "2009-06-30": "", "2009-03-31": "", "2008-12-31": "", "2008-09-30": "", "2008-06-30": "", "2008-03-31": "", "2007-12-31": "", "2007-09-30": "", "2007-06-30": "", "2007-03-31": "", "2006-12-31": "", "2006-09-30": "", "2006-06-30": "", "2006-03-31": "", "2005-12-31": "", "2005-09-30": "", "2005-06-30": "", "2005-03-31": ""}, "Net Income": {"2020-12-31": "604.19000", "2020-09-30": "667.43400", "2020-06-30": "837.27000", "2020-03-31": "602.75300", "2019-12-31": "583.23410", "2019-09-30": "57.51800", "2019-06-30": "267.42700", "2019-03-31": "268.63100", "2018-12-31": "1550.52700", "2018-09-30": "128.74600", "2018-06-30": "207.36000", "2018-03-31": "210.26300", "2017-12-31": "100.68400", "2017-09-30": "-102.95200", "2017-06-30": "17.99600", "2017-03-31": "247.75600", "2016-12-31": "32.94500", "2016-09-30": "-38.84100", "2016-06-30": "-64.52500", "2016-03-31": "-41.63100", "2015-12-31": "-73.73100", "2015-09-30": "-95.14900", "2015-06-30": "-188.84800", "2015-03-31": "-198.60600", "2014-12-31": "-176.65600", "2014-09-30": "-170.06000", "2014-06-30": "-159.38200", "2014-03-31": "-232.45700", "2013-12-31": "44.28500", "2013-09-30": "-124.13200", "2013-06-30": "-57.16500", "2013-03-31": "-308.01600", "2012-12-31": "-75.24200", "2012-09-30": "-57.54300", "2012-06-30": "-64.93100", "2012-03-31": "90.68400", "2011-12-31": "158.62900", "2011-09-30": "221.11000", "2011-06-30": "-174.06900", "2011-03-31": "-176.09600", "2010-12-31": "-180.39200", "2010-09-30": "-208.95700", "2010-06-30": "-200.00600", "2010-03-31": "-165.27100", "2009-12-31": "-158.64400", "2009-09-30": "-149.56500", "2009-06-30": "-171.29700", "2009-03-31": "-162.67200", "2008-12-31": "-142.33200", "2008-09-30": "-130.04400", "2008-06-30": "-91.32100", "2008-03-31": "-96.15400", "2007-12-31": "-85.75100", "2007-09-30": "-107.03300", "2007-06-30": "-117.76700", "2007-03-31": "-80.72800", "2006-12-31": "-27.34400", "2006-09-30": "-51.80200", "2006-06-30": "-77.65800", "2006-03-31": "-50.08700", "2005-12-31": "-38.13100", "2005-09-30": "-79.57800", "2005-06-30": "-40.98800", "2005-03-31": "-44.72000"}, "EBITDA": {"2020-12-31": "", "2020-09-30": "698.88310", "2020-06-30": "744.73000", "2020-03-31": "747.04500", "2019-12-31": "577.72040", "2019-09-30": "125.18000", "2019-06-30": "297.65800", "2019-03-31": "303.94800", "2018-12-31": "146.54830", "2018-09-30": "224.84100", "2018-06-30": "190.93700", "2018-03-31": "145.24400", "2017-12-31": "142.16880", "2017-09-30": "-310.81800", "2017-06-30": "67.59700", "2017-03-31": "285.69200", "2016-12-31": "55.09120", "2016-09-30": "-4.15800", "2016-06-30": "18.31600", "2016-03-31": "2.08500", "2015-12-31": "-37.95700", "2015-09-30": "-53.85800", "2015-06-30": "-157.09900", "2015-03-31": "-155.62200", "2014-12-31": "-137.28910", "2014-09-30": "-125.24200", "2014-06-30": "-166.37000", "2014-03-31": "-200.25400", "2013-12-31": "26.39990", "2013-09-30": "-114.06700", "2013-06-30": "-46.37900", "2013-03-31": "-427.59700", "2012-12-31": "-20.70800", "2012-09-30": "7.52200", "2012-06-30": "-2.10500", "2012-03-31": "100.20900", "2011-12-31": "233.62590", "2011-09-30": "223.45700", "2011-06-30": "-157.18100", "2011-03-31": "-151.04100", "2010-12-31": "-158.42900", "2010-09-30": "-192.83000", "2010-06-30": "-161.66100", "2010-03-31": "-152.69800", "2009-12-31": "-138.33610", "2009-09-30": "-141.41800", "2009-06-30": "-149.42200", "2009-03-31": "-154.72900", "2008-12-31": "-133.28790", "2008-09-30": "-122.67500", "2008-06-30": "-83.31100", "2008-03-31": "-91.23800", "2007-12-31": "-84.29700", "2007-09-30": "-106.96000", "2007-06-30": "-118.76800", "2007-03-31": "-82.30800", "2006-12-31": "-28.05800", "2006-09-30": "-56.19300", "2006-06-30": "-72.41300", "2006-03-31": "-46.50600", "2005-12-31": "-19.50500", "2005-09-30": "-35.45300", "2005-06-30": "-32.06500", "2005-03-31": "-35.56000"}, "EBIT": {"2020-12-31": "745.79190", "2020-09-30": "672.24100", "2020-06-30": "718.03300", "2020-03-31": "720.22410", "2019-12-31": "551.46470", "2019-09-30": "99.33300", "2019-06-30": "269.96000", "2019-03-31": "276.80800", "2018-12-31": "127.72220", "2018-09-30": "205.64900", "2018-06-30": "172.87800", "2018-03-31": "128.90100", "2017-12-31": "125.73690", "2017-09-30": "-326.04300", "2017-06-30": "52.70700", "2017-03-31": "270.84200", "2016-12-31": "39.64020", "2016-09-30": "-18.72700", "2016-06-30": "3.35300", "2016-03-31": "-14.33000", "2015-12-31": "-53.70410", "2015-09-30": "-70.02600", "2015-06-30": "-171.16400", "2015-03-31": "-171.98500", "2014-12-31": "-153.62510", "2014-09-30": "-142.20300", "2014-06-30": "-180.54200", "2014-03-31": "-216.04200", "2013-12-31": "8.76900", "2013-09-30": "-123.55600", "2013-06-30": "-56.93300", "2013-03-31": "-438.28800", "2012-12-31": "-33.08110", "2012-09-30": "-1.07100", "2012-06-30": "-10.77000", "2012-03-31": "91.64900", "2011-12-31": "223.90190", "2011-09-30": "215.70700", "2011-06-30": "-165.89000", "2011-03-31": "-159.89900", "2010-12-31": "-166.63400", "2010-09-30": "-199.58800", "2010-06-30": "-169.57300", "2010-03-31": "-160.28200", "2009-12-31": "-146.71910", "2009-09-30": "-148.23300", "2009-06-30": "-157.16700", "2009-03-31": "-161.89300", "2008-12-31": "-141.86290", "2008-09-30": "-130.62800", "2008-06-30": "-91.48100", "2008-03-31": "-98.73600", "2007-12-31": "-91.74800", "2007-09-30": "-113.79500", "2007-06-30": "-125.62000", "2007-03-31": "-88.62900", "2006-12-31": "-34.93300", "2006-09-30": "-62.12700", "2006-06-30": "-79.22200", "2006-03-31": "-52.75600", "2005-12-31": "-26.39400", "2005-09-30": "-42.48200", "2005-06-30": "-38.59600", "2005-03-31": "-42.40000"}, "Basic Shares Outstanding": {"2020-12-31": "260.03800", "2020-09-30": "260.39200", "2020-06-30": "259.63700", "2020-03-31": "259.81500", "2019-12-31": "256.72800", "2019-09-30": "256.94600", "2019-06-30": "256.15400", "2019-03-31": "255.69500", "2018-12-31": "254.29200", "2018-09-30": "254.90500", "2018-06-30": "254.13500", "2018-03-31": "253.23100", "2017-12-31": "248.85800", "2017-09-30": "250.26800", "2017-06-30": "247.52100", "2017-03-31": "246.02400", "2016-12-31": "244.68500", "2016-09-30": "244.92000", "2016-06-30": "244.48200", "2016-03-31": "243.83100", "2015-12-31": "241.31200", "2015-09-30": "241.96900", "2015-06-30": "240.75700", "2015-03-31": "239.49300", "2014-12-31": "235.30700", "2014-09-30": "236.13700", "2014-06-30": "233.80800", "2014-03-31": "232.88700", "2013-12-31": "224.90600", "2013-09-30": "230.50500", "2013-06-30": "222.05300", "2013-03-31": "215.42100", "2012-12-31": "211.94600", "2012-09-30": "213.76700", "2012-06-30": "211.34400", "2012-03-31": "208.01800", "2011-12-31": "204.89100", "2011-09-30": "206.00200", "2011-06-30": "204.41300", "2011-03-31": "202.32900", "2010-12-31": "200.40200", "2010-09-30": "200.88700", "2010-06-30": "200.39700", "2010-03-31": "198.93500", "2009-12-31": "173.25900", "2009-09-30": "178.73500", "2009-06-30": "172.56300", "2009-03-31": "155.86000", "2008-12-31": "140.55600", "2008-09-30": "140.10900", "2008-06-30": "138.72500", "2008-03-31": "134.47100", "2007-12-31": "128.98600", "2007-09-30": "130.00600", "2007-06-30": "129.26900", "2007-03-31": "125.75600", "2006-12-31": "113.22100", "2006-09-30": "112.80300", "2006-06-30": "108.52300", "2006-03-31": "107.44000", "2005-12-31": "89.24100", "2005-09-30": "94.59000", "2005-06-30": "82.27400", "2005-03-31": "79.42800"}, "Shares Outstanding": {"2020-12-31": "263.10600", "2020-09-30": "264.07900", "2020-06-30": "263.40300", "2020-03-31": "263.51500", "2019-12-31": "260.67300", "2019-09-30": "260.47300", "2019-06-30": "259.82200", "2019-03-31": "260.17500", "2018-12-31": "259.18500", "2018-09-30": "259.78800", "2018-06-30": "258.58400", "2018-03-31": "258.52600", "2017-12-31": "253.22500", "2017-09-30": "250.26800", "2017-06-30": "251.63500", "2017-03-31": "248.70000", "2016-12-31": "244.68500", "2016-09-30": "244.92000", "2016-06-30": "244.48200", "2016-03-31": "243.83100", "2015-12-31": "241.31200", "2015-09-30": "241.96900", "2015-06-30": "240.75700", "2015-03-31": "239.49300", "2014-12-31": "235.30700", "2014-09-30": "236.13700", "2014-06-30": "233.80800", "2014-03-31": "232.88700", "2013-12-31": "224.90600", "2013-09-30": "230.50500", "2013-06-30": "222.05300", "2013-03-31": "215.42100", "2012-12-31": "215.26200", "2012-09-30": "213.76700", "2012-06-30": "211.34400", "2012-03-31": "219.26400", "2011-12-31": "208.80700", "2011-09-30": "219.34900", "2011-06-30": "204.41300", "2011-03-31": "202.32900", "2010-12-31": "200.40200", "2010-09-30": "200.88700", "2010-06-30": "200.39700", "2010-03-31": "198.93500", "2009-12-31": "173.25900", "2009-09-30": "178.73500", "2009-06-30": "172.56300", "2009-03-31": "155.86000", "2008-12-31": "140.55600", "2008-09-30": "140.10900", "2008-06-30": "138.72500", "2008-03-31": "134.47100", "2007-12-31": "128.98600", "2007-09-30": "130.00600", "2007-06-30": "129.26900", "2007-03-31": "125.75600", "2006-12-31": "113.22100", "2006-09-30": "112.80300", "2006-06-30": "108.52300", "2006-03-31": "107.44000", "2005-12-31": "89.24100", "2005-09-30": "94.59000", "2005-06-30": "82.27400", "2005-03-31": "79.42800"}, "Basic EPS": {"2020-12-31": "2.32000", "2020-09-30": "2.56000", "2020-06-30": "3.22000", "2020-03-31": "2.32000", "2019-12-31": "2.27000", "2019-09-30": "0.22000", "2019-06-30": "1.04000", "2019-03-31": "1.05000", "2018-12-31": "6.08000", "2018-09-30": "0.51000", "2018-06-30": "0.82000", "2018-03-31": "0.83000", "2017-12-31": "0.39000", "2017-09-30": "-0.41000", "2017-06-30": "0.07000", "2017-03-31": "1.01000", "2016-12-31": "0.13000", "2016-09-30": "-0.16000", "2016-06-30": "-0.26000", "2016-03-31": "-0.17000", "2015-12-31": "-0.31000", "2015-09-30": "-0.39000", "2015-06-30": "-0.78000", "2015-03-31": "-0.83000", "2014-12-31": "-0.74000", "2014-09-30": "-0.72000", "2014-06-30": "-0.68000", "2014-03-31": "-1.00000", "2013-12-31": "0.25000", "2013-09-30": "-0.54000", "2013-06-30": "-0.26000", "2013-03-31": "-1.43000", "2012-12-31": "-0.36000", "2012-09-30": "-0.27000", "2012-06-30": "-0.31000", "2012-03-31": "0.44000", "2011-12-31": "0.80000", "2011-09-30": "1.06000", "2011-06-30": "-0.85000", "2011-03-31": "-0.87000", "2010-12-31": "-0.90000", "2010-09-30": "-1.04000", "2010-06-30": "-1.00000", "2010-03-31": "-0.83000", "2009-12-31": "-0.84000", "2009-09-30": "-0.84000", "2009-06-30": "-0.99000", "2009-03-31": "-1.04000", "2008-12-31": "-0.96000", "2008-09-30": "-0.93000", "2008-06-30": "-0.66000", "2008-03-31": "-0.72000", "2007-12-31": "-0.66000", "2007-09-30": "-0.82000", "2007-06-30": "-0.91000", "2007-03-31": "-0.64000", "2006-12-31": "-0.18000", "2006-09-30": "-0.46000", "2006-06-30": "-0.72000", "2006-03-31": "-0.47000", "2005-12-31": "-0.38000", "2005-09-30": "-0.84000", "2005-06-30": "-0.50000", "2005-03-31": "-0.56000"}, "EPS - Earnings Per Share": {"2020-12-31": "2.30000", "2020-09-30": "2.53000", "2020-06-30": "3.18000", "2020-03-31": "2.29000", "2019-12-31": "2.23000", "2019-09-30": "0.22000", "2019-06-30": "1.03000", "2019-03-31": "1.03000", "2018-12-31": "5.98000", "2018-09-30": "0.50000", "2018-06-30": "0.80000", "2018-03-31": "0.81000", "2017-12-31": "0.39000", "2017-09-30": "-0.41000", "2017-06-30": "0.07000", "2017-03-31": "0.99000", "2016-12-31": "0.13000", "2016-09-30": "-0.16000", "2016-06-30": "-0.26000", "2016-03-31": "-0.17000", "2015-12-31": "-0.31000", "2015-09-30": "-0.39000", "2015-06-30": "-0.78000", "2015-03-31": "-0.83000", "2014-12-31": "-0.74000", "2014-09-30": "-0.72000", "2014-06-30": "-0.68000", "2014-03-31": "-1.00000", "2013-12-31": "0.25000", "2013-09-30": "-0.54000", "2013-06-30": "-0.26000", "2013-03-31": "-1.43000", "2012-12-31": "-0.35000", "2012-09-30": "-0.27000", "2012-06-30": "-0.31000", "2012-03-31": "0.43000", "2011-12-31": "0.84000", "2011-09-30": "1.02000", "2011-06-30": "-0.85000", "2011-03-31": "-0.87000", "2010-12-31": "-0.90000", "2010-09-30": "-1.04000", "2010-06-30": "-1.00000", "2010-03-31": "-0.83000", "2009-12-31": "-0.84000", "2009-09-30": "-0.84000", "2009-06-30": "-0.99000", "2009-03-31": "-1.04000", "2008-12-31": "-0.96000", "2008-09-30": "-0.93000", "2008-06-30": "-0.66000", "2008-03-31": "-0.72000", "2007-12-31": "-0.66000", "2007-09-30": "-0.82000", "2007-06-30": "-0.91000", "2007-03-31": "-0.64000", "2006-12-31": "-0.18000", "2006-09-30": "-0.46000", "2006-06-30": "-0.72000", "2006-03-31": "-0.47000", "2005-12-31": "-0.38000", "2005-09-30": "-0.84000", "2005-06-30": "-0.50000", "2005-03-31": "-0.56000"}}, "balance sheet": {"Cash On Hand": {"2020-12-31": "6658.89700", "2019-12-31": "3808.29400", "2018-12-31": "3168.24200", "2017-12-31": "2088.66600", "2016-12-31": "1482.31900", "2015-12-31": "1121.37200", "2014-12-31": "1395.52400", "2013-12-31": "1465.07600", "2012-12-31": "1391.19800", "2011-12-31": "1020.80000", "2010-12-31": "1031.41100", "2009-12-31": "1284.91300", "2008-12-31": "832.10100", "2007-12-31": "460.87100", "2006-12-31": "704.62600", "2005-12-31": "361.15700"}, "Receivables": {"2020-12-31": "885.35200", "2019-12-31": "633.51800", "2018-12-31": "409.68800", "2017-12-31": "281.34300", "2016-12-31": "200.36400", "2015-12-31": "173.83800", "2014-12-31": "75.96400", "2013-12-31": "85.51700", "2012-12-31": "143.25000", "2011-12-31": "183.13500", "2010-12-31": "12.52900", "2009-12-31": "9.60100", "2008-12-31": "23.48900", "2007-12-31": "31.32000", "2006-12-31": "62.92300", "2005-12-31": "20.59500"}, "Inventory": {"2020-12-31": "280.77700", "2019-12-31": "167.50200", "2018-12-31": "124.36000", "2017-12-31": "111.83000", "2016-12-31": "77.60400", "2015-12-31": "57.20700", "2014-12-31": "30.84800", "2013-12-31": "14.14700", "2012-12-31": "30.46400", "2011-12-31": "112.43000", "2010-12-31": "", "2009-12-31": "", "2008-12-31": "", "2007-12-31": "", "2006-12-31": "", "2005-12-31": ""}, "Pre-Paid Expenses": {"2020-12-31": "", "2019-12-31": "213.51500", "2018-12-31": "140.81900", "2017-12-31": "167.12400", "2016-12-31": "71.25300", "2015-12-31": "54.73600", "2014-12-31": "44.17500", "2013-12-31": "23.83600", "2012-12-31": "24.67300", "2011-12-31": "14.88900", "2010-12-31": "13.09900", "2009-12-31": "12.51200", "2008-12-31": "11.99100", "2007-12-31": "4.66000", "2006-12-31": "3.85700", "2005-12-31": "3.30300"}, "Other Current Assets": {"2020-12-31": "683.31100", "2019-12-31": "", "2018-12-31": "", "2017-12-31": "", "2016-12-31": "", "2015-12-31": "", "2014-12-31": "", "2013-12-31": "", "2012-12-31": "", "2011-12-31": "", "2010-12-31": "", "2009-12-31": "", "2008-12-31": "", "2007-12-31": "", "2006-12-31": "", "2005-12-31": ""}, "Total Current Assets": {"2020-12-31": "8508.33700", "2019-12-31": "4822.82900", "2018-12-31": "3843.10900", "2017-12-31": "2648.96300", "2016-12-31": "1831.54000", "2015-12-31": "1407.15300", "2014-12-31": "1546.51100", "2013-12-31": "1588.57600", "2012-12-31": "1589.58500", "2011-12-31": "1331.25400", "2010-12-31": "1057.03900", "2009-12-31": "1307.02600", "2008-12-31": "867.58100", "2007-12-31": "496.85100", "2006-12-31": "771.40600", "2005-12-31": "385.05500"}, "Property, Plant, And Equipment": {"2020-12-31": "958.53400", "2019-12-31": "745.08000", "2018-12-31": "812.00500", "2017-12-31": "789.43700", "2016-12-31": "698.36200", "2015-12-31": "697.71500", "2014-12-31": "715.81200", "2013-12-31": "696.91100", "2012-12-31": "433.60900", "2011-12-31": "133.17600", "2010-12-31": "72.33300", "2009-12-31": "62.27900", "2008-12-31": "68.33100", "2007-12-31": "66.50900", "2006-12-31": "61.53500", "2005-12-31": "54.53300"}, "Long-Term Investments": {"2020-12-31": "", "2019-12-31": "", "2018-12-31": "", "2017-12-31": "", "2016-12-31": "", "2015-12-31": "", "2014-12-31": "", "2013-12-31": "", "2012-12-31": "", "2011-12-31": "", "2010-12-31": "", "2009-12-31": "", "2008-12-31": "", "2007-12-31": "6.92500", "2006-12-31": "57.12600", "2005-12-31": "65.21600"}, "Goodwill And Intangible Assets": {"2020-12-31": "1402.15800", "2019-12-31": "1402.15800", "2018-12-31": "50.38400", "2017-12-31": "79.38400", "2016-12-31": "334.72400", "2015-12-31": "334.72400", "2014-12-31": "68.91500", "2013-12-31": "30.99200", "2012-12-31": "694.49200", "2011-12-31": "694.49200", "2010-12-31": "544.80200", "2009-12-31": "544.80200", "2008-12-31": "", "2007-12-31": "", "2006-12-31": "", "2005-12-31": ""}, "Other Long-Term Assets": {"2020-12-31": "", "2019-12-31": "157.58300", "2018-12-31": "40.72800", "2017-12-31": "27.39600", "2016-12-31": "32.16100", "2015-12-31": "28.99500", "2014-12-31": "3.44100", "2013-12-31": "2.56200", "2012-12-31": "41.60200", "2011-12-31": "45.35800", "2010-12-31": "51.27200", "2009-12-31": "41.38100", "2008-12-31": "44.56700", "2007-12-31": "31.19200", "2006-12-31": "31.51200", "2005-12-31": "44.19400"}, "Total Long-Term Assets": {"2020-12-31": "3243.47100", "2019-12-31": "3495.63600", "2018-12-31": "2402.78900", "2017-12-31": "897.05100", "2016-12-31": "1065.24700", "2015-12-31": "1091.43400", "2014-12-31": "788.16800", "2013-12-31": "730.46500", "2012-12-31": "1169.70300", "2011-12-31": "873.02590", "2010-12-31": "668.40700", "2009-12-31": "648.46200", "2008-12-31": "112.89800", "2007-12-31": "104.62600", "2006-12-31": "150.17300", "2005-12-31": "163.94300"}, "Total Assets": {"2020-12-31": "11751.81000", "2019-12-31": "8318.46500", "2018-12-31": "6245.89800", "2017-12-31": "3546.01400", "2016-12-31": "2896.78700", "2015-12-31": "2498.58700", "2014-12-31": "2334.67900", "2013-12-31": "2319.04100", "2012-12-31": "2759.28800", "2011-12-31": "2204.28000", "2010-12-31": "1725.44600", "2009-12-31": "1955.48800", "2008-12-31": "980.47900", "2007-12-31": "601.47700", "2006-12-31": "921.57900", "2005-12-31": "548.99800"}, "Total Current Liabilities": {"2020-12-31": "2141.58600", "2019-12-31": "1334.82700", "2018-12-31": "1120.29200", "2017-12-31": "807.26000", "2016-12-31": "792.53700", "2015-12-31": "506.16700", "2014-12-31": "368.25400", "2013-12-31": "397.82900", "2012-12-31": "432.62400", "2011-12-31": "392.34800", "2010-12-31": "474.78300", "2009-12-31": "284.88300", "2008-12-31": "216.56400", "2007-12-31": "199.27900", "2006-12-31": "251.01400", "2005-12-31": "100.24300"}, "Long Term Debt": {"2020-12-31": "", "2019-12-31": "538.57600", "2018-12-31": "581.55000", "2017-12-31": "583.90200", "2016-12-31": "521.33500", "2015-12-31": "739.39700", "2014-12-31": "792.93490", "2013-12-31": "489.69100", "2012-12-31": "683.20100", "2011-12-31": "455.95000", "2010-12-31": "400.00000", "2009-12-31": "121.76500", "2008-12-31": "287.50000", "2007-12-31": "", "2006-12-31": "19.99700", "2005-12-31": "180.09700"}, "Other Non-Current Liabilities": {"2020-12-31": "923.40700", "2019-12-31": "359.81800", "2018-12-31": "108.85300", "2017-12-31": "106.20500", "2016-12-31": "104.02900", "2015-12-31": "39.24200", "2014-12-31": "34.45500", "2013-12-31": "25.65700", "2012-12-31": "32.47200", "2011-12-31": "28.66800", "2010-12-31": "26.36300", "2009-12-31": "66.64100", "2008-12-31": "27.74500", "2007-12-31": "29.68600", "2006-12-31": "28.33800", "2005-12-31": "28.63100"}, "Total Long Term Liabilities": {"2020-12-31": "923.40700", "2019-12-31": "898.39400", "2018-12-31": "690.40300", "2017-12-31": "696.44800", "2016-12-31": "766.05900", "2015-12-31": "898.79200", "2014-12-31": "870.24190", "2013-12-31": "564.80700", "2012-12-31": "1130.81200", "2011-12-31": "883.45610", "2010-12-31": "746.69000", "2009-12-31": "574.25900", "2008-12-31": "525.04100", "2007-12-31": "130.90300", "2006-12-31": "164.63000", "2005-12-31": "209.57900"}, "Total Liabilities": {"2020-12-31": "3064.99300", "2019-12-31": "2233.22100", "2018-12-31": "1810.69500", "2017-12-31": "1503.70800", "2016-12-31": "1558.59600", "2015-12-31": "1404.95900", "2014-12-31": "1238.49600", "2013-12-31": "962.63600", "2012-12-31": "1563.43600", "2011-12-31": "1275.80400", "2010-12-31": "1221.47300", "2009-12-31": "859.14200", "2008-12-31": "741.60500", "2007-12-31": "330.18200", "2006-12-31": "415.64400", "2005-12-31": "309.82200"}, "Common Stock Net": {"2020-12-31": "", "2019-12-31": "2.58900", "2018-12-31": "2.54600", "2017-12-31": "2.51200", "2016-12-31": "2.45000", "2015-12-31": "2.42700", "2014-12-31": "2.38500", "2013-12-31": "2.32000", "2012-12-31": "2.14900", "2011-12-31": "2.07200", "2010-12-31": "2.01600", "2009-12-31": "1.98200", "2008-12-31": "1.49400", "2007-12-31": "1.31200", "2006-12-31": "1.24400", "2005-12-31": "1.08100"}, "Retained Earnings (Accumulated Deficit)": {"2020-12-31": "", "2019-12-31": "-1852.97800", "2018-12-31": "-2989.47800", "2017-12-31": "-5119.72300", "2016-12-31": "-5373.83600", "2015-12-31": "-5261.78400", "2014-12-31": "-4705.45000", "2013-12-31": "-3966.89500", "2012-12-31": "-3521.86700", "2011-12-31": "-3414.83500", "2010-12-31": "-3444.40900", "2009-12-31": "-2689.78300", "2008-12-31": "-2047.60500", "2007-12-31": "-1587.75400", "2006-12-31": "-1196.47500", "2005-12-31": "-989.58400"}, "Comprehensive Income": {"2020-12-31": "", "2019-12-31": "-1.97300", "2018-12-31": "0.65900", "2017-12-31": "-11.57200", "2016-12-31": "21.17300", "2015-12-31": "1.82400", "2014-12-31": "0.91700", "2013-12-31": "-0.30600", "2012-12-31": "-0.55000", "2011-12-31": "-1.05300", "2010-12-31": "-1.06700", "2009-12-31": "-0.64000", "2008-12-31": "3.16800", "2007-12-31": "0.88100", "2006-12-31": "-0.96200", "2005-12-31": "-2.87300"}, "Other Share Holders Equity": {"2020-12-31": "", "2019-12-31": "", "2018-12-31": "", "2017-12-31": "", "2016-12-31": "", "2015-12-31": "", "2014-12-31": "", "2013-12-31": "", "2012-12-31": "", "2011-12-31": "", "2010-12-31": "", "2009-12-31": "", "2008-12-31": "", "2007-12-31": "", "2006-12-31": "", "2005-12-31": ""}, "Share Holder Equity": {"2020-12-31": "8686.81500", "2019-12-31": "6085.24400", "2018-12-31": "4435.20300", "2017-12-31": "2042.30600", "2016-12-31": "1338.19100", "2015-12-31": "1093.62800", "2014-12-31": "1096.18300", "2013-12-31": "1356.40500", "2012-12-31": "1195.85200", "2011-12-31": "928.47600", "2010-12-31": "503.97300", "2009-12-31": "1096.34600", "2008-12-31": "238.87400", "2007-12-31": "271.29500", "2006-12-31": "505.93500", "2005-12-31": "239.17600"}, "Total Liabilities And Share Holders Equity": {"2020-12-31": "11751.81000", "2019-12-31": "8318.46500", "2018-12-31": "6245.89800", "2017-12-31": "3546.01400", "2016-12-31": "2896.78700", "2015-12-31": "2498.58700", "2014-12-31": "2334.67900", "2013-12-31": "2319.04100", "2012-12-31": "2759.28800", "2011-12-31": "2204.28000", "2010-12-31": "1725.44600", "2009-12-31": "1955.48800", "2008-12-31": "980.47900", "2007-12-31": "601.47700", "2006-12-31": "921.57900", "2005-12-31": "548.99800"}}, "balance sheet, quarterly": {"Cash On Hand": {"2020-12-31": "6658.89700", "2020-09-30": "6151.05800", "2020-06-30": "5450.76900", "2020-03-31": "4190.39600", "2019-12-31": "3808.29400", "2019-09-30": "3996.33100", "2019-06-30": "3951.22200", "2019-03-31": "3478.03500", "2018-12-31": "3168.24200", "2018-09-30": "3064.02800", "2018-06-30": "2776.26500", "2018-03-31": "2486.59000", "2017-12-31": "2088.66600", "2017-09-30": "1814.05100", "2017-06-30": "1733.27800", "2017-03-31": "1453.34600", "2016-12-31": "1482.31900", "2016-09-30": "1186.86100", "2016-06-30": "1141.94900", "2016-03-31": "1101.89100", "2015-12-31": "1121.37200", "2015-09-30": "1081.59500", "2015-06-30": "1104.76800", "2015-03-31": "1181.13400", "2014-12-31": "1395.52400", "2014-09-30": "1477.73700", "2014-06-30": "1219.16100", "2014-03-31": "1324.20000", "2013-12-31": "1465.07600", "2013-09-30": "1473.70900", "2013-06-30": "1488.98400", "2013-03-31": "1302.36200", "2012-12-31": "1391.19800", "2012-09-30": "1373.49600", "2012-06-30": "1279.35800", "2012-03-31": "1038.88400", "2011-12-31": "1020.80000", "2011-09-30": "709.26500", "2011-06-30": "656.58910", "2011-03-31": "823.45200", "2010-12-31": "1031.41100", "2010-09-30": "1203.01100", "2010-06-30": "979.14500", "2010-03-31": "1092.68300", "2009-12-31": "1284.91300", "2009-09-30": "856.61000", "2009-06-30": "754.36400", "2009-03-31": "869.18600", "2008-12-31": "832.10100", "2008-09-30": "920.06700", "2008-06-30": "832.06200", "2008-03-31": "749.64300", "2007-12-31": "460.87100", "2007-09-30": "502.55000", "2007-06-30": "592.96700", "2007-03-31": "655.14000", "2006-12-31": "704.62600", "2006-09-30": "694.75500", "2006-06-30": "262.34100", "2006-03-31": "339.45900", "2005-12-31": "361.15700", "2005-09-30": "399.16500", "2005-06-30": "446.60600", "2005-03-31": "334.33200"}, "Receivables": {"2020-12-31": "885.35200", "2020-09-30": "791.91700", "2020-06-30": "791.76800", "2020-03-31": "845.26900", "2019-12-31": "633.51800", "2019-09-30": "443.31500", "2019-06-30": "464.90000", "2019-03-31": "438.29700", "2018-12-31": "409.68800", "2018-09-30": "379.75500", "2018-06-30": "393.43900", "2018-03-31": "327.29400", "2017-12-31": "281.34300", "2017-09-30": "263.49300", "2017-06-30": "247.94900", "2017-03-31": "207.95500", "2016-12-31": "200.36400", "2016-09-30": "182.22900", "2016-06-30": "189.35600", "2016-03-31": "181.87800", "2015-12-31": "173.83800", "2015-09-30": "165.27200", "2015-06-30": "94.51900", "2015-03-31": "80.33200", "2014-12-31": "75.96400", "2014-09-30": "114.30800", "2014-06-30": "81.84200", "2014-03-31": "59.85800", "2013-12-31": "85.51700", "2013-09-30": "120.28100", "2013-06-30": "164.86600", "2013-03-31": "194.05400", "2012-12-31": "143.25000", "2012-09-30": "139.62900", "2012-06-30": "185.61800", "2012-03-31": "232.22800", "2011-12-31": "183.13500", "2011-09-30": "445.66100", "2011-06-30": "96.01600", "2011-03-31": "5.59400", "2010-12-31": "12.52900", "2010-09-30": "4.96400", "2010-06-30": "3.54800", "2010-03-31": "7.87600", "2009-12-31": "9.60100", "2009-09-30": "42.95600", "2009-06-30": "14.76200", "2009-03-31": "16.70200", "2008-12-31": "23.48900", "2008-09-30": "21.96600", "2008-06-30": "15.36500", "2008-03-31": "24.82500", "2007-12-31": "31.32000", "2007-09-30": "34.65800", "2007-06-30": "37.18900", "2007-03-31": "44.09900", "2006-12-31": "62.92300", "2006-09-30": "42.61400", "2006-06-30": "183.66800", "2006-03-31": "23.77900", "2005-12-31": "20.59500", "2005-09-30": "20.76400", "2005-06-30": "13.94100", "2005-03-31": "10.86600"}, "Inventory": {"2020-12-31": "280.77700", "2020-09-30": "245.46000", "2020-06-30": "219.21800", "2020-03-31": "187.08700", "2019-12-31": "167.50200", "2019-09-30": "162.30600", "2019-06-30": "143.01700", "2019-03-31": "136.69800", "2018-12-31": "124.36000", "2018-09-30": "124.15000", "2018-06-30": "115.02500", "2018-03-31": "117.34600", "2017-12-31": "111.83000", "2017-09-30": "98.19200", "2017-06-30": "92.26300", "2017-03-31": "82.02000", "2016-12-31": "77.60400", "2016-09-30": "71.79900", "2016-06-30": "66.58900", "2016-03-31": "63.20000", "2015-12-31": "57.20700", "2015-09-30": "49.19700", "2015-06-30": "42.11300", "2015-03-31": "34.08900", "2014-12-31": "30.84800", "2014-09-30": "16.75300", "2014-06-30": "11.98200", "2014-03-31": "11.26100", "2013-12-31": "14.14700", "2013-09-30": "13.53700", "2013-06-30": "19.50900", "2013-03-31": "21.53200", "2012-12-31": "30.46400", "2012-09-30": "86.27500", "2012-06-30": "87.80500", "2012-03-31": "129.59500", "2011-12-31": "112.43000", "2011-09-30": "67.65400", "2011-06-30": "52.62200", "2011-03-31": "17.81600", "2010-12-31": "", "2010-09-30": "", "2010-06-30": "", "2010-03-31": "", "2009-12-31": "", "2009-09-30": "", "2009-06-30": "", "2009-03-31": "", "2008-12-31": "", "2008-09-30": "", "2008-06-30": "", "2008-03-31": "", "2007-12-31": "", "2007-09-30": "", "2007-06-30": "", "2007-03-31": "", "2006-12-31": "", "2006-09-30": "", "2006-06-30": "", "2006-03-31": "", "2005-12-31": "", "2005-09-30": "", "2005-06-30": "", "2005-03-31": ""}, "Pre-Paid Expenses": {"2020-12-31": "", "2020-09-30": "270.02100", "2020-06-30": "232.56500", "2020-03-31": "223.64800", "2019-12-31": "213.51500", "2019-09-30": "175.14200", "2019-06-30": "151.82900", "2019-03-31": "130.00900", "2018-12-31": "140.81900", "2018-09-30": "118.67800", "2018-06-30": "122.69400", "2018-03-31": "109.88600", "2017-12-31": "167.12400", "2017-09-30": "152.23800", "2017-06-30": "107.08200", "2017-03-31": "128.49300", "2016-12-31": "71.25300", "2016-09-30": "61.01200", "2016-06-30": "56.25600", "2016-03-31": "55.86600", "2015-12-31": "54.73600", "2015-09-30": "63.38800", "2015-06-30": "53.28900", "2015-03-31": "62.64800", "2014-12-31": "44.17500", "2014-09-30": "41.29800", "2014-06-30": "34.39900", "2014-03-31": "35.01100", "2013-12-31": "23.83600", "2013-09-30": "41.10400", "2013-06-30": "43.23100", "2013-03-31": "47.83500", "2012-12-31": "24.67300", "2012-09-30": "35.12300", "2012-06-30": "40.52400", "2012-03-31": "35.40700", "2011-12-31": "14.88900", "2011-09-30": "23.24500", "2011-06-30": "21.89700", "2011-03-31": "26.11200", "2010-12-31": "13.09900", "2010-09-30": "18.46400", "2010-06-30": "21.86200", "2010-03-31": "26.20900", "2009-12-31": "12.51200", "2009-09-30": "14.50000", "2009-06-30": "13.63000", "2009-03-31": "16.28500", "2008-12-31": "11.99100", "2008-09-30": "10.98500", "2008-06-30": "10.20100", "2008-03-31": "9.47000", "2007-12-31": "4.66000", "2007-09-30": "6.07100", "2007-06-30": "7.50100", "2007-03-31": "7.30100", "2006-12-31": "3.85700", "2006-09-30": "5.33100", "2006-06-30": "6.58000", "2006-03-31": "6.81000", "2005-12-31": "3.30300", "2005-09-30": "4.40500", "2005-06-30": "4.76300", "2005-03-31": "4.83100"}, "Other Current Assets": {"2020-12-31": "683.31100", "2020-09-30": "", "2020-06-30": "", "2020-03-31": "", "2019-12-31": "", "2019-09-30": "", "2019-06-30": "", "2019-03-31": "", "2018-12-31": "", "2018-09-30": "", "2018-06-30": "", "2018-03-31": "", "2017-12-31": "", "2017-09-30": "", "2017-06-30": "", "2017-03-31": "", "2016-12-31": "", "2016-09-30": "", "2016-06-30": "", "2016-03-31": "", "2015-12-31": "", "2015-09-30": "", "2015-06-30": "", "2015-03-31": "", "2014-12-31": "", "2014-09-30": "", "2014-06-30": "", "2014-03-31": "", "2013-12-31": "", "2013-09-30": "", "2013-06-30": "", "2013-03-31": "", "2012-12-31": "", "2012-09-30": "", "2012-06-30": "", "2012-03-31": "", "2011-12-31": "", "2011-09-30": "", "2011-06-30": "", "2011-03-31": "", "2010-12-31": "", "2010-09-30": "", "2010-06-30": "", "2010-03-31": "", "2009-12-31": "", "2009-09-30": "", "2009-06-30": "", "2009-03-31": "", "2008-12-31": "", "2008-09-30": "", "2008-06-30": "", "2008-03-31": "", "2007-12-31": "", "2007-09-30": "", "2007-06-30": "", "2007-03-31": "", "2006-12-31": "", "2006-09-30": "", "2006-06-30": "", "2006-03-31": "", "2005-12-31": "", "2005-09-30": "", "2005-06-30": "", "2005-03-31": ""}, "Total Current Assets": {"2020-12-31": "8508.33700", "2020-09-30": "7458.45600", "2020-06-30": "6694.32000", "2020-03-31": "5446.40000", "2019-12-31": "4822.82900", "2019-09-30": "4777.09400", "2019-06-30": "4710.96800", "2019-03-31": "4183.03900", "2018-12-31": "3843.10900", "2018-09-30": "3686.61100", "2018-06-30": "3407.42300", "2018-03-31": "3041.11600", "2017-12-31": "2648.96300", "2017-09-30": "2327.97400", "2017-06-30": "2180.57200", "2017-03-31": "1871.81400", "2016-12-31": "1831.54000", "2016-09-30": "1501.90100", "2016-06-30": "1454.15000", "2016-03-31": "1402.83500", "2015-12-31": "1407.15300", "2015-09-30": "1359.45200", "2015-06-30": "1294.68900", "2015-03-31": "1358.20300", "2014-12-31": "1546.51100", "2014-09-30": "1650.09600", "2014-06-30": "1347.38400", "2014-03-31": "1430.33000", "2013-12-31": "1588.57600", "2013-09-30": "1648.63100", "2013-06-30": "1716.59000", "2013-03-31": "1565.78300", "2012-12-31": "1589.58500", "2012-09-30": "1634.52300", "2012-06-30": "1593.30500", "2012-03-31": "1436.11400", "2011-12-31": "1331.25400", "2011-09-30": "1245.82500", "2011-06-30": "827.12400", "2011-03-31": "872.97400", "2010-12-31": "1057.03900", "2010-09-30": "1226.43900", "2010-06-30": "1004.55500", "2010-03-31": "1126.76800", "2009-12-31": "1307.02600", "2009-09-30": "914.06600", "2009-06-30": "782.75600", "2009-03-31": "902.17300", "2008-12-31": "867.58100", "2008-09-30": "953.01800", "2008-06-30": "857.62800", "2008-03-31": "783.93800", "2007-12-31": "496.85100", "2007-09-30": "543.27900", "2007-06-30": "637.65700", "2007-03-31": "706.54000", "2006-12-31": "771.40600", "2006-09-30": "742.70000", "2006-06-30": "452.58900", "2006-03-31": "370.04800", "2005-12-31": "385.05500", "2005-09-30": "424.33400", "2005-06-30": "465.31000", "2005-03-31": "350.02900"}, "Property, Plant, And Equipment": {"2020-12-31": "958.53400", "2020-09-30": "920.91300", "2020-06-30": "728.35700", "2020-03-31": "736.30300", "2019-12-31": "745.08000", "2019-09-30": "733.50900", "2019-06-30": "731.13100", "2019-03-31": "742.55900", "2018-12-31": "812.00500", "2018-09-30": "808.35200", "2018-06-30": "815.92800", "2018-03-31": "800.67000", "2017-12-31": "789.43700", "2017-09-30": "759.97800", "2017-06-30": "740.10300", "2017-03-31": "708.39500", "2016-12-31": "698.36200", "2016-09-30": "687.61300", "2016-06-30": "690.60700", "2016-03-31": "690.52100", "2015-12-31": "697.71500", "2015-09-30": "706.67000", "2015-06-30": "713.37800", "2015-03-31": "708.61600", "2014-12-31": "715.81200", "2014-09-30": "720.87800", "2014-06-30": "730.00000", "2014-03-31": "726.20400", "2013-12-31": "696.91100", "2013-09-30": "648.92400", "2013-06-30": "581.73800", "2013-03-31": "504.23200", "2012-12-31": "433.60900", "2012-09-30": "124.14800", "2012-06-30": "272.56100", "2012-03-31": "170.33100", "2011-12-31": "133.17600", "2011-09-30": "101.26800", "2011-06-30": "84.20300", "2011-03-31": "70.87700", "2010-12-31": "72.33300", "2010-09-30": "65.43900", "2010-06-30": "60.43800", "2010-03-31": "58.10900", "2009-12-31": "62.27900", "2009-09-30": "62.44400", "2009-06-30": "64.35800", "2009-03-31": "66.60100", "2008-12-31": "68.33100", "2008-09-30": "69.71300", "2008-06-30": "66.63000", "2008-03-31": "64.71200", "2007-12-31": "66.50900", "2007-09-30": "68.90000", "2007-06-30": "67.77100", "2007-03-31": "61.42300", "2006-12-31": "61.53500", "2006-09-30": "61.13500", "2006-06-30": "59.97100", "2006-03-31": "55.86900", "2005-12-31": "54.53300", "2005-09-30": "56.12700", "2005-06-30": "58.49600", "2005-03-31": "60.70000"}, "Long-Term Investments": {"2020-12-31": "", "2020-09-30": "", "2020-06-30": "", "2020-03-31": "", "2019-12-31": "", "2019-09-30": "", "2019-06-30": "", "2019-03-31": "", "2018-12-31": "", "2018-09-30": "", "2018-06-30": "", "2018-03-31": "", "2017-12-31": "", "2017-09-30": "", "2017-06-30": "", "2017-03-31": "", "2016-12-31": "", "2016-09-30": "", "2016-06-30": "", "2016-03-31": "", "2015-12-31": "", "2015-09-30": "", "2015-06-30": "", "2015-03-31": "", "2014-12-31": "", "2014-09-30": "", "2014-06-30": "", "2014-03-31": "", "2013-12-31": "", "2013-09-30": "", "2013-06-30": "", "2013-03-31": "", "2012-12-31": "", "2012-09-30": "", "2012-06-30": "", "2012-03-31": "", "2011-12-31": "", "2011-09-30": "", "2011-06-30": "", "2011-03-31": "", "2010-12-31": "", "2010-09-30": "", "2010-06-30": "", "2010-03-31": "", "2009-12-31": "", "2009-09-30": "", "2009-06-30": "", "2009-03-31": "", "2008-12-31": "", "2008-09-30": "", "2008-06-30": "", "2008-03-31": "", "2007-12-31": "6.92500", "2007-09-30": "11.90200", "2007-06-30": "24.26400", "2007-03-31": "35.32600", "2006-12-31": "57.12600", "2006-09-30": "57.59300", "2006-06-30": "68.37200", "2006-03-31": "54.16300", "2005-12-31": "65.21600", "2005-09-30": "18.86300", "2005-06-30": "18.86300", "2005-03-31": "18.86300"}, "Goodwill And Intangible Assets": {"2020-12-31": "1402.15800", "2020-09-30": "1402.15800", "2020-06-30": "1402.15800", "2020-03-31": "1402.15800", "2019-12-31": "1402.15800", "2019-09-30": "447.52500", "2019-06-30": "50.38400", "2019-03-31": "50.38400", "2018-12-31": "50.38400", "2018-09-30": "79.38400", "2018-06-30": "79.38400", "2018-03-31": "79.38400", "2017-12-31": "79.38400", "2017-09-30": "79.38400", "2017-06-30": "334.72400", "2017-03-31": "334.72400", "2016-12-31": "334.72400", "2016-09-30": "334.72400", "2016-06-30": "334.72400", "2016-03-31": "334.72400", "2015-12-31": "334.72400", "2015-09-30": "334.72400", "2015-06-30": "334.72400", "2015-03-31": "68.91500", "2014-12-31": "68.91500", "2014-09-30": "30.99200", "2014-06-30": "30.99200", "2014-03-31": "30.99200", "2013-12-31": "30.99200", "2013-09-30": "281.59200", "2013-06-30": "281.59200", "2013-03-31": "281.59200", "2012-12-31": "694.49200", "2012-09-30": "694.49200", "2012-06-30": "694.49200", "2012-03-31": "694.49200", "2011-12-31": "694.49200", "2011-09-30": "697.00100", "2011-06-30": "802.80100", "2011-03-31": "544.80200", "2010-12-31": "544.80200", "2010-09-30": "544.80200", "2010-06-30": "544.80200", "2010-03-31": "544.80200", "2009-12-31": "544.80200", "2009-09-30": "552.00200", "2009-06-30": "552.78300", "2009-03-31": "552.78300", "2008-12-31": "", "2008-09-30": "", "2008-06-30": "", "2008-03-31": "", "2007-12-31": "", "2007-09-30": "", "2007-06-30": "", "2007-03-31": "", "2006-12-31": "", "2006-09-30": "", "2006-06-30": "", "2006-03-31": "", "2005-12-31": "", "2005-09-30": "", "2005-06-30": "", "2005-03-31": ""}, "Other Long-Term Assets": {"2020-12-31": "", "2020-09-30": "372.29000", "2020-06-30": "176.56400", "2020-03-31": "160.63500", "2019-12-31": "157.58300", "2019-09-30": "79.98500", "2019-06-30": "57.76600", "2019-03-31": "39.04100", "2018-12-31": "40.72800", "2018-09-30": "46.49300", "2018-06-30": "32.65100", "2018-03-31": "31.80400", "2017-12-31": "27.39600", "2017-09-30": "30.98900", "2017-06-30": "30.19500", "2017-03-31": "31.77000", "2016-12-31": "32.16100", "2016-09-30": "85.40300", "2016-06-30": "69.50100", "2016-03-31": "59.82600", "2015-12-31": "28.99500", "2015-09-30": "33.14700", "2015-06-30": "31.28200", "2015-03-31": "30.09300", "2014-12-31": "3.44100", "2014-09-30": "4.12000", "2014-06-30": "9.44400", "2014-03-31": "9.58200", "2013-12-31": "2.56200", "2013-09-30": "3.60100", "2013-06-30": "4.40900", "2013-03-31": "40.62700", "2012-12-31": "41.60200", "2012-09-30": "42.55900", "2012-06-30": "44.49800", "2012-03-31": "44.90600", "2011-12-31": "45.35800", "2011-09-30": "47.90400", "2011-06-30": "48.97200", "2011-03-31": "49.83400", "2010-12-31": "51.27200", "2010-09-30": "52.14900", "2010-06-30": "44.40700", "2010-03-31": "40.62300", "2009-12-31": "41.38100", "2009-09-30": "44.97900", "2009-06-30": "39.97900", "2009-03-31": "44.32600", "2008-12-31": "44.56700", "2008-09-30": "44.82300", "2008-06-30": "46.54700", "2008-03-31": "40.85500", "2007-12-31": "31.19200", "2007-09-30": "31.06700", "2007-06-30": "31.37800", "2007-03-31": "31.80600", "2006-12-31": "31.51200", "2006-09-30": "40.68300", "2006-06-30": "44.54600", "2006-03-31": "44.57800", "2005-12-31": "44.19400", "2005-09-30": "51.25100", "2005-06-30": "54.23400", "2005-03-31": "54.63700"}, "Total Long-Term Assets": {"2020-12-31": "3243.47100", "2020-09-30": "3843.17700", "2020-06-30": "3522.04700", "2020-03-31": "3446.80100", "2019-12-31": "3495.63600", "2019-09-30": "2737.45900", "2019-06-30": "2322.50300", "2019-03-31": "2360.07500", "2018-12-31": "2402.78900", "2018-09-30": "934.22890", "2018-06-30": "927.96300", "2018-03-31": "911.85800", "2017-12-31": "897.05100", "2017-09-30": "870.35110", "2017-06-30": "1105.02200", "2017-03-31": "1074.88900", "2016-12-31": "1065.24700", "2016-09-30": "1107.74000", "2016-06-30": "1094.83200", "2016-03-31": "1085.07100", "2015-12-31": "1091.43400", "2015-09-30": "1074.54100", "2015-06-30": "1079.38400", "2015-03-31": "807.62400", "2014-12-31": "788.16800", "2014-09-30": "755.99000", "2014-06-30": "770.43600", "2014-03-31": "766.77800", "2013-12-31": "730.46500", "2013-09-30": "934.11700", "2013-06-30": "867.73900", "2013-03-31": "826.45100", "2012-12-31": "1169.70300", "2012-09-30": "1084.30000", "2012-06-30": "1011.55100", "2012-03-31": "909.72900", "2011-12-31": "873.02590", "2011-09-30": "846.17300", "2011-06-30": "935.97600", "2011-03-31": "665.51300", "2010-12-31": "668.40700", "2010-09-30": "662.39000", "2010-06-30": "649.64700", "2010-03-31": "643.53400", "2009-12-31": "648.46200", "2009-09-30": "659.42500", "2009-06-30": "657.12000", "2009-03-31": "663.71000", "2008-12-31": "112.89800", "2008-09-30": "114.53600", "2008-06-30": "113.17700", "2008-03-31": "105.56700", "2007-12-31": "104.62600", "2007-09-30": "111.86900", "2007-06-30": "123.41300", "2007-03-31": "128.55500", "2006-12-31": "150.17300", "2006-09-30": "159.41100", "2006-06-30": "172.88900", "2006-03-31": "154.61000", "2005-12-31": "163.94300", "2005-09-30": "126.24100", "2005-06-30": "131.59300", "2005-03-31": "134.20000"}, "Total Assets": {"2020-12-31": "11751.81000", "2020-09-30": "11301.63000", "2020-06-30": "10216.37000", "2020-03-31": "8893.20100", "2019-12-31": "8318.46500", "2019-09-30": "7514.55300", "2019-06-30": "7033.47100", "2019-03-31": "6543.11400", "2018-12-31": "6245.89800", "2018-09-30": "4620.84000", "2018-06-30": "4335.38600", "2018-03-31": "3952.97400", "2017-12-31": "3546.01400", "2017-09-30": "3198.32500", "2017-06-30": "3285.59400", "2017-03-31": "2946.70300", "2016-12-31": "2896.78700", "2016-09-30": "2609.64100", "2016-06-30": "2548.98200", "2016-03-31": "2487.90600", "2015-12-31": "2498.58700", "2015-09-30": "2433.99300", "2015-06-30": "2374.07300", "2015-03-31": "2165.82700", "2014-12-31": "2334.67900", "2014-09-30": "2406.08600", "2014-06-30": "2117.82000", "2014-03-31": "2197.10800", "2013-12-31": "2319.04100", "2013-09-30": "2582.74800", "2013-06-30": "2584.32900", "2013-03-31": "2392.23400", "2012-12-31": "2759.28800", "2012-09-30": "2718.82300", "2012-06-30": "2604.85600", "2012-03-31": "2345.84300", "2011-12-31": "2204.28000", "2011-09-30": "2091.99800", "2011-06-30": "1763.10000", "2011-03-31": "1538.48700", "2010-12-31": "1725.44600", "2010-09-30": "1888.82900", "2010-06-30": "1654.20200", "2010-03-31": "1770.30200", "2009-12-31": "1955.48800", "2009-09-30": "1573.49100", "2009-06-30": "1439.87600", "2009-03-31": "1565.88300", "2008-12-31": "980.47900", "2008-09-30": "1067.55400", "2008-06-30": "970.80500", "2008-03-31": "889.50500", "2007-12-31": "601.47700", "2007-09-30": "655.14800", "2007-06-30": "761.07000", "2007-03-31": "835.09500", "2006-12-31": "921.57900", "2006-09-30": "902.11100", "2006-06-30": "625.47800", "2006-03-31": "524.65800", "2005-12-31": "548.99800", "2005-09-30": "550.57500", "2005-06-30": "596.90300", "2005-03-31": "484.22900"}, "Total Current Liabilities": {"2020-12-31": "2141.58600", "2020-09-30": "2004.02600", "2020-06-30": "1798.64000", "2020-03-31": "1538.75000", "2019-12-31": "1334.82700", "2019-09-30": "1388.89400", "2019-06-30": "1259.22000", "2019-03-31": "1106.46800", "2018-12-31": "1120.29200", "2018-09-30": "992.50800", "2018-06-30": "927.30000", "2018-03-31": "827.31200", "2017-12-31": "807.26000", "2017-09-30": "710.73900", "2017-06-30": "625.40600", "2017-03-31": "489.79600", "2016-12-31": "792.53700", "2016-09-30": "722.84100", "2016-06-30": "622.85500", "2016-03-31": "552.04100", "2015-12-31": "506.16700", "2015-09-30": "374.95900", "2015-06-30": "373.82300", "2015-03-31": "302.43800", "2014-12-31": "368.25400", "2014-09-30": "372.17800", "2014-06-30": "362.97300", "2014-03-31": "373.50000", "2013-12-31": "397.82900", "2013-09-30": "409.49900", "2013-06-30": "381.65200", "2013-03-31": "407.63900", "2012-12-31": "432.62400", "2012-09-30": "406.73100", "2012-06-30": "379.71000", "2012-03-31": "356.81500", "2011-12-31": "392.34800", "2011-09-30": "548.94900", "2011-06-30": "478.96800", "2011-03-31": "416.19500", "2010-12-31": "474.78300", "2010-09-30": "311.56700", "2010-06-30": "292.37600", "2010-03-31": "211.54000", "2009-12-31": "284.88300", "2009-09-30": "231.36600", "2009-06-30": "183.68000", "2009-03-31": "179.29900", "2008-12-31": "216.56400", "2008-09-30": "180.46300", "2008-06-30": "182.89400", "2008-03-31": "173.32300", "2007-12-31": "199.27900", "2007-09-30": "185.70800", "2007-06-30": "202.90200", "2007-03-31": "174.58800", "2006-12-31": "251.01400", "2006-09-30": "161.45500", "2006-06-30": "108.73500", "2006-03-31": "82.24300", "2005-12-31": "100.24300", "2005-09-30": "121.81000", "2005-06-30": "137.98600", "2005-03-31": "148.16700"}, "Long Term Debt": {"2020-12-31": "", "2020-09-30": "546.51400", "2020-06-30": "522.06700", "2020-03-31": "532.95200", "2019-12-31": "538.57600", "2019-09-30": "541.56100", "2019-06-30": "551.53000", "2019-03-31": "560.38100", "2018-12-31": "581.55000", "2018-09-30": "576.53000", "2018-06-30": "577.67500", "2018-03-31": "578.20600", "2017-12-31": "583.90200", "2017-09-30": "567.31000", "2017-06-30": "550.36500", "2017-03-31": "529.13000", "2016-12-31": "521.33500", "2016-09-30": "504.79200", "2016-06-30": "581.61200", "2016-03-31": "660.95100", "2015-12-31": "739.39700", "2015-09-30": "806.82900", "2015-06-30": "767.67300", "2015-03-31": "785.70800", "2014-12-31": "792.93490", "2014-09-30": "810.11200", "2014-06-30": "518.32100", "2014-03-31": "522.85500", "2013-12-31": "489.69100", "2013-09-30": "431.95000", "2013-06-30": "387.18800", "2013-03-31": "731.57600", "2012-12-31": "683.20100", "2012-09-30": "615.95600", "2012-06-30": "560.29100", "2012-03-31": "494.17900", "2011-12-31": "455.95000", "2011-09-30": "425.47400", "2011-06-30": "411.18100", "2011-03-31": "400.00000", "2010-12-31": "400.00000", "2010-09-30": "487.22500", "2010-06-30": "86.40700", "2010-03-31": "125.31600", "2009-12-31": "121.76500", "2009-09-30": "262.84000", "2009-06-30": "144.00000", "2009-03-31": "287.50000", "2008-12-31": "287.50000", "2008-09-30": "287.50000", "2008-06-30": "287.50000", "2008-03-31": "287.50000", "2007-12-31": "", "2007-09-30": "", "2007-06-30": "", "2007-03-31": "19.99700", "2006-12-31": "19.99700", "2006-09-30": "79.64500", "2006-06-30": "180.09200", "2006-03-31": "180.09700", "2005-12-31": "180.09700", "2005-09-30": "294.54700", "2005-06-30": "334.99700", "2005-03-31": "334.99700"}, "Other Non-Current Liabilities": {"2020-12-31": "923.40700", "2020-09-30": "617.62000", "2020-06-30": "376.41800", "2020-03-31": "359.84500", "2019-12-31": "359.81800", "2019-09-30": "267.72600", "2019-06-30": "92.32300", "2019-03-31": "89.46800", "2018-12-31": "108.85300", "2018-09-30": "107.90700", "2018-06-30": "106.19300", "2018-03-31": "106.99900", "2017-12-31": "106.20500", "2017-09-30": "103.43300", "2017-06-30": "101.78200", "2017-03-31": "103.84000", "2016-12-31": "104.02900", "2016-09-30": "33.83800", "2016-06-30": "35.44900", "2016-03-31": "37.96700", "2015-12-31": "39.24200", "2015-09-30": "44.11200", "2015-06-30": "50.92900", "2015-03-31": "41.05100", "2014-12-31": "34.45500", "2014-09-30": "33.16800", "2014-06-30": "26.15200", "2014-03-31": "25.98600", "2013-12-31": "25.65700", "2013-09-30": "27.06200", "2013-06-30": "33.05400", "2013-03-31": "34.22600", "2012-12-31": "32.47200", "2012-09-30": "48.29800", "2012-06-30": "48.15900", "2012-03-31": "31.65700", "2011-12-31": "28.66800", "2011-09-30": "29.32400", "2011-06-30": "29.28700", "2011-03-31": "25.92600", "2010-12-31": "26.36300", "2010-09-30": "101.70100", "2010-06-30": "92.78300", "2010-03-31": "67.06800", "2009-12-31": "66.64100", "2009-09-30": "63.11100", "2009-06-30": "27.66100", "2009-03-31": "28.24700", "2008-12-31": "27.74500", "2008-09-30": "27.87400", "2008-06-30": "28.48000", "2008-03-31": "28.86200", "2007-12-31": "29.68600", "2007-09-30": "30.53700", "2007-06-30": "31.06300", "2007-03-31": "31.59900", "2006-12-31": "28.33800", "2006-09-30": "28.47500", "2006-06-30": "28.41600", "2006-03-31": "28.61100", "2005-12-31": "28.63100", "2005-09-30": "", "2005-06-30": "", "2005-03-31": "2.97500"}, "Total Long Term Liabilities": {"2020-12-31": "923.40700", "2020-09-30": "1164.13400", "2020-06-30": "898.48500", "2020-03-31": "892.79700", "2019-12-31": "898.39400", "2019-09-30": "872.26500", "2019-06-30": "704.28600", "2019-03-31": "713.33300", "2018-12-31": "690.40300", "2018-09-30": "693.85100", "2018-06-30": "693.20310", "2018-03-31": "694.84100", "2017-12-31": "696.44800", "2017-09-30": "684.34200", "2017-06-30": "792.95700", "2017-03-31": "774.11400", "2016-12-31": "766.05900", "2016-09-30": "678.45900", "2016-06-30": "757.28200", "2016-03-31": "819.66700", "2015-12-31": "898.79200", "2015-09-30": "982.30190", "2015-06-30": "952.03390", "2015-03-31": "865.85200", "2014-12-31": "870.24190", "2014-09-30": "878.00310", "2014-06-30": "582.57800", "2014-03-31": "592.73000", "2013-12-31": "564.80700", "2013-09-30": "726.19310", "2013-06-30": "693.22800", "2013-03-31": "1046.63500", "2012-12-31": "1130.81200", "2012-09-30": "1085.64500", "2012-06-30": "1019.45300", "2012-03-31": "920.94700", "2011-12-31": "883.45610", "2011-09-30": "848.89900", "2011-06-30": "871.25100", "2011-03-31": "730.62010", "2010-12-31": "746.69000", "2010-09-30": "927.16600", "2010-06-30": "534.69100", "2010-03-31": "568.15000", "2009-12-31": "574.25900", "2009-09-30": "733.38100", "2009-06-30": "527.13900", "2009-03-31": "679.73300", "2008-12-31": "525.04100", "2008-09-30": "537.19800", "2008-06-30": "547.98600", "2008-03-31": "411.92700", "2007-12-31": "130.90300", "2007-09-30": "137.40500", "2007-06-30": "143.58300", "2007-03-31": "159.20800", "2006-12-31": "164.63000", "2006-09-30": "232.88700", "2006-06-30": "341.74700", "2006-03-31": "209.50300", "2005-12-31": "209.57900", "2005-09-30": "295.45300", "2005-06-30": "335.95900", "2005-03-31": "344.55300"}, "Total Liabilities": {"2020-12-31": "3064.99300", "2020-09-30": "3168.16000", "2020-06-30": "2697.12500", "2020-03-31": "2431.54700", "2019-12-31": "2233.22100", "2019-09-30": "2261.15900", "2019-06-30": "1963.50600", "2019-03-31": "1819.80100", "2018-12-31": "1810.69500", "2018-09-30": "1686.35900", "2018-06-30": "1620.50300", "2018-03-31": "1522.15300", "2017-12-31": "1503.70800", "2017-09-30": "1395.08100", "2017-06-30": "1418.36300", "2017-03-31": "1263.91000", "2016-12-31": "1558.59600", "2016-09-30": "1401.30000", "2016-06-30": "1380.13700", "2016-03-31": "1371.70800", "2015-12-31": "1404.95900", "2015-09-30": "1357.26100", "2015-06-30": "1325.85700", "2015-03-31": "1168.29000", "2014-12-31": "1238.49600", "2014-09-30": "1250.18100", "2014-06-30": "945.55100", "2014-03-31": "966.23000", "2013-12-31": "962.63600", "2013-09-30": "1135.69200", "2013-06-30": "1074.87900", "2013-03-31": "1454.27400", "2012-12-31": "1563.43600", "2012-09-30": "1492.37600", "2012-06-30": "1399.16300", "2012-03-31": "1277.76200", "2011-12-31": "1275.80400", "2011-09-30": "1397.84800", "2011-06-30": "1350.21900", "2011-03-31": "1146.81500", "2010-12-31": "1221.47300", "2010-09-30": "1238.73300", "2010-06-30": "827.06700", "2010-03-31": "779.69000", "2009-12-31": "859.14200", "2009-09-30": "964.74700", "2009-06-30": "710.81900", "2009-03-31": "859.03200", "2008-12-31": "741.60500", "2008-09-30": "717.66100", "2008-06-30": "730.88000", "2008-03-31": "585.25000", "2007-12-31": "330.18200", "2007-09-30": "323.11300", "2007-06-30": "346.48500", "2007-03-31": "333.79600", "2006-12-31": "415.64400", "2006-09-30": "394.34200", "2006-06-30": "450.48200", "2006-03-31": "291.74600", "2005-12-31": "309.82200", "2005-09-30": "417.26300", "2005-06-30": "473.94500", "2005-03-31": "492.72000"}, "Common Stock Net": {"2020-12-31": "", "2020-09-30": "2.60100", "2020-06-30": "2.60100", "2020-03-31": "2.59100", "2019-12-31": "2.58900", "2019-09-30": "2.57100", "2019-06-30": "2.56500", "2019-03-31": "2.56100", "2018-12-31": "2.54600", "2018-09-30": "2.55100", "2018-06-30": "2.54200", "2018-03-31": "2.54100", "2017-12-31": "2.51200", "2017-09-30": "2.50000", "2017-06-30": "2.47900", "2017-03-31": "2.45900", "2016-12-31": "2.45000", "2016-09-30": "2.44600", "2016-06-30": "2.44000", "2016-03-31": "2.42900", "2015-12-31": "2.42700", "2015-09-30": "2.41900", "2015-06-30": "2.40600", "2015-03-31": "2.39900", "2014-12-31": "2.38500", "2014-09-30": "2.37500", "2014-06-30": "2.34700", "2014-03-31": "2.33400", "2013-12-31": "2.32000", "2013-09-30": "2.31100", "2013-06-30": "2.30000", "2013-03-31": "2.16000", "2012-12-31": "2.14900", "2012-09-30": "2.14100", "2012-06-30": "2.13300", "2012-03-31": "2.08700", "2011-12-31": "2.07200", "2011-09-30": "2.06500", "2011-06-30": "2.05500", "2011-03-31": "2.03300", "2010-12-31": "2.01600", "2010-09-30": "2.01200", "2010-06-30": "2.00700", "2010-03-31": "2.00200", "2009-12-31": "1.98200", "2009-09-30": "1.79100", "2009-06-30": "1.78400", "2009-03-31": "1.70700", "2008-12-31": "1.49400", "2008-09-30": "1.48400", "2008-06-30": "1.39200", "2008-03-31": "1.38500", "2007-12-31": "1.31200", "2007-09-30": "1.30400", "2007-06-30": "1.29700", "2007-03-31": "1.28800", "2006-12-31": "1.24400", "2006-09-30": "1.23400", "2006-06-30": "1.08900", "2006-03-31": "1.08100", "2005-12-31": "1.08100", "2005-09-30": "0.98900", "2005-06-30": "0.95300", "2005-03-31": "0.81200"}, "Retained Earnings (Accumulated Deficit)": {"2020-12-31": "", "2020-09-30": "254.47900", "2020-06-30": "-412.95500", "2020-03-31": "-1250.22500", "2019-12-31": "-1852.97800", "2019-09-30": "-2436.21200", "2019-06-30": "-2493.73000", "2019-03-31": "-2761.15700", "2018-12-31": "-2989.47800", "2018-09-30": "-4540.00500", "2018-06-30": "-4668.75100", "2018-03-31": "-4876.11100", "2017-12-31": "-5119.72300", "2017-09-30": "-5220.40700", "2017-06-30": "-5117.45500", "2017-03-31": "-5135.45100", "2016-12-31": "-5373.83600", "2016-09-30": "-5406.78100", "2016-06-30": "-5367.94000", "2016-03-31": "-5303.41500", "2015-12-31": "-5261.78400", "2015-09-30": "-5188.05300", "2015-06-30": "-5092.90400", "2015-03-31": "-4904.05600", "2014-12-31": "-4705.45000", "2014-09-30": "-4528.79400", "2014-06-30": "-4358.73400", "2014-03-31": "-4199.35200", "2013-12-31": "-3966.89500", "2013-09-30": "-4011.18000", "2013-06-30": "-3887.04800", "2013-03-31": "-3829.88300", "2012-12-31": "-3521.86700", "2012-09-30": "-3445.71900", "2012-06-30": "-3388.17600", "2012-03-31": "-3323.24500", "2011-12-31": "-3414.83500", "2011-09-30": "-3573.46400", "2011-06-30": "-3794.57400", "2011-03-31": "-3620.50500", "2010-12-31": "-3444.40900", "2010-09-30": "-3264.01700", "2010-06-30": "-3055.06000", "2010-03-31": "-2855.05400", "2009-12-31": "-2689.78300", "2009-09-30": "-2531.13900", "2009-06-30": "-2381.57400", "2009-03-31": "-2210.27700", "2008-12-31": "-2047.60500", "2008-09-30": "-1905.27300", "2008-06-30": "-1775.22900", "2008-03-31": "-1683.90800", "2007-12-31": "-1587.75400", "2007-09-30": "-1502.00300", "2007-06-30": "-1394.97000", "2007-03-31": "-1277.20300", "2006-12-31": "-1196.47500", "2006-09-30": "-1169.13100", "2006-06-30": "-1117.32900", "2006-03-31": "-1039.67100", "2005-12-31": "-989.58400", "2005-09-30": "-951.45300", "2005-06-30": "-871.87500", "2005-03-31": "-830.88700"}, "Comprehensive Income": {"2020-12-31": "", "2020-09-30": "-40.98200", "2020-06-30": "-14.12100", "2020-03-31": "13.38300", "2019-12-31": "-1.97300", "2019-09-30": "18.84700", "2019-06-30": "-3.20100", "2019-03-31": "6.00000", "2018-12-31": "0.65900", "2018-09-30": "0.30700", "2018-06-30": "-4.60500", "2018-03-31": "-39.74300", "2017-12-31": "-11.57200", "2017-09-30": "-25.12900", "2017-06-30": "-21.75300", "2017-03-31": "16.02500", "2016-12-31": "21.17300", "2016-09-30": "-3.84500", "2016-06-30": "-3.39000", "2016-03-31": "-4.89900", "2015-12-31": "1.82400", "2015-09-30": "1.51100", "2015-06-30": "-1.70700", "2015-03-31": "0.79100", "2014-12-31": "0.91700", "2014-09-30": "1.16100", "2014-06-30": "-0.02300", "2014-03-31": "-0.29700", "2013-12-31": "-0.30600", "2013-09-30": "-0.55000", "2013-06-30": "-1.23000", "2013-03-31": "-1.14900", "2012-12-31": "-0.55000", "2012-09-30": "-0.41600", "2012-06-30": "-0.67300", "2012-03-31": "-0.62800", "2011-12-31": "-1.05300", "2011-09-30": "-0.94500", "2011-06-30": "-0.70700", "2011-03-31": "-0.63300", "2010-12-31": "-1.06700", "2010-09-30": "-0.67700", "2010-06-30": "-0.55800", "2010-03-31": "-1.08000", "2009-12-31": "-0.64000", "2009-09-30": "-0.11500", "2009-06-30": "0.41800", "2009-03-31": "1.14300", "2008-12-31": "3.16800", "2008-09-30": "0.67500", "2008-06-30": "0.64700", "2008-03-31": "1.99300", "2007-12-31": "0.88100", "2007-09-30": "0.30900", "2007-06-30": "-0.59500", "2007-03-31": "-0.50600", "2006-12-31": "-0.96200", "2006-09-30": "-1.24500", "2006-06-30": "8.25200", "2006-03-31": "10.89500", "2005-12-31": "-2.87300", "2005-09-30": "-2.71400", "2005-06-30": "-1.84600", "2005-03-31": "-2.59300"}, "Other Share Holders Equity": {"2020-12-31": "", "2020-09-30": "", "2020-06-30": "", "2020-03-31": "", "2019-12-31": "", "2019-09-30": "", "2019-06-30": "", "2019-03-31": "", "2018-12-31": "", "2018-09-30": "", "2018-06-30": "", "2018-03-31": "", "2017-12-31": "", "2017-09-30": "", "2017-06-30": "", "2017-03-31": "", "2016-12-31": "", "2016-09-30": "", "2016-06-30": "", "2016-03-31": "", "2015-12-31": "", "2015-09-30": "", "2015-06-30": "", "2015-03-31": "", "2014-12-31": "", "2014-09-30": "", "2014-06-30": "", "2014-03-31": "", "2013-12-31": "", "2013-09-30": "", "2013-06-30": "", "2013-03-31": "", "2012-12-31": "", "2012-09-30": "", "2012-06-30": "", "2012-03-31": "", "2011-12-31": "", "2011-09-30": "", "2011-06-30": "", "2011-03-31": "", "2010-12-31": "", "2010-09-30": "", "2010-06-30": "", "2010-03-31": "", "2009-12-31": "", "2009-09-30": "", "2009-06-30": "", "2009-03-31": "", "2008-12-31": "", "2008-09-30": "", "2008-06-30": "", "2008-03-31": "", "2007-12-31": "", "2007-09-30": "", "2007-06-30": "", "2007-03-31": "", "2006-12-31": "", "2006-09-30": "", "2006-06-30": "", "2006-03-31": "", "2005-12-31": "", "2005-09-30": "", "2005-06-30": "", "2005-03-31": ""}, "Share Holder Equity": {"2020-12-31": "8686.81500", "2020-09-30": "8133.47300", "2020-06-30": "7519.24200", "2020-03-31": "6461.65400", "2019-12-31": "6085.24400", "2019-09-30": "5253.39400", "2019-06-30": "5069.96500", "2019-03-31": "4723.31300", "2018-12-31": "4435.20300", "2018-09-30": "2934.48100", "2018-06-30": "2714.88300", "2018-03-31": "2430.82100", "2017-12-31": "2042.30600", "2017-09-30": "1803.24400", "2017-06-30": "1867.23100", "2017-03-31": "1682.79300", "2016-12-31": "1338.19100", "2016-09-30": "1208.34100", "2016-06-30": "1168.84500", "2016-03-31": "1116.19800", "2015-12-31": "1093.62800", "2015-09-30": "1076.73200", "2015-06-30": "1048.21600", "2015-03-31": "997.53700", "2014-12-31": "1096.18300", "2014-09-30": "1155.90500", "2014-06-30": "1172.26900", "2014-03-31": "1230.87800", "2013-12-31": "1356.40500", "2013-09-30": "1447.05600", "2013-06-30": "1509.44900", "2013-03-31": "937.96000", "2012-12-31": "1195.85200", "2012-09-30": "1226.44700", "2012-06-30": "1205.69300", "2012-03-31": "1068.08100", "2011-12-31": "928.47600", "2011-09-30": "694.15000", "2011-06-30": "412.88100", "2011-03-31": "391.67200", "2010-12-31": "503.97300", "2010-09-30": "650.09600", "2010-06-30": "827.13500", "2010-03-31": "990.61200", "2009-12-31": "1096.34600", "2009-09-30": "608.74400", "2009-06-30": "729.05700", "2009-03-31": "706.85100", "2008-12-31": "238.87400", "2008-09-30": "349.89300", "2008-06-30": "239.92500", "2008-03-31": "304.25500", "2007-12-31": "271.29500", "2007-09-30": "332.03500", "2007-06-30": "414.58500", "2007-03-31": "501.29900", "2006-12-31": "505.93500", "2006-09-30": "507.76900", "2006-06-30": "174.99600", "2006-03-31": "232.91200", "2005-12-31": "239.17600", "2005-09-30": "133.31200", "2005-06-30": "122.95800", "2005-03-31": "-8.49100"}, "Total Liabilities And Share Holders Equity": {"2020-12-31": "11751.81000", "2020-09-30": "11301.63000", "2020-06-30": "10216.37000", "2020-03-31": "8893.20100", "2019-12-31": "8318.46500", "2019-09-30": "7514.55300", "2019-06-30": "7033.47100", "2019-03-31": "6543.11400", "2018-12-31": "6245.89800", "2018-09-30": "4620.84000", "2018-06-30": "4335.38600", "2018-03-31": "3952.97400", "2017-12-31": "3546.01400", "2017-09-30": "3198.32500", "2017-06-30": "3285.59400", "2017-03-31": "2946.70300", "2016-12-31": "2896.78700", "2016-09-30": "2609.64100", "2016-06-30": "2548.98200", "2016-03-31": "2487.90600", "2015-12-31": "2498.58700", "2015-09-30": "2433.99300", "2015-06-30": "2374.07300", "2015-03-31": "2165.82700", "2014-12-31": "2334.67900", "2014-09-30": "2406.08600", "2014-06-30": "2117.82000", "2014-03-31": "2197.10800", "2013-12-31": "2319.04100", "2013-09-30": "2582.74800", "2013-06-30": "2584.32900", "2013-03-31": "2392.23400", "2012-12-31": "2759.28800", "2012-09-30": "2718.82300", "2012-06-30": "2604.85600", "2012-03-31": "2345.84300", "2011-12-31": "2204.28000", "2011-09-30": "2091.99800", "2011-06-30": "1763.10000", "2011-03-31": "1538.48700", "2010-12-31": "1725.44600", "2010-09-30": "1888.82900", "2010-06-30": "1654.20200", "2010-03-31": "1770.30200", "2009-12-31": "1955.48800", "2009-09-30": "1573.49100", "2009-06-30": "1439.87600", "2009-03-31": "1565.88300", "2008-12-31": "980.47900", "2008-09-30": "1067.55400", "2008-06-30": "970.80500", "2008-03-31": "889.50500", "2007-12-31": "601.47700", "2007-09-30": "655.14800", "2007-06-30": "761.07000", "2007-03-31": "835.09500", "2006-12-31": "921.57900", "2006-09-30": "902.11100", "2006-06-30": "625.47800", "2006-03-31": "524.65800", "2005-12-31": "548.99800", "2005-09-30": "550.57500", "2005-06-30": "596.90300", "2005-03-31": "484.22900"}}, "cash flow statement": {"Net Income/Loss": {"2020-12-31": "0.00000", "2019-12-31": "1176.81000", "2018-12-31": "2087.10300", "2017-12-31": "91.63500", "2016-12-31": "-84.03100", "2015-12-31": "-588.18100", "2014-12-31": "-742.74500", "2013-12-31": "-687.55000", "2012-12-31": "-51.13500", "2011-12-31": "41.17900", "2010-12-31": "-754.62600", "2009-12-31": "-642.17800", "2008-12-31": "-459.85100", "2007-12-31": "-391.27900", "2006-12-31": "-206.89100", "2005-12-31": "-203.41700"}, "Total Depreciation And Amortization - Cash Flow": {"2020-12-31": "", "2019-12-31": "106.94100", "2018-12-31": "72.42000", "2017-12-31": "61.39700", "2016-12-31": "61.39800", "2015-12-31": "62.34300", "2014-12-31": "63.25700", "2013-12-31": "48.36500", "2012-12-31": "38.19100", "2011-12-31": "35.04100", "2010-12-31": "30.45900", "2009-12-31": "30.10700", "2008-12-31": "32.19600", "2007-12-31": "27.45900", "2006-12-31": "25.86800", "2005-12-31": "27.28900"}, "Other Non-Cash Items": {"2020-12-31": "", "2019-12-31": "351.68000", "2018-12-31": "-1127.25700", "2017-12-31": "679.14600", "2016-12-31": "263.72400", "2015-12-31": "246.35600", "2014-12-31": "177.35200", "2013-12-31": "592.66600", "2012-12-31": "292.60200", "2011-12-31": "259.67900", "2010-12-31": "152.50200", "2009-12-31": "123.06100", "2008-12-31": "62.39000", "2007-12-31": "64.04400", "2006-12-31": "35.49400", "2005-12-31": "56.14700"}, "Total Non-Cash Items": {"2020-12-31": "", "2019-12-31": "458.62100", "2018-12-31": "-1054.83700", "2017-12-31": "740.54300", "2016-12-31": "325.12200", "2015-12-31": "308.69900", "2014-12-31": "240.60900", "2013-12-31": "641.03100", "2012-12-31": "330.79300", "2011-12-31": "294.72000", "2010-12-31": "182.96100", "2009-12-31": "153.16800", "2008-12-31": "94.58600", "2007-12-31": "91.50300", "2006-12-31": "61.36200", "2005-12-31": "83.43600"}, "Change In Accounts Receivable": {"2020-12-31": "", "2019-12-31": "-225.58700", "2018-12-31": "-108.15200", "2017-12-31": "-71.75900", "2016-12-31": "-39.09500", "2015-12-31": "-110.09800", "2014-12-31": "7.42800", "2013-12-31": "53.36300", "2012-12-31": "39.91200", "2011-12-31": "-170.60600", "2010-12-31": "-2.92300", "2009-12-31": "13.90000", "2008-12-31": "7.83100", "2007-12-31": "31.60300", "2006-12-31": "-42.32800", "2005-12-31": "-8.70400"}, "Change In Inventories": {"2020-12-31": "", "2019-12-31": "-64.04700", "2018-12-31": "-31.96500", "2017-12-31": "-47.48400", "2016-12-31": "-19.36800", "2015-12-31": "-23.14600", "2014-12-31": "-16.46900", "2013-12-31": "7.14200", "2012-12-31": "-29.92500", "2011-12-31": "-111.38800", "2010-12-31": "", "2009-12-31": "", "2008-12-31": "", "2007-12-31": "", "2006-12-31": "", "2005-12-31": ""}, "Change In Accounts Payable": {"2020-12-31": "", "2019-12-31": "-22.78500", "2018-12-31": "36.55400", "2017-12-31": "8.75300", "2016-12-31": "-11.74500", "2015-12-31": "-1.70900", "2014-12-31": "25.04800", "2013-12-31": "-49.23400", "2012-12-31": "14.89200", "2011-12-31": "37.46800", "2010-12-31": "-1.18200", "2009-12-31": "-15.05700", "2008-12-31": "19.01000", "2007-12-31": "17.38200", "2006-12-31": "9.15800", "2005-12-31": "-0.45000"}, "Change In Assets/Liabilities": {"2020-12-31": "", "2019-12-31": "73.43700", "2018-12-31": "38.82800", "2017-12-31": "-131.92400", "2016-12-31": "70.78500", "2015-12-31": "-23.25100", "2014-12-31": "-41.30200", "2013-12-31": "-65.07200", "2012-12-31": "-62.94300", "2011-12-31": "-61.17800", "2010-12-31": "-66.46300", "2009-12-31": "55.12700", "2008-12-31": "107.76300", "2007-12-31": "-24.24200", "2006-12-31": "117.33000", "2005-12-31": "-34.58800"}, "Total Change In Assets/Liabilities": {"2020-12-31": "", "2019-12-31": "-66.10100", "2018-12-31": "238.02000", "2017-12-31": "12.76400", "2016-12-31": "-4.98800", "2015-12-31": "-85.95000", "2014-12-31": "-70.97600", "2013-12-31": "-14.14700", "2012-12-31": "-11.81700", "2011-12-31": "-192.16400", "2010-12-31": "-63.77700", "2009-12-31": "61.42400", "2008-12-31": "138.78300", "2007-12-31": "47.30000", "2006-12-31": "123.05400", "2005-12-31": "-52.07300"}, "Cash Flow From Operating Activities": {"2020-12-31": "", "2019-12-31": "1569.33000", "2018-12-31": "1270.28600", "2017-12-31": "844.94200", "2016-12-31": "236.10300", "2015-12-31": "-365.43200", "2014-12-31": "-573.11200", "2013-12-31": "-60.66600", "2012-12-31": "267.84100", "2011-12-31": "143.73500", "2010-12-31": "-635.44200", "2009-12-31": "-427.58600", "2008-12-31": "-226.48200", "2007-12-31": "-252.47600", "2006-12-31": "-22.47500", "2005-12-31": "-172.05400"}, "Net Change In Property, Plant, And Equipment": {"2020-12-31": "", "2019-12-31": "-75.45100", "2018-12-31": "-95.52400", "2017-12-31": "-99.42100", "2016-12-31": "-56.56300", "2015-12-31": "-45.30200", "2014-12-31": "-51.20100", "2013-12-31": "-51.39300", "2012-12-31": "-71.14000", "2011-12-31": "-34.59500", "2010-12-31": "-38.05400", "2009-12-31": "-23.49600", "2008-12-31": "-32.18000", "2007-12-31": "-32.41500", "2006-12-31": "-32.41700", "2005-12-31": "-16.95900"}, "Net Change In Intangible Assets": {"2020-12-31": "", "2019-12-31": "", "2018-12-31": "", "2017-12-31": "", "2016-12-31": "", "2015-12-31": "", "2014-12-31": "", "2013-12-31": "", "2012-12-31": "", "2011-12-31": "", "2010-12-31": "", "2009-12-31": "", "2008-12-31": "", "2007-12-31": "", "2006-12-31": "", "2005-12-31": ""}, "Net Acquisitions/Divestitures": {"2020-12-31": "", "2019-12-31": "-1154.21200", "2018-12-31": "", "2017-12-31": "", "2016-12-31": "", "2015-12-31": "-80.00000", "2014-12-31": "-10.00000", "2013-12-31": "", "2012-12-31": "", "2011-12-31": "-60.00000", "2010-12-31": "", "2009-12-31": "-87.42200", "2008-12-31": "", "2007-12-31": "", "2006-12-31": "", "2005-12-31": ""}, "Net Change In Short-term Investments": {"2020-12-31": "", "2019-12-31": "", "2018-12-31": "", "2017-12-31": "", "2016-12-31": "", "2015-12-31": "", "2014-12-31": "", "2013-12-31": "", "2012-12-31": "", "2011-12-31": "", "2010-12-31": "", "2009-12-31": "", "2008-12-31": "", "2007-12-31": "", "2006-12-31": "", "2005-12-31": ""}, "Net Change In Long-Term Investments": {"2020-12-31": "", "2019-12-31": "-5.65500", "2018-12-31": "-83.81300", "2017-12-31": "-163.36700", "2016-12-31": "127.86200", "2015-12-31": "434.40200", "2014-12-31": "133.76600", "2013-12-31": "-62.42510", "2012-12-31": "-338.72800", "2011-12-31": "294.31200", "2010-12-31": "50.08700", "2009-12-31": "-397.75910", "2008-12-31": "-328.47000", "2007-12-31": "437.58100", "2006-12-31": "-187.27800", "2005-12-31": "6.86200"}, "Net Change In Investments - Total": {"2020-12-31": "", "2019-12-31": "-5.65500", "2018-12-31": "-83.81300", "2017-12-31": "-163.36700", "2016-12-31": "127.86200", "2015-12-31": "434.40200", "2014-12-31": "133.76600", "2013-12-31": "-62.42510", "2012-12-31": "-338.72800", "2011-12-31": "294.31200", "2010-12-31": "50.08700", "2009-12-31": "-397.75910", "2008-12-31": "-328.47000", "2007-12-31": "437.58100", "2006-12-31": "-187.27800", "2005-12-31": "6.86200"}, "Investing Activities - Other": {"2020-12-31": "", "2019-12-31": "", "2018-12-31": "-22.82100", "2017-12-31": "-220.54100", "2016-12-31": "-20.06100", "2015-12-31": "-40.24400", "2014-12-31": "9.44400", "2013-12-31": "1.25700", "2012-12-31": "-15.94900", "2011-12-31": "12.69500", "2010-12-31": "-4.73200", "2009-12-31": "-0.05500", "2008-12-31": "", "2007-12-31": "", "2006-12-31": "11.22400", "2005-12-31": "8.36500"}, "Cash Flow From Investing Activities": {"2020-12-31": "", "2019-12-31": "-1235.31800", "2018-12-31": "-202.15800", "2017-12-31": "-483.32900", "2016-12-31": "51.23800", "2015-12-31": "268.85600", "2014-12-31": "82.00900", "2013-12-31": "-112.56100", "2012-12-31": "-425.81700", "2011-12-31": "212.41200", "2010-12-31": "7.30100", "2009-12-31": "-508.73200", "2008-12-31": "-360.65000", "2007-12-31": "405.16600", "2006-12-31": "-208.47100", "2005-12-31": "-1.73200"}, "Net Long-Term Debt": {"2020-12-31": "", "2019-12-31": "-35.00500", "2018-12-31": "-17.57500", "2017-12-31": "11.06400", "2016-12-31": "-6.42400", "2015-12-31": "3.70800", "2014-12-31": "272.80000", "2013-12-31": "-16.21500", "2012-12-31": "-2.61500", "2011-12-31": "-155.00000", "2010-12-31": "", "2009-12-31": "149.90200", "2008-12-31": "258.61000", "2007-12-31": "-42.10200", "2006-12-31": "", "2005-12-31": ""}, "Net Current Debt": {"2020-12-31": "", "2019-12-31": "", "2018-12-31": "", "2017-12-31": "-300.00000", "2016-12-31": "", "2015-12-31": "", "2014-12-31": "", "2013-12-31": "", "2012-12-31": "", "2011-12-31": "", "2010-12-31": "", "2009-12-31": "", "2008-12-31": "", "2007-12-31": "", "2006-12-31": "", "2005-12-31": ""}, "Debt Issuance/Retirement Net - Total": {"2020-12-31": "", "2019-12-31": "-35.00500", "2018-12-31": "-17.57500", "2017-12-31": "-288.93600", "2016-12-31": "-6.42400", "2015-12-31": "3.70800", "2014-12-31": "272.80000", "2013-12-31": "-16.21500", "2012-12-31": "-2.61500", "2011-12-31": "-155.00000", "2010-12-31": "", "2009-12-31": "149.90200", "2008-12-31": "258.61000", "2007-12-31": "-42.10200", "2006-12-31": "", "2005-12-31": ""}, "Net Common Equity Issued/Repurchased": {"2020-12-31": "", "2019-12-31": "151.22900", "2018-12-31": "-60.75000", "2017-12-31": "344.84000", "2016-12-31": "68.23000", "2015-12-31": "185.59200", "2014-12-31": "274.61500", "2013-12-31": "265.87800", "2012-12-31": "191.72100", "2011-12-31": "124.86200", "2010-12-31": "33.43400", "2009-12-31": "849.23500", "2008-12-31": "362.12800", "2007-12-31": "31.96500", "2006-12-31": "366.03500", "2005-12-31": "197.59100"}, "Net Total Equity Issued/Repurchased": {"2020-12-31": "", "2019-12-31": "151.22900", "2018-12-31": "-60.75000", "2017-12-31": "344.84000", "2016-12-31": "68.23000", "2015-12-31": "185.59200", "2014-12-31": "274.61500", "2013-12-31": "265.87800", "2012-12-31": "191.72100", "2011-12-31": "124.86200", "2010-12-31": "33.43400", "2009-12-31": "849.23500", "2008-12-31": "362.12800", "2007-12-31": "31.96500", "2006-12-31": "366.03500", "2005-12-31": "197.59100"}, "Total Common And Preferred Stock Dividends Paid": {"2020-12-31": "", "2019-12-31": "", "2018-12-31": "", "2017-12-31": "", "2016-12-31": "", "2015-12-31": "", "2014-12-31": "", "2013-12-31": "", "2012-12-31": "", "2011-12-31": "", "2010-12-31": "", "2009-12-31": "", "2008-12-31": "", "2007-12-31": "", "2006-12-31": "", "2005-12-31": ""}, "Financial Activities - Other": {"2020-12-31": "", "2019-12-31": "10.54900", "2018-12-31": "7.10600", "2017-12-31": "12.50000", "2016-12-31": "71.46500", "2015-12-31": "-0.38100", "2014-12-31": "1.82400", "2013-12-31": "-1.25200", "2012-12-31": "-16.90200", "2011-12-31": "-94.10000", "2010-12-31": "391.62300", "2009-12-31": "-0.13100", "2008-12-31": "", "2007-12-31": "-0.05300", "2006-12-31": "-0.17000", "2005-12-31": "-0.13500"}, "Cash Flow From Financial Activities": {"2020-12-31": "", "2019-12-31": "126.77300", "2018-12-31": "-71.21900", "2017-12-31": "68.40400", "2016-12-31": "133.27100", "2015-12-31": "188.91900", "2014-12-31": "549.23900", "2013-12-31": "248.41100", "2012-12-31": "172.20400", "2011-12-31": "-124.23800", "2010-12-31": "425.05700", "2009-12-31": "999.00600", "2008-12-31": "620.73800", "2007-12-31": "-10.19000", "2006-12-31": "365.86500", "2005-12-31": "197.45600"}, "Net Cash Flow": {"2020-12-31": "", "2019-12-31": "462.42800", "2018-12-31": "990.72700", "2017-12-31": "435.81900", "2016-12-31": "415.94600", "2015-12-31": "89.50900", "2014-12-31": "55.96000", "2013-12-31": "79.89200", "2012-12-31": "14.08700", "2011-12-31": "232.12300", "2010-12-31": "-203.46100", "2009-12-31": "57.54300", "2008-12-31": "33.45200", "2007-12-31": "142.49200", "2006-12-31": "135.12600", "2005-12-31": "23.03900"}, "Stock-Based Compensation": {"2020-12-31": "", "2019-12-31": "360.48900", "2018-12-31": "325.04700", "2017-12-31": "293.23600", "2016-12-31": "240.62300", "2015-12-31": "231.02500", "2014-12-31": "177.54200", "2013-12-31": "133.16300", "2012-12-31": "124.54600", "2011-12-31": "126.75100", "2010-12-31": "97.67600", "2009-12-31": "92.76600", "2008-12-31": "63.01200", "2007-12-31": "63.74700", "2006-12-31": "42.47800", "2005-12-31": "7.53000"}, "Common Stock Dividends Paid": {"2020-12-31": "", "2019-12-31": "", "2018-12-31": "", "2017-12-31": "", "2016-12-31": "", "2015-12-31": "", "2014-12-31": "", "2013-12-31": "", "2012-12-31": "", "2011-12-31": "", "2010-12-31": "", "2009-12-31": "", "2008-12-31": "", "2007-12-31": "", "2006-12-31": "", "2005-12-31": ""}}, "cash flow statement, quarterly": {"Net Income/Loss": {"2020-12-31": -2107.457, "2020-09-30": 667.434, "2020-06-30": 837.27, "2020-03-31": "602.75300", "2019-12-31": 583.234, "2019-09-30": 57.518, "2019-06-30": 267.427, "2019-03-31": "268.63100", "2018-12-31": 1525.096, "2018-09-30": 128.456, "2018-06-30": 206.25, "2018-03-31": "227.30100", "2017-12-31": 102.185, "2017-09-30": -291.267, "2017-06-30": 31.169, "2017-03-31": "249.54800", "2016-12-31": 27.759, "2016-09-30": -39.537, "2016-06-30": -36.151, "2016-03-31": "-36.10200", "2015-12-31": -74.669, "2015-09-30": -93.816, "2015-06-30": -220.992, "2015-03-31": "-198.70400", "2014-12-31": -180.846, "2014-09-30": -170.06, "2014-06-30": -159.382, "2014-03-31": "-232.45700", "2013-12-31": -184.549, "2013-09-30": -128.662, "2013-06-30": -61.712, "2013-03-31": "-312.62700", "2012-12-31": -78.076, "2012-09-30": -26.467, "2012-06-30": -34.468, "2012-03-31": "87.87600", "2011-12-31": 188.141, "2011-09-30": 228.452, "2011-06-30": -199.318, "2011-03-31": "-176.09600", "2010-12-31": -180.392, "2010-09-30": -208.957, "2010-06-30": -200.006, "2010-03-31": "-165.27100", "2009-12-31": -158.644, "2009-09-30": -149.565, "2009-06-30": -171.297, "2009-03-31": "-162.67200", "2008-12-31": -142.332, "2008-09-30": -130.044, "2008-06-30": -91.321, "2008-03-31": "-96.15400", "2007-12-31": -85.751, "2007-09-30": -107.033, "2007-06-30": -117.767, "2007-03-31": "-80.72800", "2006-12-31": -27.344, "2006-09-30": -51.802, "2006-06-30": -77.658, "2006-03-31": "-50.08700", "2005-12-31": -38.131, "2005-09-30": -79.578, "2005-06-30": -40.988, "2005-03-31": "-44.72000"}, "Total Depreciation And Amortization - Cash Flow": {"2020-12-31": -80.16, "2020-09-30": 26.642, "2020-06-30": 26.697, "2020-03-31": "26.82100", "2019-12-31": 26.256, "2019-09-30": 25.847, "2019-06-30": 27.698, "2019-03-31": "27.14000", "2018-12-31": 18.826, "2018-09-30": 19.192, "2018-06-30": 18.059, "2018-03-31": "16.34300", "2017-12-31": 16.432, "2017-09-30": 15.225, "2017-06-30": 14.89, "2017-03-31": "14.85000", "2016-12-31": 15.451, "2016-09-30": 14.569, "2016-06-30": 14.963, "2016-03-31": "16.41500", "2015-12-31": 15.747, "2015-09-30": 16.168, "2015-06-30": 14.065, "2015-03-31": "16.36300", "2014-12-31": 16.336, "2014-09-30": 16.961, "2014-06-30": 14.172, "2014-03-31": "15.78800", "2013-12-31": 17.631, "2013-09-30": 9.489, "2013-06-30": 10.554, "2013-03-31": "10.69100", "2012-12-31": 12.373, "2012-09-30": 8.593, "2012-06-30": 8.665, "2012-03-31": "8.56000", "2011-12-31": 9.724, "2011-09-30": 7.75, "2011-06-30": 8.709, "2011-03-31": "8.85800", "2010-12-31": 8.205, "2010-09-30": 6.758, "2010-06-30": 7.912, "2010-03-31": "7.58400", "2009-12-31": 8.383, "2009-09-30": 6.815, "2009-06-30": 7.745, "2009-03-31": "7.16400", "2008-12-31": 8.575, "2008-09-30": 7.953, "2008-06-30": 8.17, "2008-03-31": "7.49800", "2007-12-31": 7.451, "2007-09-30": 6.835, "2007-06-30": 6.852, "2007-03-31": "6.32100", "2006-12-31": 6.875, "2006-09-30": 5.934, "2006-06-30": 6.809, "2006-03-31": "6.25000", "2005-12-31": 6.889, "2005-09-30": 7.029, "2005-06-30": 6.531, "2005-03-31": "6.84000"}, "Other Non-Cash Items": {"2020-12-31": -321.649, "2020-09-30": 117.8, "2020-06-30": -4.7, "2020-03-31": "208.54900", "2019-12-31": 58.534, "2019-09-30": 116.382, "2019-06-30": 85.53, "2019-03-31": "91.23400", "2018-12-31": -1312.529, "2018-09-30": 153.618, "2018-06-30": 35.943, "2018-03-31": "-4.28900", "2017-12-31": 75.844, "2017-09-30": 449.551, "2017-06-30": 82.519, "2017-03-31": "71.23200", "2016-12-31": 62.461, "2016-09-30": 57.555, "2016-06-30": 90.011, "2016-03-31": "53.69700", "2015-12-31": 55.06, "2015-09-30": 58.26, "2015-06-30": 75.023, "2015-03-31": "58.01300", "2014-12-31": 41.207, "2014-09-30": 47.099, "2014-06-30": 42.639, "2014-03-31": "46.40700", "2013-12-31": 177.826, "2013-09-30": 41.581, "2013-06-30": 56.33, "2013-03-31": "316.92900", "2012-12-31": 84.428, "2012-09-30": 47.412, "2012-06-30": 133.272, "2012-03-31": "27.49000", "2011-12-31": 48.752, "2011-09-30": 120.649, "2011-06-30": 48.715, "2011-03-31": "41.56300", "2010-12-31": 35.602, "2010-09-30": 34.306, "2010-06-30": 57.107, "2010-03-31": "25.48700", "2009-12-31": 34.953, "2009-09-30": 21.565, "2009-06-30": 41.04, "2009-03-31": "25.50300", "2008-12-31": 15.116, "2008-09-30": 15.215, "2008-06-30": 18.189, "2008-03-31": "13.87000", "2007-12-31": 13.789, "2007-09-30": 13.868, "2007-06-30": 23.178, "2007-03-31": "13.20900", "2006-12-31": 11.72, "2006-09-30": 3.253, "2006-06-30": 12.775, "2006-03-31": "7.74600", "2005-12-31": 14.191, "2005-09-30": 37.98, "2005-06-30": 2.329, "2005-03-31": "1.64700"}, "Total Non-Cash Items": {"2020-12-31": -401.809, "2020-09-30": 144.442, "2020-06-30": 21.997, "2020-03-31": "235.37000", "2019-12-31": 84.79, "2019-09-30": 142.229, "2019-06-30": 113.228, "2019-03-31": "118.37400", "2018-12-31": -1293.703, "2018-09-30": 172.81, "2018-06-30": 54.002, "2018-03-31": "12.05400", "2017-12-31": 92.276, "2017-09-30": 464.776, "2017-06-30": 97.409, "2017-03-31": "86.08200", "2016-12-31": 77.912, "2016-09-30": 72.124, "2016-06-30": 104.974, "2016-03-31": "70.11200", "2015-12-31": 70.807, "2015-09-30": 74.428, "2015-06-30": 89.088, "2015-03-31": "74.37600", "2014-12-31": 57.543, "2014-09-30": 64.06, "2014-06-30": 56.811, "2014-03-31": "62.19500", "2013-12-31": 195.457, "2013-09-30": 51.07, "2013-06-30": 66.884, "2013-03-31": "327.62000", "2012-12-31": 96.801, "2012-09-30": 56.005, "2012-06-30": 141.937, "2012-03-31": "36.05000", "2011-12-31": 58.476, "2011-09-30": 128.399, "2011-06-30": 57.424, "2011-03-31": "50.42100", "2010-12-31": 43.807, "2010-09-30": 41.064, "2010-06-30": 65.019, "2010-03-31": "33.07100", "2009-12-31": 43.336, "2009-09-30": 28.38, "2009-06-30": 48.785, "2009-03-31": "32.66700", "2008-12-31": 23.691, "2008-09-30": 23.168, "2008-06-30": 26.359, "2008-03-31": "21.36800", "2007-12-31": 21.24, "2007-09-30": 20.703, "2007-06-30": 30.03, "2007-03-31": "19.53000", "2006-12-31": 18.595, "2006-09-30": 9.187, "2006-06-30": 19.584, "2006-03-31": "13.99600", "2005-12-31": 21.08, "2005-09-30": 45.009, "2005-06-30": 8.86, "2005-03-31": "8.48700"}, "Change In Accounts Receivable": {"2020-12-31": 151.191, "2020-09-30": 12.948, "2020-06-30": 59.533, "2020-03-31": "-223.67200", "2019-12-31": -184.143, "2019-09-30": 14.426, "2019-06-30": -25.734, "2019-03-31": "-30.13600", "2018-12-31": -32.985, "2018-09-30": 12.999, "2018-06-30": -74.693, "2018-03-31": "-13.47300", "2017-12-31": -11.594, "2017-09-30": -10.398, "2017-06-30": -41.969, "2017-03-31": "-7.79800", "2016-12-31": -29.335, "2016-09-30": 3.194, "2016-06-30": -10.442, "2016-03-31": "-2.51200", "2015-12-31": -21.363, "2015-09-30": -67.538, "2015-06-30": -15.334, "2015-03-31": "-5.86300", "2014-12-31": 14.743, "2014-09-30": -9.833, "2014-06-30": -22.719, "2014-03-31": "25.23700", "2013-12-31": 32.626, "2013-09-30": 39.199, "2013-06-30": 30.372, "2013-03-31": "-48.83400", "2012-12-31": -3.626, "2012-09-30": 46.021, "2012-06-30": 46.61, "2012-03-31": "-49.09300", "2011-12-31": 262.526, "2011-09-30": -349.418, "2011-06-30": -90.636, "2011-03-31": "6.92200", "2010-12-31": -7.564, "2010-09-30": -1.404, "2010-06-30": 4.331, "2010-03-31": "1.71400", "2009-12-31": 0.572, "2009-09-30": 4.584, "2009-06-30": 1.959, "2009-03-31": "6.78500", "2008-12-31": -1.523, "2008-09-30": -6.601, "2008-06-30": 9.46, "2008-03-31": "6.49500", "2007-12-31": 3.338, "2007-09-30": 2.531, "2007-06-30": 6.91, "2007-03-31": "18.82400", "2006-12-31": -20.309, "2006-09-30": -23.946, "2006-06-30": 5.111, "2006-03-31": "-3.18400", "2005-12-31": 0.169, "2005-09-30": -6.823, "2005-06-30": -3.075, "2005-03-31": "1.02500"}, "Change In Inventories": {"2020-12-31": 94.907, "2020-09-30": -30.521, "2020-06-30": -36.936, "2020-03-31": "-27.45000", "2019-12-31": -18.767, "2019-09-30": -20.106, "2019-06-30": -12.035, "2019-03-31": "-13.13900", "2018-12-31": -7.504, "2018-09-30": -15.095, "2018-06-30": -1.158, "2018-03-31": "-8.20800", "2017-12-31": -17.258, "2017-09-30": -7.228, "2017-06-30": -15.104, "2017-03-31": "-7.89400", "2016-12-31": -7.832, "2016-09-30": -3.757, "2016-06-30": -3.008, "2016-03-31": "-4.77100", "2015-12-31": -7.019, "2015-09-30": -6.701, "2015-06-30": -6.791, "2015-03-31": "-2.63500", "2014-12-31": -11.568, "2014-09-30": -6.095, "2014-06-30": -1.294, "2014-03-31": "2.48800", "2013-12-31": 1.93, "2013-09-30": -1.408, "2013-06-30": -2.611, "2013-03-31": "9.23100", "2012-12-31": 2.494, "2012-09-30": 1.869, "2012-06-30": -17.373, "2012-03-31": "-16.91500", "2011-12-31": -44.564, "2011-09-30": -14.738, "2011-06-30": -34.424, "2011-03-31": "-17.66200", "2010-12-31": 0, "2010-09-30": 0, "2010-06-30": 0, "2010-03-31": "", "2009-12-31": 0, "2009-09-30": 0, "2009-06-30": 0, "2009-03-31": "", "2008-12-31": 0, "2008-09-30": 0, "2008-06-30": 0, "2008-03-31": "", "2007-12-31": 0, "2007-09-30": 0, "2007-06-30": 0, "2007-03-31": "", "2006-12-31": 0, "2006-09-30": 0, "2006-06-30": 0, "2006-03-31": "", "2005-12-31": 0, "2005-09-30": 0, "2005-06-30": 0, "2005-03-31": ""}, "Change In Accounts Payable": {"2020-12-31": -16.153, "2020-09-30": 1.456, "2020-06-30": 0.412, "2020-03-31": "14.28500", "2019-12-31": -10.575, "2019-09-30": 15.864, "2019-06-30": -3.929, "2019-03-31": "-24.14500", "2018-12-31": 13.531, "2018-09-30": 10.794, "2018-06-30": 10.075, "2018-03-31": "2.15400", "2017-12-31": 1.828, "2017-09-30": -7.122, "2017-06-30": 13.33, "2017-03-31": "0.71700", "2016-12-31": 9.787, "2016-09-30": 2.289, "2016-06-30": -23.478, "2016-03-31": "-0.34300", "2015-12-31": -7.992, "2015-09-30": 9.316, "2015-06-30": 20.523, "2015-03-31": "-23.55600", "2014-12-31": 30.592, "2014-09-30": -13.215, "2014-06-30": 6.693, "2014-03-31": "0.97800", "2013-12-31": -3.229, "2013-09-30": 7.369, "2013-06-30": -12.803, "2013-03-31": "-40.57100", "2012-12-31": 13.533, "2012-09-30": 16.672, "2012-06-30": -13.913, "2012-03-31": "-1.40000", "2011-12-31": 25.365, "2011-09-30": -18.044, "2011-06-30": 31.213, "2011-03-31": "-1.06600", "2010-12-31": 11.133, "2010-09-30": -21.951, "2010-06-30": 17.6, "2010-03-31": "-7.96400", "2009-12-31": 17.047, "2009-09-30": -7.539, "2009-06-30": 5.01, "2009-03-31": "-29.57500", "2008-12-31": 20.295, "2008-09-30": -4.88, "2008-06-30": 5.064, "2008-03-31": "-1.46900", "2007-12-31": 6.993, "2007-09-30": 8.003, "2007-06-30": 8.613, "2007-03-31": "-6.22700", "2006-12-31": 8.224, "2006-09-30": -1.133, "2006-06-30": 2.018, "2006-03-31": "0.04900", "2005-12-31": -0.25, "2005-09-30": -2.969, "2005-06-30": 0.955, "2005-03-31": "1.81400"}, "Change In Assets/Liabilities": {"2020-12-31": -31.568, "2020-09-30": 30.756, "2020-06-30": -59.786, "2020-03-31": "60.59800", "2019-12-31": 74.287, "2019-09-30": -16.873, "2019-06-30": -16.455, "2019-03-31": "32.47800", "2018-12-31": -24.965, "2018-09-30": 4.811, "2018-06-30": -5.316, "2018-03-31": "64.29800", "2017-12-31": -47.628, "2017-09-30": -44.765, "2017-06-30": 4.967, "2017-03-31": "-44.49800", "2016-12-31": 89.968, "2016-09-30": -4.081, "2016-06-30": -4.962, "2016-03-31": "-10.14000", "2015-12-31": 14.237, "2015-09-30": -12.788, "2015-06-30": -4.134, "2015-03-31": "-20.56600", "2014-12-31": -7.107, "2014-09-30": -10.791, "2014-06-30": -7.223, "2014-03-31": "-16.18100", "2013-12-31": -33.148, "2013-09-30": -6.93, "2013-06-30": -2.03, "2013-03-31": "-22.96400", "2012-12-31": -6.945, "2012-09-30": 9.819, "2012-06-30": -28.824, "2012-03-31": "-36.99300", "2011-12-31": 1.627, "2011-09-30": -18.499, "2011-06-30": -15.268, "2011-03-31": "-29.03800", "2010-12-31": -36.916, "2010-09-30": 6.888, "2010-06-30": -7.3, "2010-03-31": "-29.13500", "2009-12-31": -16.933, "2009-09-30": 88.877, "2009-06-30": -5.251, "2009-03-31": "-11.56600", "2008-12-31": -11.76, "2008-09-30": -10.137, "2008-06-30": 141.967, "2008-03-31": "-12.30700", "2007-12-31": -2.729, "2007-09-30": -4.641, "2007-06-30": -4.956, "2007-03-31": "-11.91600", "2006-12-31": -8.306, "2006-09-30": 150.043, "2006-06-30": -13.051, "2006-03-31": "-11.35600", "2005-12-31": -0.015, "2005-09-30": -11.67, "2005-06-30": -11.957, "2005-03-31": "-10.94600"}, "Total Change In Assets/Liabilities": {"2020-12-31": -252.707, "2020-09-30": 95.872, "2020-06-30": 179.26, "2020-03-31": "-22.42500", "2019-12-31": -222.016, "2019-09-30": 135.042, "2019-06-30": 83.094, "2019-03-31": "-62.22100", "2018-12-31": 83.185, "2018-09-30": 80.082, "2018-06-30": 61.451, "2018-03-31": "13.30200", "2017-12-31": 33.05, "2017-09-30": -3.423, "2017-06-30": 53.075, "2017-03-31": "-69.93800", "2016-12-31": 39.053, "2016-09-30": 33.069, "2016-06-30": -27.963, "2016-03-31": "-49.14700", "2015-12-31": 33.005, "2015-09-30": -42.685, "2015-06-30": 21.638, "2015-03-31": "-97.90800", "2014-12-31": -58.48, "2014-09-30": 18.353, "2014-06-30": -25.349, "2014-03-31": "-5.50000", "2013-12-31": 8.851, "2013-09-30": 63.872, "2013-06-30": -6.099, "2013-03-31": "-80.77100", "2012-12-31": 21.834, "2012-09-30": 76.423, "2012-06-30": 10.936, "2012-03-31": "-121.01000", "2011-12-31": 257.046, "2011-09-30": -313.956, "2011-06-30": -74.301, "2011-03-31": "-60.95300", "2010-12-31": -29.518, "2010-09-30": 3.903, "2010-06-30": 26.1, "2010-03-31": "-64.26200", "2009-12-31": 12.981, "2009-09-30": 99.55, "2009-06-30": 4.447, "2009-03-31": "-55.55400", "2008-12-31": 21.416, "2008-09-30": -20.604, "2008-06-30": 168.72, "2008-03-31": "-30.74900", "2007-12-31": 11.819, "2007-09-30": 22.689, "2007-06-30": 19.402, "2007-03-31": "-6.61000", "2006-12-31": 4.462, "2006-09-30": 144.117, "2006-06-30": -0.908, "2006-03-31": "-24.61700", "2005-12-31": 10.048, "2005-09-30": -21.742, "2005-06-30": -21.782, "2005-03-31": "-18.59700"}, "Cash Flow From Operating Activities": {"2020-12-31": -2761.973, "2020-09-30": 907.748, "2020-06-30": 1038.527, "2020-03-31": "815.69800", "2019-12-31": 446.008, "2019-09-30": 334.789, "2019-06-30": 463.749, "2019-03-31": "324.78400", "2018-12-31": 314.578, "2018-09-30": 381.348, "2018-06-30": 321.703, "2018-03-31": "252.65700", "2017-12-31": 227.511, "2017-09-30": 170.086, "2017-06-30": 181.653, "2017-03-31": "265.69200", "2016-12-31": 144.724, "2016-09-30": 65.656, "2016-06-30": 40.86, "2016-03-31": "-15.13700", "2015-12-31": 29.143, "2015-09-30": -62.073, "2015-06-30": -110.266, "2015-03-31": "-222.23600", "2014-12-31": -181.783, "2014-09-30": -87.647, "2014-06-30": -127.92, "2014-03-31": "-175.76200", "2013-12-31": 19.759, "2013-09-30": -13.72, "2013-06-30": -0.927, "2013-03-31": "-65.77800", "2012-12-31": 40.559, "2012-09-30": 105.961, "2012-06-30": 118.405, "2012-03-31": "2.91600", "2011-12-31": 503.663, "2011-09-30": 42.895, "2011-06-30": -216.195, "2011-03-31": "-186.62800", "2010-12-31": -166.103, "2010-09-30": -163.99, "2010-06-30": -108.887, "2010-03-31": "-196.46200", "2009-12-31": -102.327, "2009-09-30": -21.635, "2009-06-30": -118.065, "2009-03-31": "-185.55900", "2008-12-31": -97.225, "2008-09-30": -127.48, "2008-06-30": 103.758, "2008-03-31": "-105.53500", "2007-12-31": -52.692, "2007-09-30": -63.641, "2007-06-30": -68.335, "2007-03-31": "-67.80800", "2006-12-31": -4.287, "2006-09-30": 101.502, "2006-06-30": -58.982, "2006-03-31": "-60.70800", "2005-12-31": -7.003, "2005-09-30": -56.311, "2005-06-30": -53.91, "2005-03-31": "-54.83000"}, "Net Change In Property, Plant, And Equipment": {"2020-12-31": 212.109, "2020-09-30": -174.795, "2020-06-30": -17.864, "2020-03-31": "-19.45000", "2019-12-31": -16.761, "2019-09-30": -24.291, "2019-06-30": -16.358, "2019-03-31": "-18.04100", "2018-12-31": -15.721, "2018-09-30": -20.912, "2018-06-30": -29.612, "2018-03-31": "-29.27900", "2017-12-31": -42.984, "2017-09-30": -27.96, "2017-06-30": -17.378, "2017-03-31": "-11.09900", "2016-12-31": -14.788, "2016-09-30": -13.883, "2016-06-30": -15.918, "2016-03-31": "-11.97400", "2015-12-31": -12.527, "2015-09-30": -8.797, "2015-06-30": -13.42, "2015-03-31": "-10.55800", "2014-12-31": -14.676, "2014-09-30": -9.298, "2014-06-30": -11.701, "2014-03-31": "-15.52600", "2013-12-31": -14.471, "2013-09-30": -18.514, "2013-06-30": -1.801, "2013-03-31": "-16.60700", "2012-12-31": -28.046, "2012-09-30": -21.396, "2012-06-30": -15.543, "2012-03-31": "-6.15500", "2011-12-31": -9.329, "2011-09-30": -9.985, "2011-06-30": -10.431, "2011-03-31": "-4.85000", "2010-12-31": -14.428, "2010-09-30": -10.83, "2010-06-30": -9.686, "2010-03-31": "-3.11000", "2009-12-31": -7.578, "2009-09-30": -4.753, "2009-06-30": -4.586, "2009-03-31": "-6.57900", "2008-12-31": -6.612, "2008-09-30": -10.506, "2008-06-30": -9.568, "2008-03-31": "-5.49400", "2007-12-31": -5.199, "2007-09-30": -7.929, "2007-06-30": -13.154, "2007-03-31": "-6.13300", "2006-12-31": -7.188, "2006-09-30": -6.997, "2006-06-30": -10.779, "2006-03-31": "-7.45300", "2005-12-31": -5.142, "2005-09-30": -4.434, "2005-06-30": -4.144, "2005-03-31": "-3.23900"}, "Net Change In Intangible Assets": {"2020-12-31": 0, "2020-09-30": 0, "2020-06-30": 0, "2020-03-31": "", "2019-12-31": 0, "2019-09-30": 0, "2019-06-30": 0, "2019-03-31": "", "2018-12-31": 0, "2018-09-30": 0, "2018-06-30": 0, "2018-03-31": "", "2017-12-31": 0, "2017-09-30": 0, "2017-06-30": 0, "2017-03-31": "", "2016-12-31": 0, "2016-09-30": 0, "2016-06-30": 0, "2016-03-31": "", "2015-12-31": 0, "2015-09-30": 0, "2015-06-30": 0, "2015-03-31": "", "2014-12-31": 0, "2014-09-30": 0, "2014-06-30": 0, "2014-03-31": "", "2013-12-31": 0, "2013-09-30": 0, "2013-06-30": 0, "2013-03-31": "", "2012-12-31": 0, "2012-09-30": 0, "2012-06-30": 0, "2012-03-31": "", "2011-12-31": 0, "2011-09-30": 0, "2011-06-30": 0, "2011-03-31": "", "2010-12-31": 0, "2010-09-30": 0, "2010-06-30": 0, "2010-03-31": "", "2009-12-31": 0, "2009-09-30": 0, "2009-06-30": 0, "2009-03-31": "", "2008-12-31": 0, "2008-09-30": 0, "2008-06-30": 0, "2008-03-31": "", "2007-12-31": 0, "2007-09-30": 0, "2007-06-30": 0, "2007-03-31": "", "2006-12-31": 0, "2006-09-30": 0, "2006-06-30": 0, "2006-03-31": "", "2005-12-31": 0, "2005-09-30": 0, "2005-06-30": 0, "2005-03-31": ""}, "Net Acquisitions/Divestitures": {"2020-12-31": 0, "2020-09-30": 0, "2020-06-30": 0, "2020-03-31": "", "2019-12-31": -908.388, "2019-09-30": -245.824, "2019-06-30": 0, "2019-03-31": "", "2018-12-31": 0, "2018-09-30": 0, "2018-06-30": 0, "2018-03-31": "", "2017-12-31": 0, "2017-09-30": 0, "2017-06-30": 0, "2017-03-31": "", "2016-12-31": 0, "2016-09-30": 0, "2016-06-30": 0, "2016-03-31": "", "2015-12-31": 0, "2015-09-30": 0, "2015-06-30": -80, "2015-03-31": "", "2014-12-31": -10, "2014-09-30": 0, "2014-06-30": 0, "2014-03-31": "", "2013-12-31": 0, "2013-09-30": 0, "2013-06-30": 0, "2013-03-31": "", "2012-12-31": 0, "2012-09-30": 0, "2012-06-30": 0, "2012-03-31": "", "2011-12-31": 0, "2011-09-30": 0, "2011-06-30": -60, "2011-03-31": "", "2010-12-31": 0, "2010-09-30": 0, "2010-06-30": 0, "2010-03-31": "", "2009-12-31": 0, "2009-09-30": 0, "2009-06-30": 0, "2009-03-31": "-87.42200", "2008-12-31": 0, "2008-09-30": 0, "2008-06-30": 0, "2008-03-31": "", "2007-12-31": 0, "2007-09-30": 0, "2007-06-30": 0, "2007-03-31": "", "2006-12-31": 0, "2006-09-30": 0, "2006-06-30": 0, "2006-03-31": "", "2005-12-31": 0, "2005-09-30": 0, "2005-06-30": 0, "2005-03-31": ""}, "Net Change In Short-term Investments": {"2020-12-31": 0, "2020-09-30": 0, "2020-06-30": 0, "2020-03-31": "", "2019-12-31": 0, "2019-09-30": 0, "2019-06-30": 0, "2019-03-31": "", "2018-12-31": 0, "2018-09-30": 0, "2018-06-30": 0, "2018-03-31": "", "2017-12-31": 0, "2017-09-30": 0, "2017-06-30": 0, "2017-03-31": "", "2016-12-31": 0, "2016-09-30": 0, "2016-06-30": 0, "2016-03-31": "", "2015-12-31": 0, "2015-09-30": 0, "2015-06-30": 0, "2015-03-31": "", "2014-12-31": 0, "2014-09-30": 0, "2014-06-30": 0, "2014-03-31": "", "2013-12-31": 0, "2013-09-30": 0, "2013-06-30": 0, "2013-03-31": "", "2012-12-31": 0, "2012-09-30": 0, "2012-06-30": 0, "2012-03-31": "", "2011-12-31": 0, "2011-09-30": 0, "2011-06-30": 0, "2011-03-31": "", "2010-12-31": 0, "2010-09-30": 0, "2010-06-30": 0, "2010-03-31": "", "2009-12-31": 0, "2009-09-30": 0, "2009-06-30": 0, "2009-03-31": "", "2008-12-31": 0, "2008-09-30": 0, "2008-06-30": 0, "2008-03-31": "", "2007-12-31": 0, "2007-09-30": 0, "2007-06-30": 0, "2007-03-31": "", "2006-12-31": 0, "2006-09-30": 0, "2006-06-30": 0, "2006-03-31": "", "2005-12-31": 0, "2005-09-30": 0, "2005-06-30": 0, "2005-03-31": ""}, "Net Change In Long-Term Investments": {"2020-12-31": -67.75, "2020-09-30": -73.142, "2020-06-30": 89.776, "2020-03-31": "51.11600", "2019-12-31": 28.158, "2019-09-30": 21.116, "2019-06-30": -33.832, "2019-03-31": "-21.09700", "2018-12-31": -2.362, "2018-09-30": -28.977, "2018-06-30": -86.686, "2018-03-31": "34.21200", "2017-12-31": 21.137, "2017-09-30": 24.281, "2017-06-30": -58.905, "2017-03-31": "-149.88000", "2016-12-31": 232.183, "2016-09-30": 33.599, "2016-06-30": -44.469, "2016-03-31": "-93.45100", "2015-12-31": -78.051, "2015-09-30": -103.6169, "2015-06-30": 370.3019, "2015-03-31": "245.76800", "2014-12-31": -2.77, "2014-09-30": 39.835, "2014-06-30": 101.582, "2014-03-31": "-4.88100", "2013-12-31": -55.865, "2013-09-30": 60.8259, "2013-06-30": -39.422, "2013-03-31": "-27.96400", "2012-12-31": 29.0019, "2012-09-30": -91.8289, "2012-06-30": -56.493, "2012-03-31": "-219.40800", "2011-12-31": -377.722, "2011-09-30": 19.464, "2011-06-30": 241.204, "2011-03-31": "411.36600", "2010-12-31": -155.174, "2010-09-30": 8.372, "2010-06-30": 54.637, "2010-03-31": "142.25200", "2009-12-31": -540.2321, "2009-09-30": 47.731, "2009-06-30": -79.264, "2009-03-31": "174.00600", "2008-12-31": -64.264, "2008-09-30": -93.936, "2008-06-30": -24.73, "2008-03-31": "-145.54000", "2007-12-31": 148.49, "2007-09-30": 188.917, "2007-06-30": -112.725, "2007-03-31": "212.89900", "2006-12-31": -280.247, "2006-09-30": 23.619, "2006-06-30": 19.609, "2006-03-31": "49.74100", "2005-12-31": -32.047, "2005-09-30": -46.351, "2005-06-30": 46.156, "2005-03-31": "39.10400"}, "Net Change In Investments - Total": {"2020-12-31": -67.75, "2020-09-30": -73.142, "2020-06-30": 89.776, "2020-03-31": "51.11600", "2019-12-31": 28.158, "2019-09-30": 21.116, "2019-06-30": -33.832, "2019-03-31": "-21.09700", "2018-12-31": -2.362, "2018-09-30": -28.977, "2018-06-30": -86.686, "2018-03-31": "34.21200", "2017-12-31": 21.137, "2017-09-30": 24.281, "2017-06-30": -58.905, "2017-03-31": "-149.88000", "2016-12-31": 232.183, "2016-09-30": 33.599, "2016-06-30": -44.469, "2016-03-31": "-93.45100", "2015-12-31": -78.051, "2015-09-30": -103.6169, "2015-06-30": 370.3019, "2015-03-31": "245.76800", "2014-12-31": -2.77, "2014-09-30": 39.835, "2014-06-30": 101.582, "2014-03-31": "-4.88100", "2013-12-31": -55.865, "2013-09-30": 60.8259, "2013-06-30": -39.422, "2013-03-31": "-27.96400", "2012-12-31": 29.0019, "2012-09-30": -91.8289, "2012-06-30": -56.493, "2012-03-31": "-219.40800", "2011-12-31": -377.722, "2011-09-30": 19.464, "2011-06-30": 241.204, "2011-03-31": "411.36600", "2010-12-31": -155.174, "2010-09-30": 8.372, "2010-06-30": 54.637, "2010-03-31": "142.25200", "2009-12-31": -540.2321, "2009-09-30": 47.731, "2009-06-30": -79.264, "2009-03-31": "174.00600", "2008-12-31": -64.264, "2008-09-30": -93.936, "2008-06-30": -24.73, "2008-03-31": "-145.54000", "2007-12-31": 148.49, "2007-09-30": 188.917, "2007-06-30": -112.725, "2007-03-31": "212.89900", "2006-12-31": -280.247, "2006-09-30": 23.619, "2006-06-30": 19.609, "2006-03-31": "49.74100", "2005-12-31": -32.047, "2005-09-30": -46.351, "2005-06-30": 46.156, "2005-03-31": "39.10400"}, "Investing Activities - Other": {"2020-12-31": 0, "2020-09-30": 0, "2020-06-30": 0, "2020-03-31": "", "2019-12-31": 0, "2019-09-30": 0, "2019-06-30": 0, "2019-03-31": "", "2018-12-31": -22.821, "2018-09-30": 0, "2018-06-30": 0, "2018-03-31": "", "2017-12-31": 1.061, "2017-09-30": -221.602, "2017-06-30": 0, "2017-03-31": "", "2016-12-31": -40.458, "2016-09-30": 15.075, "2016-06-30": 2.605, "2016-03-31": "2.71700", "2015-12-31": -32.112, "2015-09-30": 11.479, "2015-06-30": 1.561, "2015-03-31": "-21.17200", "2014-12-31": 9.435, "2014-09-30": 0.008, "2014-06-30": 0.001, "2014-03-31": "", "2013-12-31": -49.474, "2013-09-30": 7.224, "2013-06-30": 36.532, "2013-03-31": "6.97500", "2012-12-31": 6.2, "2012-09-30": -18.003, "2012-06-30": 1.993, "2012-03-31": "-6.13900", "2011-12-31": -0.725, "2011-09-30": 11.967, "2011-06-30": 2.017, "2011-03-31": "-0.56400", "2010-12-31": -0.093, "2010-09-30": 0.044, "2010-06-30": -4.303, "2010-03-31": "-0.38000", "2009-12-31": 0.033, "2009-09-30": -0.453, "2009-06-30": 0.193, "2009-03-31": "0.17200", "2008-12-31": 0.361, "2008-09-30": 0.585, "2008-06-30": -0.576, "2008-03-31": "-0.37000", "2007-12-31": 0.444, "2007-09-30": 0.273, "2007-06-30": 0.384, "2007-03-31": "-1.10100", "2006-12-31": 7.134, "2006-09-30": 4.09, "2006-06-30": 0, "2006-03-31": "", "2005-12-31": 5.125, "2005-09-30": 2.4, "2005-06-30": 0, "2005-03-31": "0.84000"}, "Cash Flow From Investing Activities": {"2020-12-31": 144.359, "2020-09-30": -247.937, "2020-06-30": 71.912, "2020-03-31": "31.66600", "2019-12-31": -896.991, "2019-09-30": -248.999, "2019-06-30": -50.19, "2019-03-31": "-39.13800", "2018-12-31": -40.904, "2018-09-30": -49.889, "2018-06-30": -116.298, "2018-03-31": "4.93300", "2017-12-31": -20.786, "2017-09-30": -225.281, "2017-06-30": -76.283, "2017-03-31": "-160.97900", "2016-12-31": 176.937, "2016-09-30": 34.791, "2016-06-30": -57.782, "2016-03-31": "-102.70800", "2015-12-31": -122.69, "2015-09-30": -100.935, "2015-06-30": 278.443, "2015-03-31": "214.03800", "2014-12-31": -18.011, "2014-09-30": 30.545, "2014-06-30": 89.882, "2014-03-31": "-20.40700", "2013-12-31": -119.81, "2013-09-30": 49.536, "2013-06-30": -4.691, "2013-03-31": "-37.59600", "2012-12-31": 7.156, "2012-09-30": -131.228, "2012-06-30": -70.043, "2012-03-31": "-231.70200", "2011-12-31": -387.776, "2011-09-30": 21.446, "2011-06-30": 172.79, "2011-03-31": "405.95200", "2010-12-31": -169.695, "2010-09-30": -2.414, "2010-06-30": 40.648, "2010-03-31": "138.76200", "2009-12-31": -547.777, "2009-09-30": 42.525, "2009-06-30": -83.657, "2009-03-31": "80.17700", "2008-12-31": -70.515, "2008-09-30": -103.857, "2008-06-30": -34.874, "2008-03-31": "-151.40400", "2007-12-31": 143.735, "2007-09-30": 181.261, "2007-06-30": -125.495, "2007-03-31": "205.66500", "2006-12-31": -280.301, "2006-09-30": 20.712, "2006-06-30": 8.83, "2006-03-31": "42.28800", "2005-12-31": -32.064, "2005-09-30": -48.385, "2005-06-30": 42.012, "2005-03-31": "36.70500"}, "Net Long-Term Debt": {"2020-12-31": 25.477, "2020-09-30": -10.58, "2020-06-30": -20.73, "2020-03-31": "5.83300", "2019-12-31": -2.812, "2019-09-30": -14.269, "2019-06-30": -17.924, "2019-03-31": "", "2018-12-31": -2.186, "2018-09-30": -10.894, "2018-06-30": -3.548, "2018-03-31": "-0.94700", "2017-12-31": 23.684, "2017-09-30": -1.983, "2017-06-30": -5.934, "2017-03-31": "-4.70300", "2016-12-31": 4.876, "2016-09-30": -3.762, "2016-06-30": -3.497, "2016-03-31": "-4.04100", "2015-12-31": 6.837, "2015-09-30": -2.074, "2015-06-30": -9.944, "2015-03-31": "8.88900", "2014-12-31": -12.418, "2014-09-30": 289.052, "2014-06-30": -9.262, "2014-03-31": "5.42800", "2013-12-31": -1.456, "2013-09-30": -2.355, "2013-06-30": -2.308, "2013-03-31": "-10.09600", "2012-12-31": -0.207, "2012-09-30": -2.408, "2012-06-30": 0, "2012-03-31": "", "2011-12-31": -105, "2011-09-30": 0, "2011-06-30": 0, "2011-03-31": "-50.00000", "2010-12-31": -391.645, "2010-09-30": 391.645, "2010-06-30": 0, "2010-03-31": "", "2009-12-31": 27.685, "2009-09-30": 122.217, "2009-06-30": 0, "2009-03-31": "", "2008-12-31": 0, "2008-09-30": 0.607, "2008-06-30": -19.997, "2008-03-31": "278.00000", "2007-12-31": 0, "2007-09-30": -42.102, "2007-06-30": 0, "2007-03-31": "", "2006-12-31": 0, "2006-09-30": 0, "2006-06-30": 0, "2006-03-31": "", "2005-12-31": 0, "2005-09-30": 0, "2005-06-30": 0, "2005-03-31": ""}, "Net Current Debt": {"2020-12-31": 0, "2020-09-30": 0, "2020-06-30": 0, "2020-03-31": "", "2019-12-31": 0, "2019-09-30": 0, "2019-06-30": 0, "2019-03-31": "", "2018-12-31": 0, "2018-09-30": 0, "2018-06-30": 0, "2018-03-31": "", "2017-12-31": 0, "2017-09-30": 0, "2017-06-30": 0, "2017-03-31": "-300.00000", "2016-12-31": 0, "2016-09-30": 0, "2016-06-30": 0, "2016-03-31": "", "2015-12-31": 0, "2015-09-30": 0, "2015-06-30": 0, "2015-03-31": "", "2014-12-31": 0, "2014-09-30": 0, "2014-06-30": 0, "2014-03-31": "", "2013-12-31": 0, "2013-09-30": 0, "2013-06-30": 0, "2013-03-31": "", "2012-12-31": 0, "2012-09-30": 0, "2012-06-30": 0, "2012-03-31": "", "2011-12-31": 0, "2011-09-30": 0, "2011-06-30": 0, "2011-03-31": "", "2010-12-31": 0, "2010-09-30": 0, "2010-06-30": 0, "2010-03-31": "", "2009-12-31": 0, "2009-09-30": 0, "2009-06-30": 0, "2009-03-31": "", "2008-12-31": 0, "2008-09-30": 0, "2008-06-30": 0, "2008-03-31": "", "2007-12-31": 0, "2007-09-30": 0, "2007-06-30": 0, "2007-03-31": "", "2006-12-31": 0, "2006-09-30": 0, "2006-06-30": 0, "2006-03-31": "", "2005-12-31": 0, "2005-09-30": 0, "2005-06-30": 0, "2005-03-31": ""}, "Debt Issuance/Retirement Net - Total": {"2020-12-31": 25.477, "2020-09-30": -10.58, "2020-06-30": -20.73, "2020-03-31": "5.83300", "2019-12-31": -2.812, "2019-09-30": -14.269, "2019-06-30": -17.924, "2019-03-31": "", "2018-12-31": -2.186, "2018-09-30": -10.894, "2018-06-30": -3.548, "2018-03-31": "-0.94700", "2017-12-31": 23.684, "2017-09-30": -1.983, "2017-06-30": -5.934, "2017-03-31": "-304.70300", "2016-12-31": 4.876, "2016-09-30": -3.762, "2016-06-30": -3.497, "2016-03-31": "-4.04100", "2015-12-31": 6.837, "2015-09-30": -2.074, "2015-06-30": -9.944, "2015-03-31": "8.88900", "2014-12-31": -12.418, "2014-09-30": 289.052, "2014-06-30": -9.262, "2014-03-31": "5.42800", "2013-12-31": -1.456, "2013-09-30": -2.355, "2013-06-30": -2.308, "2013-03-31": "-10.09600", "2012-12-31": -0.207, "2012-09-30": -2.408, "2012-06-30": 0, "2012-03-31": "", "2011-12-31": -105, "2011-09-30": 0, "2011-06-30": 0, "2011-03-31": "-50.00000", "2010-12-31": -391.645, "2010-09-30": 391.645, "2010-06-30": 0, "2010-03-31": "", "2009-12-31": 27.685, "2009-09-30": 122.217, "2009-06-30": 0, "2009-03-31": "", "2008-12-31": 0, "2008-09-30": 0.607, "2008-06-30": -19.997, "2008-03-31": "278.00000", "2007-12-31": 0, "2007-09-30": -42.102, "2007-06-30": 0, "2007-03-31": "", "2006-12-31": 0, "2006-09-30": 0, "2006-06-30": 0, "2006-03-31": "", "2005-12-31": 0, "2005-09-30": 0, "2005-06-30": 0, "2005-03-31": ""}, "Net Common Equity Issued/Repurchased": {"2020-12-31": 173.179, "2020-09-30": -86.211, "2020-06-30": 133.461, "2020-03-31": "-220.42900", "2019-12-31": 156.616, "2019-09-30": 30.538, "2019-06-30": -5.538, "2019-03-31": "-30.38700", "2018-12-31": -99.466, "2018-09-30": 8.912, "2018-06-30": -48.599, "2018-03-31": "78.40300", "2017-12-31": 46.635, "2017-09-30": 150.318, "2017-06-30": 136.638, "2017-03-31": "11.24900", "2016-12-31": 17.065, "2016-09-30": 17.463, "2016-06-30": 24.856, "2016-03-31": "8.84600", "2015-12-31": 45.903, "2015-09-30": 51.839, "2015-06-30": 46.234, "2015-03-31": "41.61600", "2014-12-31": 73.341, "2014-09-30": 83.327, "2014-06-30": 57.813, "2014-03-31": "60.13400", "2013-12-31": 23.518, "2013-09-30": 34.488, "2013-06-30": 186.202, "2013-03-31": "21.67000", "2012-12-31": 16.771, "2012-09-30": 16.947, "2012-06-30": 136.705, "2012-03-31": "21.29800", "2011-12-31": 16.12, "2011-09-30": 20.069, "2011-06-30": 55.03, "2011-03-31": "33.64300", "2010-12-31": 9.447, "2010-09-30": 6.85, "2010-06-30": 9.473, "2010-03-31": "7.66400", "2009-12-31": 511.025, "2009-09-30": 8.376, "2009-06-30": 11.166, "2009-03-31": "318.66800", "2008-12-31": 13.715, "2008-09-30": 224.355, "2008-06-30": 10.079, "2008-03-31": "113.97900", "2007-12-31": 10.727, "2007-09-30": 9.705, "2007-06-30": 8.14, "2007-03-31": "3.39300", "2006-12-31": 14.302, "2006-09-30": 319.806, "2006-06-30": 9.606, "2006-03-31": "22.32100", "2005-12-31": 15.731, "2005-09-30": 11.814, "2005-06-30": 169.474, "2005-03-31": "0.57200"}, "Net Total Equity Issued/Repurchased": {"2020-12-31": 173.179, "2020-09-30": -86.211, "2020-06-30": 133.461, "2020-03-31": "-220.42900", "2019-12-31": 156.616, "2019-09-30": 30.538, "2019-06-30": -5.538, "2019-03-31": "-30.38700", "2018-12-31": -99.466, "2018-09-30": 8.912, "2018-06-30": -48.599, "2018-03-31": "78.40300", "2017-12-31": 46.635, "2017-09-30": 150.318, "2017-06-30": 136.638, "2017-03-31": "11.24900", "2016-12-31": 17.065, "2016-09-30": 17.463, "2016-06-30": 24.856, "2016-03-31": "8.84600", "2015-12-31": 45.903, "2015-09-30": 51.839, "2015-06-30": 46.234, "2015-03-31": "41.61600", "2014-12-31": 73.341, "2014-09-30": 83.327, "2014-06-30": 57.813, "2014-03-31": "60.13400", "2013-12-31": 23.518, "2013-09-30": 34.488, "2013-06-30": 186.202, "2013-03-31": "21.67000", "2012-12-31": 16.771, "2012-09-30": 16.947, "2012-06-30": 136.705, "2012-03-31": "21.29800", "2011-12-31": 16.12, "2011-09-30": 20.069, "2011-06-30": 55.03, "2011-03-31": "33.64300", "2010-12-31": 9.447, "2010-09-30": 6.85, "2010-06-30": 9.473, "2010-03-31": "7.66400", "2009-12-31": 511.025, "2009-09-30": 8.376, "2009-06-30": 11.166, "2009-03-31": "318.66800", "2008-12-31": 13.715, "2008-09-30": 224.355, "2008-06-30": 10.079, "2008-03-31": "113.97900", "2007-12-31": 10.727, "2007-09-30": 9.705, "2007-06-30": 8.14, "2007-03-31": "3.39300", "2006-12-31": 14.302, "2006-09-30": 319.806, "2006-06-30": 9.606, "2006-03-31": "22.32100", "2005-12-31": 15.731, "2005-09-30": 11.814, "2005-06-30": 169.474, "2005-03-31": "0.57200"}, "Total Common And Preferred Stock Dividends Paid": {"2020-12-31": 0, "2020-09-30": 0, "2020-06-30": 0, "2020-03-31": "", "2019-12-31": 0, "2019-09-30": 0, "2019-06-30": 0, "2019-03-31": "", "2018-12-31": 0, "2018-09-30": 0, "2018-06-30": 0, "2018-03-31": "", "2017-12-31": 0, "2017-09-30": 0, "2017-06-30": 0, "2017-03-31": "", "2016-12-31": 0, "2016-09-30": 0, "2016-06-30": 0, "2016-03-31": "", "2015-12-31": 0, "2015-09-30": 0, "2015-06-30": 0, "2015-03-31": "", "2014-12-31": 0, "2014-09-30": 0, "2014-06-30": 0, "2014-03-31": "", "2013-12-31": 0, "2013-09-30": 0, "2013-06-30": 0, "2013-03-31": "", "2012-12-31": 0, "2012-09-30": 0, "2012-06-30": 0, "2012-03-31": "", "2011-12-31": 0, "2011-09-30": 0, "2011-06-30": 0, "2011-03-31": "", "2010-12-31": 0, "2010-09-30": 0, "2010-06-30": 0, "2010-03-31": "", "2009-12-31": 0, "2009-09-30": 0, "2009-06-30": 0, "2009-03-31": "", "2008-12-31": 0, "2008-09-30": 0, "2008-06-30": 0, "2008-03-31": "", "2007-12-31": 0, "2007-09-30": 0, "2007-06-30": 0, "2007-03-31": "", "2006-12-31": 0, "2006-09-30": 0, "2006-06-30": 0, "2006-03-31": "", "2005-12-31": 0, "2005-09-30": 0, "2005-06-30": 0, "2005-03-31": ""}, "Financial Activities - Other": {"2020-12-31": 181.433, "2020-09-30": -43.893, "2020-06-30": 7.294, "2020-03-31": "-144.83400", "2019-12-31": 7.617, "2019-09-30": 4.087, "2019-06-30": 10.447, "2019-03-31": "-11.60200", "2018-12-31": 0.606, "2018-09-30": 4.061, "2018-06-30": 0.939, "2018-03-31": "1.50000", "2017-12-31": 2.912, "2017-09-30": 4.37, "2017-06-30": 1.329, "2017-03-31": "3.88900", "2016-12-31": 71.821, "2016-09-30": -0.147, "2016-06-30": -0.106, "2016-03-31": "-0.10300", "2015-12-31": -0.1, "2015-09-30": -0.097, "2015-06-30": -0.093, "2015-03-31": "-0.09100", "2014-12-31": 47.262, "2014-09-30": -15.146, "2014-06-30": -15.146, "2014-03-31": "-15.14600", "2013-12-31": 61.99, "2013-09-30": -19.127, "2013-06-30": -26.406, "2013-03-31": "-17.70900", "2012-12-31": -11.727, "2012-09-30": -6.389, "2012-06-30": 0.987, "2012-03-31": "0.22700", "2011-12-31": -94.1, "2011-09-30": 0, "2011-06-30": 0, "2011-03-31": "", "2010-12-31": 391.645, "2010-09-30": 0, "2010-06-30": 0, "2010-03-31": "-0.02200", "2009-12-31": -0.046, "2009-09-30": 0, "2009-06-30": -0.085, "2009-03-31": "", "2008-12-31": 0, "2008-09-30": 0, "2008-06-30": 0, "2008-03-31": "", "2007-12-31": 0, "2007-09-30": 0, "2007-06-30": -0.004, "2007-03-31": "-0.04900", "2006-12-31": 0, "2006-09-30": 0.048, "2006-06-30": -0.057, "2006-03-31": "-0.16100", "2005-12-31": -0.09, "2005-09-30": -0.045, "2005-06-30": 0, "2005-03-31": ""}, "Cash Flow From Financial Activities": {"2020-12-31": 380.089, "2020-09-30": -140.684, "2020-06-30": 120.025, "2020-03-31": "-359.43000", "2019-12-31": 161.421, "2019-09-30": 20.356, "2019-06-30": -13.015, "2019-03-31": "-41.98900", "2018-12-31": -101.046, "2018-09-30": 2.079, "2018-06-30": -51.208, "2018-03-31": "78.95600", "2017-12-31": 73.231, "2017-09-30": 152.705, "2017-06-30": 132.033, "2017-03-31": "-289.56500", "2016-12-31": 93.762, "2016-09-30": 13.554, "2016-06-30": 21.253, "2016-03-31": "4.70200", "2015-12-31": 52.64, "2015-09-30": 49.668, "2015-06-30": 36.197, "2015-03-31": "50.41400", "2014-12-31": 108.185, "2014-09-30": 357.233, "2014-06-30": 33.405, "2014-03-31": "50.41600", "2013-12-31": 84.052, "2013-09-30": 13.006, "2013-06-30": 157.488, "2013-03-31": "-6.13500", "2012-12-31": 4.837, "2012-09-30": 8.15, "2012-06-30": 137.692, "2012-03-31": "21.52500", "2011-12-31": -182.98, "2011-09-30": 20.069, "2011-06-30": 55.03, "2011-03-31": "-16.35700", "2010-12-31": 9.447, "2010-09-30": 398.495, "2010-06-30": 9.473, "2010-03-31": "7.64200", "2009-12-31": 538.664, "2009-09-30": 130.593, "2009-06-30": 11.081, "2009-03-31": "318.66800", "2008-12-31": 13.715, "2008-09-30": 224.962, "2008-06-30": -9.918, "2008-03-31": "391.97900", "2007-12-31": 10.727, "2007-09-30": -32.397, "2007-06-30": 8.136, "2007-03-31": "3.34400", "2006-12-31": 14.302, "2006-09-30": 319.854, "2006-06-30": 9.549, "2006-03-31": "22.16000", "2005-12-31": 15.641, "2005-09-30": 11.769, "2005-06-30": 169.474, "2005-03-31": "0.57200"}, "Net Cash Flow": {"2020-12-31": -2240.304, "2020-09-30": 525.285, "2020-06-30": 1233.736, "2020-03-31": "481.28300", "2019-12-31": -283.91, "2019-09-30": 102.945, "2019-06-30": 400.114, "2019-03-31": "243.27900", "2018-12-31": 171.202, "2018-09-30": 332.983, "2018-06-30": 148.34, "2018-03-31": "338.20200", "2017-12-31": 280.757, "2017-09-30": 99.011, "2017-06-30": 239.515, "2017-03-31": "-183.46400", "2016-12-31": 411.022, "2016-09-30": 113.826, "2016-06-30": 1.621, "2016-03-31": "-110.52300", "2015-12-31": -41.482, "2015-09-30": -114.293, "2015-06-30": 205.664, "2015-03-31": "39.62000", "2014-12-31": -93.304, "2014-09-30": 298.005, "2014-06-30": -3.487, "2014-03-31": "-145.25400", "2013-12-31": -13.882, "2013-09-30": 51.934, "2013-06-30": 152.148, "2013-03-31": "-110.30800", "2012-12-31": 52.521, "2012-09-30": -17.175, "2012-06-30": 186.138, "2012-03-31": "-207.39700", "2011-12-31": -67.225, "2011-09-30": 84.35, "2011-06-30": 11.659, "2011-03-31": "203.33900", "2010-12-31": -326.704, "2010-09-30": 232.293, "2010-06-30": -58.939, "2010-03-31": "-50.11100", "2009-12-31": -112.475, "2009-09-30": 150.184, "2009-06-30": -193.25, "2009-03-31": "213.08400", "2008-12-31": -153.761, "2008-09-30": -6.756, "2008-06-30": 58.936, "2008-03-31": "135.03300", "2007-12-31": 101.684, "2007-09-30": 85.261, "2007-06-30": -185.61, "2007-03-31": "141.15700", "2006-12-31": -270.26, "2006-09-30": 442.001, "2006-06-30": -40.397, "2006-03-31": "3.78200", "2005-12-31": -23.574, "2005-09-30": -93.076, "2005-06-30": 157.324, "2005-03-31": "-17.63500"}, "Stock-Based Compensation": {"2020-12-31": -332.434, "2020-09-30": 99.539, "2020-06-30": 117.189, "2020-03-31": "115.70600", "2019-12-31": 91.591, "2019-09-30": 85.42, "2019-06-30": 89.687, "2019-03-31": "93.79100", "2018-12-31": 78.943, "2018-09-30": 85.532, "2018-06-30": 82.436, "2018-03-31": "78.13600", "2017-12-31": 76.246, "2017-09-30": 74.456, "2017-06-30": 73.095, "2017-03-31": "69.43900", "2016-12-31": 62, "2016-09-30": 61.209, "2016-06-30": 61.942, "2016-03-31": "55.47200", "2015-12-31": 44.646, "2015-09-30": 65.734, "2015-06-30": 63.261, "2015-03-31": "57.38400", "2014-12-31": 42.382, "2014-09-30": 46.136, "2014-06-30": 42.444, "2014-03-31": "46.58000", "2013-12-31": 23.374, "2013-09-30": 31.307, "2013-06-30": 44.775, "2013-03-31": "33.70700", "2012-12-31": 29.827, "2012-09-30": 30.183, "2012-06-30": 34.556, "2012-03-31": "29.98000", "2011-12-31": 31.183, "2011-09-30": 31.402, "2011-06-30": 34.602, "2011-03-31": "29.56400", "2010-12-31": 25.212, "2010-09-30": 25.185, "2010-06-30": 26.534, "2010-03-31": "20.74500", "2009-12-31": 19.185, "2009-09-30": 21.408, "2009-06-30": 28.726, "2009-03-31": "23.44700", "2008-12-31": 15.105, "2008-09-30": 15.629, "2008-06-30": 18.261, "2008-03-31": "14.01700", "2007-12-31": 13.711, "2007-09-30": 13.868, "2007-06-30": 23.002, "2007-03-31": "13.16600", "2006-12-31": 10.925, "2006-09-30": 9.988, "2006-06-30": 12.774, "2006-03-31": "8.79100", "2005-12-31": 2.253, "2005-09-30": 1.626, "2005-06-30": 2.216, "2005-03-31": "1.43500"}, "Common Stock Dividends Paid": {"2020-12-31": 0, "2020-09-30": 0, "2020-06-30": 0, "2020-03-31": "", "2019-12-31": 0, "2019-09-30": 0, "2019-06-30": 0, "2019-03-31": "", "2018-12-31": 0, "2018-09-30": 0, "2018-06-30": 0, "2018-03-31": "", "2017-12-31": 0, "2017-09-30": 0, "2017-06-30": 0, "2017-03-31": "", "2016-12-31": 0, "2016-09-30": 0, "2016-06-30": 0, "2016-03-31": "", "2015-12-31": 0, "2015-09-30": 0, "2015-06-30": 0, "2015-03-31": "", "2014-12-31": 0, "2014-09-30": 0, "2014-06-30": 0, "2014-03-31": "", "2013-12-31": 0, "2013-09-30": 0, "2013-06-30": 0, "2013-03-31": "", "2012-12-31": 0, "2012-09-30": 0, "2012-06-30": 0, "2012-03-31": "", "2011-12-31": 0, "2011-09-30": 0, "2011-06-30": 0, "2011-03-31": "", "2010-12-31": 0, "2010-09-30": 0, "2010-06-30": 0, "2010-03-31": "", "2009-12-31": 0, "2009-09-30": 0, "2009-06-30": 0, "2009-03-31": "", "2008-12-31": 0, "2008-09-30": 0, "2008-06-30": 0, "2008-03-31": "", "2007-12-31": 0, "2007-09-30": 0, "2007-06-30": 0, "2007-03-31": "", "2006-12-31": 0, "2006-09-30": 0, "2006-06-30": 0, "2006-03-31": "", "2005-12-31": 0, "2005-09-30": 0, "2005-06-30": 0, "2005-03-31": ""}}, "financial ratios": {"Current Ratio": {"2019-12-31": "3.61310", "2018-12-31": "3.43050", "2017-12-31": "3.28140", "2016-12-31": "2.31100", "2015-12-31": "2.78000", "2014-12-31": "4.19960", "2013-12-31": "3.99310", "2012-12-31": "3.67430", "2011-12-31": "3.39300", "2010-12-31": "2.22640", "2009-12-31": "4.58790", "2008-12-31": "4.00610", "2007-12-31": "2.49320", "2006-12-31": "3.07320", "2005-12-31": "3.84120"}, "Long-term Debt / Capital": {"2019-12-31": "0.08130", "2018-12-31": "0.11590", "2017-12-31": "0.22230", "2016-12-31": "0.28040", "2015-12-31": "0.40340", "2014-12-31": "0.41970", "2013-12-31": "0.26530", "2012-12-31": "0.36360", "2011-12-31": "0.32930", "2010-12-31": "0.44250", "2009-12-31": "0.10000", "2008-12-31": "0.54620", "2007-12-31": "", "2006-12-31": "0.03800", "2005-12-31": "0.42950"}, "Debt/Equity Ratio": {"2019-12-31": "0.08850", "2018-12-31": "0.13110", "2017-12-31": "0.29690", "2016-12-31": "0.62830", "2015-12-31": "0.75550", "2014-12-31": "0.75260", "2013-12-31": "0.37350", "2012-12-31": "0.58280", "2011-12-31": "0.49110", "2010-12-31": "1.06550", "2009-12-31": "0.14030", "2008-12-31": "1.20360", "2007-12-31": "0.07370", "2006-12-31": "0.24060", "2005-12-31": "0.75300"}, "Gross Margin": {"2019-12-31": "86.84170", "2018-12-31": "86.56190", "2017-12-31": "88.94510", "2016-12-31": "87.63580", "2015-12-31": "87.93880", "2014-12-31": "89.49250", "2013-12-31": "89.25090", "2012-12-31": "81.67140", "2011-12-31": "94.29300", "2010-12-31": "91.12090", "2009-12-31": "86.06130", "2008-12-31": "91.06230", "2007-12-31": "93.01350", "2006-12-31": "94.37500", "2005-12-31": "93.72370"}, "Operating Margin": {"2019-12-31": "28.76810", "2018-12-31": "20.84100", "2017-12-31": "4.95220", "2016-12-31": "0.58370", "2015-12-31": "-45.22550", "2014-12-31": "-119.29600", "2013-12-31": "-50.33170", "2012-12-31": "3.06000", "2011-12-31": "8.06880", "2010-12-31": "-485.51090", "2009-12-31": "-602.62840", "2008-12-31": "-263.64520", "2007-12-31": "-210.93800", "2006-12-31": "-105.86160", "2005-12-31": "-93.15180"}, "EBIT Margin": {"2019-12-31": "28.76810", "2018-12-31": "20.84100", "2017-12-31": "4.95220", "2016-12-31": "0.58370", "2015-12-31": "-45.22550", "2014-12-31": "-119.29600", "2013-12-31": "-50.33170", "2012-12-31": "3.06000", "2011-12-31": "8.06880", "2010-12-31": "-485.51090", "2009-12-31": "-602.62840", "2008-12-31": "-263.64520", "2007-12-31": "-210.93800", "2006-12-31": "-105.86160", "2005-12-31": "-93.15180"}, "EBITDA Margin": {"2019-12-31": "31.33710", "2018-12-31": "23.21730", "2017-12-31": "7.41930", "2016-12-31": "4.19080", "2015-12-31": "-39.18650", "2014-12-31": "-108.39740", "2013-12-31": "-46.34110", "2012-12-31": "5.56090", "2011-12-31": "10.55280", "2010-12-31": "-464.26590", "2009-12-31": "-573.07970", "2008-12-31": "-245.30030", "2007-12-31": "-197.14040", "2006-12-31": "-93.90540", "2005-12-31": "-76.19060"}, "Pre-Tax Profit Margin": {"2019-12-31": "33.50900", "2018-12-31": "19.69560", "2017-12-31": "-0.63040", "2016-12-31": "-3.95760", "2015-12-31": "-54.03280", "2014-12-31": "-126.61200", "2013-12-31": "-51.65490", "2012-12-31": "2.09530", "2011-12-31": "4.28500", "2010-12-31": "-526.34860", "2009-12-31": "-630.27220", "2008-12-31": "-262.01730", "2007-12-31": "-196.61080", "2006-12-31": "-96.10870", "2005-12-31": "-126.43230"}, "Net Profit Margin": {"2019-12-31": "28.26950", "2018-12-31": "68.80490", "2017-12-31": "10.58740", "2016-12-31": "-6.58290", "2015-12-31": "-53.89080", "2014-12-31": "-127.24600", "2013-12-31": "-36.71920", "2012-12-31": "-7.00910", "2011-12-31": "2.09650", "2010-12-31": "-526.34860", "2009-12-31": "-630.27220", "2008-12-31": "-262.01740", "2007-12-31": "-196.61080", "2006-12-31": "-95.62530", "2005-12-31": "-126.43240"}, "Asset Turnover": {"2019-12-31": "0.50040", "2018-12-31": "0.48790", "2017-12-31": "0.70180", "2016-12-31": "0.58760", "2015-12-31": "0.41320", "2014-12-31": "0.24860", "2013-12-31": "0.52260", "2012-12-31": "0.55340", "2011-12-31": "0.63990", "2010-12-31": "0.08310", "2009-12-31": "0.05210", "2008-12-31": "0.17900", "2007-12-31": "0.33090", "2006-12-31": "0.23480", "2005-12-31": "0.29310"}, "Inventory Turnover Ratio": {"2019-12-31": "3.27020", "2018-12-31": "3.29320", "2017-12-31": "2.46020", "2016-12-31": "2.71200", "2015-12-31": "2.17650", "2014-12-31": "1.97700", "2013-12-31": "9.20880", "2012-12-31": "9.18740", "2011-12-31": "0.71600", "2010-12-31": "", "2009-12-31": "", "2008-12-31": "", "2007-12-31": "", "2006-12-31": "", "2005-12-31": ""}, "Receiveable Turnover": {"2019-12-31": "6.57100", "2018-12-31": "7.43880", "2017-12-31": "8.84560", "2016-12-31": "8.49540", "2015-12-31": "5.93850", "2014-12-31": "7.64070", "2013-12-31": "14.17230", "2012-12-31": "10.66000", "2011-12-31": "7.70270", "2010-12-31": "11.44310", "2009-12-31": "10.61230", "2008-12-31": "7.47180", "2007-12-31": "6.35420", "2006-12-31": "3.43840", "2005-12-31": "7.81210"}, "Days Sales In Receivables": {"2019-12-31": "55.54750", "2018-12-31": "49.06690", "2017-12-31": "41.26340", "2016-12-31": "42.96430", "2015-12-31": "61.46340", "2014-12-31": "47.77080", "2013-12-31": "25.75440", "2012-12-31": "34.24020", "2011-12-31": "47.38630", "2010-12-31": "31.89710", "2009-12-31": "34.39400", "2008-12-31": "48.85070", "2007-12-31": "57.44280", "2006-12-31": "106.15330", "2005-12-31": "46.72250"}, "ROE - Return On Equity": {"2019-12-31": "19.33880", "2018-12-31": "47.05770", "2017-12-31": "4.48680", "2016-12-31": "-6.27940", "2015-12-31": "-53.78260", "2014-12-31": "-67.67420", "2013-12-31": "-37.12920", "2012-12-31": "2.69860", "2011-12-31": "4.43510", "2010-12-31": "-149.73530", "2009-12-31": "-58.57440", "2008-12-31": "-192.50790", "2007-12-31": "-144.22640", "2006-12-31": "-41.09950", "2005-12-31": "-85.04910"}, "Return On Tangible Equity": {"2019-12-31": "25.12890", "2018-12-31": "47.59840", "2017-12-31": "4.66830", "2016-12-31": "-8.37410", "2015-12-31": "-77.50400", "2014-12-31": "-72.21420", "2013-12-31": "-37.99740", "2012-12-31": "6.43670", "2011-12-31": "17.59910", "2010-12-31": "1848.26100", "2009-12-31": "-116.43280", "2008-12-31": "-192.50780", "2007-12-31": "-144.22640", "2006-12-31": "-41.09960", "2005-12-31": "-85.04910"}, "ROA - Return On Assets": {"2019-12-31": "14.14700", "2018-12-31": "33.41560", "2017-12-31": "2.58420", "2016-12-31": "-2.90080", "2015-12-31": "-23.54050", "2014-12-31": "-31.77450", "2013-12-31": "-21.71680", "2012-12-31": "1.16950", "2011-12-31": "1.86810", "2010-12-31": "-43.73510", "2009-12-31": "-32.83980", "2008-12-31": "-46.90070", "2007-12-31": "-65.05300", "2006-12-31": "-22.56310", "2005-12-31": "-37.05240"}, "ROI - Return On Investment": {"2019-12-31": "17.76630", "2018-12-31": "41.60270", "2017-12-31": "3.48930", "2016-12-31": "-4.51890", "2015-12-31": "-32.08800", "2014-12-31": "-39.26880", "2013-12-31": "-27.28040", "2012-12-31": "1.71740", "2011-12-31": "2.97440", "2010-12-31": "-83.47880", "2009-12-31": "-52.71920", "2008-12-31": "-87.36200", "2007-12-31": "-144.22640", "2006-12-31": "-39.53690", "2005-12-31": "-48.51660"}, "Book Value Per Share": {"2019-12-31": "23.49580", "2018-12-31": "17.38120", "2017-12-31": "8.06430", "2016-12-31": "5.38940", "2015-12-31": "4.44010", "2014-12-31": "4.53410", "2013-12-31": "5.80180", "2012-12-31": "5.50360", "2011-12-31": "4.43600", "2010-12-31": "2.47620", "2009-12-31": "5.48300", "2008-12-31": "1.57940", "2007-12-31": "2.04170", "2006-12-31": "4.01150", "2005-12-31": "2.21150"}, "Operating Cash Flow Per Share": {"2019-12-31": 1.1192, "2018-12-31": 1.5644, "2017-12-31": 2.3718, "2016-12-31": 2.4793, "2015-12-31": 0.9212, "2014-12-31": -2.1659, "2013-12-31": -1.514, "2012-12-31": 0.5559, "2011-12-31": 3.8592, "2010-12-31": -0.7029, "2009-12-31": -0.8566, "2008-12-31": 0.3461, "2007-12-31": -1.7589, "2006-12-31": 1.7295, "2005-12-31": -1.928}, "Free Cash Flow Per Share": {"2019-12-31": 1.1984, "2018-12-31": 1.5884, "2017-12-31": 2.2103, "2016-12-31": 2.4359, "2015-12-31": 0.9511, "2014-12-31": -2.155, "2013-12-31": -1.412, "2012-12-31": 0.3911, "2011-12-31": 3.8834, "2010-12-31": -0.7572, "2009-12-31": -0.7632, "2008-12-31": 0.3684, "2007-12-31": -1.7239, "2006-12-31": 1.6332, "2005-12-31": -2.118}}, "financial ratios, quarterly": {"Current Ratio": {"2020-09-30": "3.72170", "2020-06-30": "3.72190", "2020-03-31": "3.53950", "2019-12-31": "3.61310", "2019-09-30": "3.43950", "2019-06-30": "3.74120", "2019-03-31": "3.78050", "2018-12-31": "3.43050", "2018-09-30": "3.71440", "2018-06-30": "3.67460", "2018-03-31": "3.67590", "2017-12-31": "3.28140", "2017-09-30": "3.27540", "2017-06-30": "3.48670", "2017-03-31": "3.82160", "2016-12-31": "2.31100", "2016-09-30": "2.07780", "2016-06-30": "2.33470", "2016-03-31": "2.54120", "2015-12-31": "2.78000", "2015-09-30": "3.62560", "2015-06-30": "3.46340", "2015-03-31": "4.49080", "2014-12-31": "4.19960", "2014-09-30": "4.43360", "2014-06-30": "3.71210", "2014-03-31": "3.82950", "2013-12-31": "3.99310", "2013-09-30": "4.02600", "2013-06-30": "4.49780", "2013-03-31": "3.84110", "2012-12-31": "3.67430", "2012-09-30": "4.01870", "2012-06-30": "4.19610", "2012-03-31": "4.02480", "2011-12-31": "3.39300", "2011-09-30": "2.26950", "2011-06-30": "1.72690", "2011-03-31": "2.09750", "2010-12-31": "2.22640", "2010-09-30": "3.93640", "2010-06-30": "3.43580", "2010-03-31": "5.32650", "2009-12-31": "4.58790", "2009-09-30": "3.95070", "2009-06-30": "4.26150", "2009-03-31": "5.03170", "2008-12-31": "4.00610", "2008-09-30": "5.28100", "2008-06-30": "4.68920", "2008-03-31": "4.52300", "2007-12-31": "2.49320", "2007-09-30": "2.92540", "2007-06-30": "3.14270", "2007-03-31": "4.04690", "2006-12-31": "3.07320", "2006-09-30": "4.60000", "2006-06-30": "4.16230", "2006-03-31": "4.49940", "2005-12-31": "3.84120", "2005-09-30": "3.48360", "2005-06-30": "3.37220", "2005-03-31": "2.36240"}, "Long-term Debt / Capital": {"2020-09-30": "0.06300", "2020-06-30": "0.06490", "2020-03-31": "0.07620", "2019-12-31": "0.08130", "2019-09-30": "0.09350", "2019-06-30": "0.09810", "2019-03-31": "0.10610", "2018-12-31": "0.11590", "2018-09-30": "0.16420", "2018-06-30": "0.17540", "2018-03-31": "0.19220", "2017-12-31": "0.22230", "2017-09-30": "0.23930", "2017-06-30": "0.22760", "2017-03-31": "0.23920", "2016-12-31": "0.28040", "2016-09-30": "0.29470", "2016-06-30": "0.33230", "2016-03-31": "0.37190", "2015-12-31": "0.40340", "2015-09-30": "0.42840", "2015-06-30": "0.42280", "2015-03-31": "0.44060", "2014-12-31": "0.41970", "2014-09-30": "0.41210", "2014-06-30": "0.30660", "2014-03-31": "0.29810", "2013-12-31": "0.26530", "2013-09-30": "0.22990", "2013-06-30": "0.20410", "2013-03-31": "0.43820", "2012-12-31": "0.36360", "2012-09-30": "0.33430", "2012-06-30": "0.31730", "2012-03-31": "0.31630", "2011-12-31": "0.32930", "2011-09-30": "0.38000", "2011-06-30": "0.49900", "2011-03-31": "0.50530", "2010-12-31": "0.44250", "2010-09-30": "0.42840", "2010-06-30": "0.09460", "2010-03-31": "0.11230", "2009-12-31": "0.10000", "2009-09-30": "0.30160", "2009-06-30": "0.16490", "2009-03-31": "0.28910", "2008-12-31": "0.54620", "2008-09-30": "0.45110", "2008-06-30": "0.54510", "2008-03-31": "0.48580", "2007-12-31": "", "2007-09-30": "", "2007-06-30": "", "2007-03-31": "0.03840", "2006-12-31": "0.03800", "2006-09-30": "0.13560", "2006-06-30": "0.50720", "2006-03-31": "0.43610", "2005-12-31": "0.42950", "2005-09-30": "0.68840", "2005-06-30": "0.73150", "2005-03-31": "1.02600"}, "Debt/Equity Ratio": {"2020-09-30": "0.06720", "2020-06-30": "0.06940", "2020-03-31": "0.08250", "2019-12-31": "0.08850", "2019-09-30": "0.10310", "2019-06-30": "0.10880", "2019-03-31": "0.11860", "2018-12-31": "0.13110", "2018-09-30": "0.20040", "2018-06-30": "0.21830", "2018-03-31": "0.24480", "2017-12-31": "0.29690", "2017-09-30": "0.32560", "2017-06-30": "0.30450", "2017-03-31": "0.32590", "2016-12-31": "0.62830", "2016-09-30": "0.67890", "2016-06-30": "0.70210", "2016-03-31": "0.73870", "2015-12-31": "0.75550", "2015-09-30": "0.76250", "2015-06-30": "0.78650", "2015-03-31": "0.83600", "2014-12-31": "0.75260", "2014-09-30": "0.71650", "2014-06-30": "0.45900", "2014-03-31": "0.43970", "2013-12-31": "0.37350", "2013-09-30": "0.30850", "2013-06-30": "0.26360", "2013-03-31": "0.78880", "2012-12-31": "0.58280", "2012-09-30": "0.50220", "2012-06-30": "0.46470", "2012-03-31": "0.46270", "2011-12-31": "0.49110", "2011-09-30": "0.75470", "2011-06-30": "1.22520", "2011-03-31": "1.25640", "2010-12-31": "1.06550", "2010-09-30": "0.81910", "2010-06-30": "0.15980", "2010-03-31": "0.12650", "2009-12-31": "0.14030", "2009-09-30": "0.43180", "2009-06-30": "0.19750", "2009-03-31": "0.40670", "2008-12-31": "1.20360", "2008-09-30": "0.82170", "2008-06-30": "1.19830", "2008-03-31": "1.01070", "2007-12-31": "0.07370", "2007-09-30": "0.06020", "2007-06-30": "0.14980", "2007-03-31": "0.12390", "2006-12-31": "0.24060", "2006-09-30": "0.23980", "2006-06-30": "1.02910", "2006-03-31": "0.77320", "2005-12-31": "0.75300", "2005-09-30": "2.20950", "2005-06-30": "2.72450", "2005-03-31": "-39.45320"}, "Gross Margin": {"2020-09-30": "87.89670", "2020-06-30": "87.89620", "2020-03-31": "89.27490", "2019-12-31": "86.90890", "2019-09-30": "86.11180", "2019-06-30": "85.57940", "2019-03-31": "88.92260", "2018-12-31": "85.94550", "2018-09-30": "85.81900", "2018-06-30": "86.12230", "2018-03-31": "88.82440", "2017-12-31": "87.10140", "2017-09-30": "87.39560", "2017-06-30": "86.91410", "2017-03-31": "93.42570", "2016-12-31": "86.81460", "2016-09-30": "86.93110", "2016-06-30": "89.51550", "2016-03-31": "87.27670", "2015-12-31": "84.83380", "2015-09-30": "89.68420", "2015-06-30": "89.84800", "2015-03-31": "91.11470", "2014-12-31": "90.29650", "2014-09-30": "92.07540", "2014-06-30": "87.50190", "2014-03-31": "86.93470", "2013-12-31": "93.65990", "2013-09-30": "87.66850", "2013-06-30": "87.79370", "2013-03-31": "86.98320", "2012-12-31": "73.73760", "2012-09-30": "88.53120", "2012-06-30": "72.64600", "2012-03-31": "91.06280", "2011-12-31": "94.65210", "2011-09-30": "94.17390", "2011-06-30": "91.86710", "2011-03-31": "96.38080", "2010-12-31": "95.34680", "2010-09-30": "86.43410", "2010-06-30": "90.24100", "2010-03-31": "84.98820", "2009-12-31": "89.23840", "2009-09-30": "85.12640", "2009-06-30": "82.86300", "2009-03-31": "85.08690", "2008-12-31": "87.15370", "2008-09-30": "86.73160", "2008-06-30": "94.66790", "2008-03-31": "91.41930", "2007-12-31": "92.79890", "2007-09-30": "91.31520", "2007-06-30": "91.09590", "2007-03-31": "95.24920", "2006-12-31": "96.62930", "2006-09-30": "94.15830", "2006-06-30": "90.29470", "2006-03-31": "92.33760", "2005-12-31": "95.63490", "2005-09-30": "92.27770", "2005-06-30": "92.29910", "2005-03-31": "92.90360"}, "Operating Margin": {"2020-09-30": "43.70110", "2020-06-30": "47.10000", "2020-03-31": "47.53620", "2019-12-31": "39.02060", "2019-09-30": "10.45800", "2019-06-30": "28.67970", "2019-03-31": "32.24570", "2018-12-31": "14.67890", "2018-09-30": "26.21290", "2018-06-30": "22.98430", "2018-03-31": "20.11570", "2017-12-31": "19.29560", "2017-09-30": "-56.39270", "2017-06-30": "9.68640", "2017-03-31": "37.89500", "2016-12-31": "8.64170", "2016-09-30": "-4.52580", "2016-06-30": "0.77690", "2016-03-31": "-3.59980", "2015-12-31": "-12.84990", "2015-09-30": "-22.60240", "2015-06-30": "-103.06360", "2015-03-31": "-124.16880", "2014-12-31": "-106.27380", "2014-09-30": "-79.44880", "2014-06-30": "-130.42960", "2014-03-31": "-182.38930", "2013-12-31": "2.49710", "2013-09-30": "-55.73120", "2013-06-30": "-18.32120", "2013-03-31": "-133.47460", "2012-12-31": "-9.90470", "2012-09-30": "-0.31870", "2012-06-30": "-2.57470", "2012-03-31": "20.88930", "2011-12-31": "39.74540", "2011-09-30": "32.72260", "2011-06-30": "-144.97830", "2011-03-31": "-217.07120", "2010-12-31": "-254.30980", "2010-09-30": "-838.78130", "2010-06-30": "-536.25010", "2010-03-31": "-714.61940", "2009-12-31": "-432.94010", "2009-09-30": "-593.95370", "2009-06-30": "-824.41780", "2009-03-31": "-675.14500", "2008-12-31": "-432.36370", "2008-09-30": "-413.26200", "2008-06-30": "-131.79990", "2008-03-31": "-236.91910", "2007-12-31": "-179.92630", "2007-09-30": "-277.45410", "2007-06-30": "-328.88270", "2007-03-31": "-128.80250", "2006-12-31": "-37.06270", "2006-09-30": "-116.58500", "2006-06-30": "-266.50740", "2006-03-31": "-134.97070", "2005-12-31": "-41.39850", "2005-09-30": "-117.33090", "2005-06-30": "-119.41460", "2005-03-31": "-148.22070"}, "EBIT Margin": {"2020-09-30": "43.70110", "2020-06-30": "47.10000", "2020-03-31": "47.53620", "2019-12-31": "39.02060", "2019-09-30": "10.45800", "2019-06-30": "28.67970", "2019-03-31": "32.24570", "2018-12-31": "14.67890", "2018-09-30": "26.21290", "2018-06-30": "22.98430", "2018-03-31": "20.11570", "2017-12-31": "19.29560", "2017-09-30": "-56.39270", "2017-06-30": "9.68640", "2017-03-31": "37.89500", "2016-12-31": "8.64170", "2016-09-30": "-4.52580", "2016-06-30": "0.77690", "2016-03-31": "-3.59980", "2015-12-31": "-12.84990", "2015-09-30": "-22.60240", "2015-06-30": "-103.06360", "2015-03-31": "-124.16880", "2014-12-31": "-106.27380", "2014-09-30": "-79.44880", "2014-06-30": "-130.42960", "2014-03-31": "-182.38930", "2013-12-31": "2.49720", "2013-09-30": "-55.73120", "2013-06-30": "-18.32120", "2013-03-31": "-133.47460", "2012-12-31": "-9.90470", "2012-09-30": "-0.31870", "2012-06-30": "-2.57470", "2012-03-31": "20.88930", "2011-12-31": "39.74540", "2011-09-30": "32.72260", "2011-06-30": "-144.97830", "2011-03-31": "-217.07120", "2010-12-31": "-254.30980", "2010-09-30": "-838.78130", "2010-06-30": "-536.25010", "2010-03-31": "-714.61940", "2009-12-31": "-432.94010", "2009-09-30": "-593.95370", "2009-06-30": "-824.41780", "2009-03-31": "-675.14500", "2008-12-31": "-432.36380", "2008-09-30": "-413.26200", "2008-06-30": "-131.79990", "2008-03-31": "-236.91910", "2007-12-31": "-179.92630", "2007-09-30": "-277.45410", "2007-06-30": "-328.88270", "2007-03-31": "-128.80250", "2006-12-31": "-37.06260", "2006-09-30": "-116.58500", "2006-06-30": "-266.50740", "2006-03-31": "-134.97070", "2005-12-31": "-41.39850", "2005-09-30": "-117.33090", "2005-06-30": "-119.41460", "2005-03-31": "-148.22070"}, "EBITDA Margin": {"2020-09-30": "", "2020-06-30": "", "2020-03-31": "", "2019-12-31": "", "2019-09-30": "", "2019-06-30": "", "2019-03-31": "", "2018-12-31": "", "2018-09-30": "", "2018-06-30": "", "2018-03-31": "", "2017-12-31": "", "2017-09-30": "", "2017-06-30": "", "2017-03-31": "", "2016-12-31": "", "2016-09-30": "", "2016-06-30": "", "2016-03-31": "", "2015-12-31": "", "2015-09-30": "", "2015-06-30": "", "2015-03-31": "", "2014-12-31": "", "2014-09-30": "", "2014-06-30": "", "2014-03-31": "", "2013-12-31": "", "2013-09-30": "", "2013-06-30": "", "2013-03-31": "", "2012-12-31": "", "2012-09-30": "", "2012-06-30": "", "2012-03-31": "", "2011-12-31": "", "2011-09-30": "", "2011-06-30": "", "2011-03-31": "", "2010-12-31": "", "2010-09-30": "", "2010-06-30": "", "2010-03-31": "", "2009-12-31": "", "2009-09-30": "", "2009-06-30": "", "2009-03-31": "", "2008-12-31": "", "2008-09-30": "", "2008-06-30": "", "2008-03-31": "", "2007-12-31": "", "2007-09-30": "", "2007-06-30": "", "2007-03-31": "", "2006-12-31": "", "2006-09-30": "", "2006-06-30": "", "2006-03-31": "", "2005-12-31": "", "2005-09-30": "", "2005-06-30": "", "2005-03-31": ""}, "Pre-Tax Profit Margin": {"2020-09-30": "48.48760", "2020-06-30": "54.10160", "2020-03-31": "43.39850", "2019-12-31": "47.89970", "2019-09-30": "7.43990", "2019-06-30": "34.75410", "2019-03-31": "37.29640", "2018-12-31": "3.73480", "2018-09-30": "17.40020", "2018-06-30": "28.79600", "2018-03-31": "33.49600", "2017-12-31": "17.25540", "2017-09-30": "-72.15410", "2017-06-30": "6.52520", "2017-03-31": "35.47320", "2016-12-31": "4.42680", "2016-09-30": "-9.43340", "2016-06-30": "-4.17530", "2016-03-31": "-7.69120", "2015-12-31": "-18.19610", "2015-09-30": "-29.85190", "2015-06-30": "-114.92390", "2015-03-31": "-143.24340", "2014-12-31": "-123.54660", "2014-09-30": "-93.06650", "2014-06-30": "-114.43060", "2014-03-31": "-195.27740", "2013-12-31": "-0.19730", "2013-09-30": "-53.63100", "2013-06-30": "-20.43800", "2013-03-31": "-134.89130", "2012-12-31": "-10.89690", "2012-09-30": "-1.52140", "2012-06-30": "-3.44370", "2012-03-31": "20.03660", "2011-12-31": "37.41990", "2011-09-30": "30.43230", "2011-06-30": "-152.82630", "2011-03-31": "-239.05950", "2010-12-31": "-275.30670", "2010-09-30": "-878.15500", "2010-06-30": "-632.49000", "2010-03-31": "-736.86290", "2009-12-31": "-468.12820", "2009-09-30": "-599.29080", "2009-06-30": "-898.53650", "2009-03-31": "-678.39370", "2008-12-31": "-433.79330", "2008-09-30": "-411.41440", "2008-06-30": "-131.56940", "2008-03-31": "-230.72350", "2007-12-31": "-168.16570", "2007-09-30": "-260.96700", "2007-06-30": "-308.32290", "2007-03-31": "-117.32020", "2006-12-31": "-29.01100", "2006-09-30": "-97.20960", "2006-06-30": "-261.24610", "2006-03-31": "-130.81840", "2005-12-31": "-59.80770", "2005-09-30": "-219.78620", "2005-06-30": "-126.81540", "2005-03-31": "-156.33080"}, "Net Profit Margin": {"2020-09-30": "43.38860", "2020-06-30": "54.92150", "2020-03-31": "39.78290", "2019-12-31": "41.26860", "2019-09-30": "6.05560", "2019-06-30": "28.41060", "2019-03-31": "31.29310", "2018-12-31": "178.19980", "2018-09-30": "16.41050", "2018-06-30": "27.56870", "2018-03-31": "32.81260", "2017-12-31": "15.45100", "2017-09-30": "-17.80670", "2017-06-30": "3.30730", "2017-03-31": "34.66490", "2016-12-31": "7.18220", "2016-09-30": "-9.38680", "2016-06-30": "-14.94990", "2016-03-31": "-10.45800", "2015-12-31": "-17.64170", "2015-09-30": "-30.71150", "2015-06-30": "-113.71180", "2015-03-31": "-143.38850", "2014-12-31": "-122.20590", "2014-09-30": "-95.01250", "2014-06-30": "-115.14290", "2014-03-31": "-196.24740", "2013-12-31": "12.61120", "2013-09-30": "-55.99100", "2013-06-30": "-18.39580", "2013-03-31": "-93.80210", "2012-12-31": "-22.52800", "2012-09-30": "-17.12560", "2012-06-30": "-15.52240", "2012-03-31": "20.66930", "2011-12-31": "28.15870", "2011-09-30": "33.54220", "2011-06-30": "-152.12630", "2011-03-31": "-239.05950", "2010-12-31": "-275.30670", "2010-09-30": "-878.15500", "2010-06-30": "-632.49000", "2010-03-31": "-736.86290", "2009-12-31": "-468.12830", "2009-09-30": "-599.29080", "2009-06-30": "-898.53650", "2009-03-31": "-678.39360", "2008-12-31": "-433.79350", "2008-09-30": "-411.41450", "2008-06-30": "-131.56940", "2008-03-31": "-230.72340", "2007-12-31": "-168.16560", "2007-09-30": "-260.96700", "2007-06-30": "-308.32280", "2007-03-31": "-117.32020", "2006-12-31": "-29.01100", "2006-09-30": "-97.20960", "2006-06-30": "-261.24600", "2006-03-31": "-128.14230", "2005-12-31": "-59.80770", "2005-09-30": "-219.78620", "2005-06-30": "-126.81540", "2005-03-31": "-156.33080"}, "Asset Turnover": {"2020-09-30": "0.13610", "2020-06-30": "0.14920", "2020-03-31": "0.17040", "2019-12-31": "0.16990", "2019-09-30": "0.12640", "2019-06-30": "0.13380", "2019-03-31": "0.13120", "2018-12-31": "0.13930", "2018-09-30": "0.16980", "2018-06-30": "0.17350", "2018-03-31": "0.16210", "2017-12-31": "0.18380", "2017-09-30": "0.18080", "2017-06-30": "0.16560", "2017-03-31": "0.24250", "2016-12-31": "0.15830", "2016-09-30": "0.15860", "2016-06-30": "0.16930", "2016-03-31": "0.16000", "2015-12-31": "0.16730", "2015-09-30": "0.12730", "2015-06-30": "0.07000", "2015-03-31": "0.06400", "2014-12-31": "0.06190", "2014-09-30": "0.07440", "2014-06-30": "0.06540", "2014-03-31": "0.05390", "2013-12-31": "0.15140", "2013-09-30": "0.08580", "2013-06-30": "0.12020", "2013-03-31": "0.13730", "2012-12-31": "0.12100", "2012-09-30": "0.12360", "2012-06-30": "0.16060", "2012-03-31": "0.18700", "2011-12-31": "0.25560", "2011-09-30": "0.31510", "2011-06-30": "0.06490", "2011-03-31": "0.04790", "2010-12-31": "0.03800", "2010-09-30": "0.01260", "2010-06-30": "0.01910", "2010-03-31": "0.01270", "2009-12-31": "0.01730", "2009-09-30": "0.01590", "2009-06-30": "0.01320", "2009-03-31": "0.01530", "2008-12-31": "0.03350", "2008-09-30": "0.02960", "2008-06-30": "0.07150", "2008-03-31": "0.04690", "2007-12-31": "0.08480", "2007-09-30": "0.06260", "2007-06-30": "0.05020", "2007-03-31": "0.08240", "2006-12-31": "0.10230", "2006-09-30": "0.05910", "2006-06-30": "0.04750", "2006-03-31": "0.07450", "2005-12-31": "0.11610", "2005-09-30": "0.06580", "2005-06-30": "0.05410", "2005-03-31": "0.05910"}, "Inventory Turnover Ratio": {"2020-09-30": "0.75850", "2020-06-30": "0.84170", "2020-03-31": "0.86860", "2019-12-31": "1.10450", "2019-09-30": "0.81270", "2019-06-30": "0.94910", "2019-03-31": "0.69560", "2018-12-31": "0.98330", "2018-09-30": "0.89610", "2018-06-30": "0.90750", "2018-03-31": "0.61030", "2017-12-31": "0.75160", "2017-09-30": "0.74220", "2017-06-30": "0.77180", "2017-03-31": "0.57290", "2016-12-31": "0.77940", "2016-09-30": "0.75320", "2016-06-30": "0.67960", "2016-03-31": "0.80140", "2015-12-31": "1.10800", "2015-09-30": "0.64960", "2015-06-30": "0.40040", "2015-03-31": "0.36100", "2014-12-31": "0.45470", "2014-09-30": "0.84670", "2014-06-30": "1.44380", "2014-03-31": "1.37430", "2013-12-31": "1.57380", "2013-09-30": "2.01960", "2013-06-30": "1.94430", "2013-03-31": "1.98510", "2012-12-31": "2.87930", "2012-09-30": "0.44670", "2012-06-30": "1.30310", "2012-03-31": "0.30260", "2011-12-31": "0.26800", "2011-09-30": "0.56770", "2011-06-30": "0.17680", "2011-03-31": "0.14960", "2010-12-31": "", "2010-09-30": "", "2010-06-30": "", "2010-03-31": "", "2009-12-31": "", "2009-09-30": "", "2009-06-30": "", "2009-03-31": "", "2008-12-31": "", "2008-09-30": "", "2008-06-30": "", "2008-03-31": "", "2007-12-31": "", "2007-09-30": "", "2007-06-30": "", "2007-03-31": "", "2006-12-31": "", "2006-09-30": "", "2006-06-30": "", "2006-03-31": "", "2005-12-31": "", "2005-09-30": "", "2005-06-30": "", "2005-03-31": ""}, "Receiveable Turnover": {"2020-09-30": "1.94250", "2020-06-30": "1.92540", "2020-03-31": "1.79250", "2019-12-31": "2.23080", "2019-09-30": "2.14260", "2019-06-30": "2.02470", "2019-03-31": "1.95860", "2018-12-31": "2.12380", "2018-09-30": "2.06590", "2018-06-30": "1.91180", "2018-03-31": "1.95790", "2017-12-31": "2.31620", "2017-09-30": "2.19420", "2017-06-30": "2.19450", "2017-03-31": "3.43690", "2016-12-31": "2.28940", "2016-09-30": "2.27070", "2016-06-30": "2.27930", "2016-03-31": "2.18870", "2015-12-31": "2.40420", "2015-09-30": "1.87460", "2015-06-30": "1.75710", "2015-03-31": "1.72420", "2014-12-31": "1.90300", "2014-09-30": "1.56580", "2014-06-30": "1.69130", "2014-03-31": "1.97890", "2013-12-31": "4.10630", "2013-09-30": "1.84320", "2013-06-30": "1.88490", "2013-03-31": "1.69210", "2012-12-31": "2.33150", "2012-09-30": "2.40640", "2012-06-30": "2.25360", "2012-03-31": "1.88930", "2011-12-31": "3.07610", "2011-09-30": "1.47920", "2011-06-30": "1.19170", "2011-03-31": "13.16800", "2010-12-31": "5.22980", "2010-09-30": "4.79350", "2010-06-30": "8.91260", "2010-03-31": "2.84780", "2009-12-31": "3.52970", "2009-09-30": "0.58100", "2009-06-30": "1.29140", "2009-03-31": "1.43570", "2008-12-31": "1.39690", "2008-09-30": "1.43900", "2008-06-30": "4.51730", "2008-03-31": "1.67880", "2007-12-31": "1.62810", "2007-09-30": "1.18340", "2007-06-30": "1.02710", "2007-03-31": "1.56040", "2006-12-31": "1.49790", "2006-09-30": "1.25050", "2006-06-30": "0.16180", "2006-03-31": "1.64380", "2005-12-31": "3.09570", "2005-09-30": "1.74370", "2005-06-30": "2.31840", "2005-03-31": "2.63260"}, "Days Sales In Receivables": {"2020-09-30": "46.33290", "2020-06-30": "46.74310", "2020-03-31": "50.21050", "2019-12-31": "40.34390", "2019-09-30": "42.00590", "2019-06-30": "44.45060", "2019-03-31": "45.95190", "2018-12-31": "42.37640", "2018-09-30": "43.56460", "2018-06-30": "47.07730", "2018-03-31": "45.96830", "2017-12-31": "38.85750", "2017-09-30": "41.01660", "2017-06-30": "41.01080", "2017-03-31": "26.18650", "2016-12-31": "39.31220", "2016-09-30": "39.63580", "2016-06-30": "39.48500", "2016-03-31": "41.11990", "2015-12-31": "37.43510", "2015-09-30": "48.01070", "2015-06-30": "51.22180", "2015-03-31": "52.19790", "2014-12-31": "47.29490", "2014-09-30": "57.47750", "2014-06-30": "53.21290", "2014-03-31": "45.48060", "2013-12-31": "21.91760", "2013-09-30": "48.82860", "2013-06-30": "47.74880", "2013-03-31": "53.18690", "2012-12-31": "38.60100", "2012-09-30": "37.40000", "2012-06-30": "39.93650", "2012-03-31": "47.63790", "2011-12-31": "29.25790", "2011-09-30": "60.84570", "2011-06-30": "75.52120", "2011-03-31": "6.83470", "2010-12-31": "17.20910", "2010-09-30": "18.77540", "2010-06-30": "10.09800", "2010-03-31": "31.60370", "2009-12-31": "25.49770", "2009-09-30": "154.90810", "2009-06-30": "69.69050", "2009-03-31": "62.68740", "2008-12-31": "64.42990", "2008-09-30": "62.54360", "2008-06-30": "19.92320", "2008-03-31": "53.61130", "2007-12-31": "55.27930", "2007-09-30": "76.05260", "2007-06-30": "87.62720", "2007-03-31": "57.67930", "2006-12-31": "60.08310", "2006-09-30": "71.97100", "2006-06-30": "556.08290", "2006-03-31": "54.75250", "2005-12-31": "29.07260", "2005-09-30": "51.61320", "2005-06-30": "38.81970", "2005-03-31": "34.18650"}, "ROE - Return On Equity": {"2020-09-30": "8.20600", "2020-06-30": "11.13500", "2020-03-31": "9.32820", "2019-12-31": "9.58440", "2019-09-30": "1.09490", "2019-06-30": "5.27470", "2019-03-31": "5.68730", "2018-12-31": "34.38620", "2018-09-30": "4.37750", "2018-06-30": "7.59700", "2018-03-31": "9.35080", "2017-12-31": "5.00340", "2017-09-30": "-16.15240", "2017-06-30": "1.66930", "2017-03-31": "14.82940", "2016-12-31": "2.07440", "2016-09-30": "-3.27200", "2016-06-30": "-3.09290", "2016-03-31": "-3.23440", "2015-12-31": "-6.82760", "2015-09-30": "-8.71300", "2015-06-30": "-21.08270", "2015-03-31": "-19.91950", "2014-12-31": "-16.47870", "2014-09-30": "-14.70670", "2014-06-30": "-13.57100", "2014-03-31": "-18.85740", "2013-12-31": "-0.57710", "2013-09-30": "-8.39320", "2013-06-30": "-4.08840", "2013-03-31": "-33.33050", "2012-12-31": "0.44570", "2012-09-30": "-2.15800", "2012-06-30": "-2.85880", "2012-03-31": "8.22750", "2011-12-31": "20.26340", "2011-09-30": "32.91110", "2011-06-30": "-48.27490", "2011-03-31": "-44.96000", "2010-12-31": "-35.79400", "2010-09-30": "-32.14250", "2010-06-30": "-24.18060", "2010-03-31": "-16.68370", "2009-12-31": "-14.47030", "2009-09-30": "-24.56940", "2009-06-30": "-23.49570", "2009-03-31": "-23.01360", "2008-12-31": "-59.58460", "2008-09-30": "-37.16680", "2008-06-30": "-38.06230", "2008-03-31": "-31.60310", "2007-12-31": "-31.60800", "2007-09-30": "-32.23550", "2007-06-30": "-28.40600", "2007-03-31": "-16.10380", "2006-12-31": "-5.40460", "2006-09-30": "-10.20190", "2006-06-30": "-44.37700", "2006-03-31": "-21.95380", "2005-12-31": "-15.94270", "2005-09-30": "-59.69310", "2005-06-30": "-33.33500", "2005-03-31": "526.67490"}, "Return On Tangible Equity": {"2020-09-30": "9.91540", "2020-06-30": "13.68740", "2020-03-31": "11.91330", "2019-12-31": "12.45410", "2019-09-30": "1.19680", "2019-06-30": "5.32770", "2019-03-31": "5.74870", "2018-12-31": "34.78130", "2018-09-30": "4.49920", "2018-06-30": "7.82580", "2018-03-31": "9.66650", "2017-12-31": "5.20580", "2017-09-30": "-16.89620", "2017-06-30": "2.03390", "2017-03-31": "18.51150", "2016-12-31": "2.76630", "2016-09-30": "-4.52570", "2016-06-30": "-4.33400", "2016-03-31": "-4.61970", "2015-12-31": "-9.83910", "2015-09-30": "-12.64350", "2015-06-30": "-30.97330", "2015-03-31": "-21.39770", "2014-12-31": "-17.58420", "2014-09-30": "-15.11190", "2014-06-30": "-13.93960", "2014-03-31": "-19.34440", "2013-12-31": "-0.59060", "2013-09-30": "-10.42120", "2013-06-30": "-5.02600", "2013-03-31": "-47.62990", "2012-12-31": "1.06310", "2012-09-30": "-4.97540", "2012-06-30": "-6.74260", "2012-03-31": "23.52210", "2011-12-31": "80.40760", "2011-09-30": "-8013.18200", "2011-06-30": "51.11770", "2011-03-31": "114.99780", "2010-12-31": "441.82330", "2010-09-30": "-198.45110", "2010-06-30": "-70.84050", "2010-03-31": "-37.07210", "2009-12-31": "-28.76360", "2009-09-30": "-263.58810", "2009-06-30": "-97.17660", "2009-03-31": "-105.58450", "2008-12-31": "-59.58460", "2008-09-30": "-37.16680", "2008-06-30": "-38.06230", "2008-03-31": "-31.60310", "2007-12-31": "-31.60800", "2007-09-30": "-32.23550", "2007-06-30": "-28.40600", "2007-03-31": "-16.10380", "2006-12-31": "-5.40460", "2006-09-30": "-10.20190", "2006-06-30": "-44.37700", "2006-03-31": "-21.95380", "2005-12-31": "-15.94270", "2005-09-30": "-59.69310", "2005-06-30": "-33.33500", "2005-03-31": "526.67550"}, "ROA - Return On Assets": {"2020-09-30": "5.90560", "2020-06-30": "8.19540", "2020-03-31": "6.77770", "2019-12-31": "7.01130", "2019-09-30": "0.76540", "2019-06-30": "3.80220", "2019-03-31": "4.10560", "2018-12-31": "24.41760", "2018-09-30": "2.77990", "2018-06-30": "4.75740", "2018-03-31": "5.75010", "2017-12-31": "2.88170", "2017-09-30": "-9.10690", "2017-06-30": "0.94870", "2017-03-31": "8.46870", "2016-12-31": "0.95830", "2016-09-30": "-1.51500", "2016-06-30": "-1.41830", "2016-03-31": "-1.45110", "2015-12-31": "-2.98840", "2015-09-30": "-3.85440", "2015-06-30": "-9.30860", "2015-03-31": "-9.17450", "2014-12-31": "-7.73710", "2014-09-30": "-7.06530", "2014-06-30": "-7.51190", "2014-03-31": "-10.56440", "2013-12-31": "-0.33760", "2013-09-30": "-4.70250", "2013-06-30": "-2.38790", "2013-03-31": "-13.06840", "2012-12-31": "0.19320", "2012-09-30": "-0.97350", "2012-06-30": "-1.32320", "2012-03-31": "3.74600", "2011-12-31": "8.53530", "2011-09-30": "10.92030", "2011-06-30": "-11.30500", "2011-03-31": "-11.44610", "2010-12-31": "-10.45480", "2010-09-30": "-11.06280", "2010-06-30": "-12.09080", "2010-03-31": "-9.33580", "2009-12-31": "-8.11280", "2009-09-30": "-9.50530", "2009-06-30": "-11.89670", "2009-03-31": "-10.38850", "2008-12-31": "-14.51660", "2008-09-30": "-12.18150", "2008-06-30": "-9.40670", "2008-03-31": "-10.80980", "2007-12-31": "-14.25670", "2007-09-30": "-16.33720", "2007-06-30": "-15.47390", "2007-03-31": "-9.66690", "2006-12-31": "-2.96710", "2006-09-30": "-5.74230", "2006-06-30": "-12.41580", "2006-03-31": "-9.74600", "2005-12-31": "-6.94560", "2005-09-30": "-14.45360", "2005-06-30": "-6.86680", "2005-03-31": "-9.23530"}, "ROI - Return On Investment": {"2020-09-30": "7.68930", "2020-06-30": "10.41210", "2020-03-31": "8.61740", "2019-12-31": "8.80510", "2019-09-30": "0.99260", "2019-06-30": "4.75720", "2019-03-31": "5.08420", "2018-12-31": "30.40010", "2018-09-30": "3.65870", "2018-06-30": "6.26410", "2018-03-31": "7.55400", "2017-12-31": "3.89100", "2017-09-30": "-12.28690", "2017-06-30": "1.28930", "2017-03-31": "11.28200", "2016-12-31": "1.49280", "2016-09-30": "-2.30790", "2016-06-30": "-2.06520", "2016-03-31": "-2.03150", "2015-12-31": "-4.07350", "2015-09-30": "-4.98080", "2015-06-30": "-12.16990", "2015-03-31": "-11.14280", "2014-12-31": "-9.56200", "2014-09-30": "-8.64670", "2014-06-30": "-9.41030", "2014-03-31": "-13.23530", "2013-12-31": "-0.42400", "2013-09-30": "-6.46380", "2013-06-30": "-3.25380", "2013-03-31": "-18.72540", "2012-12-31": "0.28370", "2012-09-30": "-1.43650", "2012-06-30": "-1.95180", "2012-03-31": "5.62490", "2011-12-31": "13.58980", "2011-09-30": "20.40440", "2011-06-30": "-24.18730", "2011-03-31": "-22.24360", "2010-12-31": "-19.95550", "2010-09-30": "-18.37270", "2010-06-30": "-21.89350", "2010-03-31": "-14.81020", "2009-12-31": "-13.02380", "2009-09-30": "-17.16010", "2009-06-30": "-19.62040", "2009-03-31": "-16.35960", "2008-12-31": "-27.04010", "2008-09-30": "-20.40250", "2008-06-30": "-17.31450", "2008-03-31": "-16.24900", "2007-12-31": "-31.60800", "2007-09-30": "-32.23550", "2007-06-30": "-28.40600", "2007-03-31": "-15.48600", "2006-12-31": "-5.19920", "2006-09-30": "-8.81870", "2006-06-30": "-21.87010", "2006-03-31": "-12.38060", "2005-12-31": "-9.09460", "2005-09-30": "-18.59910", "2005-06-30": "-8.95020", "2005-03-31": "-13.69650"}, "Book Value Per Share": {"2020-09-30": "31.26170", "2020-06-30": "28.90640", "2020-03-31": "24.94090", "2019-12-31": "23.49580", "2019-09-30": "20.42020", "2019-06-30": "19.75280", "2019-03-31": "18.42520", "2018-12-31": "17.38120", "2018-09-30": "11.48030", "2018-06-30": "10.65150", "2018-03-31": "9.53760", "2017-12-31": "8.06430", "2017-09-30": "7.13640", "2017-06-30": "7.44600", "2017-03-31": "6.76120", "2016-12-31": "5.38940", "2016-09-30": "4.87180", "2016-06-30": "4.71870", "2016-03-31": "4.51380", "2015-12-31": "4.44010", "2015-09-30": "4.38330", "2015-06-30": "4.29000", "2015-03-31": "4.09530", "2014-12-31": "4.53410", "2014-09-30": "4.81150", "2014-06-30": "4.93940", "2014-03-31": "5.21110", "2013-12-31": "5.80180", "2013-09-30": "6.19480", "2013-06-30": "6.50130", "2013-03-31": "4.28970", "2012-12-31": "5.50360", "2012-09-30": "5.66900", "2012-06-30": "5.59660", "2012-03-31": "5.06530", "2011-12-31": "4.43600", "2011-09-30": "3.32990", "2011-06-30": "1.99000", "2011-03-31": "1.90630", "2010-12-31": "2.47620", "2010-09-30": "3.20090", "2010-06-30": "4.08400", "2010-03-31": "4.90100", "2009-12-31": "5.48300", "2009-09-30": "3.36510", "2009-06-30": "4.04580", "2009-03-31": "4.08620", "2008-12-31": "1.57940", "2008-09-30": "2.32620", "2008-06-30": "1.70020", "2008-03-31": "2.16730", "2007-12-31": "2.04170", "2007-09-30": "2.51220", "2007-06-30": "3.15700", "2007-03-31": "3.83180", "2006-12-31": "4.01150", "2006-09-30": "4.05370", "2006-06-30": "1.58220", "2006-03-31": "2.11980", "2005-12-31": "2.21150", "2005-09-30": "1.34820", "2005-06-30": "1.28990", "2005-03-31": "-0.10460"}, "Operating Cash Flow Per Share": {"2020-09-30": 3.4194, "2020-06-30": 3.944, "2020-03-31": "3.09550", "2019-12-31": 1.7077, "2019-09-30": 1.2777, "2019-06-30": 1.7866, "2019-03-31": "1.24830", "2018-12-31": 1.2223, "2018-09-30": 1.4576, "2018-06-30": 1.2439, "2018-03-31": "0.97730", "2017-12-31": 0.8696, "2017-09-30": 0.6893, "2017-06-30": 0.7095, "2017-03-31": "1.06830", "2016-12-31": 0.5918, "2016-09-30": 0.2679, "2016-06-30": 0.1673, "2016-03-31": "-0.06210", "2015-12-31": 0.1163, "2015-09-30": -0.2496, "2015-06-30": -0.4532, "2015-03-31": "-0.92790", "2014-12-31": -0.7784, "2014-09-30": -0.3583, "2014-06-30": -0.5442, "2014-03-31": "-0.75470", "2013-12-31": 0.0792, "2013-09-30": -0.0485, "2013-06-30": 0.0049, "2013-03-31": "-0.30530", "2012-12-31": 0.1811, "2012-09-30": 0.4892, "2012-06-30": 0.5607, "2012-03-31": "0.01330", "2011-12-31": 2.3293, "2011-09-30": 0.3297, "2011-06-30": -1.0482, "2011-03-31": "-0.92240", "2010-12-31": -0.8345, "2010-09-30": -0.8126, "2010-06-30": -0.5361, "2010-03-31": "-0.98760", "2009-12-31": -0.6481, "2009-09-30": -0.0603, "2009-06-30": -0.569, "2009-03-31": "-1.19050", "2008-12-31": -0.6888, "2008-09-30": -0.9097, "2008-06-30": 0.772, "2008-03-31": "-0.78480", "2007-12-31": -0.4207, "2007-09-30": -0.4835, "2007-06-30": -0.514, "2007-03-31": "-0.53920", "2006-12-31": -0.0373, "2006-09-30": 0.9417, "2006-06-30": -0.5379, "2006-03-31": "-0.56500", "2005-12-31": -0.1831, "2005-09-30": -0.4232, "2005-06-30": -0.6314, "2005-03-31": "-0.69030"}, "Free Cash Flow Per Share": {"2020-09-30": 2.7579, "2020-06-30": 3.8762, "2020-03-31": "3.02160", "2019-12-31": 1.6436, "2019-09-30": 1.1848, "2019-06-30": 1.7235, "2019-03-31": "1.17900", "2018-12-31": 1.1609, "2018-09-30": 1.3782, "2018-06-30": 1.1294, "2018-03-31": "0.86400", "2017-12-31": 0.7025, "2017-09-30": 0.577, "2017-06-30": 0.6409, "2017-03-31": "1.02370", "2016-12-31": 0.5313, "2016-09-30": 0.2114, "2016-06-30": 0.1023, "2016-03-31": "-0.11120", "2015-12-31": 0.064, "2015-09-30": -0.2854, "2015-06-30": -0.5087, "2015-03-31": "-0.97200", "2014-12-31": -0.8413, "2014-09-30": -0.3966, "2014-06-30": -0.5939, "2014-03-31": "-0.82140", "2013-12-31": 0.0109, "2013-09-30": -0.1258, "2013-06-30": -0.0009, "2013-03-31": "-0.38240", "2012-12-31": 0.0522, "2012-09-30": 0.3902, "2012-06-30": 0.4862, "2012-03-31": "-0.01480", "2011-12-31": 2.2788, "2011-09-30": 0.2893, "2011-06-30": -1.099, "2011-03-31": "-0.94640", "2010-12-31": -0.9068, "2010-09-30": -0.8663, "2010-06-30": -0.5844, "2010-03-31": "-1.00320", "2009-12-31": -0.6947, "2009-09-30": -0.0846, "2009-06-30": -0.5914, "2009-03-31": "-1.23280", "2008-12-31": -0.7353, "2008-09-30": -0.9836, "2008-06-30": 0.7043, "2008-03-31": "-0.82570", "2007-12-31": -0.4626, "2007-09-30": -0.5437, "2007-06-30": -0.6144, "2007-03-31": "-0.58800", "2006-12-31": -0.0999, "2006-09-30": 0.886, "2006-06-30": -0.6365, "2006-03-31": "-0.63440", "2005-12-31": -0.2482, "2005-09-30": -0.4584, "2005-06-30": -0.6803, "2005-03-31": "-0.73110"}}, "revenue": {"Vertex Pharmaceuticals Annual Revenue (Millions of US $)": {"2020": "$6,206", "2019": "$4,163", "2018": "$3,048", "2017": "$2,489", "2016": "$1,702", "2015": "$1,032", "2014": "$580", "2013": "$1,212", "2012": "$1,527", "2011": "$1,411", "2010": "$143", "2009": "$102", "2008": "$176", "2007": "$199", "2006": "$216", "2005": "$161"}, "Vertex Pharmaceuticals Quarterly Revenue (Millions of US $)": {"2020-12-31": "$1,628", "2020-09-30": "$1,538", "2020-06-30": "$1,524", "2020-03-31": "$1,515", "2019-12-31": "$1,413", "2019-09-30": "$950", "2019-06-30": "$941", "2019-03-31": "$858", "2018-12-31": "$870", "2018-09-30": "$785", "2018-06-30": "$752", "2018-03-31": "$641", "2017-12-31": "$652", "2017-09-30": "$578", "2017-06-30": "$544", "2017-03-31": "$715", "2016-12-31": "$459", "2016-09-30": "$414", "2016-06-30": "$432", "2016-03-31": "$398", "2015-12-31": "$418", "2015-09-30": "$310", "2015-06-30": "$166", "2015-03-31": "$139", "2014-12-31": "$145", "2014-09-30": "$179", "2014-06-30": "$138", "2014-03-31": "$118", "2013-12-31": "$351", "2013-09-30": "$222", "2013-06-30": "$311", "2013-03-31": "$328", "2012-12-31": "$334", "2012-09-30": "$336", "2012-06-30": "$418", "2012-03-31": "$439", "2011-12-31": "$563", "2011-09-30": "$659", "2011-06-30": "$114", "2011-03-31": "$74", "2010-12-31": "$66", "2010-09-30": "$24", "2010-06-30": "$32", "2010-03-31": "$22", "2009-12-31": "$34", "2009-09-30": "$25", "2009-06-30": "$19", "2009-03-31": "$24", "2008-12-31": "$33", "2008-09-30": "$32", "2008-06-30": "$69", "2008-03-31": "$42", "2007-12-31": "$51", "2007-09-30": "$41", "2007-06-30": "$38", "2007-03-31": "$69", "2006-12-31": "$94", "2006-09-30": "$53", "2006-06-30": "$30", "2006-03-31": "$39", "2005-12-31": "$64", "2005-09-30": "$36", "2005-06-30": "$32", "2005-03-31": "$29"}}, "gross-profit": {"Vertex Pharmaceuticals Annual Gross Profit (Millions of US $)": {"2020": "$5,469", "2019": "$3,615", "2018": "$2,638", "2017": "$2,214", "2016": "$1,492", "2015": "$908", "2014": "$519", "2013": "$1,082", "2012": "$1,247", "2011": "$1,330", "2010": "$131", "2009": "$88", "2008": "$160", "2007": "$185", "2006": "$204", "2005": "$151"}, "Vertex Pharmaceuticals Quarterly Gross Profit (Millions of US $)": {"2020-12-31": "$1,425", "2020-09-30": "$1,352", "2020-06-30": "$1,340", "2020-03-31": "$1,353", "2019-12-31": "$1,228", "2019-09-30": "$818", "2019-06-30": "$806", "2019-03-31": "$763", "2018-12-31": "$748", "2018-09-30": "$673", "2018-06-30": "$648", "2018-03-31": "$569", "2017-12-31": "$568", "2017-09-30": "$505", "2017-06-30": "$473", "2017-03-31": "$668", "2016-12-31": "$398", "2016-09-30": "$360", "2016-06-30": "$386", "2016-03-31": "$347", "2015-12-31": "$355", "2015-09-30": "$278", "2015-06-30": "$149", "2015-03-31": "$126", "2014-12-31": "$131", "2014-09-30": "$165", "2014-06-30": "$121", "2014-03-31": "$103", "2013-12-31": "$329", "2013-09-30": "$194", "2013-06-30": "$273", "2013-03-31": "$286", "2012-12-31": "$246", "2012-09-30": "$297", "2012-06-30": "$304", "2012-03-31": "$400", "2011-12-31": "$533", "2011-09-30": "$621", "2011-06-30": "$105", "2011-03-31": "$71", "2010-12-31": "$62", "2010-09-30": "$21", "2010-06-30": "$29", "2010-03-31": "$19", "2009-12-31": "$30", "2009-09-30": "$21", "2009-06-30": "$16", "2009-03-31": "$20", "2008-12-31": "$29", "2008-09-30": "$27", "2008-06-30": "$66", "2008-03-31": "$38", "2007-12-31": "$47", "2007-09-30": "$37", "2007-06-30": "$35", "2007-03-31": "$66", "2006-12-31": "$91", "2006-09-30": "$50", "2006-06-30": "$27", "2006-03-31": "$36", "2005-12-31": "$61", "2005-09-30": "$33", "2005-06-30": "$30", "2005-03-31": "$27"}}, "operating-income": {"Vertex Pharmaceuticals Annual Operating Income (Millions of US $)": {"2020": "$2,856", "2019": "$1,198", "2018": "$635", "2017": "$123", "2016": "$10", "2015": "$-467", "2014": "$-692", "2013": "$-610", "2012": "$47", "2011": "$114", "2010": "$-696", "2009": "$-614", "2008": "$-463", "2007": "$-420", "2006": "$-229", "2005": "$-150"}, "Vertex Pharmaceuticals Quarterly Operating Income (Millions of US $)": {"2020-12-31": "$746", "2020-09-30": "$672", "2020-06-30": "$718", "2020-03-31": "$720", "2019-12-31": "$551", "2019-09-30": "$99", "2019-06-30": "$270", "2019-03-31": "$277", "2018-12-31": "$128", "2018-09-30": "$206", "2018-06-30": "$173", "2018-03-31": "$129", "2017-12-31": "$126", "2017-09-30": "$-326", "2017-06-30": "$53", "2017-03-31": "$271", "2016-12-31": "$40", "2016-09-30": "$-19", "2016-06-30": "$3", "2016-03-31": "$-14", "2015-12-31": "$-54", "2015-09-30": "$-70", "2015-06-30": "$-171", "2015-03-31": "$-172", "2014-12-31": "$-154", "2014-09-30": "$-142", "2014-06-30": "$-181", "2014-03-31": "$-216", "2013-12-31": "$9", "2013-09-30": "$-124", "2013-06-30": "$-57", "2013-03-31": "$-438", "2012-12-31": "$-33", "2012-09-30": "$-1", "2012-06-30": "$-11", "2012-03-31": "$92", "2011-12-31": "$224", "2011-09-30": "$216", "2011-06-30": "$-166", "2011-03-31": "$-160", "2010-12-31": "$-167", "2010-09-30": "$-200", "2010-06-30": "$-170", "2010-03-31": "$-160", "2009-12-31": "$-147", "2009-09-30": "$-148", "2009-06-30": "$-157", "2009-03-31": "$-162", "2008-12-31": "$-142", "2008-09-30": "$-131", "2008-06-30": "$-91", "2008-03-31": "$-99", "2007-12-31": "$-92", "2007-09-30": "$-114", "2007-06-30": "$-126", "2007-03-31": "$-89", "2006-12-31": "$-35", "2006-09-30": "$-62", "2006-06-30": "$-79", "2006-03-31": "$-53", "2005-12-31": "$-26", "2005-09-30": "$-42", "2005-06-30": "$-39", "2005-03-31": "$-42"}}, "ebitda": {"Vertex Pharmaceuticals Annual EBITDA (Millions of US $)": {"2019": "$1,305", "2018": "$708", "2017": "$185", "2016": "$71", "2015": "$-405", "2014": "$-629", "2013": "$-562", "2012": "$85", "2011": "$149", "2010": "$-666", "2009": "$-584", "2008": "$-431", "2007": "$-392", "2006": "$-203", "2005": "$-123"}, "Vertex Pharmaceuticals Quarterly EBITDA (Millions of US $)": {"2020-09-30": "$699", "2020-06-30": "$745", "2020-03-31": "$747", "2019-12-31": "$578", "2019-09-30": "$125", "2019-06-30": "$298", "2019-03-31": "$304", "2018-12-31": "$147", "2018-09-30": "$225", "2018-06-30": "$191", "2018-03-31": "$145", "2017-12-31": "$142", "2017-09-30": "$-311", "2017-06-30": "$68", "2017-03-31": "$286", "2016-12-31": "$55", "2016-09-30": "$-4", "2016-06-30": "$18", "2016-03-31": "$2", "2015-12-31": "$-38", "2015-09-30": "$-54", "2015-06-30": "$-157", "2015-03-31": "$-156", "2014-12-31": "$-137", "2014-09-30": "$-125", "2014-06-30": "$-166", "2014-03-31": "$-200", "2013-12-31": "$26", "2013-09-30": "$-114", "2013-06-30": "$-46", "2013-03-31": "$-428", "2012-12-31": "$-21", "2012-09-30": "$8", "2012-06-30": "$-2", "2012-03-31": "$100", "2011-12-31": "$234", "2011-09-30": "$223", "2011-06-30": "$-157", "2011-03-31": "$-151", "2010-12-31": "$-158", "2010-09-30": "$-193", "2010-06-30": "$-162", "2010-03-31": "$-153", "2009-12-31": "$-138", "2009-09-30": "$-141", "2009-06-30": "$-149", "2009-03-31": "$-155", "2008-12-31": "$-133", "2008-09-30": "$-123", "2008-06-30": "$-83", "2008-03-31": "$-91", "2007-12-31": "$-84", "2007-09-30": "$-107", "2007-06-30": "$-119", "2007-03-31": "$-82", "2006-12-31": "$-28", "2006-09-30": "$-56", "2006-06-30": "$-72", "2006-03-31": "$-47", "2005-12-31": "$-20", "2005-09-30": "$-35", "2005-06-30": "$-32", "2005-03-31": "$-36"}}, "net-income": {"Vertex Pharmaceuticals Annual Net Income (Millions of US $)": {"2020": "$2,712", "2019": "$1,177", "2018": "$2,097", "2017": "$263", "2016": "$-112", "2015": "$-556", "2014": "$-739", "2013": "$-445", "2012": "$-107", "2011": "$30", "2010": "$-755", "2009": "$-642", "2008": "$-460", "2007": "$-391", "2006": "$-207", "2005": "$-203"}, "Vertex Pharmaceuticals Quarterly Net Income (Millions of US $)": {"2020-12-31": "$604", "2020-09-30": "$667", "2020-06-30": "$837", "2020-03-31": "$603", "2019-12-31": "$583", "2019-09-30": "$58", "2019-06-30": "$267", "2019-03-31": "$269", "2018-12-31": "$1,551", "2018-09-30": "$129", "2018-06-30": "$207", "2018-03-31": "$210", "2017-12-31": "$101", "2017-09-30": "$-103", "2017-06-30": "$18", "2017-03-31": "$248", "2016-12-31": "$33", "2016-09-30": "$-39", "2016-06-30": "$-65", "2016-03-31": "$-42", "2015-12-31": "$-74", "2015-09-30": "$-95", "2015-06-30": "$-189", "2015-03-31": "$-199", "2014-12-31": "$-177", "2014-09-30": "$-170", "2014-06-30": "$-159", "2014-03-31": "$-232", "2013-12-31": "$44", "2013-09-30": "$-124", "2013-06-30": "$-57", "2013-03-31": "$-308", "2012-12-31": "$-75", "2012-09-30": "$-58", "2012-06-30": "$-65", "2012-03-31": "$91", "2011-12-31": "$159", "2011-09-30": "$221", "2011-06-30": "$-174", "2011-03-31": "$-176", "2010-12-31": "$-180", "2010-09-30": "$-209", "2010-06-30": "$-200", "2010-03-31": "$-165", "2009-12-31": "$-159", "2009-09-30": "$-150", "2009-06-30": "$-171", "2009-03-31": "$-163", "2008-12-31": "$-142", "2008-09-30": "$-130", "2008-06-30": "$-91", "2008-03-31": "$-96", "2007-12-31": "$-86", "2007-09-30": "$-107", "2007-06-30": "$-118", "2007-03-31": "$-81", "2006-12-31": "$-27", "2006-09-30": "$-52", "2006-06-30": "$-78", "2006-03-31": "$-50", "2005-12-31": "$-38", "2005-09-30": "$-80", "2005-06-30": "$-41", "2005-03-31": "$-45"}}, "eps-earnings-per-share-diluted": {"Vertex Pharmaceuticals Annual EPS": {"2020": "$10.29", "2019": "$4.51", "2018": "$8.09", "2017": "$1.04", "2016": "$-0.46", "2015": "$-2.31", "2014": "$-3.14", "2013": "$-1.98", "2012": "$-0.50", "2011": "$0.14", "2010": "$-3.77", "2009": "$-3.71", "2008": "$-3.27", "2007": "$-3.03", "2006": "$-1.83", "2005": "$-2.28"}, "Vertex Pharmaceuticals Quarterly EPS": {"2020-12-31": "$2.30", "2020-09-30": "$2.53", "2020-06-30": "$3.18", "2020-03-31": "$2.29", "2019-12-31": "$2.23", "2019-09-30": "$0.22", "2019-06-30": "$1.03", "2019-03-31": "$1.03", "2018-12-31": "$5.98", "2018-09-30": "$0.50", "2018-06-30": "$0.80", "2018-03-31": "$0.81", "2017-12-31": "$0.39", "2017-09-30": "$-0.41", "2017-06-30": "$0.07", "2017-03-31": "$0.99", "2016-12-31": "$0.13", "2016-09-30": "$-0.16", "2016-06-30": "$-0.26", "2016-03-31": "$-0.17", "2015-12-31": "$-0.31", "2015-09-30": "$-0.39", "2015-06-30": "$-0.78", "2015-03-31": "$-0.83", "2014-12-31": "$-0.74", "2014-09-30": "$-0.72", "2014-06-30": "$-0.68", "2014-03-31": "$-1.00", "2013-12-31": "$0.25", "2013-09-30": "$-0.54", "2013-06-30": "$-0.26", "2013-03-31": "$-1.43", "2012-12-31": "$-0.35", "2012-09-30": "$-0.27", "2012-06-30": "$-0.31", "2012-03-31": "$0.43", "2011-12-31": "$0.84", "2011-09-30": "$1.02", "2011-06-30": "$-0.85", "2011-03-31": "$-0.87", "2010-12-31": "$-0.90", "2010-09-30": "$-1.04", "2010-06-30": "$-1.00", "2010-03-31": "$-0.83", "2009-12-31": "$-0.84", "2009-09-30": "$-0.84", "2009-06-30": "$-0.99", "2009-03-31": "$-1.04", "2008-12-31": "$-0.96", "2008-09-30": "$-0.93", "2008-06-30": "$-0.66", "2008-03-31": "$-0.72", "2007-12-31": "$-0.66", "2007-09-30": "$-0.82", "2007-06-30": "$-0.91", "2007-03-31": "$-0.64", "2006-12-31": "$-0.18", "2006-09-30": "$-0.46", "2006-06-30": "$-0.72", "2006-03-31": "$-0.47", "2005-12-31": "$-0.38", "2005-09-30": "$-0.84", "2005-06-30": "$-0.50", "2005-03-31": "$-0.56"}}, "shares-outstanding": {"Vertex Pharmaceuticals Annual Shares Outstanding (Millions of Shares)": {"2020": "263", "2019": "261", "2018": "259", "2017": "253", "2016": "245", "2015": "241", "2014": "235", "2013": "225", "2012": "215", "2011": "209", "2010": "200", "2009": "173", "2008": "141", "2007": "129", "2006": "113", "2005": "89"}, "Vertex Pharmaceuticals Quarterly Shares Outstanding (Millions of Shares)": {"2020-12-31": "263", "2020-09-30": "264", "2020-06-30": "263", "2020-03-31": "264", "2019-12-31": "261", "2019-09-30": "260", "2019-06-30": "260", "2019-03-31": "260", "2018-12-31": "259", "2018-09-30": "260", "2018-06-30": "259", "2018-03-31": "259", "2017-12-31": "253", "2017-09-30": "250", "2017-06-30": "252", "2017-03-31": "249", "2016-12-31": "245", "2016-09-30": "245", "2016-06-30": "244", "2016-03-31": "244", "2015-12-31": "241", "2015-09-30": "242", "2015-06-30": "241", "2015-03-31": "239", "2014-12-31": "235", "2014-09-30": "236", "2014-06-30": "234", "2014-03-31": "233", "2013-12-31": "225", "2013-09-30": "231", "2013-06-30": "222", "2013-03-31": "215", "2012-12-31": "215", "2012-09-30": "214", "2012-06-30": "211", "2012-03-31": "219", "2011-12-31": "209", "2011-09-30": "219", "2011-06-30": "204", "2011-03-31": "202", "2010-12-31": "200", "2010-09-30": "201", "2010-06-30": "200", "2010-03-31": "199", "2009-12-31": "173", "2009-09-30": "179", "2009-06-30": "173", "2009-03-31": "156", "2008-12-31": "141", "2008-09-30": "140", "2008-06-30": "139", "2008-03-31": "134", "2007-12-31": "129", "2007-09-30": "130", "2007-06-30": "129", "2007-03-31": "126", "2006-12-31": "113", "2006-09-30": "113", "2006-06-30": "109", "2006-03-31": "107", "2005-12-31": "89", "2005-09-30": "95", "2005-06-30": "82", "2005-03-31": "79"}}, "total-assets": {"Vertex Pharmaceuticals Annual Total Assets (Millions of US $)": {"2019": "$8,318", "2018": "$6,246", "2017": "$3,546", "2016": "$2,897", "2015": "$2,499", "2014": "$2,335", "2013": "$2,319", "2012": "$2,759", "2011": "$2,204", "2010": "$1,725", "2009": "$1,955", "2008": "$980", "2007": "$601", "2006": "$922", "2005": "$549"}, "Vertex Pharmaceuticals Quarterly Total Assets (Millions of US $)": {"2020-09-30": "$11,302", "2020-06-30": "$10,216", "2020-03-31": "$8,893", "2019-12-31": "$8,318", "2019-09-30": "$7,515", "2019-06-30": "$7,033", "2019-03-31": "$6,543", "2018-12-31": "$6,246", "2018-09-30": "$4,621", "2018-06-30": "$4,335", "2018-03-31": "$3,953", "2017-12-31": "$3,546", "2017-09-30": "$3,198", "2017-06-30": "$3,286", "2017-03-31": "$2,947", "2016-12-31": "$2,897", "2016-09-30": "$2,610", "2016-06-30": "$2,549", "2016-03-31": "$2,488", "2015-12-31": "$2,499", "2015-09-30": "$2,434", "2015-06-30": "$2,374", "2015-03-31": "$2,166", "2014-12-31": "$2,335", "2014-09-30": "$2,406", "2014-06-30": "$2,118", "2014-03-31": "$2,197", "2013-12-31": "$2,319", "2013-09-30": "$2,583", "2013-06-30": "$2,584", "2013-03-31": "$2,392", "2012-12-31": "$2,759", "2012-09-30": "$2,719", "2012-06-30": "$2,605", "2012-03-31": "$2,346", "2011-12-31": "$2,204", "2011-09-30": "$2,092", "2011-06-30": "$1,763", "2011-03-31": "$1,538", "2010-12-31": "$1,725", "2010-09-30": "$1,889", "2010-06-30": "$1,654", "2010-03-31": "$1,770", "2009-12-31": "$1,955", "2009-09-30": "$1,573", "2009-06-30": "$1,440", "2009-03-31": "$1,566", "2008-12-31": "$980", "2008-09-30": "$1,068", "2008-06-30": "$971", "2008-03-31": "$890", "2007-12-31": "$601", "2007-09-30": "$655", "2007-06-30": "$761", "2007-03-31": "$835", "2006-12-31": "$922", "2006-09-30": "$902", "2006-06-30": "$625", "2006-03-31": "$525", "2005-12-31": "$549", "2005-09-30": "$551", "2005-06-30": "$597", "2005-03-31": "$484"}}, "cash-on-hand": {"Vertex Pharmaceuticals Annual Cash on Hand (Millions of US $)": {"2019": "$3,808", "2018": "$3,168", "2017": "$2,089", "2016": "$1,482", "2015": "$1,121", "2014": "$1,396", "2013": "$1,465", "2012": "$1,391", "2011": "$1,021", "2010": "$1,031", "2009": "$1,285", "2008": "$832", "2007": "$461", "2006": "$705", "2005": "$361"}, "Vertex Pharmaceuticals Quarterly Cash on Hand (Millions of US $)": {"2020-09-30": "$6,151", "2020-06-30": "$5,451", "2020-03-31": "$4,190", "2019-12-31": "$3,808", "2019-09-30": "$3,996", "2019-06-30": "$3,951", "2019-03-31": "$3,478", "2018-12-31": "$3,168", "2018-09-30": "$3,064", "2018-06-30": "$2,776", "2018-03-31": "$2,487", "2017-12-31": "$2,089", "2017-09-30": "$1,814", "2017-06-30": "$1,733", "2017-03-31": "$1,453", "2016-12-31": "$1,482", "2016-09-30": "$1,187", "2016-06-30": "$1,142", "2016-03-31": "$1,102", "2015-12-31": "$1,121", "2015-09-30": "$1,082", "2015-06-30": "$1,105", "2015-03-31": "$1,181", "2014-12-31": "$1,396", "2014-09-30": "$1,478", "2014-06-30": "$1,219", "2014-03-31": "$1,324", "2013-12-31": "$1,465", "2013-09-30": "$1,474", "2013-06-30": "$1,489", "2013-03-31": "$1,302", "2012-12-31": "$1,391", "2012-09-30": "$1,373", "2012-06-30": "$1,279", "2012-03-31": "$1,039", "2011-12-31": "$1,021", "2011-09-30": "$709", "2011-06-30": "$657", "2011-03-31": "$823", "2010-12-31": "$1,031", "2010-09-30": "$1,203", "2010-06-30": "$979", "2010-03-31": "$1,093", "2009-12-31": "$1,285", "2009-09-30": "$857", "2009-06-30": "$754", "2009-03-31": "$869", "2008-12-31": "$832", "2008-09-30": "$920", "2008-06-30": "$832", "2008-03-31": "$750", "2007-12-31": "$461", "2007-09-30": "$503", "2007-06-30": "$593", "2007-03-31": "$655", "2006-12-31": "$705", "2006-09-30": "$695", "2006-06-30": "$262", "2006-03-31": "$339", "2005-12-31": "$361", "2005-09-30": "$399", "2005-06-30": "$447", "2005-03-31": "$334"}}, "long-term-debt": {"Vertex Pharmaceuticals Annual Long Term Debt (Millions of US $)": {"2019": "$539", "2018": "$582", "2017": "$584", "2016": "$521", "2015": "$739", "2014": "$793", "2013": "$490", "2012": "$683", "2011": "$456", "2010": "$400", "2009": "$122", "2008": "$288", "2007": "$", "2006": "$20", "2005": "$180"}, "Vertex Pharmaceuticals Quarterly Long Term Debt (Millions of US $)": {"2020-09-30": "$547", "2020-06-30": "$522", "2020-03-31": "$533", "2019-12-31": "$539", "2019-09-30": "$542", "2019-06-30": "$552", "2019-03-31": "$560", "2018-12-31": "$582", "2018-09-30": "$577", "2018-06-30": "$578", "2018-03-31": "$578", "2017-12-31": "$584", "2017-09-30": "$567", "2017-06-30": "$550", "2017-03-31": "$529", "2016-12-31": "$521", "2016-09-30": "$505", "2016-06-30": "$582", "2016-03-31": "$661", "2015-12-31": "$739", "2015-09-30": "$807", "2015-06-30": "$768", "2015-03-31": "$786", "2014-12-31": "$793", "2014-09-30": "$810", "2014-06-30": "$518", "2014-03-31": "$523", "2013-12-31": "$490", "2013-09-30": "$432", "2013-06-30": "$387", "2013-03-31": "$732", "2012-12-31": "$683", "2012-09-30": "$616", "2012-06-30": "$560", "2012-03-31": "$494", "2011-12-31": "$456", "2011-09-30": "$425", "2011-06-30": "$411", "2011-03-31": "$400", "2010-12-31": "$400", "2010-09-30": "$487", "2010-06-30": "$86", "2010-03-31": "$125", "2009-12-31": "$122", "2009-09-30": "$263", "2009-06-30": "$144", "2009-03-31": "$288", "2008-12-31": "$288", "2008-09-30": "$288", "2008-06-30": "$288", "2008-03-31": "$288", "2007-12-31": "", "2007-09-30": "", "2007-06-30": "", "2007-03-31": "$20", "2006-12-31": "$20", "2006-09-30": "$80", "2006-06-30": "$180", "2006-03-31": "$180", "2005-12-31": "$180", "2005-09-30": "$295", "2005-06-30": "$335", "2005-03-31": "$335"}}, "total-liabilities": {"Vertex Pharmaceuticals Annual Total Liabilities (Millions of US $)": {"2019": "$2,233", "2018": "$1,811", "2017": "$1,504", "2016": "$1,559", "2015": "$1,405", "2014": "$1,238", "2013": "$963", "2012": "$1,563", "2011": "$1,276", "2010": "$1,221", "2009": "$859", "2008": "$742", "2007": "$330", "2006": "$416", "2005": "$310"}, "Vertex Pharmaceuticals Quarterly Total Liabilities (Millions of US $)": {"2020-09-30": "$3,168", "2020-06-30": "$2,697", "2020-03-31": "$2,432", "2019-12-31": "$2,233", "2019-09-30": "$2,261", "2019-06-30": "$1,964", "2019-03-31": "$1,820", "2018-12-31": "$1,811", "2018-09-30": "$1,686", "2018-06-30": "$1,621", "2018-03-31": "$1,522", "2017-12-31": "$1,504", "2017-09-30": "$1,395", "2017-06-30": "$1,418", "2017-03-31": "$1,264", "2016-12-31": "$1,559", "2016-09-30": "$1,401", "2016-06-30": "$1,380", "2016-03-31": "$1,372", "2015-12-31": "$1,405", "2015-09-30": "$1,357", "2015-06-30": "$1,326", "2015-03-31": "$1,168", "2014-12-31": "$1,238", "2014-09-30": "$1,250", "2014-06-30": "$946", "2014-03-31": "$966", "2013-12-31": "$963", "2013-09-30": "$1,136", "2013-06-30": "$1,075", "2013-03-31": "$1,454", "2012-12-31": "$1,563", "2012-09-30": "$1,492", "2012-06-30": "$1,399", "2012-03-31": "$1,278", "2011-12-31": "$1,276", "2011-09-30": "$1,398", "2011-06-30": "$1,350", "2011-03-31": "$1,147", "2010-12-31": "$1,221", "2010-09-30": "$1,239", "2010-06-30": "$827", "2010-03-31": "$780", "2009-12-31": "$859", "2009-09-30": "$965", "2009-06-30": "$711", "2009-03-31": "$859", "2008-12-31": "$742", "2008-09-30": "$718", "2008-06-30": "$731", "2008-03-31": "$585", "2007-12-31": "$330", "2007-09-30": "$323", "2007-06-30": "$346", "2007-03-31": "$334", "2006-12-31": "$416", "2006-09-30": "$394", "2006-06-30": "$450", "2006-03-31": "$292", "2005-12-31": "$310", "2005-09-30": "$417", "2005-06-30": "$474", "2005-03-31": "$493"}}, "total-share-holder-equity": {"Vertex Pharmaceuticals Annual Share Holder Equity (Millions of US $)": {"2019": "$6,085", "2018": "$4,435", "2017": "$2,042", "2016": "$1,338", "2015": "$1,094", "2014": "$1,096", "2013": "$1,356", "2012": "$1,196", "2011": "$928", "2010": "$504", "2009": "$1,096", "2008": "$239", "2007": "$271", "2006": "$506", "2005": "$239"}, "Vertex Pharmaceuticals Quarterly Share Holder Equity (Millions of US $)": {"2020-09-30": "$8,133", "2020-06-30": "$7,519", "2020-03-31": "$6,462", "2019-12-31": "$6,085", "2019-09-30": "$5,253", "2019-06-30": "$5,070", "2019-03-31": "$4,723", "2018-12-31": "$4,435", "2018-09-30": "$2,934", "2018-06-30": "$2,715", "2018-03-31": "$2,431", "2017-12-31": "$2,042", "2017-09-30": "$1,803", "2017-06-30": "$1,867", "2017-03-31": "$1,683", "2016-12-31": "$1,338", "2016-09-30": "$1,208", "2016-06-30": "$1,169", "2016-03-31": "$1,116", "2015-12-31": "$1,094", "2015-09-30": "$1,077", "2015-06-30": "$1,048", "2015-03-31": "$998", "2014-12-31": "$1,096", "2014-09-30": "$1,156", "2014-06-30": "$1,172", "2014-03-31": "$1,231", "2013-12-31": "$1,356", "2013-09-30": "$1,447", "2013-06-30": "$1,509", "2013-03-31": "$938", "2012-12-31": "$1,196", "2012-09-30": "$1,226", "2012-06-30": "$1,206", "2012-03-31": "$1,068", "2011-12-31": "$928", "2011-09-30": "$694", "2011-06-30": "$413", "2011-03-31": "$392", "2010-12-31": "$504", "2010-09-30": "$650", "2010-06-30": "$827", "2010-03-31": "$991", "2009-12-31": "$1,096", "2009-09-30": "$609", "2009-06-30": "$729", "2009-03-31": "$707", "2008-12-31": "$239", "2008-09-30": "$350", "2008-06-30": "$240", "2008-03-31": "$304", "2007-12-31": "$271", "2007-09-30": "$332", "2007-06-30": "$415", "2007-03-31": "$501", "2006-12-31": "$506", "2006-09-30": "$508", "2006-06-30": "$175", "2006-03-31": "$233", "2005-12-31": "$239", "2005-09-30": "$133", "2005-06-30": "$123", "2005-03-31": "$-8"}}, "profit-margins": {"current": "43.7%"}, "gross margin": {"2020-12-31": "88.15%", "2020-09-30": "88.03%", "2020-06-30": "87.73%", "2020-03-31": "87.26%", "2019-12-31": "86.86%", "2019-09-30": "86.63%", "2019-06-30": "86.57%", "2019-03-31": "86.74%", "2018-12-31": "86.55%", "2018-09-30": "86.86%", "2018-06-30": "87.30%", "2018-03-31": "87.58%", "2017-12-31": "88.95%", "2017-09-30": "89.02%", "2017-06-30": "89.07%", "2017-03-31": "89.70%", "2016-12-31": "87.55%", "2016-09-30": "87.12%", "2016-06-30": "87.68%", "2016-03-31": "87.38%", "2015-12-31": "87.90%", "2015-09-30": "90.00%", "2015-06-30": "90.78%", "2015-03-31": "90.35%", "2014-12-31": "89.66%", "2014-09-30": "91.35%", "2014-06-30": "90.11%", "2014-03-31": "89.72%", "2013-12-31": "89.27%", "2013-09-30": "83.60%", "2013-06-30": "84.19%", "2013-03-31": "80.01%", "2012-12-31": "81.66%", "2012-09-30": "87.36%", "2012-06-30": "89.37%", "2012-03-31": "93.46%", "2011-12-31": "94.33%", "2011-09-30": "94.09%", "2011-06-30": "93.17%", "2011-03-31": "93.37%", "2010-12-31": "90.97%", "2010-09-30": "88.39%", "2010-06-30": "87.61%", "2010-03-31": "86.00%", "2009-12-31": "85.29%", "2009-09-30": "85.15%", "2009-06-30": "85.19%", "2009-03-31": "89.87%", "2008-12-31": "90.91%", "2008-09-30": "91.75%", "2008-06-30": "92.61%", "2008-03-31": "91.28%", "2007-12-31": "92.96%", "2007-09-30": "94.63%", "2007-06-30": "95.28%", "2007-03-31": "95.12%", "2006-12-31": "94.44%", "2006-09-30": "93.55%", "2006-06-30": "92.90%", "2006-03-31": "93.57%", "2005-12-31": "93.79%"}, "operating margin": {"2020-12-31": "46.03%", "2020-09-30": "44.42%", "2020-06-30": "38.65%", "2020-03-31": "34.03%", "2019-12-31": "28.76%", "2019-09-30": "21.39%", "2019-06-30": "25.51%", "2019-03-31": "24.01%", "2018-12-31": "20.87%", "2018-09-30": "22.40%", "2018-06-30": "3.89%", "2018-03-31": "-0.75%", "2017-12-31": "4.98%", "2017-09-30": "1.66%", "2017-06-30": "16.18%", "2017-03-31": "14.60%", "2016-12-31": "0.59%", "2016-09-30": "-5.05%", "2016-06-30": "-8.66%", "2016-03-31": "-23.92%", "2015-12-31": "-45.21%", "2015-09-30": "-74.61%", "2015-06-30": "-101.59%", "2015-03-31": "-107.99%", "2014-12-31": "-119.48%", "2014-09-30": "-67.43%", "2014-06-30": "-61.76%", "2014-03-31": "-38.72%", "2013-12-31": "-50.33%", "2013-09-30": "-54.56%", "2013-06-30": "-40.41%", "2013-03-31": "-34.11%", "2012-12-31": "3.08%", "2012-09-30": "17.31%", "2012-06-30": "25.06%", "2012-03-31": "20.62%", "2011-12-31": "8.09%", "2011-09-30": "-30.34%", "2011-06-30": "-249.28%", "2011-03-31": "-355.61%", "2010-12-31": "-484.03%", "2010-09-30": "-604.46%", "2010-06-30": "-553.10%", "2010-03-31": "-612.00%", "2009-12-31": "-601.96%", "2009-09-30": "-602.97%", "2009-06-30": "-548.15%", "2009-03-31": "-332.91%", "2008-12-31": "-263.07%", "2008-09-30": "-212.89%", "2008-06-30": "-195.07%", "2008-03-31": "-250.58%", "2007-12-31": "-211.56%", "2007-09-30": "-150.41%", "2007-06-30": "-122.83%", "2007-03-31": "-107.72%", "2006-12-31": "-106.02%", "2006-09-30": "-118.28%", "2006-06-30": "-118.34%", "2006-03-31": "-93.57%", "2005-12-31": "-92.55%"}, "ebitda margin": {"2020-09-30": "46.23%", "2020-06-30": "40.63%", "2020-03-31": "36.27%", "2019-12-31": "31.36%", "2019-09-30": "24.15%", "2019-06-30": "28.20%", "2019-03-31": "26.55%", "2018-12-31": "23.23%", "2018-09-30": "24.84%", "2018-06-30": "6.37%", "2018-03-31": "1.82%", "2017-12-31": "7.43%", "2017-09-30": "4.27%", "2017-06-30": "19.00%", "2017-03-31": "17.57%", "2016-12-31": "4.17%", "2016-09-30": "-1.32%", "2016-06-30": "-4.62%", "2016-03-31": "-19.12%", "2015-12-31": "-39.21%", "2015-09-30": "-66.32%", "2015-06-30": "-91.41%", "2015-03-31": "-97.17%", "2014-12-31": "-108.28%", "2014-09-30": "-59.16%", "2014-06-30": "-54.76%", "2014-03-31": "-33.33%", "2013-12-31": "-46.37%", "2013-09-30": "-50.96%", "2013-06-30": "-37.20%", "2013-03-31": "-31.29%", "2012-12-31": "5.57%", "2012-09-30": "19.36%", "2012-06-30": "26.70%", "2012-03-31": "22.54%", "2011-12-31": "10.57%", "2011-09-30": "-26.62%", "2011-06-30": "-237.05%", "2011-03-31": "-338.78%", "2010-12-31": "-462.50%", "2010-09-30": "-576.79%", "2010-06-30": "-525.66%", "2010-03-31": "-581.00%", "2009-12-31": "-571.57%", "2009-09-30": "-572.28%", "2009-06-30": "-518.52%", "2009-03-31": "-312.66%", "2008-12-31": "-244.32%", "2008-09-30": "-196.39%", "2008-06-30": "-179.80%", "2008-03-31": "-233.14%", "2007-12-31": "-196.98%", "2007-09-30": "-138.84%", "2007-06-30": "-112.20%", "2007-03-31": "-96.75%", "2006-12-31": "-93.98%", "2006-09-30": "-104.84%", "2006-06-30": "-102.96%", "2006-03-31": "-78.36%", "2005-12-31": "-76.40%"}, "pre tax profit margin": {"2020-12-31": "50.25%", "2020-09-30": "48.51%", "2020-06-30": "41.30%", "2020-03-31": "35.96%", "2019-12-31": "33.52%", "2019-09-30": "20.72%", "2019-06-30": "23.62%", "2019-03-31": "21.62%", "2018-12-31": "19.72%", "2018-09-30": "24.06%", "2018-06-30": "4.84%", "2018-03-31": "-2.24%", "2017-12-31": "-0.60%", "2017-09-30": "-4.66%", "2017-06-30": "12.71%", "2017-03-31": "10.74%", "2016-12-31": "-3.99%", "2016-09-30": "-9.87%", "2016-06-30": "-13.93%", "2016-03-31": "-30.19%", "2015-12-31": "-53.92%", "2015-09-30": "-86.84%", "2015-06-30": "-116.85%", "2015-03-31": "-116.81%", "2014-12-31": "-126.72%", "2014-09-30": "-70.87%", "2014-06-30": "-61.40%", "2014-03-31": "-41.42%", "2013-12-31": "-51.73%", "2013-09-30": "-55.40%", "2013-06-30": "-41.86%", "2013-03-31": "-35.17%", "2012-12-31": "2.16%", "2012-09-30": "15.95%", "2012-06-30": "23.38%", "2012-03-31": "18.31%", "2011-12-31": "4.33%", "2011-09-30": "-36.14%", "2011-06-30": "-266.19%", "2011-03-31": "-390.31%", "2010-12-31": "-523.61%", "2010-09-30": "-654.46%", "2010-06-30": "-596.46%", "2010-03-31": "-645.00%", "2009-12-31": "-630.39%", "2009-09-30": "-619.80%", "2009-06-30": "-561.11%", "2009-03-31": "-332.91%", "2008-12-31": "-260.80%", "2008-09-30": "-207.73%", "2008-06-30": "-187.19%", "2008-03-31": "-236.63%", "2007-12-31": "-196.98%", "2007-09-30": "-137.60%", "2007-06-30": "-109.45%", "2007-03-31": "-96.75%", "2006-12-31": "-96.30%", "2006-09-30": "-117.74%", "2006-06-30": "-146.15%", "2006-03-31": "-122.81%", "2005-12-31": "-126.71%"}, "net profit margin": {"2020-12-31": "43.69%", "2020-09-30": "44.91%", "2020-06-30": "38.52%", "2020-03-31": "31.36%", "2019-12-31": "28.28%", "2019-09-30": "59.27%", "2019-06-30": "64.16%", "2019-03-31": "66.03%", "2018-12-31": "68.80%", "2018-09-30": "22.86%", "2018-06-30": "15.82%", "2018-03-31": "9.36%", "2017-12-31": "10.61%", "2017-09-30": "8.54%", "2017-06-30": "12.20%", "2017-03-31": "8.76%", "2016-12-31": "-6.64%", "2016-09-30": "-13.24%", "2016-06-30": "-17.72%", "2016-03-31": "-30.96%", "2015-12-31": "-53.92%", "2015-09-30": "-86.84%", "2015-06-30": "-116.85%", "2015-03-31": "-117.30%", "2014-12-31": "-127.24%", "2014-09-30": "-65.78%", "2014-06-30": "-56.82%", "2014-03-31": "-36.83%", "2013-12-31": "-36.72%", "2013-09-30": "-47.20%", "2013-06-30": "-38.04%", "2013-03-31": "-35.73%", "2012-12-31": "-7.01%", "2012-09-30": "7.23%", "2012-06-30": "19.53%", "2012-03-31": "16.73%", "2011-12-31": "2.13%", "2011-09-30": "-33.84%", "2011-06-30": "-265.83%", "2011-03-31": "-390.31%", "2010-12-31": "-523.61%", "2010-09-30": "-654.46%", "2010-06-30": "-596.46%", "2010-03-31": "-645.00%", "2009-12-31": "-630.39%", "2009-09-30": "-619.80%", "2009-06-30": "-561.11%", "2009-03-31": "-332.91%", "2008-12-31": "-260.80%", "2008-09-30": "-207.73%", "2008-06-30": "-187.19%", "2008-03-31": "-236.63%", "2007-12-31": "-196.98%", "2007-09-30": "-137.60%", "2007-06-30": "-109.45%", "2007-03-31": "-96.75%", "2006-12-31": "-95.83%", "2006-09-30": "-117.20%", "2006-06-30": "-145.56%", "2006-03-31": "-122.22%", "2005-12-31": "-126.71%"}, "pe ratio": {"current": "23.63", "2021-02-11": "26.31", "2020-12-31": "29.54", "2020-09-30": "26.60", "2020-06-30": "36.66", "2020-03-31": "41.24", "2019-12-31": "48.55", "2019-09-30": "20.54", "2019-06-30": "21.50", "2019-03-31": "22.16", "2018-12-31": "20.51", "2018-09-30": "77.10", "2018-06-30": "106.89", "2018-03-31": "189.51", "2017-12-31": "144.10", "2017-09-30": "194.92", "2017-06-30": "126.34", "2017-03-31": "158.48", "2016-12-31": "0.00", "2016-09-30": "0.00", "2016-06-30": "0.00", "2016-03-31": "0.00", "2015-12-31": "0.00", "2015-09-30": "0.00", "2015-06-30": "0.00", "2015-03-31": "0.00", "2014-12-31": "0.00", "2014-09-30": "0.00", "2014-06-30": "0.00", "2014-03-31": "0.00", "2013-12-31": "0.00", "2013-09-30": "0.00", "2013-06-30": "0.00", "2013-03-31": "0.00", "2012-12-31": "0.00", "2012-09-30": "94.73", "2012-06-30": "29.74", "2012-03-31": "30.60", "2011-12-31": "830.25", "2011-09-30": "0.00", "2011-06-30": "0.00", "2011-03-31": "0.00", "2010-12-31": "0.00", "2010-09-30": "0.00", "2010-06-30": "0.00", "2010-03-31": "0.00", "2009-12-31": "0.00", "2009-09-30": "0.00", "2009-06-30": "0.00", "2009-03-31": "0.00", "2008-12-31": "0.00", "2008-09-30": "0.00", "2008-06-30": "0.00", "2008-03-31": "0.00", "2007-12-31": "0.00", "2007-09-30": "0.00", "2007-06-30": "0.00", "2007-03-31": "0.00", "2006-12-31": "0.00"}, "price sales": {"2021-02-11": "8.94", "2020-12-31": "10.04", "2020-09-30": "11.94", "2020-06-30": "14.09", "2020-03-31": "12.90", "2019-12-31": "13.69", "2019-09-30": "12.17", "2019-06-30": "13.79", "2019-03-31": "14.62", "2018-12-31": "14.09", "2018-09-30": "17.55", "2018-06-30": "16.55", "2018-03-31": "17.11", "2017-12-31": "15.11", "2017-09-30": "16.49", "2017-06-30": "14.98", "2017-03-31": "13.33", "2016-12-31": "10.58", "2016-09-30": "12.79", "2016-06-30": "13.42", "2016-03-31": "14.90", "2015-12-31": "29.40", "2015-09-30": "32.93", "2015-06-30": "46.76", "2015-03-31": "46.40", "2014-12-31": "48.04", "2014-09-30": "32.84", "2014-06-30": "26.13", "2014-03-31": "15.96", "2013-12-31": "13.64", "2013-09-30": "13.94", "2013-06-30": "13.24", "2013-03-31": "8.29", "2012-12-31": "5.90", "2012-09-30": "6.77", "2012-06-30": "5.77", "2012-03-31": "4.96", "2011-12-31": "5.01", "2011-09-30": "10.45", "2011-06-30": "37.97", "2011-03-31": "49.55", "2010-12-31": "48.93", "2010-09-30": "59.14", "2010-06-30": "54.31", "2010-03-31": "73.18", "2009-12-31": "71.47", "2009-09-30": "59.46", "2009-06-30": "49.73", "2009-03-31": "25.81", "2008-12-31": "23.93", "2008-09-30": "23.23", "2008-06-30": "22.00", "2008-03-31": "18.15", "2007-12-31": "14.95", "2007-09-30": "19.30", "2007-06-30": "13.30", "2007-03-31": "13.19", "2006-12-31": "19.26"}, "price book": {"current": "6.40", "2021-02-11": "6.73", "2020-09-30": "8.70", "2020-06-30": "10.04", "2020-03-31": "9.54", "2019-12-31": "9.32", "2019-09-30": "8.30", "2019-06-30": "9.28", "2019-03-31": "9.98", "2018-12-31": "9.53", "2018-09-30": "16.79", "2018-06-30": "15.96", "2018-03-31": "17.09", "2017-12-31": "18.58", "2017-09-30": "21.30", "2017-06-30": "17.31", "2017-03-31": "16.17", "2016-12-31": "13.67", "2016-09-30": "17.90", "2016-06-30": "18.23", "2016-03-31": "17.61", "2015-12-31": "28.34", "2015-09-30": "23.76", "2015-06-30": "28.78", "2015-03-31": "28.81", "2014-12-31": "26.20", "2014-09-30": "23.34", "2014-06-30": "19.17", "2014-03-31": "13.57", "2013-12-31": "12.81", "2013-09-30": "12.24", "2013-06-30": "12.31", "2013-03-31": "12.81", "2012-12-31": "7.61", "2012-09-30": "9.86", "2012-06-30": "9.99", "2012-03-31": "8.10", "2011-12-31": "7.49", "2011-09-30": "13.35", "2011-06-30": "26.13", "2011-03-31": "25.14", "2010-12-31": "14.15", "2010-09-30": "10.80", "2010-06-30": "8.06", "2010-03-31": "8.34", "2009-12-31": "7.82", "2009-09-30": "11.26", "2009-06-30": "8.89", "2009-03-31": "7.03", "2008-12-31": "19.24", "2008-09-30": "14.29", "2008-06-30": "19.69", "2008-03-31": "11.02", "2007-12-31": "11.38", "2007-09-30": "15.29", "2007-06-30": "9.05", "2007-03-31": "7.32", "2006-12-31": "9.33", "2006-09-30": "8.30", "2006-06-30": "23.20", "2006-03-31": "17.26"}, "price fcf": {"2021-02-11": "", "2020-09-30": "$11.30", "2020-06-30": "$9.73", "2020-03-31": "$7.57", "2019-12-31": "$5.73", "2019-09-30": "$5.25", "2019-06-30": "$5.44", "2019-03-31": "$4.85", "2018-12-31": "$4.53", "2018-09-30": "$4.07", "2018-06-30": "$3.27", "2018-03-31": "$2.78", "2017-12-31": "$2.94", "2017-09-30": "$2.77", "2017-06-30": "$2.41", "2017-03-31": "$1.87", "2016-12-31": "$0.73", "2016-09-30": "$0.27", "2016-06-30": "$-0.23", "2016-03-31": "$-0.84", "2015-12-31": "$-1.70", "2015-09-30": "$-2.61", "2015-06-30": "$-2.72", "2015-03-31": "$-2.80", "2014-12-31": "$-2.65", "2014-09-30": "$-1.80", "2014-06-30": "$-1.53", "2014-03-31": "$-0.94", "2013-12-31": "$-0.50", "2013-09-30": "$-0.46", "2013-06-30": "$0.06", "2013-03-31": "$0.55", "2012-12-31": "$0.91", "2012-09-30": "$3.14", "2012-06-30": "$3.04", "2012-03-31": "$1.45", "2011-12-31": "$0.52", "2011-09-30": "$-2.66", "2011-06-30": "$-3.82", "2011-03-31": "$-3.30", "2010-12-31": "$-3.36", "2010-09-30": "$-3.15", "2010-06-30": "$-2.37", "2010-03-31": "$-2.37", "2009-12-31": "$-2.60", "2009-09-30": "$-2.64", "2009-06-30": "$-3.54", "2009-03-31": "$-2.25", "2008-12-31": "$-1.84", "2008-09-30": "$-1.57", "2008-06-30": "$-1.13", "2008-03-31": "$-2.45", "2007-12-31": "$-2.21", "2007-09-30": "$-1.85", "2007-06-30": "$-0.42", "2007-03-31": "$-0.44", "2006-12-31": "$-0.48"}, "net worth": {"value": "$55.6B"}, "current ratio": {"2020-12-31": "3.97", "2020-09-30": "3.72", "2020-06-30": "3.72", "2020-03-31": "3.54", "2019-12-31": "3.61", "2019-09-30": "3.44", "2019-06-30": "3.74", "2019-03-31": "3.78", "2018-12-31": "3.43", "2018-09-30": "3.71", "2018-06-30": "3.68", "2018-03-31": "3.68", "2017-12-31": "3.28", "2017-09-30": "3.28", "2017-06-30": "3.49", "2017-03-31": "3.82", "2016-12-31": "2.31", "2016-09-30": "2.08", "2016-06-30": "2.34", "2016-03-31": "2.54", "2015-12-31": "2.78", "2015-09-30": "3.63", "2015-06-30": "3.46", "2015-03-31": "4.49", "2014-12-31": "4.20", "2014-09-30": "4.43", "2014-06-30": "3.71", "2014-03-31": "3.83", "2013-12-31": "3.99", "2013-09-30": "4.03", "2013-06-30": "4.50", "2013-03-31": "3.84", "2012-12-31": "3.67", "2012-09-30": "4.02", "2012-06-30": "4.20", "2012-03-31": "4.03", "2011-12-31": "3.39", "2011-09-30": "2.27", "2011-06-30": "1.73", "2011-03-31": "2.10", "2010-12-31": "2.23", "2010-09-30": "3.94", "2010-06-30": "3.44", "2010-03-31": "5.33", "2009-12-31": "4.59", "2009-09-30": "3.95", "2009-06-30": "4.26", "2009-03-31": "5.03", "2008-12-31": "4.01", "2008-09-30": "5.28", "2008-06-30": "4.69", "2008-03-31": "4.52", "2007-12-31": "2.49", "2007-09-30": "2.93", "2007-06-30": "3.14", "2007-03-31": "4.05", "2006-12-31": "3.07", "2006-09-30": "4.60", "2006-06-30": "4.16", "2006-03-31": "4.50", "2005-12-31": "3.84", "2005-09-30": "3.48", "2005-06-30": "3.37", "2005-03-31": "2.36"}, "quick ratio": {"2020-12-31": "3.84", "2020-09-30": "3.60", "2020-06-30": "3.60", "2020-03-31": "3.42", "2019-12-31": "3.49", "2019-09-30": "3.32", "2019-06-30": "3.63", "2019-03-31": "3.66", "2018-12-31": "3.32", "2018-09-30": "3.59", "2018-06-30": "3.55", "2018-03-31": "3.53", "2017-12-31": "3.14", "2017-09-30": "3.14", "2017-06-30": "3.34", "2017-03-31": "3.65", "2016-12-31": "2.21", "2016-09-30": "1.98", "2016-06-30": "2.23", "2016-03-31": "2.43", "2015-12-31": "2.67", "2015-09-30": "3.49", "2015-06-30": "3.35", "2015-03-31": "4.38", "2014-12-31": "4.12", "2014-09-30": "4.39", "2014-06-30": "3.68", "2014-03-31": "3.80", "2013-12-31": "3.96", "2013-09-30": "3.99", "2013-06-30": "4.45", "2013-03-31": "3.79", "2012-12-31": "3.60", "2012-09-30": "3.81", "2012-06-30": "3.97", "2012-03-31": "3.66", "2011-12-31": "3.11", "2011-09-30": "2.15", "2011-06-30": "1.62", "2011-03-31": "2.06", "2010-12-31": "0.00", "2010-09-30": "0.00", "2010-06-30": "0.00", "2010-03-31": "0.00", "2009-12-31": "0.00", "2009-09-30": "0.00", "2009-06-30": "0.00", "2009-03-31": "0.00", "2008-12-31": "0.00", "2008-09-30": "0.00", "2008-06-30": "0.00", "2008-03-31": "0.00", "2007-12-31": "0.00", "2007-09-30": "0.00", "2007-06-30": "0.00", "2007-03-31": "0.00", "2006-12-31": "0.00", "2006-09-30": "0.00", "2006-06-30": "0.00", "2006-03-31": "0.00", "2005-12-31": "0.00", "2005-09-30": "0.00", "2005-06-30": "0.00", "2005-03-31": "0.00"}, "debt equity ratio": {"current": "0.07", "2020-12-31": "0.35", "2020-09-30": "0.39", "2020-06-30": "0.36", "2020-03-31": "0.38", "2019-12-31": "0.37", "2019-09-30": "0.43", "2019-06-30": "0.39", "2019-03-31": "0.39", "2018-12-31": "0.41", "2018-09-30": "0.58", "2018-06-30": "0.60", "2018-03-31": "0.63", "2017-12-31": "0.74", "2017-09-30": "0.77", "2017-06-30": "0.76", "2017-03-31": "0.75", "2016-12-31": "1.17", "2016-09-30": "1.16", "2016-06-30": "1.18", "2016-03-31": "1.23", "2015-12-31": "1.29", "2015-09-30": "1.26", "2015-06-30": "1.27", "2015-03-31": "1.17", "2014-12-31": "1.13", "2014-09-30": "1.08", "2014-06-30": "0.81", "2014-03-31": "0.79", "2013-12-31": "0.71", "2013-09-30": "0.79", "2013-06-30": "0.71", "2013-03-31": "1.55", "2012-12-31": "1.31", "2012-09-30": "1.22", "2012-06-30": "1.16", "2012-03-31": "1.20", "2011-12-31": "1.37", "2011-09-30": "2.01", "2011-06-30": "3.27", "2011-03-31": "2.93", "2010-12-31": "2.42", "2010-09-30": "1.91", "2010-06-30": "1.00", "2010-03-31": "0.79", "2009-12-31": "0.78", "2009-09-30": "1.59", "2009-06-30": "0.98", "2009-03-31": "1.22", "2008-12-31": "3.11", "2008-09-30": "2.05", "2008-06-30": "3.05", "2008-03-31": "1.92", "2007-12-31": "1.22", "2007-09-30": "0.97", "2007-06-30": "0.84", "2007-03-31": "0.67", "2006-12-31": "0.82", "2006-09-30": "0.78", "2006-06-30": "2.57", "2006-03-31": "1.25", "2005-12-31": "1.30", "2005-09-30": "3.13", "2005-06-30": "3.86", "2005-03-31": "-58.03"}, "return on equity": {"2020-12-31": "35.21%", "2020-09-30": "38.16%", "2020-06-30": "32.88%", "2020-03-31": "26.43%", "2019-12-31": "22.28%", "2019-09-30": "44.04%", "2019-06-30": "51.65%", "2019-03-31": "58.24%", "2018-12-31": "67.02%", "2018-09-30": "25.57%", "2018-06-30": "18.46%", "2018-03-31": "11.10%", "2017-12-31": "14.28%", "2017-09-30": "11.72%", "2017-06-30": "17.06%", "2017-03-31": "13.12%", "2016-12-31": "-9.36%", "2016-09-30": "-19.18%", "2016-06-30": "-24.78%", "2016-03-31": "-36.91%", "2015-12-31": "-52.83%", "2015-09-30": "-62.57%", "2015-06-30": "-68.40%", "2015-03-31": "-63.77%", "2014-12-31": "-63.42%", "2014-09-30": "-42.08%", "2014-06-30": "-36.19%", "2014-03-31": "-26.63%", "2013-12-31": "-33.90%", "2013-09-30": "-44.32%", "2013-06-30": "-40.91%", "2013-03-31": "-44.33%", "2012-12-31": "-9.11%", "2012-09-30": "11.47%", "2012-06-30": "41.68%", "2012-03-31": "38.29%", "2011-12-31": "4.94%", "2011-09-30": "-61.71%", "2011-06-30": "-150.89%", "2011-03-31": "-128.95%", "2010-12-31": "-101.48%", "2010-09-30": "-82.27%", "2010-06-30": "-76.53%", "2010-03-31": "-75.33%", "2009-12-31": "-81.88%", "2009-09-30": "-109.63%", "2009-06-30": "-119.70%", "2009-03-31": "-136.98%", "2008-12-31": "-162.05%", "2008-09-30": "-138.37%", "2008-06-30": "-132.52%", "2008-03-31": "-123.15%", "2007-12-31": "-103.23%", "2007-09-30": "-75.94%", "2007-06-30": "-57.62%", "2007-03-31": "-56.33%", "2006-12-31": "-58.23%", "2006-09-30": "-75.50%", "2006-06-30": "-126.15%", "2006-03-31": "-114.84%", "2005-12-31": "-167.56%"}, "return on assets": {"2020-12-31": "25.72%", "2020-09-30": "27.78%", "2020-06-30": "23.82%", "2020-03-31": "19.03%", "2019-12-31": "16.01%", "2019-09-30": "31.39%", "2019-06-30": "36.26%", "2019-03-31": "39.66%", "2018-12-31": "43.79%", "2018-09-30": "15.73%", "2018-06-30": "11.04%", "2018-03-31": "6.46%", "2017-12-31": "8.14%", "2017-09-30": "6.36%", "2017-06-30": "8.86%", "2017-03-31": "6.43%", "2016-12-31": "-4.29%", "2016-09-30": "-8.67%", "2016-06-30": "-11.07%", "2016-03-31": "-16.33%", "2015-12-31": "-23.52%", "2015-09-30": "-28.36%", "2015-06-30": "-31.68%", "2015-03-31": "-31.25%", "2014-12-31": "-32.60%", "2014-09-30": "-22.88%", "2014-06-30": "-20.44%", "2014-03-31": "-15.24%", "2013-12-31": "-18.02%", "2013-09-30": "-21.86%", "2013-06-30": "-19.05%", "2013-03-31": "-19.32%", "2012-12-31": "-4.10%", "2012-09-30": "5.14%", "2012-06-30": "17.56%", "2012-03-31": "14.13%", "2011-12-31": "1.58%", "2011-09-30": "-17.36%", "2011-06-30": "-42.75%", "2011-03-31": "-44.96%", "2010-12-31": "-42.85%", "2010-09-30": "-40.34%", "2010-06-30": "-38.78%", "2010-03-31": "-38.29%", "2009-12-31": "-39.36%", "2009-09-30": "-45.04%", "2009-06-30": "-47.96%", "2009-03-31": "-45.89%", "2008-12-31": "-46.97%", "2008-09-30": "-45.67%", "2008-06-30": "-48.76%", "2008-03-31": "-56.00%", "2007-12-31": "-54.98%", "2007-09-30": "-41.98%", "2007-06-30": "-32.51%", "2007-03-31": "-28.99%", "2006-12-31": "-27.84%", "2006-09-30": "-33.53%", "2006-06-30": "-43.73%", "2006-03-31": "-37.62%", "2005-12-31": "-37.41%"}, "return on investments": {"2020-12-31": "48.17%", "2020-09-30": "35.08%", "2020-06-30": "30.42%", "2020-03-31": "26.20%", "2019-12-31": "20.53%", "2019-09-30": "14.26%", "2019-06-30": "18.13%", "2019-03-31": "18.33%", "2018-12-31": "17.15%", "2018-09-30": "20.39%", "2018-06-30": "3.61%", "2018-03-31": "-0.69%", "2017-12-31": "5.15%", "2017-09-30": "1.72%", "2017-06-30": "16.82%", "2017-03-31": "15.66%", "2016-12-31": "0.56%", "2016-09-30": "-4.75%", "2016-06-30": "-7.45%", "2016-03-31": "-16.91%", "2015-12-31": "-25.53%", "2015-09-30": "-30.77%", "2015-06-30": "-34.29%", "2015-03-31": "-35.42%", "2014-12-31": "-37.97%", "2014-09-30": "-29.21%", "2014-06-30": "-28.56%", "2014-03-31": "-21.04%", "2013-12-31": "-33.46%", "2013-09-30": "-35.60%", "2013-06-30": "-29.03%", "2013-03-31": "-26.99%", "2012-12-31": "2.67%", "2012-09-30": "18.55%", "2012-06-30": "35.73%", "2012-03-31": "29.94%", "2011-12-31": "11.07%", "2011-09-30": "-30.44%", "2011-06-30": "-75.80%", "2011-03-31": "-74.41%", "2010-12-31": "-68.48%", "2010-09-30": "-61.76%", "2010-06-30": "-60.68%", "2010-03-31": "-60.01%", "2009-12-31": "-62.07%", "2009-09-30": "-74.61%", "2009-06-30": "-78.15%", "2009-03-31": "-78.39%", "2008-12-31": "-81.16%", "2008-09-30": "-94.08%", "2008-06-30": "-141.55%", "2008-03-31": "-291.22%", "2007-12-31": "-323.22%", "2007-09-30": "-139.06%", "2007-06-30": "-76.38%", "2007-03-31": "-53.29%", "2006-12-31": "-48.70%", "2006-09-30": "-49.61%", "2006-06-30": "-49.54%", "2006-03-31": "-37.25%", "2005-12-31": "-36.52%"}, "return on tangible equity": {"2020-09-30": "47.63%", "2020-06-30": "40.28%", "2020-03-31": "30.89%", "2019-12-31": "24.54%", "2019-09-30": "45.44%", "2019-06-30": "52.35%", "2019-03-31": "59.28%", "2018-12-31": "68.61%", "2018-09-30": "26.40%", "2018-06-30": "19.14%", "2018-03-31": "11.94%", "2017-12-31": "16.08%", "2017-09-30": "13.98%", "2017-06-30": "21.86%", "2017-03-31": "17.44%", "2016-12-31": "-12.94%", "2016-09-30": "-27.09%", "2016-06-30": "-35.43%", "2016-03-31": "-53.42%", "2015-12-31": "-70.89%", "2015-09-30": "-77.40%", "2015-06-30": "-77.49%", "2015-03-31": "-66.79%", "2014-12-31": "-65.70%", "2014-09-30": "-43.16%", "2014-06-30": "-39.00%", "2014-03-31": "-30.01%", "2013-12-31": "-40.70%", "2013-09-30": "-63.55%", "2013-06-30": "-68.29%", "2013-03-31": "-92.00%", "2012-12-31": "-22.31%", "2012-09-30": "30.77%", "2012-06-30": "145.52%", "2012-03-31": "552.56%", "2011-12-31": "-38.46%", "2011-09-30": "210.56%", "2011-06-30": "617.12%", "2011-03-31": "-1585.49%", "2010-12-31": "-380.81%", "2010-09-30": "-211.70%", "2010-06-30": "-201.65%", "2010-03-31": "-209.59%", "2009-12-31": "-273.91%", "2009-09-30": "-400.00%", "2009-06-30": "-263.76%", "2009-03-31": "-214.04%", "2008-12-31": "-162.05%", "2008-09-30": "-138.37%", "2008-06-30": "-132.52%", "2008-03-31": "-123.15%", "2007-12-31": "-103.23%", "2007-09-30": "-75.94%", "2007-06-30": "-57.62%", "2007-03-31": "-56.33%", "2006-12-31": "-58.23%", "2006-09-30": "-75.50%", "2006-06-30": "-126.15%", "2006-03-31": "-114.84%", "2005-12-31": "-167.56%"}, "dividend yield history": {"last payout": "$0.00", "last yield": "0.00%"}}