{"ticker": "VTR", "price": {"title": "Ventas Historical Annual Stock Price Data", "value": 50.75, "historical": {"2021": {"Average Stock Price": "47.8793", "Year Open": "46.8800", "Year High": "50.7500", "Year Low": "46.0700", "Year Close": "50.7500", "Annual % Change": "3.49%"}, "2020": {"Average Stock Price": "42.2008", "Year Open": "56.3900", "Year High": "63.0500", "Year Low": "16.9700", "Year Close": "49.0400", "Annual % Change": "-15.07%"}, "2019": {"Average Stock Price": "65.0413", "Year Open": "56.9200", "Year High": "75.2300", "Year Low": "55.1500", "Year Close": "57.7400", "Annual % Change": "-1.45%"}, "2018": {"Average Stock Price": "55.4184", "Year Open": "59.7600", "Year High": "65.4700", "Year Low": "46.9600", "Year Close": "58.5900", "Annual % Change": "-2.37%"}, "2017": {"Average Stock Price": "64.8781", "Year Open": "62.1300", "Year High": "71.9300", "Year Low": "59.3600", "Year Close": "60.0100", "Annual % Change": "-4.01%"}, "2016": {"Average Stock Price": "64.6091", "Year Open": "56.7400", "Year High": "76.5600", "Year Low": "48.4300", "Year Close": "62.5200", "Annual % Change": "10.79%"}, "2015": {"Average Stock Price": "64.6219", "Year Open": "73.3100", "Year High": "80.9500", "Year Low": "49.6800", "Year Close": "56.4300", "Annual % Change": "-21.30%"}, "2014": {"Average Stock Price": "64.7992", "Year Open": "56.8200", "Year High": "74.4400", "Year Low": "56.7900", "Year Close": "71.7000", "Annual % Change": "25.17%"}, "2013": {"Average Stock Price": "67.3100", "Year Open": "65.1600", "Year High": "82.9300", "Year Low": "55.2600", "Year Close": "57.2800", "Annual % Change": "-11.50%"}, "2012": {"Average Stock Price": "60.8363", "Year Open": "55.5900", "Year High": "67.3300", "Year Low": "53.6800", "Year Close": "64.7200", "Annual % Change": "17.40%"}, "2011": {"Average Stock Price": "52.9566", "Year Open": "53.8300", "Year High": "57.1900", "Year Low": "43.9600", "Year Close": "55.1300", "Annual % Change": "5.05%"}, "2010": {"Average Stock Price": "48.8291", "Year Open": "43.3500", "Year High": "55.4300", "Year Low": "40.9500", "Year Close": "52.4800", "Annual % Change": "19.98%"}, "2009": {"Average Stock Price": "32.8625", "Year Open": "31.9100", "Year High": "44.7100", "Year Low": "20.3200", "Year Close": "43.7400", "Annual % Change": "30.29%"}, "2008": {"Average Stock Price": "41.1702", "Year Open": "44.3400", "Year High": "51.2600", "Year Low": "18.3700", "Year Close": "33.5700", "Annual % Change": "-25.81%"}, "2007": {"Average Stock Price": "41.2984", "Year Open": "41.8900", "Year High": "47.7000", "Year Low": "31.5100", "Year Close": "45.2500", "Annual % Change": "6.92%"}, "2006": {"Average Stock Price": "35.1359", "Year Open": "32.7800", "Year High": "42.3200", "Year Low": "29.9800", "Year Close": "42.3200", "Annual % Change": "32.17%"}, "2005": {"Average Stock Price": "28.9725", "Year Open": "27.0900", "Year High": "32.6700", "Year Low": "24.6700", "Year Close": "32.0200", "Annual % Change": "16.82%"}, "2004": {"Average Stock Price": "25.3606", "Year Open": "22.2500", "Year High": "29.1000", "Year Low": "21.1000", "Year Close": "27.4100", "Annual % Change": "24.59%"}, "2003": {"Average Stock Price": "15.4220", "Year Open": "11.4000", "Year High": "22.6800", "Year Low": "11.1500", "Year Close": "22.0000", "Annual % Change": "92.14%"}, "2002": {"Average Stock Price": "12.5391", "Year Open": "11.8600", "Year High": "13.7000", "Year Low": "10.1200", "Year Close": "11.4500", "Annual % Change": "-0.43%"}, "2001": {"Average Stock Price": "10.1026", "Year Open": "5.8750", "Year High": "12.7000", "Year Low": "5.8750", "Year Close": "11.5000", "Annual % Change": "104.44%"}, "2000": {"Average Stock Price": "4.2270", "Year Open": "4.0000", "Year High": "5.6880", "Year Low": "2.8130", "Year Close": "5.6250", "Annual % Change": "34.31%"}, "1999": {"Average Stock Price": "5.6759", "Year Open": "12.5000", "Year High": "13.3800", "Year Low": "3.3130", "Year Close": "4.1880", "Annual % Change": "-65.64%"}, "1998": {"Average Stock Price": "12.9970", "Year Open": "12.1200", "Year High": "17.5000", "Year Low": "10.0000", "Year Close": "12.1900", "Annual % Change": "-0.25%"}}}, "market cap": {"value": "$18.07B"}, "income statement": {"Revenue": {"2019-12-31": "3872.75000", "2018-12-31": "3745.81000", "2017-12-31": "3574.14900", "2016-12-31": "3443.52200", "2015-12-31": "3286.39800", "2014-12-31": "2776.81300", "2013-12-31": "2516.61700", "2012-12-31": "2469.61500", "2011-12-31": "1731.70400", "2010-12-31": "1000.63400", "2009-12-31": "923.46500", "2008-12-31": "919.14500", "2007-12-31": "746.69700", "2006-12-31": "397.95100", "2005-12-31": "319.18400"}, "Cost Of Goods Sold": {"2019-12-31": "289.12900", "2018-12-31": "245.09700", "2017-12-31": "236.39800", "2016-12-31": "199.09500", "2015-12-31": "200.79000", "2014-12-31": "175.92400", "2013-12-31": "161.55600", "2012-12-31": "135.28300", "2011-12-31": "84.06900", "2010-12-31": "325.47100", "2009-12-31": "302.81300", "2008-12-31": "306.94400", "2007-12-31": "198.12500", "2006-12-31": "10.53200", "2005-12-31": "2.57600"}, "Gross Profit": {"2019-12-31": "3583.62100", "2018-12-31": "3500.71300", "2017-12-31": "3337.75100", "2016-12-31": "3244.42700", "2015-12-31": "3085.60800", "2014-12-31": "2600.88900", "2013-12-31": "2355.06100", "2012-12-31": "2334.33200", "2011-12-31": "1647.63500", "2010-12-31": "675.16300", "2009-12-31": "620.65200", "2008-12-31": "612.20100", "2007-12-31": "548.57200", "2006-12-31": "387.41900", "2005-12-31": "316.60800"}, "Research And Development Expenses": {"2019-12-31": "", "2018-12-31": "", "2017-12-31": "", "2016-12-31": "", "2015-12-31": "", "2014-12-31": "", "2013-12-31": "", "2012-12-31": "", "2011-12-31": "", "2010-12-31": "", "2009-12-31": "", "2008-12-31": "", "2007-12-31": "", "2006-12-31": "", "2005-12-31": ""}, "SG&A Expenses": {"2019-12-31": "165.99600", "2018-12-31": "151.98200", "2017-12-31": "135.49000", "2016-12-31": "126.87500", "2015-12-31": "128.03500", "2014-12-31": "121.73800", "2013-12-31": "115.08300", "2012-12-31": "98.51000", "2011-12-31": "74.53700", "2010-12-31": "49.83000", "2009-12-31": "38.83000", "2008-12-31": "40.65100", "2007-12-31": "36.42500", "2006-12-31": "26.13600", "2005-12-31": "25.07500"}, "Other Operating Income Or Expenses": {"2019-12-31": "-1521.39800", "2018-12-31": "-1446.20100", "2017-12-31": "-1250.06500", "2016-12-31": "-1242.97800", "2015-12-31": "-1209.41500", "2014-12-31": "-1036.55600", "2013-12-31": "-956.68400", "2012-12-31": "-841.02200", "2011-12-31": "-385.83600", "2010-12-31": "0.00000", "2009-12-31": "0.00000", "2008-12-31": "", "2007-12-31": "", "2006-12-31": "", "2005-12-31": ""}, "Operating Expenses": {"2019-12-31": "3022.14300", "2018-12-31": "2762.91900", "2017-12-31": "2509.90100", "2016-12-31": "2467.87200", "2015-12-31": "2432.29700", "2014-12-31": "2059.43400", "2013-12-31": "1863.23100", "2012-12-31": "1789.78200", "2011-12-31": "988.63490", "2010-12-31": "575.98300", "2009-12-31": "538.94100", "2008-12-31": "577.09600", "2007-12-31": "461.06700", "2006-12-31": "147.42200", "2005-12-31": "112.97000"}, "Operating Income": {"2019-12-31": "850.60690", "2018-12-31": "982.89110", "2017-12-31": "1064.24800", "2016-12-31": "975.64990", "2015-12-31": "854.10080", "2014-12-31": "717.37890", "2013-12-31": "653.38600", "2012-12-31": "679.83300", "2011-12-31": "743.06900", "2010-12-31": "424.65090", "2009-12-31": "384.52400", "2008-12-31": "342.04900", "2007-12-31": "285.63000", "2006-12-31": "250.52900", "2005-12-31": "206.21400"}, "Total Non-Operating Income/Expense": {"2019-12-31": "-491.18800", "2018-12-31": "-598.06600", "2017-12-31": "-479.53700", "2016-12-31": "-457.14200", "2015-12-31": "-502.42600", "2014-12-31": "-366.67600", "2013-12-31": "-289.20800", "2012-12-31": "-396.48000", "2011-12-31": "-412.60100", "2010-12-31": "-201.78000", "2009-12-31": "-192.95500", "2008-12-31": "-181.19600", "2007-12-31": "-175.27100", "2006-12-31": "-128.45700", "2005-12-31": "-86.91700"}, "Pre-Tax Income": {"2019-12-31": "359.41900", "2018-12-31": "384.82500", "2017-12-31": "584.71100", "2016-12-31": "518.50800", "2015-12-31": "351.67500", "2014-12-31": "350.70300", "2013-12-31": "364.17800", "2012-12-31": "283.35300", "2011-12-31": "330.46800", "2010-12-31": "222.87100", "2009-12-31": "191.56900", "2008-12-31": "160.85300", "2007-12-31": "110.35900", "2006-12-31": "122.07200", "2005-12-31": "119.29700"}, "Income Taxes": {"2019-12-31": "-56.31000", "2018-12-31": "-39.95300", "2017-12-31": "-59.79900", "2016-12-31": "-31.34300", "2015-12-31": "-39.28400", "2014-12-31": "-8.73200", "2013-12-31": "-11.82800", "2012-12-31": "-6.28200", "2011-12-31": "-30.66000", "2010-12-31": "5.20100", "2009-12-31": "-1.71900", "2008-12-31": "-15.88500", "2007-12-31": "-28.04200", "2006-12-31": "", "2005-12-31": ""}, "Income After Taxes": {"2019-12-31": "415.72900", "2018-12-31": "424.77800", "2017-12-31": "644.51000", "2016-12-31": "549.85100", "2015-12-31": "390.95900", "2014-12-31": "359.43500", "2013-12-31": "376.00600", "2012-12-31": "289.63500", "2011-12-31": "361.12800", "2010-12-31": "217.67000", "2009-12-31": "193.28800", "2008-12-31": "176.73800", "2007-12-31": "138.40100", "2006-12-31": "122.07200", "2005-12-31": "119.29700"}, "Other Income": {"2019-12-31": "", "2018-12-31": "", "2017-12-31": "", "2016-12-31": "", "2015-12-31": "", "2014-12-31": "", "2013-12-31": "", "2012-12-31": "", "2011-12-31": "", "2010-12-31": "", "2009-12-31": "", "2008-12-31": "", "2007-12-31": "", "2006-12-31": "", "2005-12-31": ""}, "Income From Continuous Operations": {"2019-12-31": "439.29700", "2018-12-31": "415.99100", "2017-12-31": "1361.22200", "2016-12-31": "652.41200", "2015-12-31": "389.53900", "2014-12-31": "359.29600", "2013-12-31": "375.49800", "2012-12-31": "307.78900", "2011-12-31": "361.07600", "2010-12-31": "217.00600", "2009-12-31": "193.28800", "2008-12-31": "176.73800", "2007-12-31": "138.40100", "2006-12-31": "122.07200", "2005-12-31": "119.12200"}, "Income From Discontinued Operations": {"2019-12-31": "", "2018-12-31": "-0.01000", "2017-12-31": "-0.11000", "2016-12-31": "-0.92200", "2015-12-31": "11.10300", "2014-12-31": "99.73500", "2013-12-31": "79.17100", "2012-12-31": "53.98600", "2011-12-31": "2.18500", "2010-12-31": "32.72300", "2009-12-31": "76.07200", "2008-12-31": "48.54900", "2007-12-31": "142.17700", "2006-12-31": "9.35800", "2005-12-31": "11.46100"}, "Net Income": {"2019-12-31": "433.01600", "2018-12-31": "409.46700", "2017-12-31": "1356.47000", "2016-12-31": "649.23100", "2015-12-31": "417.84300", "2014-12-31": "475.76700", "2013-12-31": "453.50900", "2012-12-31": "362.80000", "2011-12-31": "364.49300", "2010-12-31": "246.16700", "2009-12-31": "266.49500", "2008-12-31": "222.60300", "2007-12-31": "273.68100", "2006-12-31": "131.43000", "2005-12-31": "130.58300"}, "EBITDA": {"2019-12-31": "1911.24500", "2018-12-31": "1890.75600", "2017-12-31": "1947.71700", "2016-12-31": "1864.59500", "2015-12-31": "1809.08300", "2014-12-31": "1526.66300", "2013-12-31": "1390.72900", "2012-12-31": "1387.54700", "2011-12-31": "1177.45100", "2010-12-31": "637.70090", "2009-12-31": "590.36300", "2008-12-31": "572.45300", "2007-12-31": "516.75000", "2006-12-31": "371.02300", "2005-12-31": "294.61000"}, "EBIT": {"2019-12-31": "850.60690", "2018-12-31": "982.89110", "2017-12-31": "1064.24800", "2016-12-31": "975.64990", "2015-12-31": "854.10080", "2014-12-31": "717.37890", "2013-12-31": "653.38600", "2012-12-31": "679.83300", "2011-12-31": "743.06900", "2010-12-31": "424.65090", "2009-12-31": "384.52400", "2008-12-31": "342.04900", "2007-12-31": "285.63000", "2006-12-31": "250.52900", "2005-12-31": "206.21400"}, "Basic Shares Outstanding": {"2019-12-31": "365.97700", "2018-12-31": "356.26500", "2017-12-31": "355.32600", "2016-12-31": "344.70300", "2015-12-31": "330.31100", "2014-12-31": "294.17500", "2013-12-31": "292.65400", "2012-12-31": "292.06400", "2011-12-31": "228.45300", "2010-12-31": "156.60800", "2009-12-31": "152.56600", "2008-12-31": "139.57200", "2007-12-31": "122.59700", "2006-12-31": "104.20600", "2005-12-31": "95.03700"}, "Shares Outstanding": {"2019-12-31": "369.88600", "2018-12-31": "359.30100", "2017-12-31": "358.56600", "2016-12-31": "348.39000", "2015-12-31": "334.00700", "2014-12-31": "296.67700", "2013-12-31": "295.11000", "2012-12-31": "294.48800", "2011-12-31": "230.79000", "2010-12-31": "157.65700", "2009-12-31": "152.75800", "2008-12-31": "139.91200", "2007-12-31": "123.01200", "2006-12-31": "104.73100", "2005-12-31": "95.77500"}, "Basic EPS": {"2019-12-31": "1.18000", "2018-12-31": "1.15000", "2017-12-31": "3.82000", "2016-12-31": "1.88000", "2015-12-31": "1.26000", "2014-12-31": "1.62000", "2013-12-31": "1.55000", "2012-12-31": "1.24000", "2011-12-31": "1.60000", "2010-12-31": "1.57000", "2009-12-31": "1.75000", "2008-12-31": "1.59000", "2007-12-31": "2.23000", "2006-12-31": "1.26000", "2005-12-31": "1.37000"}, "EPS - Earnings Per Share": {"2019-12-31": "1.17000", "2018-12-31": "1.14000", "2017-12-31": "3.78000", "2016-12-31": "1.86000", "2015-12-31": "1.25000", "2014-12-31": "1.60000", "2013-12-31": "1.54000", "2012-12-31": "1.23000", "2011-12-31": "1.58000", "2010-12-31": "1.56000", "2009-12-31": "1.74000", "2008-12-31": "1.59000", "2007-12-31": "2.22000", "2006-12-31": "1.25000", "2005-12-31": "1.36000"}}, "income statement, quarterly": {"Revenue": {"2020-09-30": "918.94000", "2020-06-30": "943.19800", "2020-03-31": "1012.05400", "2019-12-31": "996.00390", "2019-09-30": "983.15500", "2019-06-30": "950.71700", "2019-03-31": "942.87400", "2018-12-31": "923.26300", "2018-09-30": "936.53800", "2018-06-30": "942.30400", "2018-03-31": "943.70500", "2017-12-31": "895.28800", "2017-09-30": "899.92800", "2017-06-30": "895.49000", "2017-03-31": "883.44300", "2016-12-31": "875.71300", "2016-09-30": "867.11600", "2016-06-30": "848.40400", "2016-03-31": "852.28900", "2015-12-31": "841.27400", "2015-09-30": "827.60600", "2015-06-30": "811.92000", "2015-03-31": "805.59800", "2014-12-31": "579.15690", "2014-09-30": "704.93200", "2014-06-30": "751.25400", "2014-03-31": "741.47000", "2013-12-31": "438.34990", "2013-09-30": "711.24900", "2013-06-30": "684.10900", "2013-03-31": "682.90900", "2012-12-31": "652.57200", "2012-09-30": "638.65500", "2012-06-30": "611.96400", "2012-03-31": "566.42400", "2011-12-31": "548.38790", "2011-09-30": "555.37800", "2011-06-30": "359.50600", "2011-03-31": "268.43200", "2010-12-31": "251.76100", "2010-09-30": "264.66500", "2010-06-30": "243.32000", "2010-03-31": "240.88800", "2009-12-31": "228.47200", "2009-09-30": "234.63700", "2009-06-30": "231.45200", "2009-03-31": "228.90400", "2008-12-31": "226.32100", "2008-09-30": "235.12100", "2008-06-30": "229.03100", "2008-03-31": "228.67200", "2007-12-31": "213.87100", "2007-09-30": "223.49200", "2007-06-30": "191.91700", "2007-03-31": "117.41700", "2006-12-31": "96.54600", "2006-09-30": "106.85500", "2006-06-30": "96.73600", "2006-03-31": "97.81400", "2005-12-31": "84.49900", "2005-09-30": "95.93300", "2005-06-30": "74.95200", "2005-03-31": "63.80000"}, "Cost Of Goods Sold": {"2020-09-30": "72.88900", "2020-06-30": "66.57000", "2020-03-31": "71.56400", "2019-12-31": "75.29000", "2019-09-30": "74.10900", "2019-06-30": "69.57900", "2019-03-31": "70.15100", "2018-12-31": "61.35500", "2018-09-30": "62.09900", "2018-06-30": "60.83500", "2018-03-31": "60.80800", "2017-12-31": "59.96200", "2017-09-30": "61.02700", "2017-06-30": "57.75700", "2017-03-31": "57.65200", "2016-12-31": "56.19900", "2016-09-30": "49.94600", "2016-06-30": "45.81800", "2016-03-31": "47.13200", "2015-12-31": "52.54000", "2015-09-30": "49.72100", "2015-06-30": "49.17400", "2015-03-31": "49.35500", "2014-12-31": "46.41700", "2014-09-30": "45.83000", "2014-06-30": "40.96100", "2014-03-31": "42.71600", "2013-12-31": "-189.31900", "2013-09-30": "42.21700", "2013-06-30": "39.81800", "2013-03-31": "268.84000", "2012-12-31": "-577.97000", "2012-09-30": "253.93700", "2012-06-30": "240.49100", "2012-03-31": "218.82500", "2011-12-31": "-160.14900", "2011-09-30": "213.77400", "2011-06-30": "16.23200", "2011-03-31": "14.21200", "2010-12-31": "84.76900", "2010-09-30": "86.64000", "2010-06-30": "75.18300", "2010-03-31": "78.87900", "2009-12-31": "78.44300", "2009-09-30": "76.33800", "2009-06-30": "72.56400", "2009-03-31": "75.46800", "2008-12-31": "76.44700", "2008-09-30": "81.69800", "2008-06-30": "71.84200", "2008-03-31": "76.95700", "2007-12-31": "75.39500", "2007-09-30": "71.38200", "2007-06-30": "50.40700", "2007-03-31": "0.94100", "2006-12-31": "1.16800", "2006-09-30": "8.08800", "2006-06-30": "0.65400", "2006-03-31": "0.62200", "2005-12-31": "0.70600", "2005-09-30": "0.67700", "2005-06-30": "0.64100", "2005-03-31": "0.55200"}, "Gross Profit": {"2020-09-30": "846.05100", "2020-06-30": "876.62800", "2020-03-31": "940.49000", "2019-12-31": "920.71390", "2019-09-30": "909.04600", "2019-06-30": "881.13800", "2019-03-31": "872.72300", "2018-12-31": "861.90800", "2018-09-30": "874.43900", "2018-06-30": "881.46900", "2018-03-31": "882.89700", "2017-12-31": "835.32600", "2017-09-30": "838.90100", "2017-06-30": "837.73300", "2017-03-31": "825.79100", "2016-12-31": "819.51400", "2016-09-30": "817.17000", "2016-06-30": "802.58600", "2016-03-31": "805.15700", "2015-12-31": "788.73410", "2015-09-30": "777.88500", "2015-06-30": "762.74600", "2015-03-31": "756.24300", "2014-12-31": "532.73990", "2014-09-30": "659.10200", "2014-06-30": "710.29300", "2014-03-31": "698.75400", "2013-12-31": "627.66890", "2013-09-30": "669.03200", "2013-06-30": "644.29100", "2013-03-31": "414.06900", "2012-12-31": "1230.54200", "2012-09-30": "384.71800", "2012-06-30": "371.47300", "2012-03-31": "347.59900", "2011-12-31": "708.53690", "2011-09-30": "341.60400", "2011-06-30": "343.27400", "2011-03-31": "254.22000", "2010-12-31": "166.99200", "2010-09-30": "178.02500", "2010-06-30": "168.13700", "2010-03-31": "162.00900", "2009-12-31": "150.02900", "2009-09-30": "158.29900", "2009-06-30": "158.88800", "2009-03-31": "153.43600", "2008-12-31": "149.87410", "2008-09-30": "153.42300", "2008-06-30": "157.18900", "2008-03-31": "151.71500", "2007-12-31": "138.47600", "2007-09-30": "152.11000", "2007-06-30": "141.51000", "2007-03-31": "116.47600", "2006-12-31": "95.37800", "2006-09-30": "98.76700", "2006-06-30": "96.08200", "2006-03-31": "97.19200", "2005-12-31": "83.79300", "2005-09-30": "95.25600", "2005-06-30": "74.31100", "2005-03-31": "63.24800"}, "Research And Development Expenses": {"2020-09-30": "", "2020-06-30": "", "2020-03-31": "", "2019-12-31": "", "2019-09-30": "", "2019-06-30": "", "2019-03-31": "", "2018-12-31": "", "2018-09-30": "", "2018-06-30": "", "2018-03-31": "", "2017-12-31": "", "2017-09-30": "", "2017-06-30": "", "2017-03-31": "", "2016-12-31": "", "2016-09-30": "", "2016-06-30": "", "2016-03-31": "", "2015-12-31": "", "2015-09-30": "", "2015-06-30": "", "2015-03-31": "", "2014-12-31": "", "2014-09-30": "", "2014-06-30": "", "2014-03-31": "", "2013-12-31": "", "2013-09-30": "", "2013-06-30": "", "2013-03-31": "", "2012-12-31": "", "2012-09-30": "", "2012-06-30": "", "2012-03-31": "", "2011-12-31": "", "2011-09-30": "", "2011-06-30": "", "2011-03-31": "", "2010-12-31": "", "2010-09-30": "", "2010-06-30": "", "2010-03-31": "", "2009-12-31": "", "2009-09-30": "", "2009-06-30": "", "2009-03-31": "", "2008-12-31": "", "2008-09-30": "", "2008-06-30": "", "2008-03-31": "", "2007-12-31": "", "2007-09-30": "", "2007-06-30": "", "2007-03-31": "", "2006-12-31": "", "2006-09-30": "", "2006-06-30": "", "2006-03-31": "", "2005-12-31": "", "2005-09-30": "", "2005-06-30": "", "2005-03-31": ""}, "SG&A Expenses": {"2020-09-30": "34.22800", "2020-06-30": "29.98400", "2020-03-31": "42.53500", "2019-12-31": "41.62700", "2019-09-30": "40.53000", "2019-06-30": "43.07900", "2019-03-31": "40.76000", "2018-12-31": "38.47500", "2018-09-30": "39.67700", "2018-06-30": "36.65600", "2018-03-31": "37.17400", "2017-12-31": "34.93000", "2017-09-30": "33.31700", "2017-06-30": "33.28200", "2017-03-31": "33.96100", "2016-12-31": "31.48800", "2016-09-30": "31.56700", "2016-06-30": "32.09400", "2016-03-31": "31.72600", "2015-12-31": "27.63600", "2015-09-30": "32.11400", "2015-06-30": "33.95900", "2015-03-31": "34.32600", "2014-12-31": "28.10200", "2014-09-30": "29.46400", "2014-06-30": "31.30600", "2014-03-31": "32.86600", "2013-12-31": "30.32600", "2013-09-30": "28.65900", "2013-06-30": "27.32400", "2013-03-31": "28.77400", "2012-12-31": "23.02200", "2012-09-30": "26.86700", "2012-06-30": "26.42300", "2012-03-31": "22.19800", "2011-12-31": "23.52700", "2011-09-30": "20.62400", "2011-06-30": "15.55400", "2011-03-31": "14.83200", "2010-12-31": "14.01100", "2010-09-30": "15.27800", "2010-06-30": "9.85800", "2010-03-31": "10.68300", "2009-12-31": "8.22000", "2009-09-30": "9.65700", "2009-06-30": "10.35500", "2009-03-31": "10.59800", "2008-12-31": "11.15800", "2008-09-30": "11.62600", "2008-06-30": "9.61000", "2008-03-31": "8.25700", "2007-12-31": "11.50600", "2007-09-30": "9.31500", "2007-06-30": "8.02300", "2007-03-31": "7.58100", "2006-12-31": "6.67900", "2006-09-30": "6.53900", "2006-06-30": "6.28700", "2006-03-31": "6.63100", "2005-12-31": "6.99600", "2005-09-30": "6.58000", "2005-06-30": "6.05900", "2005-03-31": "5.44000"}, "Other Operating Income Or Expenses": {"2020-09-30": "-422.65300", "2020-06-30": "-432.57800", "2020-03-31": "-410.13100", "2019-12-31": "-405.56390", "2019-09-30": "-388.01100", "2019-06-30": "-366.83700", "2019-03-31": "-360.98600", "2018-12-31": "-366.14800", "2018-09-30": "-366.72100", "2018-06-30": "-361.11200", "2018-03-31": "-352.22000", "2017-12-31": "-313.76890", "2017-09-30": "-315.59800", "2017-06-30": "-308.62500", "2017-03-31": "-312.07300", "2016-12-31": "-310.30300", "2016-09-30": "-312.14500", "2016-06-30": "-307.98900", "2016-03-31": "-312.54100", "2015-12-31": "-307.26100", "2015-09-30": "-304.54000", "2015-06-30": "-299.25200", "2015-03-31": "-298.36200", "2014-12-31": "-273.56300", "2014-09-30": "-265.27400", "2014-06-30": "-249.42400", "2014-03-31": "-248.29500", "2013-12-31": "-481.03100", "2013-09-30": "-244.31600", "2013-06-30": "-231.33700", "2013-03-31": "", "2012-12-31": "", "2012-09-30": "", "2012-06-30": "", "2012-03-31": "", "2011-12-31": "-257.15800", "2011-09-30": "85.32700", "2011-06-30": "-135.89400", "2011-03-31": "-78.11100", "2010-12-31": "", "2010-09-30": "0.00000", "2010-06-30": "", "2010-03-31": "", "2009-12-31": "", "2009-09-30": "", "2009-06-30": "", "2009-03-31": "", "2008-12-31": "", "2008-09-30": "", "2008-06-30": "", "2008-03-31": "", "2007-12-31": "", "2007-09-30": "", "2007-06-30": "", "2007-03-31": "", "2006-12-31": "", "2006-09-30": "", "2006-06-30": "", "2006-03-31": "", "2005-12-31": "", "2005-09-30": "", "2005-06-30": "", "2005-03-31": ""}, "Operating Expenses": {"2020-09-30": "779.13600", "2020-06-30": "878.72600", "2020-03-31": "773.06700", "2019-12-31": "871.39110", "2019-09-30": "737.25300", "2019-06-30": "705.68200", "2019-03-31": "707.81700", "2018-12-31": "710.25390", "2018-09-30": "687.07600", "2018-06-30": "682.23700", "2018-03-31": "683.35210", "2017-12-31": "641.31090", "2017-09-30": "623.34900", "2017-06-30": "623.77200", "2017-03-31": "621.46900", "2016-12-31": "630.17910", "2016-09-30": "602.04500", "2016-06-30": "607.86200", "2016-03-31": "627.78600", "2015-12-31": "624.23220", "2015-09-30": "612.70700", "2015-06-30": "597.09600", "2015-03-31": "598.26200", "2014-12-31": "515.88010", "2014-09-30": "513.57400", "2014-06-30": "512.50900", "2014-03-31": "517.47100", "2013-12-31": "427.91300", "2013-09-30": "492.23000", "2013-06-30": "470.00600", "2013-03-31": "473.08200", "2012-12-31": "464.71300", "2012-09-30": "469.34400", "2012-06-30": "454.28100", "2012-03-31": "401.44400", "2011-12-31": "277.31300", "2011-09-30": "305.66400", "2011-06-30": "247.18900", "2011-03-31": "158.46900", "2010-12-31": "145.00400", "2010-09-30": "154.02200", "2010-06-30": "135.08100", "2010-03-31": "141.87600", "2009-12-31": "135.83600", "2009-09-30": "135.97900", "2009-06-30": "131.56200", "2009-03-31": "135.56400", "2008-12-31": "139.95300", "2008-09-30": "143.32100", "2008-06-30": "138.09400", "2008-03-31": "155.72800", "2007-12-31": "153.83900", "2007-09-30": "150.53000", "2007-06-30": "115.89700", "2007-03-31": "40.80100", "2006-12-31": "32.60900", "2006-09-30": "43.65100", "2006-06-30": "35.43900", "2006-03-31": "35.72300", "2005-12-31": "33.86800", "2005-09-30": "34.95100", "2005-06-30": "24.93900", "2005-03-31": "19.21200"}, "Operating Income": {"2020-09-30": "139.80400", "2020-06-30": "64.47200", "2020-03-31": "238.98700", "2019-12-31": "124.61280", "2019-09-30": "245.90200", "2019-06-30": "245.03500", "2019-03-31": "235.05700", "2018-12-31": "213.00910", "2018-09-30": "249.46200", "2018-06-30": "260.06700", "2018-03-31": "260.35300", "2017-12-31": "253.97710", "2017-09-30": "276.57900", "2017-06-30": "271.71800", "2017-03-31": "261.97400", "2016-12-31": "245.53390", "2016-09-30": "265.07100", "2016-06-30": "240.54200", "2016-03-31": "224.50300", "2015-12-31": "217.04190", "2015-09-30": "214.89900", "2015-06-30": "214.82400", "2015-03-31": "207.33610", "2014-12-31": "63.27680", "2014-09-30": "191.35800", "2014-06-30": "238.74510", "2014-03-31": "223.99900", "2013-12-31": "10.43690", "2013-09-30": "219.01900", "2013-06-30": "214.10300", "2013-03-31": "209.82700", "2012-12-31": "187.85900", "2012-09-30": "169.31100", "2012-06-30": "157.68300", "2012-03-31": "164.98000", "2011-12-31": "271.07500", "2011-09-30": "249.71400", "2011-06-30": "112.31700", "2011-03-31": "109.96300", "2010-12-31": "106.75690", "2010-09-30": "110.64300", "2010-06-30": "108.23900", "2010-03-31": "99.01200", "2009-12-31": "92.63600", "2009-09-30": "98.65800", "2009-06-30": "99.89000", "2009-03-31": "93.34000", "2008-12-31": "86.36810", "2008-09-30": "91.80000", "2008-06-30": "90.93700", "2008-03-31": "72.94400", "2007-12-31": "60.03200", "2007-09-30": "72.96200", "2007-06-30": "76.02000", "2007-03-31": "76.61600", "2006-12-31": "63.93700", "2006-09-30": "63.20400", "2006-06-30": "61.29700", "2006-03-31": "62.09100", "2005-12-31": "50.63100", "2005-09-30": "60.98200", "2005-06-30": "50.01300", "2005-03-31": "44.58800"}, "Total Non-Operating Income/Expense": {"2020-09-30": "-142.74900", "2020-06-30": "-162.75500", "2020-03-31": "-128.62200", "2019-12-31": "-112.58200", "2019-09-30": "-157.86900", "2019-06-30": "-107.51000", "2019-03-31": "-113.22700", "2018-12-31": "-181.50300", "2018-09-30": "-152.81000", "2018-06-30": "-120.95700", "2018-03-31": "-142.79600", "2017-12-31": "-117.46700", "2017-09-30": "-128.21400", "2017-06-30": "-121.49900", "2017-03-31": "-112.35700", "2016-12-31": "-108.00200", "2016-09-30": "-124.09300", "2016-06-30": "-115.66000", "2016-03-31": "-109.38700", "2015-12-31": "-105.13600", "2015-09-30": "-179.40600", "2015-06-30": "-100.04800", "2015-03-31": "-117.83600", "2014-12-31": "-48.87800", "2014-09-30": "-105.34000", "2014-06-30": "-108.88700", "2014-03-31": "-103.57100", "2013-12-31": "-15.02000", "2013-09-30": "-94.13600", "2013-06-30": "-92.56900", "2013-03-31": "-87.48300", "2012-12-31": "-88.58900", "2012-09-30": "-79.72600", "2012-06-30": "-120.93400", "2012-03-31": "-107.23100", "2011-12-31": "-86.65600", "2011-09-30": "-161.43500", "2011-06-30": "-99.80000", "2011-03-31": "-64.71000", "2010-12-31": "-50.51800", "2010-09-30": "-50.24200", "2010-06-30": "-54.71700", "2010-03-31": "-46.30300", "2009-12-31": "-42.17900", "2009-09-30": "-49.21700", "2009-06-30": "-53.47600", "2009-03-31": "-48.08300", "2008-12-31": "-46.60200", "2008-09-30": "-28.96400", "2008-06-30": "-52.79100", "2008-03-31": "-52.83900", "2007-12-31": "-51.09300", "2007-09-30": "-54.52400", "2007-06-30": "-36.63100", "2007-03-31": "-33.02300", "2006-12-31": "-29.56000", "2006-09-30": "-32.25000", "2006-06-30": "-33.69000", "2006-03-31": "-32.95700", "2005-12-31": "-14.94800", "2005-09-30": "-32.26300", "2005-06-30": "-22.73000", "2005-03-31": "-16.97600"}, "Pre-Tax Income": {"2020-09-30": "-2.94500", "2020-06-30": "-98.28300", "2020-03-31": "110.36500", "2019-12-31": "12.03100", "2019-09-30": "88.03300", "2019-06-30": "137.52500", "2019-03-31": "121.83000", "2018-12-31": "31.50600", "2018-09-30": "96.65200", "2018-06-30": "139.11000", "2018-03-31": "117.55700", "2017-12-31": "136.51000", "2017-09-30": "148.36500", "2017-06-30": "150.21900", "2017-03-31": "149.61700", "2016-12-31": "137.53200", "2016-09-30": "140.97800", "2016-06-30": "124.88200", "2016-03-31": "115.11600", "2015-12-31": "111.90600", "2015-09-30": "35.49300", "2015-06-30": "114.77600", "2015-03-31": "89.50000", "2014-12-31": "14.39900", "2014-09-30": "86.01800", "2014-06-30": "129.85800", "2014-03-31": "120.42800", "2013-12-31": "-4.58300", "2013-09-30": "124.88300", "2013-06-30": "121.53400", "2013-03-31": "122.34400", "2012-12-31": "99.27000", "2012-09-30": "89.58500", "2012-06-30": "36.74900", "2012-03-31": "57.74900", "2011-12-31": "184.41900", "2011-09-30": "88.27900", "2011-06-30": "12.51700", "2011-03-31": "45.25300", "2010-12-31": "56.23900", "2010-09-30": "60.40100", "2010-06-30": "53.52200", "2010-03-31": "52.70900", "2009-12-31": "50.45700", "2009-09-30": "49.44100", "2009-06-30": "46.41400", "2009-03-31": "45.25700", "2008-12-31": "39.76600", "2008-09-30": "62.83600", "2008-06-30": "38.14600", "2008-03-31": "20.10500", "2007-12-31": "8.93900", "2007-09-30": "18.43800", "2007-06-30": "39.38900", "2007-03-31": "43.59300", "2006-12-31": "34.37700", "2006-09-30": "30.95400", "2006-06-30": "27.60700", "2006-03-31": "29.13400", "2005-12-31": "35.68300", "2005-09-30": "28.71900", "2005-06-30": "27.28300", "2005-03-31": "27.61200"}, "Income Taxes": {"2020-09-30": "-3.19500", "2020-06-30": "56.35600", "2020-03-31": "-149.01600", "2019-12-31": "0.69400", "2019-09-30": "2.00500", "2019-06-30": "-57.75200", "2019-03-31": "-1.25700", "2018-12-31": "-28.65000", "2018-09-30": "-7.32700", "2018-06-30": "-0.73400", "2018-03-31": "-3.24200", "2017-12-31": "-46.68000", "2017-09-30": "-7.81500", "2017-06-30": "-2.15900", "2017-03-31": "-3.14500", "2016-12-31": "-2.83600", "2016-09-30": "-8.53700", "2016-06-30": "-11.54900", "2016-03-31": "-8.42100", "2015-12-31": "-11.54800", "2015-09-30": "-10.69700", "2015-06-30": "-9.78900", "2015-03-31": "-7.25000", "2014-12-31": "-13.55200", "2014-09-30": "-1.88700", "2014-06-30": "3.27400", "2014-03-31": "3.43300", "2013-12-31": "1.27200", "2013-09-30": "-2.78000", "2013-06-30": "-12.06400", "2013-03-31": "1.74400", "2012-12-31": "-3.55500", "2012-09-30": "-8.88600", "2012-06-30": "-5.17900", "2012-03-31": "11.33800", "2011-12-31": "-7.62100", "2011-09-30": "-13.73200", "2011-06-30": "-6.11000", "2011-03-31": "-3.19700", "2010-12-31": "2.84900", "2010-09-30": "1.65700", "2010-06-30": "0.40900", "2010-03-31": "0.28600", "2009-12-31": "-0.36700", "2009-09-30": "-0.41000", "2009-06-30": "-0.39500", "2009-03-31": "-0.54700", "2008-12-31": "-1.72000", "2008-09-30": "-0.41500", "2008-06-30": "-3.71200", "2008-03-31": "-10.03800", "2007-12-31": "-12.96800", "2007-09-30": "-9.46300", "2007-06-30": "-5.61100", "2007-03-31": "", "2006-12-31": "", "2006-09-30": "", "2006-06-30": "", "2006-03-31": "", "2005-12-31": "", "2005-09-30": "", "2005-06-30": "", "2005-03-31": ""}, "Income After Taxes": {"2020-09-30": "0.25000", "2020-06-30": "-154.63900", "2020-03-31": "259.38100", "2019-12-31": "11.33700", "2019-09-30": "86.02800", "2019-06-30": "195.27700", "2019-03-31": "123.08700", "2018-12-31": "60.15600", "2018-09-30": "103.97900", "2018-06-30": "139.84400", "2018-03-31": "120.79900", "2017-12-31": "183.19000", "2017-09-30": "156.18000", "2017-06-30": "152.37800", "2017-03-31": "152.76200", "2016-12-31": "140.36800", "2016-09-30": "149.51500", "2016-06-30": "136.43100", "2016-03-31": "123.53700", "2015-12-31": "123.45400", "2015-09-30": "46.19000", "2015-06-30": "124.56500", "2015-03-31": "96.75000", "2014-12-31": "27.95100", "2014-09-30": "87.90500", "2014-06-30": "126.58400", "2014-03-31": "116.99500", "2013-12-31": "-5.85500", "2013-09-30": "127.66300", "2013-06-30": "133.59800", "2013-03-31": "120.60000", "2012-12-31": "102.82500", "2012-09-30": "98.47100", "2012-06-30": "41.92800", "2012-03-31": "46.41100", "2011-12-31": "192.04000", "2011-09-30": "102.01100", "2011-06-30": "18.62700", "2011-03-31": "48.45000", "2010-12-31": "53.39000", "2010-09-30": "58.74400", "2010-06-30": "53.11300", "2010-03-31": "52.42300", "2009-12-31": "50.82400", "2009-09-30": "49.85100", "2009-06-30": "46.80900", "2009-03-31": "45.80400", "2008-12-31": "41.48600", "2008-09-30": "63.25100", "2008-06-30": "41.85800", "2008-03-31": "30.14300", "2007-12-31": "21.90700", "2007-09-30": "27.90100", "2007-06-30": "45.00000", "2007-03-31": "43.59300", "2006-12-31": "34.37700", "2006-09-30": "30.95400", "2006-06-30": "27.60700", "2006-03-31": "29.13400", "2005-12-31": "35.68300", "2005-09-30": "28.71900", "2005-06-30": "27.28300", "2005-03-31": "27.61200"}, "Other Income": {"2020-09-30": "", "2020-06-30": "", "2020-03-31": "", "2019-12-31": "", "2019-09-30": "", "2019-06-30": "", "2019-03-31": "", "2018-12-31": "", "2018-09-30": "", "2018-06-30": "", "2018-03-31": "", "2017-12-31": "", "2017-09-30": "", "2017-06-30": "", "2017-03-31": "", "2016-12-31": "", "2016-09-30": "", "2016-06-30": "", "2016-03-31": "", "2015-12-31": "", "2015-09-30": "", "2015-06-30": "", "2015-03-31": "", "2014-12-31": "", "2014-09-30": "", "2014-06-30": "", "2014-03-31": "", "2013-12-31": "", "2013-09-30": "", "2013-06-30": "", "2013-03-31": "", "2012-12-31": "", "2012-09-30": "", "2012-06-30": "", "2012-03-31": "", "2011-12-31": "", "2011-09-30": "", "2011-06-30": "", "2011-03-31": "", "2010-12-31": "", "2010-09-30": "", "2010-06-30": "", "2010-03-31": "", "2009-12-31": "", "2009-09-30": "", "2009-06-30": "", "2009-03-31": "", "2008-12-31": "", "2008-09-30": "", "2008-06-30": "", "2008-03-31": "", "2007-12-31": "", "2007-09-30": "", "2007-06-30": "", "2007-03-31": "", "2006-12-31": "", "2006-09-30": "", "2006-06-30": "", "2006-03-31": "", "2005-12-31": "", "2005-09-30": "", "2005-06-30": "", "2005-03-31": ""}, "Income From Continuous Operations": {"2020-09-30": "13.73700", "2020-06-30": "-159.23500", "2020-03-31": "474.73000", "2019-12-31": "12.89300", "2019-09-30": "86.91800", "2019-06-30": "211.89800", "2019-03-31": "127.58800", "2018-12-31": "99.19500", "2018-09-30": "103.26300", "2018-06-30": "133.47300", "2018-03-31": "80.06000", "2017-12-31": "896.10800", "2017-09-30": "156.93000", "2017-06-30": "152.27200", "2017-03-31": "155.91200", "2016-12-31": "240.77800", "2016-09-30": "150.44600", "2016-06-30": "137.84900", "2016-03-31": "123.33900", "2015-12-31": "123.23100", "2015-09-30": "45.23500", "2015-06-30": "124.57400", "2015-03-31": "96.49900", "2014-12-31": "27.26300", "2014-09-30": "87.85800", "2014-06-30": "126.93200", "2014-03-31": "117.24300", "2013-12-31": "-6.89600", "2013-09-30": "127.77300", "2013-06-30": "133.09200", "2013-03-31": "121.52900", "2012-12-31": "103.07400", "2012-09-30": "115.54500", "2012-06-30": "42.44200", "2012-03-31": "46.72800", "2011-12-31": "192.05900", "2011-09-30": "102.19300", "2011-06-30": "18.54400", "2011-03-31": "48.28000", "2010-12-31": "53.11800", "2010-09-30": "58.35200", "2010-06-30": "53.11300", "2010-03-31": "52.42300", "2009-12-31": "50.82400", "2009-09-30": "49.85100", "2009-06-30": "46.80900", "2009-03-31": "45.80400", "2008-12-31": "41.48600", "2008-09-30": "63.25100", "2008-06-30": "41.85800", "2008-03-31": "30.14300", "2007-12-31": "22.99500", "2007-09-30": "27.22600", "2007-06-30": "44.59200", "2007-03-31": "43.58800", "2006-12-31": "34.37700", "2006-09-30": "30.95400", "2006-06-30": "27.60700", "2006-03-31": "29.13400", "2005-12-31": "35.68300", "2005-09-30": "28.71900", "2005-06-30": "27.10800", "2005-03-31": "27.61200"}, "Income From Discontinued Operations": {"2020-09-30": "", "2020-06-30": "", "2020-03-31": "", "2019-12-31": "", "2019-09-30": "", "2019-06-30": "", "2019-03-31": "", "2018-12-31": "", "2018-09-30": "", "2018-06-30": "0.00000", "2018-03-31": "-0.01000", "2017-12-31": "-0.01500", "2017-09-30": "-0.01900", "2017-06-30": "-0.02300", "2017-03-31": "-0.05300", "2016-12-31": "-0.16700", "2016-09-30": "-0.11800", "2016-06-30": "-0.14800", "2016-03-31": "-0.48900", "2015-12-31": "-2.33100", "2015-09-30": "-22.38300", "2015-06-30": "18.24300", "2015-03-31": "17.57400", "2014-12-31": "78.78800", "2014-09-30": "18.17100", "2014-06-30": "-0.25500", "2014-03-31": "3.03100", "2013-12-31": "115.33500", "2013-09-30": "-9.17400", "2013-06-30": "-18.55900", "2013-03-31": "-8.43100", "2012-12-31": "-16.94800", "2012-09-30": "-3.72400", "2012-06-30": "31.29400", "2012-03-31": "43.36400", "2011-12-31": "0.43800", "2011-09-30": "-0.20900", "2011-06-30": "1.19000", "2011-03-31": "0.76600", "2010-12-31": "25.58400", "2010-09-30": "0.54200", "2010-06-30": "5.85200", "2010-03-31": "0.74500", "2009-12-31": "3.95400", "2009-09-30": "0.57900", "2009-06-30": "42.37400", "2009-03-31": "29.16500", "2008-12-31": "16.66500", "2008-09-30": "1.55500", "2008-06-30": "28.84000", "2008-03-31": "1.48900", "2007-12-31": "4.66600", "2007-09-30": "0.78800", "2007-06-30": "135.20500", "2007-03-31": "1.51800", "2006-12-31": "6.42000", "2006-09-30": "1.28700", "2006-06-30": "1.65100", "2006-03-31": "", "2005-12-31": "11.53800", "2005-09-30": "0.00200", "2005-06-30": "-0.04000", "2005-03-31": "-0.03900"}, "Net Income": {"2020-09-30": "12.75100", "2020-06-30": "-157.17000", "2020-03-31": "473.11700", "2019-12-31": "11.44300", "2019-09-30": "85.25900", "2019-06-30": "210.52900", "2019-03-31": "125.78500", "2018-12-31": "62.27300", "2018-09-30": "101.97200", "2018-06-30": "166.51900", "2018-03-31": "78.70300", "2017-12-31": "392.55400", "2017-09-30": "613.95800", "2017-06-30": "151.83100", "2017-03-31": "198.12700", "2016-12-31": "207.63700", "2016-09-30": "149.45200", "2016-06-30": "143.16200", "2016-03-31": "148.98000", "2015-12-31": "124.72800", "2015-09-30": "22.85200", "2015-06-30": "149.82100", "2015-03-31": "120.44200", "2014-12-31": "107.19000", "2014-09-30": "109.13200", "2014-06-30": "138.39800", "2014-03-31": "121.04700", "2013-12-31": "108.44000", "2013-09-30": "118.29600", "2013-06-30": "114.58000", "2013-03-31": "112.19300", "2012-12-31": "86.26700", "2012-09-30": "111.88200", "2012-06-30": "74.02500", "2012-03-31": "90.62600", "2011-12-31": "192.94800", "2011-09-30": "102.88500", "2011-06-30": "19.67600", "2011-03-31": "48.98400", "2010-12-31": "77.58300", "2010-09-30": "57.89800", "2010-06-30": "58.06700", "2010-03-31": "52.61900", "2009-12-31": "54.08100", "2009-09-30": "49.80500", "2009-06-30": "88.38100", "2009-03-31": "74.22800", "2008-12-31": "57.53000", "2008-09-30": "63.76600", "2008-06-30": "70.15300", "2008-03-31": "31.15400", "2007-12-31": "25.96300", "2007-09-30": "28.01400", "2007-06-30": "174.59800", "2007-03-31": "45.10600", "2006-12-31": "40.79700", "2006-09-30": "32.24100", "2006-06-30": "29.25800", "2006-03-31": "29.13400", "2005-12-31": "47.22100", "2005-09-30": "28.72100", "2005-06-30": "27.06800", "2005-03-31": "27.57300"}, "EBITDA": {"2020-09-30": "375.71900", "2020-06-30": "416.50700", "2020-03-31": "488.70200", "2019-12-31": "478.11470", "2019-09-30": "485.48910", "2019-06-30": "473.37900", "2019-03-31": "474.26200", "2018-12-31": "457.98510", "2018-09-30": "470.75400", "2018-06-30": "468.60200", "2018-03-31": "493.41500", "2017-12-31": "487.24510", "2017-09-30": "489.15400", "2017-06-30": "494.11600", "2017-03-31": "477.20200", "2016-12-31": "475.87690", "2016-09-30": "470.72810", "2016-06-30": "459.69100", "2016-03-31": "458.29900", "2015-12-31": "451.41490", "2015-09-30": "451.56900", "2015-06-30": "458.43190", "2015-03-31": "447.66710", "2014-12-31": "300.77580", "2014-09-30": "390.01010", "2014-06-30": "425.35000", "2014-03-31": "410.52700", "2013-12-31": "202.98980", "2013-09-30": "399.28110", "2013-06-30": "400.32700", "2013-03-31": "388.13100", "2012-12-31": "376.83710", "2012-09-30": "351.65600", "2012-06-30": "344.70600", "2012-03-31": "314.34800", "2011-12-31": "424.80300", "2011-09-30": "396.26500", "2011-06-30": "192.81600", "2011-03-31": "163.56700", "2010-12-31": "163.00990", "2010-09-30": "163.29400", "2010-06-30": "159.24300", "2010-03-31": "152.15400", "2009-12-31": "150.16500", "2009-09-30": "149.36600", "2009-06-30": "148.83400", "2009-03-31": "141.99800", "2008-12-31": "139.57610", "2008-09-30": "141.62800", "2008-06-30": "148.04400", "2008-03-31": "143.20500", "2007-12-31": "133.29900", "2007-09-30": "140.97300", "2007-06-30": "131.92300", "2007-03-31": "110.55500", "2006-12-31": "96.68800", "2006-09-30": "93.02200", "2006-06-30": "90.58500", "2006-03-31": "90.72800", "2005-12-31": "79.30600", "2005-09-30": "88.63700", "2005-06-30": "68.55900", "2005-03-31": "58.10800"}, "EBIT": {"2020-09-30": "139.80400", "2020-06-30": "64.47200", "2020-03-31": "238.98700", "2019-12-31": "124.61290", "2019-09-30": "245.90200", "2019-06-30": "245.03500", "2019-03-31": "235.05700", "2018-12-31": "213.00910", "2018-09-30": "249.46200", "2018-06-30": "260.06700", "2018-03-31": "260.35300", "2017-12-31": "253.97710", "2017-09-30": "276.57900", "2017-06-30": "271.71800", "2017-03-31": "261.97400", "2016-12-31": "245.53390", "2016-09-30": "265.07100", "2016-06-30": "240.54200", "2016-03-31": "224.50300", "2015-12-31": "217.04180", "2015-09-30": "214.89900", "2015-06-30": "214.82400", "2015-03-31": "207.33610", "2014-12-31": "63.27690", "2014-09-30": "191.35800", "2014-06-30": "238.74510", "2014-03-31": "223.99900", "2013-12-31": "10.43690", "2013-09-30": "219.01900", "2013-06-30": "214.10300", "2013-03-31": "209.82700", "2012-12-31": "187.85900", "2012-09-30": "169.31100", "2012-06-30": "157.68300", "2012-03-31": "164.98000", "2011-12-31": "271.07500", "2011-09-30": "249.71400", "2011-06-30": "112.31700", "2011-03-31": "109.96300", "2010-12-31": "106.75690", "2010-09-30": "110.64300", "2010-06-30": "108.23900", "2010-03-31": "99.01200", "2009-12-31": "92.63600", "2009-09-30": "98.65800", "2009-06-30": "99.89000", "2009-03-31": "93.34000", "2008-12-31": "86.36800", "2008-09-30": "91.80000", "2008-06-30": "90.93700", "2008-03-31": "72.94400", "2007-12-31": "60.03200", "2007-09-30": "72.96200", "2007-06-30": "76.02000", "2007-03-31": "76.61600", "2006-12-31": "63.93700", "2006-09-30": "63.20400", "2006-06-30": "61.29700", "2006-03-31": "62.09100", "2005-12-31": "50.63100", "2005-09-30": "60.98200", "2005-06-30": "50.01300", "2005-03-31": "44.58800"}, "Basic Shares Outstanding": {"2020-09-30": "373.17700", "2020-06-30": "372.98200", "2020-03-31": "372.82900", "2019-12-31": "365.97700", "2019-09-30": "372.42600", "2019-06-30": "361.72200", "2019-03-31": "356.85300", "2018-12-31": "356.26500", "2018-09-30": "356.31800", "2018-06-30": "356.22800", "2018-03-31": "356.11200", "2017-12-31": "355.32600", "2017-09-30": "355.92900", "2017-06-30": "355.02400", "2017-03-31": "354.41000", "2016-12-31": "344.70300", "2016-09-30": "350.27400", "2016-06-30": "338.90100", "2016-03-31": "335.55900", "2015-12-31": "330.31100", "2015-09-30": "332.49100", "2015-06-30": "330.71500", "2015-03-31": "325.45400", "2014-12-31": "294.17500", "2014-09-30": "294.03000", "2014-06-30": "293.98800", "2014-03-31": "293.87500", "2013-12-31": "292.65400", "2013-09-30": "292.81800", "2013-06-30": "292.63500", "2013-03-31": "291.45500", "2012-12-31": "292.06400", "2012-09-30": "294.92800", "2012-06-30": "290.17000", "2012-03-31": "288.37500", "2011-12-31": "228.45300", "2011-09-30": "287.36500", "2011-06-30": "176.26200", "2011-03-31": "160.42000", "2010-12-31": "156.60800", "2010-09-30": "156.63100", "2010-06-30": "156.61100", "2010-03-31": "156.45300", "2009-12-31": "152.56600", "2009-09-30": "156.25000", "2009-06-30": "154.44100", "2009-03-31": "143.09100", "2008-12-31": "139.57200", "2008-09-30": "140.75900", "2008-06-30": "138.13300", "2008-03-31": "136.38100", "2007-12-31": "122.59700", "2007-09-30": "133.20500", "2007-06-30": "117.41900", "2007-03-31": "106.04400", "2006-12-31": "104.20600", "2006-09-30": "104.02100", "2006-06-30": "103.88400", "2006-03-31": "103.75100", "2005-12-31": "95.03700", "2005-09-30": "103.08100", "2005-06-30": "88.57400", "2005-03-31": "84.65700"}, "Shares Outstanding": {"2020-09-30": "376.29500", "2020-06-30": "376.02400", "2020-03-31": "375.99700", "2019-12-31": "369.88600", "2019-09-30": "376.62500", "2019-06-30": "365.55300", "2019-03-31": "360.61900", "2018-12-31": "359.30100", "2018-09-30": "359.35500", "2018-06-30": "359.00000", "2018-03-31": "358.85300", "2017-12-31": "358.56600", "2017-09-30": "359.33300", "2017-06-30": "358.31100", "2017-03-31": "357.57200", "2016-12-31": "348.39000", "2016-09-30": "354.18600", "2016-06-30": "342.57100", "2016-03-31": "339.20200", "2015-12-31": "334.00700", "2015-09-30": "336.33800", "2015-06-30": "334.02600", "2015-03-31": "329.20300", "2014-12-31": "296.67700", "2014-09-30": "296.49500", "2014-06-30": "296.50400", "2014-03-31": "296.24500", "2013-12-31": "295.11000", "2013-09-30": "295.19000", "2013-06-30": "295.12300", "2013-03-31": "293.92400", "2012-12-31": "294.48800", "2012-09-30": "297.40700", "2012-06-30": "292.59200", "2012-03-31": "290.81300", "2011-12-31": "230.79000", "2011-09-30": "290.79400", "2011-06-30": "177.94500", "2011-03-31": "162.02300", "2010-12-31": "157.65700", "2010-09-30": "157.94100", "2010-06-30": "157.44100", "2010-03-31": "156.96700", "2009-12-31": "152.75800", "2009-09-30": "156.51600", "2009-06-30": "154.51000", "2009-03-31": "143.14500", "2008-12-31": "139.91200", "2008-09-30": "141.14100", "2008-06-30": "138.73700", "2008-03-31": "136.67300", "2007-12-31": "123.01200", "2007-09-30": "133.50300", "2007-06-30": "117.82500", "2007-03-31": "106.77500", "2006-12-31": "104.73100", "2006-09-30": "104.56800", "2006-06-30": "104.37400", "2006-03-31": "104.30000", "2005-12-31": "95.77500", "2005-09-30": "103.88000", "2005-06-30": "89.35000", "2005-03-31": "85.40000"}, "Basic EPS": {"2020-09-30": "0.03000", "2020-06-30": "-0.42000", "2020-03-31": "1.27000", "2019-12-31": "0.02000", "2019-09-30": "0.23000", "2019-06-30": "0.58000", "2019-03-31": "0.35000", "2018-12-31": "0.17000", "2018-09-30": "0.29000", "2018-06-30": "0.47000", "2018-03-31": "0.22000", "2017-12-31": "1.11000", "2017-09-30": "1.72000", "2017-06-30": "0.43000", "2017-03-31": "0.56000", "2016-12-31": "0.59000", "2016-09-30": "0.43000", "2016-06-30": "0.42000", "2016-03-31": "0.44000", "2015-12-31": "0.37000", "2015-09-30": "0.07000", "2015-06-30": "0.45000", "2015-03-31": "0.37000", "2014-12-31": "0.37000", "2014-09-30": "0.37000", "2014-06-30": "0.47000", "2014-03-31": "0.41000", "2013-12-31": "0.38000", "2013-09-30": "0.40000", "2013-06-30": "0.39000", "2013-03-31": "0.38000", "2012-12-31": "0.29000", "2012-09-30": "0.38000", "2012-06-30": "0.26000", "2012-03-31": "0.31000", "2011-12-31": "0.82000", "2011-09-30": "0.36000", "2011-06-30": "0.11000", "2011-03-31": "0.31000", "2010-12-31": "0.49000", "2010-09-30": "0.37000", "2010-06-30": "0.37000", "2010-03-31": "0.34000", "2009-12-31": "0.34000", "2009-09-30": "0.32000", "2009-06-30": "0.57000", "2009-03-31": "0.52000", "2008-12-31": "0.40000", "2008-09-30": "0.45000", "2008-06-30": "0.51000", "2008-03-31": "0.23000", "2007-12-31": "0.10000", "2007-09-30": "0.21000", "2007-06-30": "1.49000", "2007-03-31": "0.43000", "2006-12-31": "0.39000", "2006-09-30": "0.31000", "2006-06-30": "0.28000", "2006-03-31": "0.28000", "2005-12-31": "0.45000", "2005-09-30": "0.28000", "2005-06-30": "0.31000", "2005-03-31": "0.33000"}, "EPS - Earnings Per Share": {"2020-09-30": "0.03000", "2020-06-30": "-0.42000", "2020-03-31": "1.26000", "2019-12-31": "0.01000", "2019-09-30": "0.23000", "2019-06-30": "0.58000", "2019-03-31": "0.35000", "2018-12-31": "0.18000", "2018-09-30": "0.28000", "2018-06-30": "0.46000", "2018-03-31": "0.22000", "2017-12-31": "1.10000", "2017-09-30": "1.71000", "2017-06-30": "0.42000", "2017-03-31": "0.55000", "2016-12-31": "0.58000", "2016-09-30": "0.42000", "2016-06-30": "0.42000", "2016-03-31": "0.44000", "2015-12-31": "0.36000", "2015-09-30": "0.07000", "2015-06-30": "0.45000", "2015-03-31": "0.37000", "2014-12-31": "0.35000", "2014-09-30": "0.37000", "2014-06-30": "0.47000", "2014-03-31": "0.41000", "2013-12-31": "0.37000", "2013-09-30": "0.40000", "2013-06-30": "0.39000", "2013-03-31": "0.38000", "2012-12-31": "0.29000", "2012-09-30": "0.38000", "2012-06-30": "0.25000", "2012-03-31": "0.31000", "2011-12-31": "0.82000", "2011-09-30": "0.35000", "2011-06-30": "0.11000", "2011-03-31": "0.30000", "2010-12-31": "0.48000", "2010-09-30": "0.37000", "2010-06-30": "0.37000", "2010-03-31": "0.34000", "2009-12-31": "0.33000", "2009-09-30": "0.32000", "2009-06-30": "0.57000", "2009-03-31": "0.52000", "2008-12-31": "0.40000", "2008-09-30": "0.45000", "2008-06-30": "0.51000", "2008-03-31": "0.23000", "2007-12-31": "0.11000", "2007-09-30": "0.21000", "2007-06-30": "1.48000", "2007-03-31": "0.42000", "2006-12-31": "0.38000", "2006-09-30": "0.31000", "2006-06-30": "0.28000", "2006-03-31": "0.28000", "2005-12-31": "0.46000", "2005-09-30": "0.28000", "2005-06-30": "0.30000", "2005-03-31": "0.32000"}}, "balance sheet": {"Cash On Hand": {"2019-12-31": "146.10200", "2018-12-31": "131.46400", "2017-12-31": "188.25300", "2016-12-31": "367.35400", "2015-12-31": "130.91900", "2014-12-31": "127.11900", "2013-12-31": "179.47300", "2012-12-31": "173.82100", "2011-12-31": "122.39700", "2010-12-31": "60.75200", "2009-12-31": "147.22900", "2008-12-31": "232.67800", "2007-12-31": "82.41100", "2006-12-31": "81.28500", "2005-12-31": "61.30800"}, "Receivables": {"2019-12-31": "704.61200", "2018-12-31": "495.86900", "2017-12-31": "", "2016-12-31": "", "2015-12-31": "857.11200", "2014-12-31": "802.88100", "2013-12-31": "", "2012-12-31": "", "2011-12-31": "", "2010-12-31": "", "2009-12-31": "", "2008-12-31": "", "2007-12-31": "", "2006-12-31": "", "2005-12-31": ""}, "Inventory": {"2019-12-31": "", "2018-12-31": "", "2017-12-31": "", "2016-12-31": "", "2015-12-31": "", "2014-12-31": "", "2013-12-31": "", "2012-12-31": "", "2011-12-31": "", "2010-12-31": "", "2009-12-31": "", "2008-12-31": "", "2007-12-31": "", "2006-12-31": "", "2005-12-31": ""}, "Pre-Paid Expenses": {"2019-12-31": "", "2018-12-31": "", "2017-12-31": "", "2016-12-31": "", "2015-12-31": "", "2014-12-31": "", "2013-12-31": "", "2012-12-31": "", "2011-12-31": "", "2010-12-31": "", "2009-12-31": "", "2008-12-31": "", "2007-12-31": "", "2006-12-31": "", "2005-12-31": ""}, "Other Current Assets": {"2019-12-31": "", "2018-12-31": "", "2017-12-31": "", "2016-12-31": "", "2015-12-31": "", "2014-12-31": "", "2013-12-31": "", "2012-12-31": "", "2011-12-31": "", "2010-12-31": "", "2009-12-31": "", "2008-12-31": "", "2007-12-31": "", "2006-12-31": "", "2005-12-31": ""}, "Total Current Assets": {"2019-12-31": "850.71400", "2018-12-31": "627.33300", "2017-12-31": "1534.61200", "2016-12-31": "1069.37500", "2015-12-31": "988.03100", "2014-12-31": "930.00000", "2013-12-31": "555.70200", "2012-12-31": "808.82300", "2011-12-31": "334.97400", "2010-12-31": "210.01500", "2009-12-31": "279.11600", "2008-12-31": "355.96700", "2007-12-31": "104.50100", "2006-12-31": "119.39800", "2005-12-31": "104.07300"}, "Property, Plant, And Equipment": {"2019-12-31": "21729.09000", "2018-12-31": "20093.66000", "2017-12-31": "20622.45000", "2016-12-31": "20394.75000", "2015-12-31": "19625.22000", "2014-12-31": "16772.99000", "2013-12-31": "18075.59000", "2012-12-31": "17111.53000", "2011-12-31": "15913.73000", "2010-12-31": "5279.51900", "2009-12-31": "5129.10700", "2008-12-31": "5172.93900", "2007-12-31": "5475.82900", "2006-12-31": "3048.25300", "2005-12-31": "2486.55000"}, "Long-Term Investments": {"2019-12-31": "", "2018-12-31": "", "2017-12-31": "", "2016-12-31": "", "2015-12-31": "", "2014-12-31": "", "2013-12-31": "", "2012-12-31": "", "2011-12-31": "", "2010-12-31": "", "2009-12-31": "", "2008-12-31": "", "2007-12-31": "", "2006-12-31": "", "2005-12-31": ""}, "Goodwill And Intangible Assets": {"2019-12-31": "1051.16100", "2018-12-31": "1050.54800", "2017-12-31": "1034.64400", "2016-12-31": "1033.22500", "2015-12-31": "1047.49700", "2014-12-31": "363.97100", "2013-12-31": "", "2012-12-31": "", "2011-12-31": "", "2010-12-31": "", "2009-12-31": "", "2008-12-31": "", "2007-12-31": "", "2006-12-31": "", "2005-12-31": ""}, "Other Long-Term Assets": {"2019-12-31": "1013.75100", "2018-12-31": "813.01700", "2017-12-31": "762.83100", "2016-12-31": "669.24600", "2015-12-31": "601.17000", "2014-12-31": "3098.95200", "2013-12-31": "1037.99100", "2012-12-31": "1017.09400", "2011-12-31": "996.53500", "2010-12-31": "248.95400", "2009-12-31": "178.77000", "2008-12-31": "220.48000", "2007-12-31": "113.46200", "2006-12-31": "67.73400", "2005-12-31": "30.91400"}, "Total Long-Term Assets": {"2019-12-31": "23841.49000", "2018-12-31": "21957.22000", "2017-12-31": "22419.93000", "2016-12-31": "22097.22000", "2015-12-31": "21273.89000", "2014-12-31": "20235.91000", "2013-12-31": "19175.79000", "2012-12-31": "18171.18000", "2011-12-31": "16936.94000", "2010-12-31": "5548.00600", "2009-12-31": "5337.12900", "2008-12-31": "5415.45100", "2007-12-31": "5612.12700", "2006-12-31": "3134.40200", "2005-12-31": "2535.04500"}, "Total Assets": {"2019-12-31": "24692.21000", "2018-12-31": "22584.55000", "2017-12-31": "23954.54000", "2016-12-31": "23166.60000", "2015-12-31": "22261.92000", "2014-12-31": "21165.91000", "2013-12-31": "19731.49000", "2012-12-31": "18980.00000", "2011-12-31": "17271.91000", "2010-12-31": "5758.02100", "2009-12-31": "5616.24500", "2008-12-31": "5771.41800", "2007-12-31": "5716.62800", "2006-12-31": "3253.80000", "2005-12-31": "2639.11800"}, "Total Current Liabilities": {"2019-12-31": "1256.81500", "2018-12-31": "1185.69700", "2017-12-31": "1277.44700", "2016-12-31": "991.69000", "2015-12-31": "860.24400", "2014-12-31": "812.83900", "2013-12-31": "1055.86400", "2012-12-31": "1042.72100", "2011-12-31": "1123.29100", "2010-12-31": "226.43900", "2009-12-31": "208.41900", "2008-12-31": "190.12900", "2007-12-31": "194.36600", "2006-12-31": "133.94100", "2005-12-31": "90.95800"}, "Long Term Debt": {"2019-12-31": "12158.77000", "2018-12-31": "10733.70000", "2017-12-31": "11276.06000", "2016-12-31": "11127.33000", "2015-12-31": "11207.00000", "2014-12-31": "10844.35000", "2013-12-31": "9364.99200", "2012-12-31": "8413.64600", "2011-12-31": "6429.11600", "2010-12-31": "2900.04400", "2009-12-31": "2670.10100", "2008-12-31": "3136.99800", "2007-12-31": "3360.49900", "2006-12-31": "2329.05300", "2005-12-31": "1802.56400"}, "Other Non-Current Liabilities": {"2019-12-31": "279.14110", "2018-12-31": "188.34600", "2017-12-31": "218.75500", "2016-12-31": "202.19000", "2015-12-31": "230.86900", "2014-12-31": "409.98900", "2013-12-31": "156.66000", "2012-12-31": "174.55500", "2011-12-31": "102.83700", "2010-12-31": "", "2009-12-31": "", "2008-12-31": "7.05700", "2007-12-31": "9.06500", "2006-12-31": "50.14300", "2005-12-31": "47.88300"}, "Total Long Term Liabilities": {"2019-12-31": "12638.75000", "2018-12-31": "11127.26000", "2017-12-31": "11744.91000", "2016-12-31": "11646.16000", "2015-12-31": "11776.25000", "2014-12-31": "11598.68000", "2013-12-31": "9771.81900", "2012-12-31": "8847.91600", "2011-12-31": "6792.67500", "2010-12-31": "3141.37700", "2009-12-31": "2923.76600", "2008-12-31": "3401.55400", "2007-12-31": "3698.60800", "2006-12-31": "2409.98300", "2005-12-31": "1880.84100"}, "Total Liabilities": {"2019-12-31": "14146.76000", "2018-12-31": "12312.96000", "2017-12-31": "13022.36000", "2016-12-31": "12637.85000", "2015-12-31": "12636.49000", "2014-12-31": "12411.52000", "2013-12-31": "10827.68000", "2012-12-31": "9890.63700", "2011-12-31": "7915.96600", "2010-12-31": "3367.81600", "2009-12-31": "3132.18500", "2008-12-31": "3591.68300", "2007-12-31": "3892.97400", "2006-12-31": "2543.92400", "2005-12-31": "1971.79900"}, "Common Stock Net": {"2019-12-31": "93.18500", "2018-12-31": "89.12500", "2017-12-31": "89.02900", "2016-12-31": "88.51400", "2015-12-31": "83.57900", "2014-12-31": "74.65600", "2013-12-31": "74.48800", "2012-12-31": "73.90400", "2011-12-31": "72.24000", "2010-12-31": "39.39100", "2009-12-31": "39.16000", "2008-12-31": "35.82500", "2007-12-31": "33.41600", "2006-12-31": "26.54500", "2005-12-31": "25.92700"}, "Retained Earnings (Accumulated Deficit)": {"2019-12-31": "-3669.05000", "2018-12-31": "-2930.21400", "2017-12-31": "-2240.69800", "2016-12-31": "-2487.69500", "2015-12-31": "-2111.95800", "2014-12-31": "-1526.38800", "2013-12-31": "-1126.54100", "2012-12-31": "-777.92700", "2011-12-31": "-412.18100", "2010-12-31": "-255.62800", "2009-12-31": "-165.71000", "2008-12-31": "-117.80600", "2007-12-31": "-47.84600", "2006-12-31": "-84.17600", "2005-12-31": "-50.40200"}, "Comprehensive Income": {"2019-12-31": "-34.56400", "2018-12-31": "-19.58200", "2017-12-31": "-35.12000", "2016-12-31": "-57.53400", "2015-12-31": "-7.56500", "2014-12-31": "13.12100", "2013-12-31": "19.65900", "2012-12-31": "23.35400", "2011-12-31": "22.06200", "2010-12-31": "26.86800", "2009-12-31": "19.66900", "2008-12-31": "-21.08900", "2007-12-31": "17.41600", "2006-12-31": "1.03700", "2005-12-31": "-0.14300"}, "Other Share Holders Equity": {"2019-12-31": "", "2018-12-31": "", "2017-12-31": "", "2016-12-31": "", "2015-12-31": "", "2014-12-31": "", "2013-12-31": "", "2012-12-31": "", "2011-12-31": "", "2010-12-31": "", "2009-12-31": "", "2008-12-31": "", "2007-12-31": "", "2006-12-31": "", "2005-12-31": ""}, "Share Holder Equity": {"2019-12-31": "10545.45000", "2018-12-31": "10271.59000", "2017-12-31": "10932.18000", "2016-12-31": "10528.75000", "2015-12-31": "9625.42700", "2014-12-31": "8754.39700", "2013-12-31": "8903.81100", "2012-12-31": "9089.36300", "2011-12-31": "9355.94400", "2010-12-31": "2390.20500", "2009-12-31": "2484.06000", "2008-12-31": "2179.73500", "2007-12-31": "1823.65400", "2006-12-31": "709.87600", "2005-12-31": "667.31900"}, "Total Liabilities And Share Holders Equity": {"2019-12-31": "24692.21000", "2018-12-31": "22584.55000", "2017-12-31": "23954.54000", "2016-12-31": "23166.60000", "2015-12-31": "22261.92000", "2014-12-31": "21165.91000", "2013-12-31": "19731.49000", "2012-12-31": "18980.00000", "2011-12-31": "17271.91000", "2010-12-31": "5758.02100", "2009-12-31": "5616.24500", "2008-12-31": "5771.41800", "2007-12-31": "5716.62800", "2006-12-31": "3253.80000", "2005-12-31": "2639.11800"}}, "balance sheet, quarterly": {"Cash On Hand": {"2020-09-30": "628.49000", "2020-06-30": "1029.13600", "2020-03-31": "2886.25900", "2019-12-31": "146.10200", "2019-09-30": "208.59600", "2019-06-30": "138.29600", "2019-03-31": "140.23100", "2018-12-31": "131.46400", "2018-09-30": "148.54700", "2018-06-30": "158.10300", "2018-03-31": "163.58200", "2017-12-31": "188.25300", "2017-09-30": "161.58500", "2017-06-30": "171.69600", "2017-03-31": "183.45900", "2016-12-31": "367.35400", "2016-09-30": "178.80000", "2016-06-30": "122.94800", "2016-03-31": "128.41100", "2015-12-31": "130.91900", "2015-09-30": "139.72200", "2015-06-30": "254.49200", "2015-03-31": "343.99700", "2014-12-31": "127.11900", "2014-09-30": "143.34100", "2014-06-30": "162.14900", "2014-03-31": "135.90100", "2013-12-31": "179.47300", "2013-09-30": "152.87200", "2013-06-30": "156.91300", "2013-03-31": "156.91500", "2012-12-31": "173.82100", "2012-09-30": "135.43800", "2012-06-30": "167.68600", "2012-03-31": "167.64400", "2011-12-31": "122.39700", "2011-09-30": "142.26500", "2011-06-30": "90.96300", "2011-03-31": "77.29800", "2010-12-31": "60.75200", "2010-09-30": "75.77500", "2010-06-30": "71.27800", "2010-03-31": "173.75200", "2009-12-31": "147.22900", "2009-09-30": "167.36600", "2009-06-30": "140.99300", "2009-03-31": "134.08100", "2008-12-31": "232.67800", "2008-09-30": "159.76400", "2008-06-30": "69.30600", "2008-03-31": "103.96800", "2007-12-31": "82.41100", "2007-09-30": "118.38000", "2007-06-30": "129.19600", "2007-03-31": "80.03900", "2006-12-31": "81.28500", "2006-09-30": "54.75300", "2006-06-30": "53.15900", "2006-03-31": "63.21900", "2005-12-31": "61.30800", "2005-09-30": "62.16100", "2005-06-30": "52.75300", "2005-03-31": "19.54300"}, "Receivables": {"2020-09-30": "", "2020-06-30": "", "2020-03-31": "", "2019-12-31": "", "2019-09-30": "709.71400", "2019-06-30": "", "2019-03-31": "", "2018-12-31": "495.86900", "2018-09-30": "527.85100", "2018-06-30": "526.55300", "2018-03-31": "1212.51900", "2017-12-31": "", "2017-09-30": "1352.43400", "2017-06-30": "1395.40400", "2017-03-31": "1398.41700", "2016-12-31": "", "2016-09-30": "821.66300", "2016-06-30": "1003.56100", "2016-03-31": "1002.59800", "2015-12-31": "857.11200", "2015-09-30": "766.70700", "2015-06-30": "", "2015-03-31": "", "2014-12-31": "802.88100", "2014-09-30": "", "2014-06-30": "", "2014-03-31": "", "2013-12-31": "", "2013-09-30": "", "2013-06-30": "", "2013-03-31": "", "2012-12-31": "", "2012-09-30": "", "2012-06-30": "", "2012-03-31": "", "2011-12-31": "", "2011-09-30": "", "2011-06-30": "", "2011-03-31": "", "2010-12-31": "", "2010-09-30": "", "2010-06-30": "", "2010-03-31": "", "2009-12-31": "", "2009-09-30": "", "2009-06-30": "", "2009-03-31": "", "2008-12-31": "", "2008-09-30": "", "2008-06-30": "", "2008-03-31": "", "2007-12-31": "", "2007-09-30": "", "2007-06-30": "", "2007-03-31": "", "2006-12-31": "", "2006-09-30": "", "2006-06-30": "", "2006-03-31": "", "2005-12-31": "", "2005-09-30": "", "2005-06-30": "", "2005-03-31": ""}, "Inventory": {"2020-09-30": "", "2020-06-30": "", "2020-03-31": "", "2019-12-31": "", "2019-09-30": "", "2019-06-30": "", "2019-03-31": "", "2018-12-31": "", "2018-09-30": "", "2018-06-30": "", "2018-03-31": "", "2017-12-31": "", "2017-09-30": "", "2017-06-30": "", "2017-03-31": "", "2016-12-31": "", "2016-09-30": "", "2016-06-30": "", "2016-03-31": "", "2015-12-31": "", "2015-09-30": "", "2015-06-30": "", "2015-03-31": "", "2014-12-31": "", "2014-09-30": "", "2014-06-30": "", "2014-03-31": "", "2013-12-31": "", "2013-09-30": "", "2013-06-30": "", "2013-03-31": "", "2012-12-31": "", "2012-09-30": "", "2012-06-30": "", "2012-03-31": "", "2011-12-31": "", "2011-09-30": "", "2011-06-30": "", "2011-03-31": "", "2010-12-31": "", "2010-09-30": "", "2010-06-30": "", "2010-03-31": "", "2009-12-31": "", "2009-09-30": "", "2009-06-30": "", "2009-03-31": "", "2008-12-31": "", "2008-09-30": "", "2008-06-30": "", "2008-03-31": "", "2007-12-31": "", "2007-09-30": "", "2007-06-30": "", "2007-03-31": "", "2006-12-31": "", "2006-09-30": "", "2006-06-30": "", "2006-03-31": "", "2005-12-31": "", "2005-09-30": "", "2005-06-30": "", "2005-03-31": ""}, "Pre-Paid Expenses": {"2020-09-30": "", "2020-06-30": "", "2020-03-31": "", "2019-12-31": "", "2019-09-30": "", "2019-06-30": "", "2019-03-31": "", "2018-12-31": "", "2018-09-30": "", "2018-06-30": "", "2018-03-31": "", "2017-12-31": "", "2017-09-30": "", "2017-06-30": "", "2017-03-31": "", "2016-12-31": "", "2016-09-30": "", "2016-06-30": "", "2016-03-31": "", "2015-12-31": "", "2015-09-30": "", "2015-06-30": "", "2015-03-31": "", "2014-12-31": "", "2014-09-30": "", "2014-06-30": "", "2014-03-31": "", "2013-12-31": "", "2013-09-30": "", "2013-06-30": "", "2013-03-31": "", "2012-12-31": "", "2012-09-30": "", "2012-06-30": "", "2012-03-31": "", "2011-12-31": "", "2011-09-30": "", "2011-06-30": "", "2011-03-31": "", "2010-12-31": "", "2010-09-30": "", "2010-06-30": "", "2010-03-31": "", "2009-12-31": "", "2009-09-30": "", "2009-06-30": "", "2009-03-31": "", "2008-12-31": "", "2008-09-30": "", "2008-06-30": "", "2008-03-31": "", "2007-12-31": "", "2007-09-30": "", "2007-06-30": "", "2007-03-31": "", "2006-12-31": "", "2006-09-30": "", "2006-06-30": "", "2006-03-31": "", "2005-12-31": "", "2005-09-30": "", "2005-06-30": "", "2005-03-31": ""}, "Other Current Assets": {"2020-09-30": "", "2020-06-30": "", "2020-03-31": "", "2019-12-31": "", "2019-09-30": "", "2019-06-30": "", "2019-03-31": "", "2018-12-31": "", "2018-09-30": "", "2018-06-30": "", "2018-03-31": "", "2017-12-31": "", "2017-09-30": "", "2017-06-30": "", "2017-03-31": "", "2016-12-31": "", "2016-09-30": "", "2016-06-30": "", "2016-03-31": "", "2015-12-31": "", "2015-09-30": "", "2015-06-30": "", "2015-03-31": "", "2014-12-31": "", "2014-09-30": "", "2014-06-30": "", "2014-03-31": "", "2013-12-31": "", "2013-09-30": "", "2013-06-30": "", "2013-03-31": "", "2012-12-31": "", "2012-09-30": "", "2012-06-30": "", "2012-03-31": "", "2011-12-31": "", "2011-09-30": "", "2011-06-30": "", "2011-03-31": "", "2010-12-31": "", "2010-09-30": "", "2010-06-30": "", "2010-03-31": "", "2009-12-31": "", "2009-09-30": "", "2009-06-30": "", "2009-03-31": "", "2008-12-31": "", "2008-09-30": "", "2008-06-30": "", "2008-03-31": "", "2007-12-31": "", "2007-09-30": "", "2007-06-30": "", "2007-03-31": "", "2006-12-31": "", "2006-09-30": "", "2006-06-30": "", "2006-03-31": "", "2005-12-31": "", "2005-09-30": "", "2005-06-30": "", "2005-03-31": ""}, "Total Current Assets": {"2020-09-30": "1232.94200", "2020-06-30": "1710.96700", "2020-03-31": "3509.97600", "2019-12-31": "850.71400", "2019-09-30": "918.31000", "2019-06-30": "831.94700", "2019-03-31": "636.57500", "2018-12-31": "627.33300", "2018-09-30": "676.39800", "2018-06-30": "684.65600", "2018-03-31": "1376.10100", "2017-12-31": "1534.61200", "2017-09-30": "1514.01900", "2017-06-30": "1567.10000", "2017-03-31": "1581.87600", "2016-12-31": "1069.37500", "2016-09-30": "1000.46300", "2016-06-30": "1126.50900", "2016-03-31": "1131.00900", "2015-12-31": "988.03100", "2015-09-30": "906.42900", "2015-06-30": "1043.90000", "2015-03-31": "1117.77000", "2014-12-31": "930.00000", "2014-09-30": "550.89200", "2014-06-30": "576.20000", "2014-03-31": "511.97500", "2013-12-31": "555.70200", "2013-09-30": "553.76100", "2013-06-30": "627.35400", "2013-03-31": "647.02200", "2012-12-31": "808.82300", "2012-09-30": "351.21300", "2012-06-30": "380.87900", "2012-03-31": "389.86200", "2011-12-31": "334.97400", "2011-09-30": "444.52900", "2011-06-30": "725.43500", "2011-03-31": "207.90600", "2010-12-31": "210.01500", "2010-09-30": "240.60400", "2010-06-30": "212.14800", "2010-03-31": "321.47700", "2009-12-31": "279.11600", "2009-09-30": "292.77600", "2009-06-30": "266.09900", "2009-03-31": "264.15700", "2008-12-31": "355.96700", "2008-09-30": "275.13900", "2008-06-30": "189.62300", "2008-03-31": "126.02200", "2007-12-31": "104.50100", "2007-09-30": "156.08000", "2007-06-30": "166.11400", "2007-03-31": "118.07700", "2006-12-31": "119.39800", "2006-09-30": "249.84900", "2006-06-30": "91.46000", "2006-03-31": "101.94800", "2005-12-31": "104.07300", "2005-09-30": "114.74900", "2005-06-30": "110.29300", "2005-03-31": "61.66000"}, "Property, Plant, And Equipment": {"2020-09-30": "20978.41000", "2020-06-30": "20892.74000", "2020-03-31": "20967.28000", "2019-12-31": "21734.57000", "2019-09-30": "21932.04000", "2019-06-30": "20235.78000", "2019-03-31": "20129.60000", "2018-12-31": "20093.66000", "2018-09-30": "20020.63000", "2018-06-30": "20135.67000", "2018-03-31": "20336.98000", "2017-12-31": "20622.45000", "2017-09-30": "20464.87000", "2017-06-30": "20539.77000", "2017-03-31": "20615.73000", "2016-12-31": "20394.75000", "2016-09-30": "20601.40000", "2016-06-30": "19213.75000", "2016-03-31": "19508.48000", "2015-12-31": "19625.22000", "2015-09-30": "19771.59000", "2015-06-30": "21365.10000", "2015-03-31": "21418.66000", "2014-12-31": "16772.99000", "2014-09-30": "18925.81000", "2014-06-30": "17886.27000", "2014-03-31": "18096.47000", "2013-12-31": "18075.59000", "2013-09-30": "18174.94000", "2013-06-30": "17135.85000", "2013-03-31": "16995.74000", "2012-12-31": "17111.53000", "2012-09-30": "16919.68000", "2012-06-30": "16723.95000", "2012-03-31": "15747.02000", "2011-12-31": "15913.73000", "2011-09-30": "15996.04000", "2011-06-30": "8580.94800", "2011-03-31": "5243.42400", "2010-12-31": "5279.51900", "2010-09-30": "5273.35300", "2010-06-30": "5018.59000", "2010-03-31": "5071.38400", "2009-12-31": "5129.10700", "2009-09-30": "5080.52700", "2009-06-30": "5098.78000", "2009-03-31": "5130.89600", "2008-12-31": "5172.93900", "2008-09-30": "5319.68200", "2008-06-30": "5364.65800", "2008-03-31": "5380.61400", "2007-12-31": "5475.82900", "2007-09-30": "5347.15400", "2007-06-30": "5333.98900", "2007-03-31": "3053.39900", "2006-12-31": "3048.25300", "2006-09-30": "2473.88500", "2006-06-30": "2503.29000", "2006-03-31": "2506.77200", "2005-12-31": "2486.55000", "2005-09-30": "2500.04700", "2005-06-30": "2374.75900", "2005-03-31": "1088.17500"}, "Long-Term Investments": {"2020-09-30": "", "2020-06-30": "", "2020-03-31": "", "2019-12-31": "", "2019-09-30": "", "2019-06-30": "", "2019-03-31": "", "2018-12-31": "", "2018-09-30": "", "2018-06-30": "", "2018-03-31": "", "2017-12-31": "", "2017-09-30": "", "2017-06-30": "", "2017-03-31": "", "2016-12-31": "", "2016-09-30": "", "2016-06-30": "", "2016-03-31": "", "2015-12-31": "", "2015-09-30": "", "2015-06-30": "", "2015-03-31": "", "2014-12-31": "", "2014-09-30": "", "2014-06-30": "", "2014-03-31": "", "2013-12-31": "", "2013-09-30": "", "2013-06-30": "", "2013-03-31": "", "2012-12-31": "", "2012-09-30": "", "2012-06-30": "", "2012-03-31": "", "2011-12-31": "", "2011-09-30": "", "2011-06-30": "", "2011-03-31": "", "2010-12-31": "", "2010-09-30": "", "2010-06-30": "", "2010-03-31": "", "2009-12-31": "", "2009-09-30": "", "2009-06-30": "", "2009-03-31": "", "2008-12-31": "", "2008-09-30": "", "2008-06-30": "", "2008-03-31": "", "2007-12-31": "", "2007-09-30": "", "2007-06-30": "", "2007-03-31": "", "2006-12-31": "", "2006-09-30": "", "2006-06-30": "", "2006-03-31": "", "2005-12-31": "", "2005-09-30": "", "2005-06-30": "", "2005-03-31": ""}, "Goodwill And Intangible Assets": {"2020-09-30": "1050.74200", "2020-06-30": "1050.11500", "2020-03-31": "1050.13700", "2019-12-31": "1051.16100", "2019-09-30": "1049.98500", "2019-06-30": "1050.47000", "2019-03-31": "1050.87600", "2018-12-31": "1050.54800", "2018-09-30": "1045.87700", "2018-06-30": "1034.27400", "2018-03-31": "1035.24800", "2017-12-31": "1034.64400", "2017-09-30": "1034.49700", "2017-06-30": "1034.05400", "2017-03-31": "1033.48400", "2016-12-31": "1033.22500", "2016-09-30": "1043.07500", "2016-06-30": "1043.47900", "2016-03-31": "1044.98300", "2015-12-31": "1047.49700", "2015-09-30": "1052.32100", "2015-06-30": "", "2015-03-31": "", "2014-12-31": "363.97100", "2014-09-30": "", "2014-06-30": "", "2014-03-31": "", "2013-12-31": "", "2013-09-30": "", "2013-06-30": "", "2013-03-31": "", "2012-12-31": "", "2012-09-30": "", "2012-06-30": "", "2012-03-31": "", "2011-12-31": "", "2011-09-30": "", "2011-06-30": "", "2011-03-31": "", "2010-12-31": "", "2010-09-30": "", "2010-06-30": "", "2010-03-31": "", "2009-12-31": "", "2009-09-30": "", "2009-06-30": "", "2009-03-31": "", "2008-12-31": "", "2008-09-30": "", "2008-06-30": "", "2008-03-31": "", "2007-12-31": "", "2007-09-30": "", "2007-06-30": "", "2007-03-31": "", "2006-12-31": "", "2006-09-30": "", "2006-06-30": "", "2006-03-31": "", "2005-12-31": "", "2005-09-30": "", "2005-06-30": "", "2005-03-31": ""}, "Other Long-Term Assets": {"2020-09-30": "958.08300", "2020-06-30": "935.26000", "2020-03-31": "1042.94400", "2019-12-31": "1008.26500", "2019-09-30": "903.22000", "2019-06-30": "870.71000", "2019-03-31": "851.04900", "2018-12-31": "813.01700", "2018-09-30": "855.04400", "2018-06-30": "844.53400", "2018-03-31": "745.18000", "2017-12-31": "762.83100", "2017-09-30": "726.40600", "2017-06-30": "714.83800", "2017-03-31": "688.24200", "2016-12-31": "669.24600", "2016-09-30": "781.32400", "2016-06-30": "709.73400", "2016-03-31": "576.81900", "2015-12-31": "601.17000", "2015-09-30": "683.64100", "2015-06-30": "1797.88200", "2015-03-31": "1832.05600", "2014-12-31": "3098.95200", "2014-09-30": "1109.56400", "2014-06-30": "1264.91700", "2014-03-31": "1034.60000", "2013-12-31": "1037.99100", "2013-09-30": "1095.41200", "2013-06-30": "982.55900", "2013-03-31": "1010.08300", "2012-12-31": "1017.09400", "2012-09-30": "1144.58300", "2012-06-30": "1091.67900", "2012-03-31": "1025.47700", "2011-12-31": "996.53500", "2011-09-30": "752.77500", "2011-06-30": "311.52100", "2011-03-31": "225.62700", "2010-12-31": "248.95400", "2010-09-30": "264.12100", "2010-06-30": "206.48800", "2010-03-31": "213.00000", "2009-12-31": "178.77000", "2009-09-30": "186.20300", "2009-06-30": "176.41300", "2009-03-31": "168.85800", "2008-12-31": "220.48000", "2008-09-30": "200.73500", "2008-06-30": "142.03800", "2008-03-31": "123.17400", "2007-12-31": "113.46200", "2007-09-30": "136.10600", "2007-06-30": "148.14800", "2007-03-31": "96.70700", "2006-12-31": "67.73400", "2006-09-30": "66.58100", "2006-06-30": "48.55500", "2006-03-31": "36.04000", "2005-12-31": "30.91400", "2005-09-30": "26.07700", "2005-06-30": "122.08900", "2005-03-31": "11.43500"}, "Total Long-Term Assets": {"2020-09-30": "22987.54000", "2020-06-30": "22878.42000", "2020-03-31": "23107.85000", "2019-12-31": "23841.49000", "2019-09-30": "23885.24000", "2019-06-30": "22156.96000", "2019-03-31": "22031.52000", "2018-12-31": "21957.22000", "2018-09-30": "21921.56000", "2018-06-30": "22014.48000", "2018-03-31": "22117.41000", "2017-12-31": "22419.93000", "2017-09-30": "22225.78000", "2017-06-30": "22288.66000", "2017-03-31": "22337.46000", "2016-12-31": "22097.22000", "2016-09-30": "22425.80000", "2016-06-30": "20966.96000", "2016-03-31": "21130.28000", "2015-12-31": "21273.89000", "2015-09-30": "21507.55000", "2015-06-30": "23231.26000", "2015-03-31": "23322.10000", "2014-12-31": "20235.91000", "2014-09-30": "20100.27000", "2014-06-30": "19214.59000", "2014-03-31": "19190.79000", "2013-12-31": "19175.79000", "2013-09-30": "19325.60000", "2013-06-30": "18169.23000", "2013-03-31": "18059.90000", "2012-12-31": "18171.18000", "2012-09-30": "18089.69000", "2012-06-30": "17841.38000", "2012-03-31": "16799.10000", "2011-12-31": "16936.94000", "2011-09-30": "16761.24000", "2011-06-30": "8908.59900", "2011-03-31": "5486.19200", "2010-12-31": "5548.00600", "2010-09-30": "5560.21300", "2010-06-30": "5249.96900", "2010-03-31": "5312.34800", "2009-12-31": "5337.12900", "2009-09-30": "5294.53400", "2009-06-30": "5304.76200", "2009-03-31": "5329.68900", "2008-12-31": "5415.45100", "2008-09-30": "5539.70900", "2008-06-30": "5527.43800", "2008-03-31": "5525.76600", "2007-12-31": "5612.12700", "2007-09-30": "5505.54000", "2007-06-30": "5505.33900", "2007-03-31": "3168.09000", "2006-12-31": "3134.40200", "2006-09-30": "2558.56600", "2006-06-30": "2569.51200", "2006-03-31": "2559.65600", "2005-12-31": "2535.04500", "2005-09-30": "2543.38100", "2005-06-30": "2515.16200", "2005-03-31": "1112.53800"}, "Total Assets": {"2020-09-30": "24220.48000", "2020-06-30": "24589.39000", "2020-03-31": "26617.83000", "2019-12-31": "24692.21000", "2019-09-30": "24803.55000", "2019-06-30": "22988.91000", "2019-03-31": "22668.10000", "2018-12-31": "22584.55000", "2018-09-30": "22597.95000", "2018-06-30": "22699.13000", "2018-03-31": "23493.51000", "2017-12-31": "23954.54000", "2017-09-30": "23739.79000", "2017-06-30": "23855.76000", "2017-03-31": "23919.33000", "2016-12-31": "23166.60000", "2016-09-30": "23426.26000", "2016-06-30": "22093.47000", "2016-03-31": "22261.29000", "2015-12-31": "22261.92000", "2015-09-30": "22413.98000", "2015-06-30": "24275.16000", "2015-03-31": "24439.87000", "2014-12-31": "21165.91000", "2014-09-30": "20651.16000", "2014-06-30": "19790.79000", "2014-03-31": "19702.77000", "2013-12-31": "19731.49000", "2013-09-30": "19879.36000", "2013-06-30": "18796.58000", "2013-03-31": "18706.92000", "2012-12-31": "18980.00000", "2012-09-30": "18440.90000", "2012-06-30": "18222.26000", "2012-03-31": "17188.96000", "2011-12-31": "17271.91000", "2011-09-30": "17205.77000", "2011-06-30": "9634.03300", "2011-03-31": "5694.09800", "2010-12-31": "5758.02100", "2010-09-30": "5800.81700", "2010-06-30": "5462.11700", "2010-03-31": "5633.82500", "2009-12-31": "5616.24500", "2009-09-30": "5587.31000", "2009-06-30": "5570.86100", "2009-03-31": "5593.84600", "2008-12-31": "5771.41800", "2008-09-30": "5814.84800", "2008-06-30": "5717.06100", "2008-03-31": "5651.78800", "2007-12-31": "5716.62800", "2007-09-30": "5661.62000", "2007-06-30": "5671.45300", "2007-03-31": "3286.16700", "2006-12-31": "3253.80000", "2006-09-30": "2808.41500", "2006-06-30": "2660.97200", "2006-03-31": "2661.60400", "2005-12-31": "2639.11800", "2005-09-30": "2658.13000", "2005-06-30": "2625.45500", "2005-03-31": "1174.19800"}, "Total Current Liabilities": {"2020-09-30": "1332.76100", "2020-06-30": "1115.87300", "2020-03-31": "1228.55400", "2019-12-31": "1257.05400", "2019-09-30": "1279.37600", "2019-06-30": "1249.36800", "2019-03-31": "1145.47300", "2018-12-31": "1185.69700", "2018-09-30": "1211.78100", "2018-06-30": "1227.01400", "2018-03-31": "1212.33400", "2017-12-31": "1277.44700", "2017-09-30": "1039.48400", "2017-06-30": "1016.82100", "2017-03-31": "1024.89300", "2016-12-31": "991.69000", "2016-09-30": "1000.89300", "2016-06-30": "815.44400", "2016-03-31": "805.31500", "2015-12-31": "860.24400", "2015-09-30": "858.78800", "2015-06-30": "1103.99000", "2015-03-31": "1093.95100", "2014-12-31": "812.83900", "2014-09-30": "1034.35200", "2014-06-30": "1032.00400", "2014-03-31": "999.18100", "2013-12-31": "1055.86400", "2013-09-30": "1081.34200", "2013-06-30": "938.17400", "2013-03-31": "968.77800", "2012-12-31": "1042.72100", "2012-09-30": "1105.36900", "2012-06-30": "1107.22700", "2012-03-31": "1118.68800", "2011-12-31": "1123.29100", "2011-09-30": "1194.69100", "2011-06-30": "427.70900", "2011-03-31": "238.13700", "2010-12-31": "226.43900", "2010-09-30": "236.73300", "2010-06-30": "198.02500", "2010-03-31": "219.34700", "2009-12-31": "208.41900", "2009-09-30": "210.60600", "2009-06-30": "181.61100", "2009-03-31": "203.89600", "2008-12-31": "190.12900", "2008-09-30": "198.92100", "2008-06-30": "162.66000", "2008-03-31": "189.13400", "2007-12-31": "194.36600", "2007-09-30": "199.50500", "2007-06-30": "161.65000", "2007-03-31": "168.83400", "2006-12-31": "133.94100", "2006-09-30": "118.43800", "2006-06-30": "88.29900", "2006-03-31": "107.36200", "2005-12-31": "90.95800", "2005-09-30": "107.74800", "2005-06-30": "84.34900", "2005-03-31": "46.88600"}, "Long Term Debt": {"2020-09-30": "12047.92000", "2020-06-30": "12530.04000", "2020-03-31": "14172.28000", "2019-12-31": "12158.77000", "2019-09-30": "12053.18000", "2019-06-30": "10256.09000", "2019-03-31": "10690.18000", "2018-12-31": "10733.70000", "2018-09-30": "10478.46000", "2018-06-30": "10402.90000", "2018-03-31": "11039.81000", "2017-12-31": "11276.06000", "2017-09-30": "11424.14000", "2017-06-30": "11908.00000", "2017-03-31": "11943.73000", "2016-12-31": "11127.33000", "2016-09-30": "11252.33000", "2016-06-30": "10901.13000", "2016-03-31": "11247.73000", "2015-12-31": "11207.00000", "2015-09-30": "11268.56000", "2015-06-30": "11507.86000", "2015-03-31": "11603.92000", "2014-12-31": "10844.35000", "2014-09-30": "10469.11000", "2014-06-30": "9602.43900", "2014-03-31": "9481.05100", "2013-12-31": "9364.99200", "2013-09-30": "9413.31800", "2013-06-30": "8420.07300", "2013-03-31": "8295.90800", "2012-12-31": "8413.64600", "2012-09-30": "7494.77400", "2012-06-30": "7204.72700", "2012-03-31": "6430.36400", "2011-12-31": "6429.11600", "2011-09-30": "6313.14100", "2011-06-30": "5007.08000", "2011-03-31": "2571.36800", "2010-12-31": "2900.04400", "2010-09-30": "2895.54700", "2010-06-30": "2580.84900", "2010-03-31": "2698.17100", "2009-12-31": "2670.10100", "2009-09-30": "2615.14200", "2009-06-30": "2616.30400", "2009-03-31": "2942.40100", "2008-12-31": "3136.99800", "2008-09-30": "3135.35000", "2008-06-30": "3251.41800", "2008-03-31": "3157.11100", "2007-12-31": "3360.49900", "2007-09-30": "3267.70500", "2007-06-30": "3284.64200", "2007-03-31": "2370.41800", "2006-12-31": "2329.05300", "2006-09-30": "2007.12800", "2006-06-30": "1882.90900", "2006-03-31": "1854.55100", "2005-12-31": "1802.56400", "2005-09-30": "1811.31900", "2005-06-30": "1832.68400", "2005-03-31": "877.64200"}, "Other Non-Current Liabilities": {"2020-09-30": "251.13000", "2020-06-30": "237.69300", "2020-03-31": "202.70800", "2019-12-31": "278.90200", "2019-09-30": "238.32300", "2019-06-30": "223.87800", "2019-03-31": "207.33300", "2018-12-31": "188.34600", "2018-09-30": "158.03200", "2018-06-30": "150.71300", "2018-03-31": "192.57800", "2017-12-31": "218.75500", "2017-09-30": "181.65000", "2017-06-30": "191.96600", "2017-03-31": "172.77300", "2016-12-31": "202.19000", "2016-09-30": "286.88600", "2016-06-30": "306.65300", "2016-03-31": "204.36400", "2015-12-31": "230.86900", "2015-09-30": "264.29700", "2015-06-30": "199.40400", "2015-03-31": "257.24600", "2014-12-31": "409.98900", "2014-09-30": "163.08000", "2014-06-30": "169.29200", "2014-03-31": "160.11500", "2013-12-31": "156.66000", "2013-09-30": "171.92100", "2013-06-30": "184.21700", "2013-03-31": "194.30200", "2012-12-31": "174.55500", "2012-09-30": "113.90800", "2012-06-30": "116.63500", "2012-03-31": "106.26400", "2011-12-31": "102.83700", "2011-09-30": "92.81700", "2011-06-30": "", "2011-03-31": "", "2010-12-31": "", "2010-09-30": "", "2010-06-30": "", "2010-03-31": "", "2009-12-31": "", "2009-09-30": "4.62800", "2009-06-30": "5.30500", "2009-03-31": "6.30700", "2008-12-31": "7.05700", "2008-09-30": "7.56400", "2008-06-30": "8.05000", "2008-03-31": "8.70000", "2007-12-31": "9.06500", "2007-09-30": "9.66500", "2007-06-30": "10.21900", "2007-03-31": "7.60700", "2006-12-31": "50.14300", "2006-09-30": "8.78000", "2006-06-30": "9.37400", "2006-03-31": "10.53000", "2005-12-31": "47.88300", "2005-09-30": "54.55800", "2005-06-30": "22.86800", "2005-03-31": "52.54600"}, "Total Long Term Liabilities": {"2020-09-30": "12352.76000", "2020-06-30": "12824.69000", "2020-03-31": "14422.52000", "2019-12-31": "12638.51000", "2019-09-30": "12439.03000", "2019-06-30": "10629.42000", "2019-03-31": "11102.56000", "2018-12-31": "11127.26000", "2018-09-30": "10873.10000", "2018-06-30": "10794.55000", "2018-03-31": "11477.13000", "2017-12-31": "11744.91000", "2017-09-30": "11902.07000", "2017-06-30": "12396.79000", "2017-03-31": "12410.56000", "2016-12-31": "11646.16000", "2016-09-30": "11854.93000", "2016-06-30": "11528.25000", "2016-03-31": "11785.45000", "2015-12-31": "11776.25000", "2015-09-30": "11885.51000", "2015-06-30": "12077.43000", "2015-03-31": "12232.96000", "2014-12-31": "11598.68000", "2014-09-30": "10993.64000", "2014-06-30": "10028.12000", "2014-03-31": "9893.66500", "2013-12-31": "9771.81900", "2013-09-30": "9833.60800", "2013-06-30": "8851.88100", "2013-03-31": "8751.33200", "2012-12-31": "8847.91600", "2012-09-30": "7873.79800", "2012-06-30": "7592.42800", "2012-03-31": "6808.03600", "2011-12-31": "6792.67500", "2011-09-30": "6680.81000", "2011-06-30": "5286.74800", "2011-03-31": "2809.51400", "2010-12-31": "3141.37700", "2010-09-30": "3147.89800", "2010-06-30": "2832.67800", "2010-03-31": "2950.85800", "2009-12-31": "2923.76600", "2009-09-30": "2874.39200", "2009-06-30": "2876.78400", "2009-03-31": "3204.27800", "2008-12-31": "3401.55400", "2008-09-30": "3428.34000", "2008-06-30": "3572.50500", "2008-03-31": "3484.28000", "2007-12-31": "3698.60800", "2007-09-30": "3618.13800", "2007-06-30": "3630.69800", "2007-03-31": "2408.41900", "2006-12-31": "2409.98300", "2006-09-30": "2046.30200", "2006-06-30": "1922.67700", "2006-03-31": "1895.47500", "2005-12-31": "1880.84100", "2005-09-30": "1896.27100", "2005-06-30": "1885.94600", "2005-03-31": "960.58200"}, "Total Liabilities": {"2020-09-30": "13932.77000", "2020-06-30": "14189.48000", "2020-03-31": "15901.43000", "2019-12-31": "14146.76000", "2019-09-30": "13967.64000", "2019-06-30": "12112.55000", "2019-03-31": "12462.09000", "2018-12-31": "12312.96000", "2018-09-30": "12084.88000", "2018-06-30": "12021.57000", "2018-03-31": "12689.47000", "2017-12-31": "13022.36000", "2017-09-30": "12941.55000", "2017-06-30": "13413.61000", "2017-03-31": "13435.45000", "2016-12-31": "12637.85000", "2016-09-30": "12855.82000", "2016-06-30": "12343.70000", "2016-03-31": "12590.76000", "2015-12-31": "12636.49000", "2015-09-30": "12744.30000", "2015-06-30": "13181.42000", "2015-03-31": "13326.91000", "2014-12-31": "12411.52000", "2014-09-30": "12027.99000", "2014-06-30": "11060.13000", "2014-03-31": "10892.85000", "2013-12-31": "10827.68000", "2013-09-30": "10914.95000", "2013-06-30": "9790.05500", "2013-03-31": "9720.11000", "2012-12-31": "9890.63700", "2012-09-30": "8979.16700", "2012-06-30": "8699.65500", "2012-03-31": "7926.72400", "2011-12-31": "7915.96600", "2011-09-30": "7875.50100", "2011-06-30": "5714.45700", "2011-03-31": "3047.65100", "2010-12-31": "3367.81600", "2010-09-30": "3384.63100", "2010-06-30": "3030.70300", "2010-03-31": "3170.20500", "2009-12-31": "3132.18500", "2009-09-30": "3084.99800", "2009-06-30": "3058.39500", "2009-03-31": "3408.17400", "2008-12-31": "3591.68300", "2008-09-30": "3627.26100", "2008-06-30": "3735.16500", "2008-03-31": "3673.41400", "2007-12-31": "3892.97400", "2007-09-30": "3817.64300", "2007-06-30": "3792.34800", "2007-03-31": "2577.25300", "2006-12-31": "2543.92400", "2006-09-30": "2164.74000", "2006-06-30": "2010.97600", "2006-03-31": "2002.83700", "2005-12-31": "1971.79900", "2005-09-30": "2004.01900", "2005-06-30": "1970.29500", "2005-03-31": "1007.46800"}, "Common Stock Net": {"2020-09-30": "93.46700", "2020-06-30": "93.26100", "2020-03-31": "93.25600", "2019-12-31": "93.18500", "2019-09-30": "93.16400", "2019-06-30": "92.85200", "2019-03-31": "89.57900", "2018-12-31": "89.12500", "2018-09-30": "89.10000", "2018-06-30": "89.08500", "2018-03-31": "89.06200", "2017-12-31": "89.02900", "2017-09-30": "89.02300", "2017-06-30": "89.01600", "2017-03-31": "88.69800", "2016-12-31": "88.51400", "2016-09-30": "88.43100", "2016-06-30": "85.24600", "2016-03-31": "84.35400", "2015-12-31": "83.57900", "2015-09-30": "83.23800", "2015-06-30": "82.98200", "2015-03-31": "82.71800", "2014-12-31": "74.65600", "2014-09-30": "73.60300", "2014-06-30": "73.60200", "2014-03-31": "73.59900", "2013-12-31": "74.48800", "2013-09-30": "74.34500", "2013-06-30": "74.24800", "2013-03-31": "73.96900", "2012-12-31": "73.90400", "2012-09-30": "73.89600", "2012-06-30": "73.85500", "2012-03-31": "72.27300", "2011-12-31": "72.24000", "2011-09-30": "72.02500", "2011-06-30": "47.06300", "2011-03-31": "40.81800", "2010-12-31": "39.39100", "2010-09-30": "39.34600", "2010-06-30": "39.34300", "2010-03-31": "39.34100", "2009-12-31": "39.16000", "2009-09-30": "39.15500", "2009-06-30": "39.13800", "2009-03-31": "35.86700", "2008-12-31": "35.82500", "2008-09-30": "35.82300", "2008-06-30": "34.61900", "2008-03-31": "34.59200", "2007-12-31": "33.41600", "2007-09-30": "33.37100", "2007-06-30": "33.35000", "2007-03-31": "26.58700", "2006-12-31": "26.54500", "2006-09-30": "26.03600", "2006-06-30": "26.00400", "2006-03-31": "25.97400", "2005-12-31": "25.92700", "2005-09-30": "25.89000", "2005-06-30": "25.88800", "2005-03-31": "21.30600"}, "Retained Earnings (Accumulated Deficit)": {"2020-09-30": "-3972.64700", "2020-06-30": "-3816.46000", "2020-03-31": "-3491.69600", "2019-12-31": "-3669.05000", "2019-09-30": "-3384.42100", "2019-06-30": "-3173.28700", "2019-03-31": "-3088.40100", "2018-12-31": "-2930.21400", "2018-09-30": "-2709.29300", "2018-06-30": "-2529.10200", "2018-03-31": "-2413.44000", "2017-12-31": "-2240.69800", "2017-09-30": "-2351.43000", "2017-06-30": "-2688.94600", "2017-03-31": "-2564.93600", "2016-12-31": "-2487.69500", "2016-09-30": "-2420.76600", "2016-06-30": "-2313.28700", "2016-03-31": "-2208.47400", "2015-12-31": "-2111.95800", "2015-09-30": "-1992.84800", "2015-06-30": "-1772.52900", "2015-03-31": "-1660.85600", "2014-12-31": "-1526.38800", "2014-09-30": "-1398.37800", "2014-06-30": "-1294.04800", "2014-03-31": "-1218.96700", "2013-12-31": "-1126.54100", "2013-09-30": "-1021.62800", "2013-06-30": "-943.38400", "2013-03-31": "-861.43400", "2012-12-31": "-777.92700", "2012-09-30": "-680.88800", "2012-06-30": "-609.48700", "2012-03-31": "-500.80800", "2011-12-31": "-412.18100", "2011-09-30": "-439.01500", "2011-06-30": "-412.69400", "2011-03-31": "-300.38200", "2010-12-31": "-255.62800", "2010-09-30": "-249.04700", "2010-06-30": "-222.85300", "2010-03-31": "-196.97200", "2009-12-31": "-165.71000", "2009-09-30": "-139.47800", "2009-06-30": "-109.01200", "2009-03-31": "-117.12400", "2008-12-31": "-117.80600", "2008-09-30": "-95.41400", "2008-06-30": "-86.61000", "2008-03-31": "-86.69800", "2007-12-31": "-47.84600", "2007-09-30": "-13.76100", "2007-06-30": "21.63600", "2007-03-31": "-89.59100", "2006-12-31": "-84.17600", "2006-09-30": "-83.02400", "2006-06-30": "-74.12400", "2006-03-31": "-62.30800", "2005-12-31": "-50.40200", "2005-09-30": "-60.28000", "2005-06-30": "-51.74600", "2005-03-31": "-48.25500"}, "Comprehensive Income": {"2020-09-30": "-65.04200", "2020-06-30": "-82.76100", "2020-03-31": "-103.40800", "2019-12-31": "-34.56400", "2019-09-30": "-59.85700", "2019-06-30": "-39.67100", "2019-03-31": "-12.06500", "2018-12-31": "-19.58200", "2018-09-30": "-7.94700", "2018-06-30": "-10.86100", "2018-03-31": "-14.47400", "2017-12-31": "-35.12000", "2017-09-30": "-40.78000", "2017-06-30": "-45.03500", "2017-03-31": "-53.65700", "2016-12-31": "-57.53400", "2016-09-30": "-49.61400", "2016-06-30": "-44.19500", "2016-03-31": "-19.93200", "2015-12-31": "-7.56500", "2015-09-30": "-0.59200", "2015-06-30": "10.18000", "2015-03-31": "4.35700", "2014-12-31": "13.12100", "2014-09-30": "16.15600", "2014-06-30": "26.25500", "2014-03-31": "18.46400", "2013-12-31": "19.65900", "2013-09-30": "21.29300", "2013-06-30": "19.75200", "2013-03-31": "21.82800", "2012-12-31": "23.35400", "2012-09-30": "23.62600", "2012-06-30": "21.40400", "2012-03-31": "23.92600", "2011-12-31": "22.06200", "2011-09-30": "19.23700", "2011-06-30": "28.21200", "2011-03-31": "28.09700", "2010-12-31": "26.86800", "2010-09-30": "23.81600", "2010-06-30": "16.50600", "2010-03-31": "25.15400", "2009-12-31": "19.66900", "2009-09-30": "15.08000", "2009-06-30": "-1.41100", "2009-03-31": "-18.32200", "2008-12-31": "-21.08900", "2008-09-30": "4.83500", "2008-06-30": "12.83100", "2008-03-31": "14.81900", "2007-12-31": "17.41600", "2007-09-30": "6.65200", "2007-06-30": "9.48200", "2007-03-31": "0.91400", "2006-12-31": "1.03700", "2006-09-30": "1.56900", "2006-06-30": "1.44900", "2006-03-31": "0.68500", "2005-12-31": "-0.14300", "2005-09-30": "-0.94200", "2005-06-30": "-5.34300", "2005-03-31": "-3.32700"}, "Other Share Holders Equity": {"2020-09-30": "", "2020-06-30": "", "2020-03-31": "", "2019-12-31": "", "2019-09-30": "", "2019-06-30": "", "2019-03-31": "", "2018-12-31": "", "2018-09-30": "", "2018-06-30": "", "2018-03-31": "", "2017-12-31": "", "2017-09-30": "", "2017-06-30": "", "2017-03-31": "", "2016-12-31": "", "2016-09-30": "", "2016-06-30": "", "2016-03-31": "", "2015-12-31": "", "2015-09-30": "", "2015-06-30": "", "2015-03-31": "", "2014-12-31": "", "2014-09-30": "", "2014-06-30": "", "2014-03-31": "", "2013-12-31": "", "2013-09-30": "", "2013-06-30": "", "2013-03-31": "", "2012-12-31": "", "2012-09-30": "", "2012-06-30": "", "2012-03-31": "", "2011-12-31": "", "2011-09-30": "", "2011-06-30": "", "2011-03-31": "", "2010-12-31": "", "2010-09-30": "", "2010-06-30": "", "2010-03-31": "", "2009-12-31": "", "2009-09-30": "", "2009-06-30": "", "2009-03-31": "", "2008-12-31": "", "2008-09-30": "", "2008-06-30": "", "2008-03-31": "", "2007-12-31": "", "2007-09-30": "", "2007-06-30": "", "2007-03-31": "", "2006-12-31": "", "2006-09-30": "", "2006-06-30": "", "2006-03-31": "", "2005-12-31": "", "2005-09-30": "", "2005-06-30": "", "2005-03-31": ""}, "Share Holder Equity": {"2020-09-30": "10287.71000", "2020-06-30": "10399.91000", "2020-03-31": "10716.40000", "2019-12-31": "10545.45000", "2019-09-30": "10835.91000", "2019-06-30": "10876.36000", "2019-03-31": "10206.01000", "2018-12-31": "10271.59000", "2018-09-30": "10513.07000", "2018-06-30": "10677.57000", "2018-03-31": "10804.04000", "2017-12-31": "10932.18000", "2017-09-30": "10798.24000", "2017-06-30": "10442.15000", "2017-03-31": "10483.88000", "2016-12-31": "10528.75000", "2016-09-30": "10570.45000", "2016-06-30": "9749.77600", "2016-03-31": "9670.52900", "2015-12-31": "9625.42700", "2015-09-30": "9669.67400", "2015-06-30": "11093.75000", "2015-03-31": "11112.96000", "2014-12-31": "8754.39700", "2014-09-30": "8623.17300", "2014-06-30": "8730.65900", "2014-03-31": "8809.92200", "2013-12-31": "8903.81100", "2013-09-30": "8964.40800", "2013-06-30": "9006.52700", "2013-03-31": "8986.81100", "2012-12-31": "9089.36300", "2012-09-30": "9461.73200", "2012-06-30": "9522.60600", "2012-03-31": "9262.23500", "2011-12-31": "9355.94400", "2011-09-30": "9330.26900", "2011-06-30": "3919.57600", "2011-03-31": "2646.44700", "2010-12-31": "2390.20500", "2010-09-30": "2416.18600", "2010-06-30": "2431.41400", "2010-03-31": "2463.62000", "2009-12-31": "2484.06000", "2009-09-30": "2502.31200", "2009-06-30": "2512.46600", "2009-03-31": "2185.67200", "2008-12-31": "2179.73500", "2008-09-30": "2187.58700", "2008-06-30": "1981.89600", "2008-03-31": "1978.37400", "2007-12-31": "1823.65400", "2007-09-30": "1843.97700", "2007-06-30": "1879.10500", "2007-03-31": "708.91400", "2006-12-31": "709.87600", "2006-09-30": "643.67500", "2006-06-30": "649.99600", "2006-03-31": "658.76700", "2005-12-31": "667.31900", "2005-09-30": "654.11100", "2005-06-30": "655.16000", "2005-03-31": "166.73000"}, "Total Liabilities And Share Holders Equity": {"2020-09-30": "24220.48000", "2020-06-30": "24589.39000", "2020-03-31": "26617.83000", "2019-12-31": "24692.21000", "2019-09-30": "24803.55000", "2019-06-30": "22988.91000", "2019-03-31": "22668.10000", "2018-12-31": "22584.55000", "2018-09-30": "22597.95000", "2018-06-30": "22699.13000", "2018-03-31": "23493.51000", "2017-12-31": "23954.54000", "2017-09-30": "23739.79000", "2017-06-30": "23855.76000", "2017-03-31": "23919.33000", "2016-12-31": "23166.60000", "2016-09-30": "23426.26000", "2016-06-30": "22093.47000", "2016-03-31": "22261.29000", "2015-12-31": "22261.92000", "2015-09-30": "22413.98000", "2015-06-30": "24275.16000", "2015-03-31": "24439.87000", "2014-12-31": "21165.91000", "2014-09-30": "20651.16000", "2014-06-30": "19790.79000", "2014-03-31": "19702.77000", "2013-12-31": "19731.49000", "2013-09-30": "19879.36000", "2013-06-30": "18796.58000", "2013-03-31": "18706.92000", "2012-12-31": "18980.00000", "2012-09-30": "18440.90000", "2012-06-30": "18222.26000", "2012-03-31": "17188.96000", "2011-12-31": "17271.91000", "2011-09-30": "17205.77000", "2011-06-30": "9634.03300", "2011-03-31": "5694.09800", "2010-12-31": "5758.02100", "2010-09-30": "5800.81700", "2010-06-30": "5462.11700", "2010-03-31": "5633.82500", "2009-12-31": "5616.24500", "2009-09-30": "5587.31000", "2009-06-30": "5570.86100", "2009-03-31": "5593.84600", "2008-12-31": "5771.41800", "2008-09-30": "5814.84800", "2008-06-30": "5717.06100", "2008-03-31": "5651.78800", "2007-12-31": "5716.62800", "2007-09-30": "5661.62000", "2007-06-30": "5671.45300", "2007-03-31": "3286.16700", "2006-12-31": "3253.80000", "2006-09-30": "2808.41500", "2006-06-30": "2660.97200", "2006-03-31": "2661.60400", "2005-12-31": "2639.11800", "2005-09-30": "2658.13000", "2005-06-30": "2625.45500", "2005-03-31": "1174.19800"}}, "cash flow statement": {"Net Income/Loss": {"2019-12-31": "439.29700", "2018-12-31": "415.98100", "2017-12-31": "1361.11200", "2016-12-31": "651.49000", "2015-12-31": "419.22200", "2014-12-31": "477.00100", "2013-12-31": "454.66900", "2012-12-31": "361.77500", "2011-12-31": "363.26100", "2010-12-31": "249.72900", "2009-12-31": "269.36000", "2008-12-31": "225.28700", "2007-12-31": "280.57800", "2006-12-31": "131.43000", "2005-12-31": "130.58300"}, "Total Depreciation And Amortization - Cash Flow": {"2019-12-31": "1060.63800", "2018-12-31": "907.86500", "2017-12-31": "883.46900", "2016-12-31": "888.94500", "2015-12-31": "954.98210", "2014-12-31": "809.28400", "2013-12-31": "737.34300", "2012-12-31": "707.71410", "2011-12-31": "434.38200", "2010-12-31": "213.05000", "2009-12-31": "205.83900", "2008-12-31": "230.40400", "2007-12-31": "231.12000", "2006-12-31": "120.49400", "2005-12-31": "88.39600"}, "Other Non-Cash Items": {"2019-12-31": "23.79200", "2018-12-31": "152.64200", "2017-12-31": "-703.38100", "2016-12-31": "-101.48500", "2015-12-31": "0.42700", "2014-12-31": "-26.12000", "2013-12-31": "-11.22000", "2012-12-31": "-69.95400", "2011-12-31": "28.12900", "2010-12-31": "-11.79000", "2009-12-31": "-61.22200", "2008-12-31": "-37.87600", "2007-12-31": "-137.61000", "2006-12-31": "-17.02300", "2005-12-31": "-16.87800"}, "Total Non-Cash Items": {"2019-12-31": "1084.43000", "2018-12-31": "1060.50700", "2017-12-31": "180.08790", "2016-12-31": "787.46000", "2015-12-31": "955.40910", "2014-12-31": "783.16400", "2013-12-31": "726.12300", "2012-12-31": "637.76000", "2011-12-31": "462.51100", "2010-12-31": "201.26000", "2009-12-31": "144.61700", "2008-12-31": "192.52800", "2007-12-31": "93.51000", "2006-12-31": "103.47100", "2005-12-31": "71.51800"}, "Change In Accounts Receivable": {"2019-12-31": "", "2018-12-31": "", "2017-12-31": "", "2016-12-31": "", "2015-12-31": "", "2014-12-31": "", "2013-12-31": "", "2012-12-31": "", "2011-12-31": "", "2010-12-31": "", "2009-12-31": "", "2008-12-31": "", "2007-12-31": "", "2006-12-31": "", "2005-12-31": ""}, "Change In Inventories": {"2019-12-31": "", "2018-12-31": "", "2017-12-31": "", "2016-12-31": "", "2015-12-31": "", "2014-12-31": "", "2013-12-31": "", "2012-12-31": "", "2011-12-31": "", "2010-12-31": "", "2009-12-31": "", "2008-12-31": "", "2007-12-31": "", "2006-12-31": "", "2005-12-31": ""}, "Change In Accounts Payable": {"2019-12-31": "", "2018-12-31": "", "2017-12-31": "", "2016-12-31": "", "2015-12-31": "", "2014-12-31": "", "2013-12-31": "", "2012-12-31": "", "2011-12-31": "", "2010-12-31": "", "2009-12-31": "", "2008-12-31": "", "2007-12-31": "", "2006-12-31": "", "2005-12-31": ""}, "Change In Assets/Liabilities": {"2019-12-31": "-66.95600", "2018-12-31": "-18.20600", "2017-12-31": "-18.21400", "2016-12-31": "-9.47500", "2015-12-31": "62.31100", "2014-12-31": "13.27500", "2013-12-31": "6.11600", "2012-12-31": "13.72500", "2011-12-31": "-8.72600", "2010-12-31": "-6.93400", "2009-12-31": "-5.47100", "2008-12-31": "-2.44100", "2007-12-31": "42.62200", "2006-12-31": "-36.17300", "2005-12-31": "10.39900"}, "Total Change In Assets/Liabilities": {"2019-12-31": "-99.20800", "2018-12-31": "-98.74100", "2017-12-31": "-117.07200", "2016-12-31": "-82.40100", "2015-12-31": "17.68300", "2014-12-31": "-14.73600", "2013-12-31": "11.97700", "2012-12-31": "-17.13300", "2011-12-31": "-59.98000", "2010-12-31": "-3.32100", "2009-12-31": "8.21900", "2008-12-31": "-15.19400", "2007-12-31": "31.98800", "2006-12-31": "5.24700", "2005-12-31": "24.36100"}, "Cash Flow From Operating Activities": {"2019-12-31": "1437.78300", "2018-12-31": "1381.46700", "2017-12-31": "1428.75200", "2016-12-31": "1354.70200", "2015-12-31": "1398.83100", "2014-12-31": "1254.84500", "2013-12-31": "1194.75500", "2012-12-31": "992.81600", "2011-12-31": "773.19700", "2010-12-31": "447.62200", "2009-12-31": "422.10100", "2008-12-31": "379.90700", "2007-12-31": "404.60000", "2006-12-31": "238.86700", "2005-12-31": "223.76400"}, "Net Change In Property, Plant, And Equipment": {"2019-12-31": "-156.72400", "2018-12-31": "-131.85800", "2017-12-31": "-132.55800", "2016-12-31": "-117.45600", "2015-12-31": "-107.48700", "2014-12-31": "-87.45400", "2013-12-31": "-81.61400", "2012-12-31": "-69.43000", "2011-12-31": "-50.47300", "2010-12-31": "-18.19300", "2009-12-31": "-11.06600", "2008-12-31": "-16.35900", "2007-12-31": "-8.18800", "2006-12-31": "-0.36800", "2005-12-31": "-0.02500"}, "Net Change In Intangible Assets": {"2019-12-31": "", "2018-12-31": "", "2017-12-31": "", "2016-12-31": "", "2015-12-31": "", "2014-12-31": "", "2013-12-31": "", "2012-12-31": "", "2011-12-31": "", "2010-12-31": "", "2009-12-31": "", "2008-12-31": "", "2007-12-31": "", "2006-12-31": "", "2005-12-31": ""}, "Net Acquisitions/Divestitures": {"2019-12-31": "", "2018-12-31": "", "2017-12-31": "", "2016-12-31": "", "2015-12-31": "", "2014-12-31": "", "2013-12-31": "", "2012-12-31": "", "2011-12-31": "", "2010-12-31": "", "2009-12-31": "", "2008-12-31": "", "2007-12-31": "", "2006-12-31": "", "2005-12-31": ""}, "Net Change In Short-term Investments": {"2019-12-31": "", "2018-12-31": "", "2017-12-31": "", "2016-12-31": "", "2015-12-31": "76.80000", "2014-12-31": "-75.00000", "2013-12-31": "5.49300", "2012-12-31": "37.50000", "2011-12-31": "23.05000", "2010-12-31": "0.00000", "2009-12-31": "0.00000", "2008-12-31": "", "2007-12-31": "", "2006-12-31": "-5.53000", "2005-12-31": ""}, "Net Change In Long-Term Investments": {"2019-12-31": "-810.27000", "2018-12-31": "87.88500", "2017-12-31": "195.19000", "2016-12-31": "-1113.03400", "2015-12-31": "-2158.38000", "2014-12-31": "-1350.04000", "2013-12-31": "-1401.41100", "2012-12-31": "-1580.43900", "2011-12-31": "-510.98700", "2010-12-31": "-216.27800", "2009-12-31": "17.82700", "2008-12-31": "-13.29800", "2007-12-31": "-1183.18100", "2006-12-31": "-490.31100", "2005-12-31": "-588.11100"}, "Net Change In Investments - Total": {"2019-12-31": "-810.27000", "2018-12-31": "87.88500", "2017-12-31": "195.19000", "2016-12-31": "-1113.03400", "2015-12-31": "-2081.58000", "2014-12-31": "-1425.04000", "2013-12-31": "-1395.91800", "2012-12-31": "-1542.93900", "2011-12-31": "-487.93700", "2010-12-31": "-216.27800", "2009-12-31": "17.82700", "2008-12-31": "-13.29800", "2007-12-31": "-1183.18100", "2006-12-31": "-495.84100", "2005-12-31": "-588.11100"}, "Investing Activities - Other": {"2019-12-31": "-618.30490", "2018-12-31": "368.46900", "2017-12-31": "-999.73900", "2016-12-31": "16.21000", "2015-12-31": "-234.62500", "2014-12-31": "-542.54600", "2013-12-31": "194.77200", "2012-12-31": "-557.32000", "2011-12-31": "-459.02900", "2010-12-31": "-67.44900", "2009-12-31": "-8.50700", "2008-12-31": "-106.59900", "2007-12-31": "16.17700", "2006-12-31": "14.23500", "2005-12-31": "-26.90500"}, "Cash Flow From Investing Activities": {"2019-12-31": "-1585.29900", "2018-12-31": "324.49600", "2017-12-31": "-937.10700", "2016-12-31": "-1214.28000", "2015-12-31": "-2423.69200", "2014-12-31": "-2055.04000", "2013-12-31": "-1282.76000", "2012-12-31": "-2169.68900", "2011-12-31": "-997.43900", "2010-12-31": "-301.92000", "2009-12-31": "-1.74600", "2008-12-31": "-136.25600", "2007-12-31": "-1175.19200", "2006-12-31": "-481.97400", "2005-12-31": "-615.04100"}, "Net Long-Term Debt": {"2019-12-31": "384.90770", "2018-12-31": "-594.64330", "2017-12-31": "127.34800", "2016-12-31": "-164.53200", "2015-12-31": "353.69410", "2014-12-31": "1396.51500", "2013-12-31": "811.02490", "2012-12-31": "1602.32000", "2011-12-31": "492.13000", "2010-12-31": "101.18600", "2009-12-31": "-452.36400", "2008-12-31": "-203.26800", "2007-12-31": "45.80490", "2006-12-31": "400.72100", "2005-12-31": "418.21200"}, "Net Current Debt": {"2019-12-31": "", "2018-12-31": "", "2017-12-31": "", "2016-12-31": "", "2015-12-31": "", "2014-12-31": "", "2013-12-31": "", "2012-12-31": "", "2011-12-31": "", "2010-12-31": "", "2009-12-31": "", "2008-12-31": "", "2007-12-31": "", "2006-12-31": "", "2005-12-31": ""}, "Debt Issuance/Retirement Net - Total": {"2019-12-31": "384.90770", "2018-12-31": "-594.64330", "2017-12-31": "127.34800", "2016-12-31": "-164.53200", "2015-12-31": "353.69410", "2014-12-31": "1396.51500", "2013-12-31": "811.02490", "2012-12-31": "1602.32000", "2011-12-31": "492.13000", "2010-12-31": "101.18600", "2009-12-31": "-452.36400", "2008-12-31": "-203.26800", "2007-12-31": "45.80490", "2006-12-31": "400.72100", "2005-12-31": "418.21200"}, "Net Common Equity Issued/Repurchased": {"2019-12-31": "976.06100", "2018-12-31": "7.39200", "2017-12-31": "89.88300", "2016-12-31": "1286.68000", "2015-12-31": "491.02300", "2014-12-31": "242.10700", "2013-12-31": "141.34300", "2012-12-31": "342.46900", "2011-12-31": "299.84700", "2010-12-31": "", "2009-12-31": "299.20100", "2008-12-31": "408.54000", "2007-12-31": "1045.71300", "2006-12-31": "0.83100", "2005-12-31": "101.96400"}, "Net Total Equity Issued/Repurchased": {"2019-12-31": "976.06100", "2018-12-31": "7.39200", "2017-12-31": "89.88300", "2016-12-31": "1286.68000", "2015-12-31": "491.02300", "2014-12-31": "242.10700", "2013-12-31": "141.34300", "2012-12-31": "342.46900", "2011-12-31": "299.84700", "2010-12-31": "", "2009-12-31": "299.20100", "2008-12-31": "408.54000", "2007-12-31": "1045.71300", "2006-12-31": "0.83100", "2005-12-31": "101.96400"}, "Total Common And Preferred Stock Dividends Paid": {"2019-12-31": "-1166.93800", "2018-12-31": "-1134.60200", "2017-12-31": "-832.96200", "2016-12-31": "-1033.60800", "2015-12-31": "-1018.50800", "2014-12-31": "-881.37600", "2013-12-31": "-807.16300", "2012-12-31": "-732.99200", "2011-12-31": "-523.40500", "2010-12-31": "-336.08500", "2009-12-31": "-314.39900", "2008-12-31": "-288.84900", "2007-12-31": "-286.18800", "2006-12-31": "-160.59800", "2005-12-31": "-125.84300"}, "Financial Activities - Other": {"2019-12-31": "-33.35700", "2018-12-31": "-40.08400", "2017-12-31": "-55.59600", "2016-12-31": "8.29800", "2015-12-31": "1196.84900", "2014-12-31": "0.81100", "2013-12-31": "-30.20900", "2012-12-31": "-12.88300", "2011-12-31": "-20.29000", "2010-12-31": "3.44700", "2009-12-31": "-22.61800", "2008-12-31": "-12.40200", "2007-12-31": "-2.65500", "2006-12-31": "1.75800", "2005-12-31": "-4.78000"}, "Cash Flow From Financial Activities": {"2019-12-31": "160.67400", "2018-12-31": "-1761.93700", "2017-12-31": "-671.32700", "2016-12-31": "96.83800", "2015-12-31": "1023.05800", "2014-12-31": "758.05700", "2013-12-31": "114.99600", "2012-12-31": "1198.91400", "2011-12-31": "248.28200", "2010-12-31": "-231.45200", "2009-12-31": "-490.18000", "2008-12-31": "-95.97900", "2007-12-31": "802.67500", "2006-12-31": "242.71200", "2005-12-31": "389.55300"}, "Net Cash Flow": {"2019-12-31": "14.63800", "2018-12-31": "-56.78900", "2017-12-31": "-179.10100", "2016-12-31": "236.43500", "2015-12-31": "-2.32500", "2014-12-31": "-39.46800", "2013-12-31": "26.90800", "2012-12-31": "22.10100", "2011-12-31": "23.99500", "2010-12-31": "-85.58500", "2009-12-31": "-69.41500", "2008-12-31": "148.47800", "2007-12-31": "27.08800", "2006-12-31": "-0.39500", "2005-12-31": "-1.72400"}, "Stock-Based Compensation": {"2019-12-31": "33.92300", "2018-12-31": "29.96300", "2017-12-31": "26.54300", "2016-12-31": "20.95800", "2015-12-31": "19.53700", "2014-12-31": "20.99400", "2013-12-31": "20.65300", "2012-12-31": "20.78400", "2011-12-31": "19.34600", "2010-12-31": "14.07800", "2009-12-31": "11.88200", "2008-12-31": "9.97600", "2007-12-31": "7.49300", "2006-12-31": "3.04600", "2005-12-31": "1.97100"}, "Common Stock Dividends Paid": {"2019-12-31": "-1166.93800", "2018-12-31": "-1134.60200", "2017-12-31": "-832.96200", "2016-12-31": "-1033.60800", "2015-12-31": "-1018.50800", "2014-12-31": "-881.37600", "2013-12-31": "-807.16300", "2012-12-31": "-732.99200", "2011-12-31": "-523.40500", "2010-12-31": "-336.08500", "2009-12-31": "-314.39900", "2008-12-31": "-288.84900", "2007-12-31": "-282.73900", "2006-12-31": "-160.59800", "2005-12-31": "-125.84300"}}, "cash flow statement, quarterly": {"Net Income/Loss": {"2020-09-30": 13.737, "2020-06-30": -159.235, "2020-03-31": "474.73000", "2019-12-31": 12.893, "2019-09-30": 86.918, "2019-06-30": 211.898, "2019-03-31": "127.58800", "2018-12-31": 63.302, "2018-09-30": 103.281, "2018-06-30": 169.3, "2018-03-31": "80.09800", "2017-12-31": 393.805, "2017-09-30": 615.191, "2017-06-30": 152.968, "2017-03-31": "199.14800", "2016-12-31": 208.832, "2016-09-30": 150.184, "2016-06-30": 143.44, "2016-03-31": "149.03400", "2015-12-31": 125.06, "2015-09-30": 23.117, "2015-06-30": 150.286, "2015-03-31": "120.75900", "2014-12-31": 107.597, "2014-09-30": 109.564, "2014-06-30": 138.566, "2014-03-31": "121.27400", "2013-12-31": 108.439, "2013-09-30": 118.599, "2013-06-30": 114.533, "2013-03-31": "113.09800", "2012-12-31": 86.126, "2012-09-30": 111.821, "2012-06-30": 73.736, "2012-03-31": "90.09200", "2011-12-31": 192.497, "2011-09-30": 101.984, "2011-06-30": 19.734, "2011-03-31": "49.04600", "2010-12-31": 78.702, "2010-09-30": 58.894, "2010-06-30": 58.965, "2010-03-31": "53.16800", "2009-12-31": 54.778, "2009-09-30": 50.43, "2009-06-30": 89.183, "2009-03-31": "74.96900", "2008-12-31": 58.151, "2008-09-30": 64.806, "2008-06-30": 70.698, "2008-03-31": "31.63200", "2007-12-31": 27.661, "2007-09-30": 28.014, "2007-06-30": 179.797, "2007-03-31": "45.10600", "2006-12-31": 40.797, "2006-09-30": 32.241, "2006-06-30": 29.258, "2006-03-31": "29.13400", "2005-12-31": 47.221, "2005-09-30": 28.721, "2005-06-30": 27.068, "2005-03-31": "27.57300"}, "Total Depreciation And Amortization - Cash Flow": {"2020-09-30": 235.915, "2020-06-30": 352.035, "2020-03-31": "249.71500", "2019-12-31": 353.502, "2019-09-30": 239.587, "2019-06-30": 228.344, "2019-03-31": "239.20500", "2018-12-31": 244.976, "2018-09-30": 221.292, "2018-06-30": 208.535, "2018-03-31": "233.06200", "2017-12-31": 233.268, "2017-09-30": 212.575, "2017-06-30": 222.398, "2017-03-31": "215.22800", "2016-12-31": 230.343, "2016-09-30": 205.657, "2016-06-30": 219.149, "2016-03-31": "233.79600", "2015-12-31": 234.3731, "2015-09-30": 236.67, "2015-06-30": 243.608, "2015-03-31": "240.33100", "2014-12-31": 237.499, "2014-09-30": 198.652, "2014-06-30": 186.605, "2014-03-31": "186.52800", "2013-12-31": 192.553, "2013-09-30": 180.262, "2013-06-30": 186.224, "2013-03-31": "178.30400", "2012-12-31": 188.9781, "2012-09-30": 182.345, "2012-06-30": 187.023, "2012-03-31": "149.36800", "2011-12-31": 153.728, "2011-09-30": 146.551, "2011-06-30": 80.499, "2011-03-31": "53.60400", "2010-12-31": 56.253, "2010-09-30": 52.651, "2010-06-30": 51.004, "2010-03-31": "53.14200", "2009-12-31": 57.529, "2009-09-30": 50.708, "2009-06-30": 48.944, "2009-03-31": "48.65800", "2008-12-31": 53.208, "2008-09-30": 49.828, "2008-06-30": 57.107, "2008-03-31": "70.26100", "2007-12-31": 73.267, "2007-09-30": 68.011, "2007-06-30": 55.903, "2007-03-31": "33.93900", "2006-12-31": 32.751, "2006-09-30": 29.818, "2006-06-30": 29.288, "2006-03-31": "28.63700", "2005-12-31": 28.675, "2005-09-30": 27.655, "2005-06-30": 18.546, "2005-03-31": "13.52000"}, "Other Non-Cash Items": {"2020-09-30": 21.658, "2020-06-30": 133.589, "2020-03-31": "-210.19000", "2019-12-31": 1.553, "2019-09-30": 36.159, "2019-06-30": -10.94, "2019-03-31": "-2.98000", "2018-12-31": 60.022, "2018-09-30": 38.711, "2018-06-30": -2.659, "2018-03-31": "56.56800", "2017-12-31": -204.479, "2017-09-30": -457.566, "2017-06-30": 1.09, "2017-03-31": "-42.42600", "2016-12-31": -37.69, "2016-09-30": -31.885, "2016-06-30": -3.411, "2016-03-31": "-28.49900", "2015-12-31": 24.006, "2015-09-30": -12.559, "2015-06-30": -2.883, "2015-03-31": "-8.13700", "2014-12-31": 0.177, "2014-09-30": -8.404, "2014-06-30": -13.079, "2014-03-31": "-4.81400", "2013-12-31": 3.226, "2013-09-30": -5.47, "2013-06-30": -5.027, "2013-03-31": "-3.94900", "2012-12-31": -11.616, "2012-09-30": -19.424, "2012-06-30": -28.444, "2012-03-31": "-10.47000", "2011-12-31": -0.405, "2011-09-30": 20.011, "2011-06-30": -9.501, "2011-03-31": "18.02400", "2010-12-31": -15.491, "2010-09-30": 1.263, "2010-06-30": 2.039, "2010-03-31": "0.39900", "2009-12-31": -0.545, "2009-09-30": -0.013, "2009-06-30": -33.072, "2009-03-31": "-27.59200", "2008-12-31": -14.539, "2008-09-30": 5.562, "2008-06-30": -26.981, "2008-03-31": "-1.91800", "2007-12-31": -3.352, "2007-09-30": -1.694, "2007-06-30": -124.523, "2007-03-31": "-8.04100", "2006-12-31": -5.797, "2006-09-30": -4.12, "2006-06-30": -2.914, "2006-03-31": "-4.19200", "2005-12-31": -9.883, "2005-09-30": -5.087, "2005-06-30": -1.448, "2005-03-31": "-0.46000"}, "Total Non-Cash Items": {"2020-09-30": 257.573, "2020-06-30": 485.624, "2020-03-31": "39.52500", "2019-12-31": 355.055, "2019-09-30": 275.746, "2019-06-30": 217.404, "2019-03-31": "236.22500", "2018-12-31": 304.9981, "2018-09-30": 260.0029, "2018-06-30": 205.876, "2018-03-31": "289.63000", "2017-12-31": 28.7889, "2017-09-30": -244.991, "2017-06-30": 223.488, "2017-03-31": "172.80200", "2016-12-31": 192.653, "2016-09-30": 173.7721, "2016-06-30": 215.7379, "2016-03-31": "205.29700", "2015-12-31": 258.3791, "2015-09-30": 224.111, "2015-06-30": 240.725, "2015-03-31": "232.19400", "2014-12-31": 237.676, "2014-09-30": 190.248, "2014-06-30": 173.526, "2014-03-31": "181.71400", "2013-12-31": 195.7789, "2013-09-30": 174.7921, "2013-06-30": 181.197, "2013-03-31": "174.35500", "2012-12-31": 177.3621, "2012-09-30": 162.9209, "2012-06-30": 158.579, "2012-03-31": "138.89800", "2011-12-31": 153.323, "2011-09-30": 166.562, "2011-06-30": 70.998, "2011-03-31": "71.62800", "2010-12-31": 40.762, "2010-09-30": 53.914, "2010-06-30": 53.043, "2010-03-31": "53.54100", "2009-12-31": 56.984, "2009-09-30": 50.695, "2009-06-30": 15.872, "2009-03-31": "21.06600", "2008-12-31": 38.669, "2008-09-30": 55.39, "2008-06-30": 30.126, "2008-03-31": "68.34300", "2007-12-31": 69.915, "2007-09-30": 66.317, "2007-06-30": -68.62, "2007-03-31": "25.89800", "2006-12-31": 26.954, "2006-09-30": 25.698, "2006-06-30": 26.374, "2006-03-31": "24.44500", "2005-12-31": 18.792, "2005-09-30": 22.568, "2005-06-30": 17.098, "2005-03-31": "13.06000"}, "Change In Accounts Receivable": {"2020-09-30": 0, "2020-06-30": 0, "2020-03-31": "", "2019-12-31": 0, "2019-09-30": 0, "2019-06-30": 0, "2019-03-31": "", "2018-12-31": 0, "2018-09-30": 0, "2018-06-30": 0, "2018-03-31": "", "2017-12-31": 0, "2017-09-30": -16.079, "2017-06-30": 16.079, "2017-03-31": "", "2016-12-31": 0, "2016-09-30": 0, "2016-06-30": 0, "2016-03-31": "", "2015-12-31": 0, "2015-09-30": 0, "2015-06-30": 0, "2015-03-31": "", "2014-12-31": 0, "2014-09-30": 0, "2014-06-30": 0, "2014-03-31": "", "2013-12-31": 0, "2013-09-30": 0, "2013-06-30": 0, "2013-03-31": "", "2012-12-31": 0, "2012-09-30": 0, "2012-06-30": 0, "2012-03-31": "", "2011-12-31": 0, "2011-09-30": 0, "2011-06-30": 0, "2011-03-31": "", "2010-12-31": 0, "2010-09-30": 0, "2010-06-30": 0, "2010-03-31": "", "2009-12-31": 0, "2009-09-30": 0, "2009-06-30": 0, "2009-03-31": "", "2008-12-31": 0, "2008-09-30": 0, "2008-06-30": 0, "2008-03-31": "", "2007-12-31": 0, "2007-09-30": 0, "2007-06-30": 0, "2007-03-31": "", "2006-12-31": 0, "2006-09-30": 0, "2006-06-30": 0, "2006-03-31": "", "2005-12-31": 0, "2005-09-30": 0, "2005-06-30": 0, "2005-03-31": ""}, "Change In Inventories": {"2020-09-30": 0, "2020-06-30": 0, "2020-03-31": "", "2019-12-31": 0, "2019-09-30": 0, "2019-06-30": 0, "2019-03-31": "", "2018-12-31": 0, "2018-09-30": 0, "2018-06-30": 0, "2018-03-31": "", "2017-12-31": 0, "2017-09-30": 0, "2017-06-30": 0, "2017-03-31": "", "2016-12-31": 0, "2016-09-30": 0, "2016-06-30": 0, "2016-03-31": "", "2015-12-31": 0, "2015-09-30": 0, "2015-06-30": 0, "2015-03-31": "", "2014-12-31": 0, "2014-09-30": 0, "2014-06-30": 0, "2014-03-31": "", "2013-12-31": 0, "2013-09-30": 0, "2013-06-30": 0, "2013-03-31": "", "2012-12-31": 0, "2012-09-30": 0, "2012-06-30": 0, "2012-03-31": "", "2011-12-31": 0, "2011-09-30": 0, "2011-06-30": 0, "2011-03-31": "", "2010-12-31": 0, "2010-09-30": 0, "2010-06-30": 0, "2010-03-31": "", "2009-12-31": 0, "2009-09-30": 0, "2009-06-30": 0, "2009-03-31": "", "2008-12-31": 0, "2008-09-30": 0, "2008-06-30": 0, "2008-03-31": "", "2007-12-31": 0, "2007-09-30": 0, "2007-06-30": 0, "2007-03-31": "", "2006-12-31": 0, "2006-09-30": 0, "2006-06-30": 0, "2006-03-31": "", "2005-12-31": 0, "2005-09-30": 0, "2005-06-30": 0, "2005-03-31": ""}, "Change In Accounts Payable": {"2020-09-30": 0, "2020-06-30": 0, "2020-03-31": "", "2019-12-31": 0, "2019-09-30": 0, "2019-06-30": 0, "2019-03-31": "", "2018-12-31": 0, "2018-09-30": 0, "2018-06-30": 0, "2018-03-31": "", "2017-12-31": 0, "2017-09-30": 0, "2017-06-30": 0, "2017-03-31": "", "2016-12-31": 0, "2016-09-30": 0, "2016-06-30": 0, "2016-03-31": "", "2015-12-31": 0, "2015-09-30": 0, "2015-06-30": 0, "2015-03-31": "", "2014-12-31": 0, "2014-09-30": 0, "2014-06-30": 0, "2014-03-31": "", "2013-12-31": 0, "2013-09-30": 0, "2013-06-30": 0, "2013-03-31": "", "2012-12-31": 0, "2012-09-30": 0, "2012-06-30": 0, "2012-03-31": "", "2011-12-31": 0, "2011-09-30": 0, "2011-06-30": 0, "2011-03-31": "", "2010-12-31": 0, "2010-09-30": 0, "2010-06-30": 0, "2010-03-31": "", "2009-12-31": 0, "2009-09-30": 0, "2009-06-30": 0, "2009-03-31": "", "2008-12-31": 0, "2008-09-30": 0, "2008-06-30": 0, "2008-03-31": "", "2007-12-31": 0, "2007-09-30": 0, "2007-06-30": 0, "2007-03-31": "", "2006-12-31": 0, "2006-09-30": 0, "2006-06-30": 0, "2006-03-31": "", "2005-12-31": 0, "2005-09-30": 0, "2005-06-30": 0, "2005-03-31": ""}, "Change In Assets/Liabilities": {"2020-09-30": -75.834, "2020-06-30": 31.431, "2020-03-31": "-36.80000", "2019-12-31": 8.319, "2019-09-30": -42.201, "2019-06-30": -1.323, "2019-03-31": "-31.75100", "2018-12-31": 34.181, "2018-09-30": -63.659, "2018-06-30": 22.533, "2018-03-31": "-11.26100", "2017-12-31": -9.29, "2017-09-30": -13.474, "2017-06-30": 2.922, "2017-03-31": "1.62800", "2016-12-31": -1.175, "2016-09-30": -18.14, "2016-06-30": 28.986, "2016-03-31": "-19.14600", "2015-12-31": 44.809, "2015-09-30": 11.105, "2015-06-30": -14.01, "2015-03-31": "20.40700", "2014-12-31": 1.746, "2014-09-30": -2.053, "2014-06-30": 0.588, "2014-03-31": "12.99400", "2013-12-31": 19.624, "2013-09-30": -0.408, "2013-06-30": -13.171, "2013-03-31": "0.07100", "2012-12-31": 6.925, "2012-09-30": -4.32, "2012-06-30": -10.607, "2012-03-31": "21.72700", "2011-12-31": -0.858, "2011-09-30": -1.936, "2011-06-30": -19.645, "2011-03-31": "13.71300", "2010-12-31": -13.68, "2010-09-30": 13.212, "2010-06-30": -20.493, "2010-03-31": "14.02700", "2009-12-31": -14.744, "2009-09-30": 12.826, "2009-06-30": -25.431, "2009-03-31": "21.87800", "2008-12-31": -26.571, "2008-09-30": 18.606, "2008-06-30": -36.162, "2008-03-31": "41.68600", "2007-12-31": 3.15, "2007-09-30": 51.615, "2007-06-30": -21.314, "2007-03-31": "9.17100", "2006-12-31": -48.274, "2006-09-30": 15.985, "2006-06-30": -21.64, "2006-03-31": "17.75600", "2005-12-31": -10.35, "2005-09-30": 19.344, "2005-06-30": -16.214, "2005-03-31": "17.61900"}, "Total Change In Assets/Liabilities": {"2020-09-30": 160.233, "2020-06-30": 70.219, "2020-03-31": "-203.60800", "2019-12-31": -17.741, "2019-09-30": -12.48, "2019-06-30": -39.011, "2019-03-31": "-29.97600", "2018-12-31": -7.785, "2018-09-30": -55.264, "2018-06-30": 25.927, "2018-03-31": "-61.61900", "2017-12-31": -73.252, "2017-09-30": -17.467, "2017-06-30": 0.435, "2017-03-31": "-26.78800", "2016-12-31": -52.157, "2016-09-30": 23.253, "2016-06-30": 24.784, "2016-03-31": "-78.28100", "2015-12-31": -9.894, "2015-09-30": 56.923, "2015-06-30": -18.303, "2015-03-31": "-11.04300", "2014-12-31": -6.08, "2014-09-30": 17.216, "2014-06-30": -4.229, "2014-03-31": "-21.64300", "2013-12-31": 59.255, "2013-09-30": 32.089, "2013-06-30": -19.314, "2013-03-31": "-60.05300", "2012-12-31": 16.067, "2012-09-30": -26.713, "2012-06-30": -19.409, "2012-03-31": "12.92200", "2011-12-31": -21.925, "2011-09-30": -12.26, "2011-06-30": -35.492, "2011-03-31": "9.69700", "2010-12-31": -17.923, "2010-09-30": 25.364, "2010-06-30": -19.561, "2010-03-31": "8.79900", "2009-12-31": -12.68, "2009-09-30": 26.835, "2009-06-30": -23.3, "2009-03-31": "17.36400", "2008-12-31": -18.631, "2008-09-30": 31.188, "2008-06-30": -32.079, "2008-03-31": "4.32800", "2007-12-31": -40.369, "2007-09-30": 88.722, "2007-06-30": -33.467, "2007-03-31": "17.10200", "2006-12-31": -6.854, "2006-09-30": 15.985, "2006-06-30": -19.667, "2006-03-31": "15.78300", "2005-12-31": -13.138, "2005-09-30": 20.668, "2005-06-30": -1.647, "2005-03-31": "18.47800"}, "Cash Flow From Operating Activities": {"2020-09-30": 434.402, "2020-06-30": 405.559, "2020-03-31": "314.45200", "2019-12-31": 354.235, "2019-09-30": 354.329, "2019-06-30": 393.099, "2019-03-31": "336.12000", "2018-12-31": 363.845, "2018-09-30": 307.286, "2018-06-30": 402.317, "2018-03-31": "308.01900", "2017-12-31": 346.527, "2017-09-30": 358.824, "2017-06-30": 377.587, "2017-03-31": "345.81400", "2016-12-31": 348.556, "2016-09-30": 345.41, "2016-06-30": 383.587, "2016-03-31": "277.14900", "2015-12-31": 376.786, "2015-09-30": 304.321, "2015-06-30": 373.555, "2015-03-31": "344.16900", "2014-12-31": 334.873, "2014-09-30": 324.27, "2014-06-30": 311.281, "2014-03-31": "284.42100", "2013-12-31": 359.326, "2013-09-30": 327.741, "2013-06-30": 277.383, "2013-03-31": "230.30500", "2012-12-31": 283.497, "2012-09-30": 248.511, "2012-06-30": 215.847, "2012-03-31": "244.96100", "2011-12-31": 329.296, "2011-09-30": 257.601, "2011-06-30": 55.531, "2011-03-31": "130.76900", "2010-12-31": 101.503, "2010-09-30": 138.402, "2010-06-30": 92.156, "2010-03-31": "115.56100", "2009-12-31": 98.904, "2009-09-30": 128.055, "2009-06-30": 81.586, "2009-03-31": "113.55600", "2008-12-31": 78.099, "2008-09-30": 128.046, "2008-06-30": 69.136, "2008-03-31": "104.62600", "2007-12-31": 56.109, "2007-09-30": 182.652, "2007-06-30": 77.699, "2007-03-31": "88.14000", "2006-12-31": 60.621, "2006-09-30": 73.059, "2006-06-30": 36.031, "2006-03-31": "69.15600", "2005-12-31": 52.202, "2005-09-30": 71.38, "2005-06-30": 42.117, "2005-03-31": "58.06500"}, "Net Change In Property, Plant, And Equipment": {"2020-09-30": -40.888, "2020-06-30": -26.73, "2020-03-31": "-26.78900", "2019-12-31": -56.937, "2019-09-30": -41.406, "2019-06-30": -36.426, "2019-03-31": "-21.95500", "2018-12-31": -58.833, "2018-09-30": -30.996, "2018-06-30": -21.412, "2018-03-31": "-20.61700", "2017-12-31": -49.171, "2017-09-30": -27.435, "2017-06-30": -32.117, "2017-03-31": "-23.83500", "2016-12-31": -42.16, "2016-09-30": -28.371, "2016-06-30": -23.204, "2016-03-31": "-23.72100", "2015-12-31": -31.675, "2015-09-30": -32.383, "2015-06-30": -22.258, "2015-03-31": "-21.17100", "2014-12-31": -31.219, "2014-09-30": -20.709, "2014-06-30": -19.392, "2014-03-31": "-16.13400", "2013-12-31": -30.98, "2013-09-30": -18.175, "2013-06-30": -12.664, "2013-03-31": "-19.79500", "2012-12-31": -27.16, "2012-09-30": -18.458, "2012-06-30": -13.793, "2012-03-31": "-10.01900", "2011-12-31": -21.815, "2011-09-30": -15.109, "2011-06-30": -5.717, "2011-03-31": "-7.83200", "2010-12-31": -6.599, "2010-09-30": -4.516, "2010-06-30": -2.783, "2010-03-31": "-4.29500", "2009-12-31": -3.882, "2009-09-30": -3.156, "2009-06-30": -0.158, "2009-03-31": "-3.87000", "2008-12-31": -4.185, "2008-09-30": -7.694, "2008-06-30": -3.548, "2008-03-31": "-0.93200", "2007-12-31": -4.226, "2007-09-30": -2.76, "2007-06-30": -1.166, "2007-03-31": "-0.03600", "2006-12-31": -0.034, "2006-09-30": -0.101, "2006-06-30": -0.233, "2006-03-31": "", "2005-12-31": -0.025, "2005-09-30": 0, "2005-06-30": 0, "2005-03-31": ""}, "Net Change In Intangible Assets": {"2020-09-30": 0, "2020-06-30": 0, "2020-03-31": "", "2019-12-31": 0, "2019-09-30": 0, "2019-06-30": 0, "2019-03-31": "", "2018-12-31": 0, "2018-09-30": 0, "2018-06-30": 0, "2018-03-31": "", "2017-12-31": 0, "2017-09-30": 0, "2017-06-30": 0, "2017-03-31": "", "2016-12-31": 0, "2016-09-30": 0, "2016-06-30": 0, "2016-03-31": "", "2015-12-31": 0, "2015-09-30": 0, "2015-06-30": 0, "2015-03-31": "", "2014-12-31": 0, "2014-09-30": 0, "2014-06-30": 0, "2014-03-31": "", "2013-12-31": 0, "2013-09-30": 0, "2013-06-30": 0, "2013-03-31": "", "2012-12-31": 0, "2012-09-30": 0, "2012-06-30": 0, "2012-03-31": "", "2011-12-31": 0, "2011-09-30": 0, "2011-06-30": 0, "2011-03-31": "", "2010-12-31": 0, "2010-09-30": 0, "2010-06-30": 0, "2010-03-31": "", "2009-12-31": 0, "2009-09-30": 0, "2009-06-30": 0, "2009-03-31": "", "2008-12-31": 0, "2008-09-30": 0, "2008-06-30": 0, "2008-03-31": "", "2007-12-31": 0, "2007-09-30": 0, "2007-06-30": 0, "2007-03-31": "", "2006-12-31": 0, "2006-09-30": 0, "2006-06-30": 0, "2006-03-31": "", "2005-12-31": 0, "2005-09-30": 0, "2005-06-30": 0, "2005-03-31": ""}, "Net Acquisitions/Divestitures": {"2020-09-30": 0, "2020-06-30": 0, "2020-03-31": "", "2019-12-31": 0, "2019-09-30": 0, "2019-06-30": 0, "2019-03-31": "", "2018-12-31": 0, "2018-09-30": 0, "2018-06-30": 0, "2018-03-31": "", "2017-12-31": 0, "2017-09-30": 0, "2017-06-30": 0, "2017-03-31": "", "2016-12-31": 0, "2016-09-30": 0, "2016-06-30": 0, "2016-03-31": "", "2015-12-31": 0, "2015-09-30": 0, "2015-06-30": 0, "2015-03-31": "", "2014-12-31": 0, "2014-09-30": 0, "2014-06-30": 0, "2014-03-31": "", "2013-12-31": 0, "2013-09-30": 0, "2013-06-30": 0, "2013-03-31": "", "2012-12-31": 0, "2012-09-30": 0, "2012-06-30": 0, "2012-03-31": "", "2011-12-31": 0, "2011-09-30": 0, "2011-06-30": 0, "2011-03-31": "", "2010-12-31": 0, "2010-09-30": 0, "2010-06-30": 0, "2010-03-31": "", "2009-12-31": 0, "2009-09-30": 0, "2009-06-30": 0, "2009-03-31": "", "2008-12-31": 0, "2008-09-30": 0, "2008-06-30": 0, "2008-03-31": "", "2007-12-31": 0, "2007-09-30": 0, "2007-06-30": 0, "2007-03-31": "", "2006-12-31": 0, "2006-09-30": 0, "2006-06-30": 0, "2006-03-31": "", "2005-12-31": 0, "2005-09-30": 0, "2005-06-30": 0, "2005-03-31": ""}, "Net Change In Short-term Investments": {"2020-09-30": 0, "2020-06-30": 0, "2020-03-31": "", "2019-12-31": 0, "2019-09-30": 0, "2019-06-30": 0, "2019-03-31": "", "2018-12-31": 0, "2018-09-30": 0, "2018-06-30": 0, "2018-03-31": "", "2017-12-31": 0, "2017-09-30": 0, "2017-06-30": 0, "2017-03-31": "", "2016-12-31": 0, "2016-09-30": 0, "2016-06-30": 0, "2016-03-31": "", "2015-12-31": 0, "2015-09-30": 19.575, "2015-06-30": 57.225, "2015-03-31": "", "2014-12-31": -96.689, "2014-09-30": 21.689, "2014-06-30": 0, "2014-03-31": "", "2013-12-31": 0, "2013-09-30": 0, "2013-06-30": 5.493, "2013-03-31": "", "2012-12-31": 37.5, "2012-09-30": 0, "2012-06-30": 0, "2012-03-31": "", "2011-12-31": 0, "2011-09-30": 0, "2011-06-30": 0, "2011-03-31": "23.05000", "2010-12-31": 0, "2010-09-30": 0, "2010-06-30": 0, "2010-03-31": "", "2009-12-31": 0, "2009-09-30": 0, "2009-06-30": 0, "2009-03-31": "", "2008-12-31": 63.68, "2008-09-30": -18.9, "2008-06-30": -44.78, "2008-03-31": "", "2007-12-31": 0, "2007-09-30": 0, "2007-06-30": 0, "2007-03-31": "", "2006-12-31": -5.53, "2006-09-30": 0, "2006-06-30": 0, "2006-03-31": "", "2005-12-31": 0, "2005-09-30": 0, "2005-06-30": 0, "2005-03-31": ""}, "Net Change In Long-Term Investments": {"2020-09-30": 54.644, "2020-06-30": 4.435, "2020-03-31": "545.90000", "2019-12-31": 51.98, "2019-09-30": -728.616, "2019-06-30": -138.088, "2019-03-31": "4.45400", "2018-12-31": -207.558, "2018-09-30": -4.543, "2018-06-30": 136.066, "2018-03-31": "163.92000", "2017-12-31": -73.072, "2017-09-30": 488.184, "2017-06-30": -21.085, "2017-03-31": "-198.83700", "2016-12-31": 244.997, "2016-09-30": -1387.139, "2016-06-30": -11.483, "2016-03-31": "40.59100", "2015-12-31": -11.025, "2015-09-30": -1166.636, "2015-06-30": -74.5211, "2015-03-31": "-906.19790", "2014-12-31": -232.061, "2014-09-30": -852.114, "2014-06-30": -85.149, "2014-03-31": "-180.71600", "2013-12-31": -71.836, "2013-09-30": -1070.243, "2013-06-30": -214.407, "2013-03-31": "-44.92500", "2012-12-31": -500.672, "2012-09-30": -189.21, "2012-06-30": -898.904, "2012-03-31": "8.34700", "2011-12-31": -181.261, "2011-09-30": -65.262, "2011-06-30": -264.464, "2011-03-31": "", "2010-12-31": -2.718, "2010-09-30": -213.674, "2010-06-30": 11.22, "2010-03-31": "-11.10600", "2009-12-31": -16.247, "2009-09-30": -3.182, "2009-06-30": -10.971, "2009-03-31": "48.22700", "2008-12-31": -24.39, "2008-09-30": -40.927, "2008-06-30": 57.99, "2008-03-31": "-5.97100", "2007-12-31": -38.168, "2007-09-30": -89.271, "2007-06-30": -1030.463, "2007-03-31": "-25.27900", "2006-12-31": -426.333, "2006-09-30": 0, "2006-06-30": -15.624, "2006-03-31": "-48.35400", "2005-12-31": -8.15, "2005-09-30": -98.181, "2005-06-30": -450.641, "2005-03-31": "-31.13900"}, "Net Change In Investments - Total": {"2020-09-30": 54.644, "2020-06-30": 4.435, "2020-03-31": "545.90000", "2019-12-31": 51.98, "2019-09-30": -728.616, "2019-06-30": -138.088, "2019-03-31": "4.45400", "2018-12-31": -207.558, "2018-09-30": -4.543, "2018-06-30": 136.066, "2018-03-31": "163.92000", "2017-12-31": -73.072, "2017-09-30": 488.184, "2017-06-30": -21.085, "2017-03-31": "-198.83700", "2016-12-31": 244.997, "2016-09-30": -1387.139, "2016-06-30": -11.483, "2016-03-31": "40.59100", "2015-12-31": -11.025, "2015-09-30": -1147.061, "2015-06-30": -17.2961, "2015-03-31": "-906.19790", "2014-12-31": -328.75, "2014-09-30": -830.425, "2014-06-30": -85.149, "2014-03-31": "-180.71600", "2013-12-31": -71.836, "2013-09-30": -1070.243, "2013-06-30": -208.914, "2013-03-31": "-44.92500", "2012-12-31": -463.172, "2012-09-30": -189.21, "2012-06-30": -898.904, "2012-03-31": "8.34700", "2011-12-31": -181.261, "2011-09-30": -65.262, "2011-06-30": -264.464, "2011-03-31": "23.05000", "2010-12-31": -2.718, "2010-09-30": -213.674, "2010-06-30": 11.22, "2010-03-31": "-11.10600", "2009-12-31": -16.247, "2009-09-30": -3.182, "2009-06-30": -10.971, "2009-03-31": "48.22700", "2008-12-31": 39.29, "2008-09-30": -59.827, "2008-06-30": 13.21, "2008-03-31": "-5.97100", "2007-12-31": -38.168, "2007-09-30": -89.271, "2007-06-30": -1030.463, "2007-03-31": "-25.27900", "2006-12-31": -431.863, "2006-09-30": 0, "2006-06-30": -15.624, "2006-03-31": "-48.35400", "2005-12-31": -8.15, "2005-09-30": -98.181, "2005-06-30": -450.641, "2005-03-31": "-31.13900"}, "Investing Activities - Other": {"2020-09-30": -175.211, "2020-06-30": -146.806, "2020-03-31": "-1.93000", "2019-12-31": -158.4629, "2019-09-30": -144.13, "2019-06-30": -265.389, "2019-03-31": "-50.32300", "2018-12-31": -74.058, "2018-09-30": -25.422, "2018-06-30": 440.699, "2018-03-31": "27.25000", "2017-12-31": -104.454, "2017-09-30": -21.195, "2017-06-30": -64.096, "2017-03-31": "-809.99400", "2016-12-31": 77.669, "2016-09-30": 157.291, "2016-06-30": -35.129, "2016-03-31": "-183.62100", "2015-12-31": -126.427, "2015-09-30": -78.374, "2015-06-30": -48.663, "2015-03-31": "18.83900", "2014-12-31": -458.901, "2014-09-30": 0.397, "2014-06-30": -62.542, "2014-03-31": "-21.50000", "2013-12-31": -1.843, "2013-09-30": 53.907, "2013-06-30": 18.515, "2013-03-31": "124.19300", "2012-12-31": -465.451, "2012-09-30": -31.187, "2012-06-30": -22.042, "2012-03-31": "-38.64000", "2011-12-31": 48.561, "2011-09-30": -17.947, "2011-06-30": -506.106, "2011-03-31": "16.46300", "2010-12-31": -24.127, "2010-09-30": -28.849, "2010-06-30": 0.131, "2010-03-31": "-14.60400", "2009-12-31": -9.042, "2009-09-30": 0.207, "2009-06-30": 6.051, "2009-03-31": "-5.72300", "2008-12-31": -8.217, "2008-09-30": -0.184, "2008-06-30": -98.243, "2008-03-31": "0.04500", "2007-12-31": -16.909, "2007-09-30": 17.061, "2007-06-30": 15.933, "2007-03-31": "0.09200", "2006-12-31": 162.393, "2006-09-30": -157.026, "2006-06-30": 5.029, "2006-03-31": "3.83900", "2005-12-31": 11.399, "2005-09-30": 4.76, "2005-06-30": -17.209, "2005-03-31": "-25.85500"}, "Cash Flow From Investing Activities": {"2020-09-30": -161.455, "2020-06-30": -169.101, "2020-03-31": "517.18100", "2019-12-31": -163.42, "2019-09-30": -914.152, "2019-06-30": -439.903, "2019-03-31": "-67.82400", "2018-12-31": -340.449, "2018-09-30": -60.961, "2018-06-30": 555.353, "2018-03-31": "170.55300", "2017-12-31": -226.697, "2017-09-30": 439.554, "2017-06-30": -117.298, "2017-03-31": "-1032.66600", "2016-12-31": 280.506, "2016-09-30": -1258.219, "2016-06-30": -69.816, "2016-03-31": "-166.75100", "2015-12-31": -169.127, "2015-09-30": -1257.818, "2015-06-30": -88.217, "2015-03-31": "-908.53000", "2014-12-31": -818.87, "2014-09-30": -850.737, "2014-06-30": -167.083, "2014-03-31": "-218.35000", "2013-12-31": -104.659, "2013-09-30": -1034.511, "2013-06-30": -203.063, "2013-03-31": "59.47300", "2012-12-31": -955.783, "2012-09-30": -238.855, "2012-06-30": -934.739, "2012-03-31": "-40.31200", "2011-12-31": -154.515, "2011-09-30": -98.318, "2011-06-30": -776.287, "2011-03-31": "31.68100", "2010-12-31": -33.444, "2010-09-30": -247.039, "2010-06-30": 8.568, "2010-03-31": "-30.00500", "2009-12-31": -29.171, "2009-09-30": -6.131, "2009-06-30": -5.078, "2009-03-31": "38.63400", "2008-12-31": 26.888, "2008-09-30": -67.705, "2008-06-30": -88.581, "2008-03-31": "-6.85800", "2007-12-31": -59.303, "2007-09-30": -74.97, "2007-06-30": -1015.696, "2007-03-31": "-25.22300", "2006-12-31": -269.504, "2006-09-30": -157.127, "2006-06-30": -10.828, "2006-03-31": "-44.51500", "2005-12-31": 3.224, "2005-09-30": -93.421, "2005-06-30": -467.85, "2005-03-31": "-56.99400"}, "Net Long-Term Debt": {"2020-09-30": -538.763, "2020-06-30": -1787.291, "2020-03-31": "2216.41500", "2019-12-31": 51.2807, "2019-09-30": 854.4949, "2019-06-30": -458.6119, "2019-03-31": "-62.25600", "2018-12-31": 245.7488, "2018-09-30": 38.9049, "2018-06-30": -674.541, "2018-03-31": "-204.75600", "2017-12-31": -90.302, "2017-09-30": -518.7791, "2017-06-30": -63.1109, "2017-03-31": "799.54000", "2016-12-31": -171.372, "2016-09-30": 306.656, "2016-06-30": -286.092, "2016-03-31": "-13.72400", "2015-12-31": -37.891, "2015-09-30": -116.6099, "2015-06-30": -107.0941, "2015-03-31": "615.28910", "2014-12-31": 447.6089, "2014-09-30": 724.9221, "2014-06-30": 110.003, "2014-03-31": "113.98100", "2013-12-31": -22.7011, "2013-09-30": 881.715, "2013-06-30": 46.8491, "2013-03-31": "-94.83810", "2012-12-31": 888.017, "2012-09-30": 179.3641, "2012-06-30": 548.8079, "2012-03-31": "-13.86900", "2011-12-31": -4.5799, "2011-09-30": 30.5259, "2011-06-30": 814.623, "2011-03-31": "-348.43900", "2010-12-31": -1.677, "2010-09-30": 200.058, "2010-06-30": -118.673, "2010-03-31": "21.47800", "2009-12-31": 51.421, "2009-09-30": -11.956, "2009-06-30": -339.627, "2009-03-31": "-152.20200", "2008-12-31": 41.735, "2008-09-30": -115.324, "2008-06-30": 66.74, "2008-03-31": "-196.41900", "2007-12-31": 49.6109, "2007-09-30": -36.6048, "2007-06-30": -1.4312, "2007-03-31": "34.23000", "2006-12-31": 207.013, "2006-09-30": 124.211, "2006-06-30": 17.51, "2006-03-31": "51.98700", "2005-12-31": -19.523, "2005-09-30": -72.821, "2005-06-30": 488.401, "2005-03-31": "22.15500"}, "Net Current Debt": {"2020-09-30": 0, "2020-06-30": 0, "2020-03-31": "", "2019-12-31": 0, "2019-09-30": 0, "2019-06-30": 0, "2019-03-31": "", "2018-12-31": 0, "2018-09-30": 0, "2018-06-30": 0, "2018-03-31": "", "2017-12-31": 0, "2017-09-30": 0, "2017-06-30": 0, "2017-03-31": "", "2016-12-31": 0, "2016-09-30": 0, "2016-06-30": 0, "2016-03-31": "", "2015-12-31": 0, "2015-09-30": 0, "2015-06-30": 0, "2015-03-31": "", "2014-12-31": 0, "2014-09-30": 0, "2014-06-30": 0, "2014-03-31": "", "2013-12-31": 0, "2013-09-30": 0, "2013-06-30": 0, "2013-03-31": "", "2012-12-31": 0, "2012-09-30": 0, "2012-06-30": 0, "2012-03-31": "", "2011-12-31": 0, "2011-09-30": 0, "2011-06-30": 0, "2011-03-31": "", "2010-12-31": 0, "2010-09-30": 0, "2010-06-30": 0, "2010-03-31": "", "2009-12-31": 0, "2009-09-30": 0, "2009-06-30": 0, "2009-03-31": "", "2008-12-31": 0, "2008-09-30": 0, "2008-06-30": 0, "2008-03-31": "", "2007-12-31": 0, "2007-09-30": 0, "2007-06-30": 0, "2007-03-31": "", "2006-12-31": 0, "2006-09-30": 0, "2006-06-30": 0, "2006-03-31": "", "2005-12-31": 0, "2005-09-30": 0, "2005-06-30": 0, "2005-03-31": ""}, "Debt Issuance/Retirement Net - Total": {"2020-09-30": -538.763, "2020-06-30": -1787.291, "2020-03-31": "2216.41500", "2019-12-31": 51.2807, "2019-09-30": 854.4949, "2019-06-30": -458.6119, "2019-03-31": "-62.25600", "2018-12-31": 245.7488, "2018-09-30": 38.9049, "2018-06-30": -674.541, "2018-03-31": "-204.75600", "2017-12-31": -90.302, "2017-09-30": -518.7791, "2017-06-30": -63.1109, "2017-03-31": "799.54000", "2016-12-31": -171.372, "2016-09-30": 306.656, "2016-06-30": -286.092, "2016-03-31": "-13.72400", "2015-12-31": -37.891, "2015-09-30": -116.6099, "2015-06-30": -107.0941, "2015-03-31": "615.28910", "2014-12-31": 447.6089, "2014-09-30": 724.9221, "2014-06-30": 110.003, "2014-03-31": "113.98100", "2013-12-31": -22.7011, "2013-09-30": 881.715, "2013-06-30": 46.8491, "2013-03-31": "-94.83810", "2012-12-31": 888.017, "2012-09-30": 179.3641, "2012-06-30": 548.8079, "2012-03-31": "-13.86900", "2011-12-31": -4.5799, "2011-09-30": 30.5259, "2011-06-30": 814.623, "2011-03-31": "-348.43900", "2010-12-31": -1.677, "2010-09-30": 200.058, "2010-06-30": -118.673, "2010-03-31": "21.47800", "2009-12-31": 51.421, "2009-09-30": -11.956, "2009-06-30": -339.627, "2009-03-31": "-152.20200", "2008-12-31": 41.735, "2008-09-30": -115.324, "2008-06-30": 66.74, "2008-03-31": "-196.41900", "2007-12-31": 49.6109, "2007-09-30": -36.6048, "2007-06-30": -1.4312, "2007-03-31": "34.23000", "2006-12-31": 207.013, "2006-09-30": 124.211, "2006-06-30": 17.51, "2006-03-31": "51.98700", "2005-12-31": -19.523, "2005-09-30": -72.821, "2005-06-30": 488.401, "2005-03-31": "22.15500"}, "Net Common Equity Issued/Repurchased": {"2020-09-30": 36.39, "2020-06-30": 0.129, "2020-03-31": "2.81900", "2019-12-31": 0.0381, "2019-09-30": 84.2519, "2019-06-30": 789.077, "2019-03-31": "102.69400", "2018-12-31": 4.524, "2018-09-30": 1.518, "2018-06-30": 2.005, "2018-03-31": "-0.65500", "2017-12-31": 16.287, "2017-09-30": 0, "2017-06-30": 73.596, "2017-03-31": "", "2016-12-31": 20.978, "2016-09-30": 887.963, "2016-06-30": 228.108, "2016-03-31": "149.63100", "2015-12-31": 73.205, "2015-09-30": 65.651, "2015-06-30": 66.84, "2015-03-31": "285.32700", "2014-12-31": 242.107, "2014-09-30": 0, "2014-06-30": 0, "2014-03-31": "", "2013-12-31": 35.341, "2013-09-30": 23.618, "2013-06-30": 77.334, "2013-03-31": "5.05000", "2012-12-31": 0, "2012-09-30": 0, "2012-06-30": 342.469, "2012-03-31": "", "2011-12-31": -0.079, "2011-09-30": 0, "2011-06-30": 0, "2011-03-31": "299.92600", "2010-12-31": 0, "2010-09-30": 0, "2010-06-30": 0, "2010-03-31": "", "2009-12-31": 0, "2009-09-30": 0, "2009-06-30": 299.201, "2009-03-31": "", "2008-12-31": 0, "2008-09-30": 216.872, "2008-06-30": 0, "2008-03-31": "191.66800", "2007-12-31": -0.016, "2007-09-30": -0.25, "2007-06-30": 1045.979, "2007-03-31": "", "2006-12-31": 0.135, "2006-09-30": 0.696, "2006-06-30": -1.613, "2006-03-31": "1.61300", "2005-12-31": -4.591, "2005-09-30": 99.825, "2005-06-30": 3.776, "2005-03-31": "2.95400"}, "Net Total Equity Issued/Repurchased": {"2020-09-30": 36.39, "2020-06-30": 0.129, "2020-03-31": "2.81900", "2019-12-31": 0.0381, "2019-09-30": 84.2519, "2019-06-30": 789.077, "2019-03-31": "102.69400", "2018-12-31": 4.524, "2018-09-30": 1.518, "2018-06-30": 2.005, "2018-03-31": "-0.65500", "2017-12-31": 16.287, "2017-09-30": 0, "2017-06-30": 73.596, "2017-03-31": "", "2016-12-31": 20.978, "2016-09-30": 887.963, "2016-06-30": 228.108, "2016-03-31": "149.63100", "2015-12-31": 73.205, "2015-09-30": 65.651, "2015-06-30": 66.84, "2015-03-31": "285.32700", "2014-12-31": 242.107, "2014-09-30": 0, "2014-06-30": 0, "2014-03-31": "", "2013-12-31": 35.341, "2013-09-30": 23.618, "2013-06-30": 77.334, "2013-03-31": "5.05000", "2012-12-31": 0, "2012-09-30": 0, "2012-06-30": 342.469, "2012-03-31": "", "2011-12-31": -0.079, "2011-09-30": 0, "2011-06-30": 0, "2011-03-31": "299.92600", "2010-12-31": 0, "2010-09-30": 0, "2010-06-30": 0, "2010-03-31": "", "2009-12-31": 0, "2009-09-30": 0, "2009-06-30": 299.201, "2009-03-31": "", "2008-12-31": 0, "2008-09-30": 216.872, "2008-06-30": 0, "2008-03-31": "191.66800", "2007-12-31": -0.016, "2007-09-30": -0.25, "2007-06-30": 1045.979, "2007-03-31": "", "2006-12-31": 0.135, "2006-09-30": 0.696, "2006-06-30": -1.613, "2006-03-31": "1.61300", "2005-12-31": -4.591, "2005-09-30": 99.825, "2005-06-30": 3.776, "2005-03-31": "2.95400"}, "Total Common And Preferred Stock Dividends Paid": {"2020-09-30": -169.404, "2020-06-30": -298.284, "2020-03-31": "-298.62900", "2019-12-31": -298.267, "2019-09-30": -296.9779, "2019-06-30": -286.6031, "2019-03-31": "-285.09000", "2018-12-31": -283.76, "2018-09-30": -283.703, "2018-06-30": -283.646, "2018-03-31": "-283.49300", "2017-12-31": 0, "2017-09-30": -278.277, "2017-06-30": -277.424, "2017-03-31": "-277.26100", "2016-12-31": -276.72, "2016-09-30": -258.98, "2016-06-30": -250.089, "2016-03-31": "-247.81900", "2015-12-31": -246.157, "2015-09-30": -251.25, "2015-06-30": -263.826, "2015-03-31": "-257.27500", "2014-12-31": -236.748, "2014-09-30": -214.914, "2014-06-30": -214.839, "2014-03-31": "-214.87500", "2013-12-31": -214.914, "2013-09-30": -197.706, "2013-06-30": -197.692, "2013-03-31": "-196.85100", "2012-12-31": -184.394, "2012-09-30": -184.4, "2012-06-30": -183.833, "2012-03-31": "-180.36500", "2011-12-31": -164.435, "2011-09-30": -157.021, "2011-06-30": -108.211, "2011-03-31": "-93.73800", "2010-12-31": -84.164, "2010-09-30": -84.092, "2010-06-30": -83.948, "2010-03-31": "-83.88100", "2009-12-31": -80.313, "2009-09-30": -80.271, "2009-06-30": -80.269, "2009-03-31": "-73.54600", "2008-12-31": -73.468, "2008-09-30": -73.499, "2008-06-30": -70.976, "2008-03-31": "-70.90600", "2007-12-31": -63.486, "2007-09-30": -63.411, "2007-06-30": -66.82, "2007-03-31": "-92.47100", "2006-12-31": 0, "2006-09-30": -41.141, "2006-06-30": -41.074, "2006-03-31": "-78.38300", "2005-12-31": -37.255, "2005-09-30": 0, "2005-06-30": -61.09, "2005-03-31": "-27.49800"}, "Financial Activities - Other": {"2020-09-30": -2.694, "2020-06-30": -9.082, "2020-03-31": "-9.30500", "2019-12-31": -7.445, "2019-09-30": -11.834, "2019-06-30": 1.033, "2019-03-31": "-15.11100", "2018-12-31": -6.63, "2018-09-30": -12.549, "2018-06-30": -6.561, "2018-03-31": "-14.34400", "2017-12-31": -19.058, "2017-09-30": -8.815, "2017-06-30": -8.519, "2017-03-31": "-19.20400", "2016-12-31": -1.387, "2016-09-30": 9.413, "2016-06-30": 0.198, "2016-03-31": "0.07400", "2015-12-31": -8.741, "2015-09-30": 1260.741, "2015-06-30": -41.355, "2015-03-31": "-13.79600", "2014-12-31": 23.068, "2014-09-30": -9.929, "2014-06-30": -11.565, "2014-03-31": "-0.76300", "2013-12-31": -12.225, "2013-09-30": -8.636, "2013-06-30": 3.96, "2013-03-31": "-13.30800", "2012-12-31": -21.961, "2012-09-30": 1.067, "2012-06-30": 11.064, "2012-03-31": "-3.05300", "2011-12-31": -17.414, "2011-09-30": -1.81, "2011-06-30": -0.861, "2011-03-31": "-0.20500", "2010-12-31": 5.708, "2010-09-30": -1.45, "2010-06-30": -2.143, "2010-03-31": "1.33200", "2009-12-31": -4.338, "2009-09-30": -5.597, "2009-06-30": -5.351, "2009-03-31": "-7.33200", "2008-12-31": -13.367, "2008-09-30": -1.667, "2008-06-30": 1.441, "2008-03-31": "1.19100", "2007-12-31": 7.474, "2007-09-30": 1.968, "2007-06-30": -6.175, "2007-03-31": "-5.92200", "2006-12-31": 1.046, "2006-09-30": 0.305, "2006-06-30": 0.44, "2006-03-31": "-0.03300", "2005-12-31": 1.82, "2005-09-30": -0.001, "2005-06-30": -6.331, "2005-03-31": "-0.26800"}, "Cash Flow From Financial Activities": {"2020-09-30": -674.471, "2020-06-30": -2094.528, "2020-03-31": "1911.30000", "2019-12-31": -254.393, "2019-09-30": 629.935, "2019-06-30": 44.895, "2019-03-31": "-259.76300", "2018-12-31": -40.117, "2018-09-30": -255.829, "2018-06-30": -962.743, "2018-03-31": "-503.24800", "2017-12-31": -93.073, "2017-09-30": -805.871, "2017-06-30": -275.458, "2017-03-31": "503.07500", "2016-12-31": -428.501, "2016-09-30": 945.052, "2016-06-30": -307.875, "2016-03-31": "-111.83800", "2015-12-31": -219.584, "2015-09-30": 958.532, "2015-06-30": -345.435, "2015-03-31": "629.54500", "2014-12-31": 476.036, "2014-09-30": 500.079, "2014-06-30": -116.401, "2014-03-31": "-101.65700", "2013-12-31": -214.499, "2013-09-30": 698.991, "2013-06-30": -69.549, "2013-03-31": "-299.94700", "2012-12-31": 681.662, "2012-09-30": -3.969, "2012-06-30": 718.508, "2012-03-31": "-197.28700", "2011-12-31": -186.508, "2011-09-30": -128.305, "2011-06-30": 705.551, "2011-03-31": "-142.45600", "2010-12-31": -80.133, "2010-09-30": 114.516, "2010-06-30": -204.764, "2010-03-31": "-61.07100", "2009-12-31": -33.23, "2009-09-30": -97.824, "2009-06-30": -126.046, "2009-03-31": "-233.08000", "2008-12-31": -45.1, "2008-09-30": 26.382, "2008-06-30": -2.795, "2008-03-31": "-74.46600", "2007-12-31": -6.417, "2007-09-30": -98.298, "2007-06-30": 971.553, "2007-03-31": "-64.16300", "2006-12-31": 208.194, "2006-09-30": 84.071, "2006-06-30": -24.737, "2006-03-31": "-24.81600", "2005-12-31": -59.549, "2005-09-30": 27.003, "2005-06-30": 424.756, "2005-03-31": "-2.65700"}, "Net Cash Flow": {"2020-09-30": -400.646, "2020-06-30": -1857.123, "2020-03-31": "2740.15700", "2019-12-31": -62.494, "2019-09-30": 70.3, "2019-06-30": -1.935, "2019-03-31": "8.76700", "2018-12-31": -17.083, "2018-09-30": -9.556, "2018-06-30": -5.479, "2018-03-31": "-24.67100", "2017-12-31": 26.668, "2017-09-30": -10.111, "2017-06-30": -11.763, "2017-03-31": "-183.89500", "2016-12-31": 200.179, "2016-09-30": 31.957, "2016-06-30": 5.621, "2016-03-31": "-1.32200", "2015-12-31": -12.208, "2015-09-30": 4.699, "2015-06-30": -59.693, "2015-03-31": "64.87700", "2014-12-31": -9.247, "2014-09-30": -22.04, "2014-06-30": 26.844, "2014-03-31": "-35.02500", "2013-12-31": 40.144, "2013-09-30": -7.749, "2013-06-30": 4.731, "2013-03-31": "-10.21800", "2012-12-31": 9.378, "2012-09-30": 5.727, "2012-06-30": -0.421, "2012-03-31": "7.41700", "2011-12-31": -11.675, "2011-09-30": 30.78, "2011-06-30": -15.197, "2011-03-31": "20.08700", "2010-12-31": -11.978, "2010-09-30": 5.996, "2010-06-30": -104.935, "2010-03-31": "25.33200", "2009-12-31": 36.508, "2009-09-30": 24.366, "2009-06-30": -49.283, "2009-03-31": "-81.00600", "2008-12-31": 60.889, "2008-09-30": 86.655, "2008-06-30": -22.079, "2008-03-31": "23.01300", "2007-12-31": -0.239, "2007-09-30": -1.565, "2007-06-30": 30.138, "2007-03-31": "-1.24600", "2006-12-31": -0.689, "2006-09-30": 0.003, "2006-06-30": 0.466, "2006-03-31": "-0.17500", "2005-12-31": -4.123, "2005-09-30": 4.962, "2005-06-30": -0.977, "2005-03-31": "-1.58600"}, "Stock-Based Compensation": {"2020-09-30": 5.765, "2020-06-30": 1.043, "2020-03-31": "10.51400", "2019-12-31": 7.253, "2019-09-30": 8.195, "2019-06-30": 10.07, "2019-03-31": "8.40500", "2018-12-31": 9.202, "2018-09-30": 6.488, "2018-06-30": 7.149, "2018-03-31": "7.12400", "2017-12-31": 6.62, "2017-09-30": 6.527, "2017-06-30": 6.695, "2017-03-31": "6.70100", "2016-12-31": 5.073, "2016-09-30": 5.848, "2016-06-30": 5.008, "2016-03-31": "5.02900", "2015-12-31": 3.476, "2015-09-30": 4.869, "2015-06-30": 4.885, "2015-03-31": "6.30700", "2014-12-31": 4.202, "2014-09-30": 5.381, "2014-06-30": 5.367, "2014-03-31": "6.04400", "2013-12-31": 5.643, "2013-09-30": 4.21, "2013-06-30": 5.138, "2013-03-31": "5.66200", "2012-12-31": 4.255, "2012-09-30": 5.443, "2012-06-30": 6.252, "2012-03-31": "4.83400", "2011-12-31": 5.75, "2011-09-30": 5.228, "2011-06-30": 4.352, "2011-03-31": "4.01600", "2010-12-31": 3.95, "2010-09-30": 4.039, "2010-06-30": 3.057, "2010-03-31": "3.03200", "2009-12-31": 2.667, "2009-09-30": 3.078, "2009-06-30": 3.078, "2009-03-31": "3.05900", "2008-12-31": 2.16, "2008-09-30": 3.326, "2008-06-30": 2.541, "2008-03-31": "1.94900", "2007-12-31": 1.891, "2007-09-30": 1.768, "2007-06-30": 1.82, "2007-03-31": "2.01400", "2006-12-31": 0.81, "2006-09-30": 0.751, "2006-06-30": 0.727, "2006-03-31": "0.75800", "2005-12-31": 0.574, "2005-09-30": 0.471, "2005-06-30": 0.506, "2005-03-31": "0.42000"}, "Common Stock Dividends Paid": {"2020-09-30": -169.404, "2020-06-30": -298.284, "2020-03-31": "-298.62900", "2019-12-31": -298.267, "2019-09-30": -296.9779, "2019-06-30": -286.6031, "2019-03-31": "-285.09000", "2018-12-31": -283.76, "2018-09-30": -283.703, "2018-06-30": -283.646, "2018-03-31": "-283.49300", "2017-12-31": 0, "2017-09-30": -278.277, "2017-06-30": -277.424, "2017-03-31": "-277.26100", "2016-12-31": -276.72, "2016-09-30": -258.98, "2016-06-30": -250.089, "2016-03-31": "-247.81900", "2015-12-31": -246.157, "2015-09-30": -251.25, "2015-06-30": -263.826, "2015-03-31": "-257.27500", "2014-12-31": -236.748, "2014-09-30": -214.914, "2014-06-30": -214.839, "2014-03-31": "-214.87500", "2013-12-31": -214.914, "2013-09-30": -197.706, "2013-06-30": -197.692, "2013-03-31": "-196.85100", "2012-12-31": -184.394, "2012-09-30": -184.4, "2012-06-30": -183.833, "2012-03-31": "-180.36500", "2011-12-31": -164.435, "2011-09-30": -157.021, "2011-06-30": -108.211, "2011-03-31": "-93.73800", "2010-12-31": -84.164, "2010-09-30": -84.092, "2010-06-30": -83.948, "2010-03-31": "-83.88100", "2009-12-31": -80.313, "2009-09-30": -80.271, "2009-06-30": -80.269, "2009-03-31": "-73.54600", "2008-12-31": -73.468, "2008-09-30": -73.499, "2008-06-30": -70.976, "2008-03-31": "-70.90600", "2007-12-31": -63.486, "2007-09-30": -63.411, "2007-06-30": -63.371, "2007-03-31": "-92.47100", "2006-12-31": 0, "2006-09-30": -41.141, "2006-06-30": -41.074, "2006-03-31": "-78.38300", "2005-12-31": -37.255, "2005-09-30": 0, "2005-06-30": -61.09, "2005-03-31": "-27.49800"}}, "financial ratios": {"Current Ratio": {"2019-12-31": "", "2018-12-31": "", "2017-12-31": "", "2016-12-31": "", "2015-12-31": "", "2014-12-31": "", "2013-12-31": "", "2012-12-31": "", "2011-12-31": "", "2010-12-31": "", "2009-12-31": "", "2008-12-31": "", "2007-12-31": "", "2006-12-31": "", "2005-12-31": ""}, "Long-term Debt / Capital": {"2019-12-31": "0.53550", "2018-12-31": "0.51100", "2017-12-31": "0.50770", "2016-12-31": "0.51380", "2015-12-31": "0.53800", "2014-12-31": "0.55330", "2013-12-31": "0.51260", "2012-12-31": "0.48070", "2011-12-31": "0.40730", "2010-12-31": "0.54820", "2009-12-31": "0.51800", "2008-12-31": "0.59000", "2007-12-31": "0.64820", "2006-12-31": "0.76640", "2005-12-31": "0.72980"}, "Debt/Equity Ratio": {"2019-12-31": "1.15300", "2018-12-31": "1.04500", "2017-12-31": "1.03150", "2016-12-31": "1.05690", "2015-12-31": "1.16430", "2014-12-31": "1.23870", "2013-12-31": "1.05180", "2012-12-31": "0.92570", "2011-12-31": "0.68720", "2010-12-31": "1.21330", "2009-12-31": "1.07490", "2008-12-31": "1.43920", "2007-12-31": "1.84270", "2006-12-31": "3.28090", "2005-12-31": "2.70120"}, "Gross Margin": {"2019-12-31": "", "2018-12-31": "", "2017-12-31": "", "2016-12-31": "", "2015-12-31": "", "2014-12-31": "", "2013-12-31": "", "2012-12-31": "", "2011-12-31": "", "2010-12-31": "", "2009-12-31": "", "2008-12-31": "", "2007-12-31": "", "2006-12-31": "", "2005-12-31": ""}, "Operating Margin": {"2019-12-31": "21.96390", "2018-12-31": "26.23980", "2017-12-31": "29.77630", "2016-12-31": "28.33290", "2015-12-31": "25.98900", "2014-12-31": "25.83460", "2013-12-31": "25.96290", "2012-12-31": "27.52790", "2011-12-31": "42.90970", "2010-12-31": "42.43820", "2009-12-31": "41.63930", "2008-12-31": "37.21380", "2007-12-31": "38.25250", "2006-12-31": "62.95470", "2005-12-31": "64.60660"}, "EBIT Margin": {"2019-12-31": "21.96390", "2018-12-31": "26.23980", "2017-12-31": "29.77630", "2016-12-31": "28.33290", "2015-12-31": "25.98900", "2014-12-31": "25.83460", "2013-12-31": "25.96290", "2012-12-31": "27.52790", "2011-12-31": "42.90970", "2010-12-31": "42.43820", "2009-12-31": "41.63930", "2008-12-31": "37.21380", "2007-12-31": "38.25250", "2006-12-31": "62.95470", "2005-12-31": "64.60660"}, "EBITDA Margin": {"2019-12-31": "49.35110", "2018-12-31": "50.47660", "2017-12-31": "54.49460", "2016-12-31": "54.14790", "2015-12-31": "55.04760", "2014-12-31": "54.97900", "2013-12-31": "55.26180", "2012-12-31": "56.18480", "2011-12-31": "67.99380", "2010-12-31": "63.72970", "2009-12-31": "63.92910", "2008-12-31": "62.28100", "2007-12-31": "69.20480", "2006-12-31": "93.23330", "2005-12-31": "92.30100"}, "Pre-Tax Profit Margin": {"2019-12-31": "9.28070", "2018-12-31": "10.27350", "2017-12-31": "16.35950", "2016-12-31": "15.05750", "2015-12-31": "10.70090", "2014-12-31": "12.62970", "2013-12-31": "14.47090", "2012-12-31": "11.47360", "2011-12-31": "19.08340", "2010-12-31": "22.27300", "2009-12-31": "20.74460", "2008-12-31": "17.50030", "2007-12-31": "14.77960", "2006-12-31": "30.67510", "2005-12-31": "37.37560"}, "Net Profit Margin": {"2019-12-31": "11.18110", "2018-12-31": "10.93130", "2017-12-31": "37.95230", "2016-12-31": "18.85370", "2015-12-31": "12.71430", "2014-12-31": "17.13360", "2013-12-31": "18.02060", "2012-12-31": "14.69060", "2011-12-31": "21.04820", "2010-12-31": "24.60110", "2009-12-31": "28.85820", "2008-12-31": "24.21850", "2007-12-31": "36.65220", "2006-12-31": "33.02670", "2005-12-31": "40.91150"}, "Asset Turnover": {"2019-12-31": "0.15680", "2018-12-31": "0.16590", "2017-12-31": "0.14920", "2016-12-31": "0.14860", "2015-12-31": "0.14760", "2014-12-31": "0.13120", "2013-12-31": "0.12750", "2012-12-31": "0.13010", "2011-12-31": "0.10030", "2010-12-31": "0.17380", "2009-12-31": "0.16440", "2008-12-31": "0.15930", "2007-12-31": "0.13060", "2006-12-31": "0.12230", "2005-12-31": "0.12090"}, "Inventory Turnover Ratio": {"2019-12-31": "", "2018-12-31": "", "2017-12-31": "", "2016-12-31": "", "2015-12-31": "", "2014-12-31": "", "2013-12-31": "", "2012-12-31": "", "2011-12-31": "", "2010-12-31": "", "2009-12-31": "", "2008-12-31": "", "2007-12-31": "", "2006-12-31": "", "2005-12-31": ""}, "Receiveable Turnover": {"2019-12-31": "", "2018-12-31": "", "2017-12-31": "", "2016-12-31": "", "2015-12-31": "", "2014-12-31": "", "2013-12-31": "", "2012-12-31": "", "2011-12-31": "", "2010-12-31": "", "2009-12-31": "", "2008-12-31": "", "2007-12-31": "", "2006-12-31": "", "2005-12-31": ""}, "Days Sales In Receivables": {"2019-12-31": "", "2018-12-31": "", "2017-12-31": "", "2016-12-31": "", "2015-12-31": "", "2014-12-31": "", "2013-12-31": "", "2012-12-31": "", "2011-12-31": "", "2010-12-31": "", "2009-12-31": "", "2008-12-31": "", "2007-12-31": "", "2006-12-31": "", "2005-12-31": ""}, "ROE - Return On Equity": {"2019-12-31": "4.16570", "2018-12-31": "4.04990", "2017-12-31": "12.45150", "2016-12-31": "6.19650", "2015-12-31": "4.04700", "2014-12-31": "4.10420", "2013-12-31": "4.21730", "2012-12-31": "3.38630", "2011-12-31": "3.85930", "2010-12-31": "9.07900", "2009-12-31": "7.78110", "2008-12-31": "8.10820", "2007-12-31": "7.58920", "2006-12-31": "17.19620", "2005-12-31": "17.85080"}, "Return On Tangible Equity": {"2019-12-31": "4.62700", "2018-12-31": "4.51130", "2017-12-31": "13.75310", "2016-12-31": "6.87070", "2015-12-31": "4.54120", "2014-12-31": "4.28220", "2013-12-31": "4.21730", "2012-12-31": "3.38630", "2011-12-31": "3.85930", "2010-12-31": "9.07900", "2009-12-31": "7.78110", "2008-12-31": "8.10820", "2007-12-31": "7.58920", "2006-12-31": "17.19620", "2005-12-31": "17.85080"}, "ROA - Return On Assets": {"2019-12-31": "1.77910", "2018-12-31": "1.84190", "2017-12-31": "5.68250", "2016-12-31": "2.81620", "2015-12-31": "1.74980", "2014-12-31": "1.69750", "2013-12-31": "1.90300", "2012-12-31": "1.62160", "2011-12-31": "2.09050", "2010-12-31": "3.76880", "2009-12-31": "3.44160", "2008-12-31": "3.06230", "2007-12-31": "2.42100", "2006-12-31": "3.75170", "2005-12-31": "4.51370"}, "ROI - Return On Investment": {"2019-12-31": "1.93490", "2018-12-31": "1.98040", "2017-12-31": "6.12940", "2016-12-31": "3.01260", "2015-12-31": "1.86990", "2014-12-31": "1.83330", "2013-12-31": "2.05540", "2012-12-31": "1.75850", "2011-12-31": "2.28750", "2010-12-31": "4.10200", "2009-12-31": "3.75010", "2008-12-31": "3.32420", "2007-12-31": "2.66970", "2006-12-31": "4.01690", "2005-12-31": "4.82300"}, "Book Value Per Share": {"2019-12-31": "28.28650", "2018-12-31": "28.80650", "2017-12-31": "30.69230", "2016-12-31": "29.73180", "2015-12-31": "28.78920", "2014-12-31": "29.33080", "2013-12-31": "30.26560", "2012-12-31": "31.14230", "2011-12-31": "32.39490", "2010-12-31": "15.19860", "2009-12-31": "15.86120", "2008-12-31": "15.21240", "2007-12-31": "13.64490", "2006-12-31": "6.68830", "2005-12-31": "6.44610"}, "Operating Cash Flow Per Share": {"2019-12-31": 0.0422, "2018-12-31": -0.1397, "2017-12-31": 0.0961, "2016-12-31": -0.2995, "2015-12-31": -0.0417, "2014-12-31": 0.1812, "2013-12-31": 0.6772, "2012-12-31": 0.0211, "2011-12-31": 0.511, "2010-12-31": 0.076, "2009-12-31": 0.0479, "2008-12-31": -0.5738, "2007-12-31": 1.0083, "2006-12-31": -0.0556, "2005-12-31": 2.3364}, "Free Cash Flow Per Share": {"2019-12-31": -0.0145, "2018-12-31": -0.137, "2017-12-31": 0.0636, "2016-12-31": -0.3149, "2015-12-31": -0.0687, "2014-12-31": 0.1629, "2013-12-31": 0.6364, "2012-12-31": 0.0041, "2011-12-31": 0.4077, "2010-12-31": 0.033, "2009-12-31": 0.0924, "2008-12-31": -0.6241, "2007-12-31": 0.9452, "2006-12-31": -0.0588, "2005-12-31": 2.3361}}, "financial ratios, quarterly": {"Current Ratio": {"2020-09-30": "", "2020-06-30": "", "2020-03-31": "", "2019-12-31": "", "2019-09-30": "", "2019-06-30": "", "2019-03-31": "", "2018-12-31": "", "2018-09-30": "", "2018-06-30": "", "2018-03-31": "", "2017-12-31": "", "2017-09-30": "", "2017-06-30": "", "2017-03-31": "", "2016-12-31": "", "2016-09-30": "", "2016-06-30": "", "2016-03-31": "", "2015-12-31": "", "2015-09-30": "", "2015-06-30": "", "2015-03-31": "", "2014-12-31": "", "2014-09-30": "", "2014-06-30": "", "2014-03-31": "", "2013-12-31": "", "2013-09-30": "", "2013-06-30": "", "2013-03-31": "", "2012-12-31": "", "2012-09-30": "", "2012-06-30": "", "2012-03-31": "", "2011-12-31": "", "2011-09-30": "", "2011-06-30": "", "2011-03-31": "", "2010-12-31": "", "2010-09-30": "", "2010-06-30": "", "2010-03-31": "", "2009-12-31": "", "2009-09-30": "", "2009-06-30": "", "2009-03-31": "", "2008-12-31": "", "2008-09-30": "", "2008-06-30": "", "2008-03-31": "", "2007-12-31": "", "2007-09-30": "", "2007-06-30": "", "2007-03-31": "", "2006-12-31": "", "2006-09-30": "", "2006-06-30": "", "2006-03-31": "", "2005-12-31": "", "2005-09-30": "", "2005-06-30": "", "2005-03-31": ""}, "Long-term Debt / Capital": {"2020-09-30": "0.53940", "2020-06-30": "0.54640", "2020-03-31": "0.56940", "2019-12-31": "0.53550", "2019-09-30": "0.52660", "2019-06-30": "0.48530", "2019-03-31": "0.51160", "2018-12-31": "0.51100", "2018-09-30": "0.49920", "2018-06-30": "0.49350", "2018-03-31": "0.50540", "2017-12-31": "0.50770", "2017-09-30": "0.51410", "2017-06-30": "0.53280", "2017-03-31": "0.53250", "2016-12-31": "0.51380", "2016-09-30": "0.51560", "2016-06-30": "0.52790", "2016-03-31": "0.53770", "2015-12-31": "0.53800", "2015-09-30": "0.53820", "2015-06-30": "0.50920", "2015-03-31": "0.51080", "2014-12-31": "0.55330", "2014-09-30": "0.54830", "2014-06-30": "0.52380", "2014-03-31": "0.51830", "2013-12-31": "0.51260", "2013-09-30": "0.51220", "2013-06-30": "0.48320", "2013-03-31": "0.48000", "2012-12-31": "0.48070", "2012-09-30": "0.44200", "2012-06-30": "0.43070", "2012-03-31": "0.40980", "2011-12-31": "0.40730", "2011-09-30": "0.40360", "2011-06-30": "0.56090", "2011-03-31": "0.49280", "2010-12-31": "0.54820", "2010-09-30": "0.54510", "2010-06-30": "0.51490", "2010-03-31": "0.52270", "2009-12-31": "0.51800", "2009-09-30": "0.51100", "2009-06-30": "0.51010", "2009-03-31": "0.57380", "2008-12-31": "0.59000", "2008-09-30": "0.58900", "2008-06-30": "0.62130", "2008-03-31": "0.61480", "2007-12-31": "0.64820", "2007-09-30": "0.63930", "2007-06-30": "0.63610", "2007-03-31": "0.76980", "2006-12-31": "0.76640", "2006-09-30": "0.75720", "2006-06-30": "0.74340", "2006-03-31": "0.73790", "2005-12-31": "0.72980", "2005-09-30": "0.73470", "2005-06-30": "0.73670", "2005-03-31": "0.84040"}, "Debt/Equity Ratio": {"2020-09-30": "1.17110", "2020-06-30": "1.20480", "2020-03-31": "1.32250", "2019-12-31": "1.15300", "2019-09-30": "1.11230", "2019-06-30": "0.94300", "2019-03-31": "1.04740", "2018-12-31": "1.04500", "2018-09-30": "0.99670", "2018-06-30": "0.97430", "2018-03-31": "1.02180", "2017-12-31": "1.03150", "2017-09-30": "1.05800", "2017-06-30": "1.14040", "2017-03-31": "1.13920", "2016-12-31": "1.05690", "2016-09-30": "1.06450", "2016-06-30": "1.11810", "2016-03-31": "1.16310", "2015-12-31": "1.16430", "2015-09-30": "1.16540", "2015-06-30": "1.03730", "2015-03-31": "1.04420", "2014-12-31": "1.23870", "2014-09-30": "1.21410", "2014-06-30": "1.09990", "2014-03-31": "1.07620", "2013-12-31": "1.05180", "2013-09-30": "1.05010", "2013-06-30": "0.93490", "2013-03-31": "0.92310", "2012-12-31": "0.92570", "2012-09-30": "0.79210", "2012-06-30": "0.75660", "2012-03-31": "0.69430", "2011-12-31": "0.68720", "2011-09-30": "0.67660", "2011-06-30": "1.27750", "2011-03-31": "0.97160", "2010-12-31": "1.21330", "2010-09-30": "1.19840", "2010-06-30": "1.06150", "2010-03-31": "1.09520", "2009-12-31": "1.07490", "2009-09-30": "1.04510", "2009-06-30": "1.04130", "2009-03-31": "1.34620", "2008-12-31": "1.43920", "2008-09-30": "1.43320", "2008-06-30": "1.64060", "2008-03-31": "1.59580", "2007-12-31": "1.84270", "2007-09-30": "1.77210", "2007-06-30": "1.74800", "2007-03-31": "3.34370", "2006-12-31": "3.28090", "2006-09-30": "3.11820", "2006-06-30": "2.89680", "2006-03-31": "2.81520", "2005-12-31": "2.70120", "2005-09-30": "2.76910", "2005-06-30": "2.79730", "2005-03-31": "5.26390"}, "Gross Margin": {"2020-09-30": "", "2020-06-30": "", "2020-03-31": "", "2019-12-31": "", "2019-09-30": "", "2019-06-30": "", "2019-03-31": "", "2018-12-31": "", "2018-09-30": "", "2018-06-30": "", "2018-03-31": "", "2017-12-31": "", "2017-09-30": "", "2017-06-30": "", "2017-03-31": "", "2016-12-31": "", "2016-09-30": "", "2016-06-30": "", "2016-03-31": "", "2015-12-31": "", "2015-09-30": "", "2015-06-30": "", "2015-03-31": "", "2014-12-31": "", "2014-09-30": "", "2014-06-30": "", "2014-03-31": "", "2013-12-31": "", "2013-09-30": "", "2013-06-30": "", "2013-03-31": "", "2012-12-31": "", "2012-09-30": "", "2012-06-30": "", "2012-03-31": "", "2011-12-31": "", "2011-09-30": "", "2011-06-30": "", "2011-03-31": "", "2010-12-31": "", "2010-09-30": "", "2010-06-30": "", "2010-03-31": "", "2009-12-31": "", "2009-09-30": "", "2009-06-30": "", "2009-03-31": "", "2008-12-31": "", "2008-09-30": "", "2008-06-30": "", "2008-03-31": "", "2007-12-31": "", "2007-09-30": "", "2007-06-30": "", "2007-03-31": "", "2006-12-31": "", "2006-09-30": "", "2006-06-30": "", "2006-03-31": "", "2005-12-31": "", "2005-09-30": "", "2005-06-30": "", "2005-03-31": ""}, "Operating Margin": {"2020-09-30": "15.21360", "2020-06-30": "6.83550", "2020-03-31": "23.61410", "2019-12-31": "12.51130", "2019-09-30": "25.01150", "2019-06-30": "25.77370", "2019-03-31": "24.92980", "2018-12-31": "23.07130", "2018-09-30": "26.63660", "2018-06-30": "27.59910", "2018-03-31": "27.58840", "2017-12-31": "28.36820", "2017-09-30": "30.73350", "2017-06-30": "30.34290", "2017-03-31": "29.65380", "2016-12-31": "28.03820", "2016-09-30": "30.56930", "2016-06-30": "28.35230", "2016-03-31": "26.34120", "2015-12-31": "25.79920", "2015-09-30": "25.96630", "2015-06-30": "26.45880", "2015-03-31": "25.73690", "2014-12-31": "10.92570", "2014-09-30": "27.14560", "2014-06-30": "31.77950", "2014-03-31": "30.21010", "2013-12-31": "2.38090", "2013-09-30": "30.79360", "2013-06-30": "31.29660", "2013-03-31": "30.72550", "2012-12-31": "28.78750", "2012-09-30": "26.51060", "2012-06-30": "25.76670", "2012-03-31": "29.12660", "2011-12-31": "49.43120", "2011-09-30": "44.96290", "2011-06-30": "31.24200", "2011-03-31": "40.96490", "2010-12-31": "42.40410", "2010-09-30": "41.80490", "2010-06-30": "44.48420", "2010-03-31": "41.10290", "2009-12-31": "40.54590", "2009-09-30": "42.04710", "2009-06-30": "43.15800", "2009-03-31": "40.77690", "2008-12-31": "38.16180", "2008-09-30": "39.04370", "2008-06-30": "39.70510", "2008-03-31": "31.89900", "2007-12-31": "28.06930", "2007-09-30": "32.64640", "2007-06-30": "39.61090", "2007-03-31": "65.25120", "2006-12-31": "66.22440", "2006-09-30": "59.14930", "2006-06-30": "63.36530", "2006-03-31": "63.47860", "2005-12-31": "59.91910", "2005-09-30": "63.56730", "2005-06-30": "66.72670", "2005-03-31": "69.88720"}, "EBIT Margin": {"2020-09-30": "15.21360", "2020-06-30": "6.83550", "2020-03-31": "23.61410", "2019-12-31": "12.51130", "2019-09-30": "25.01150", "2019-06-30": "25.77370", "2019-03-31": "24.92980", "2018-12-31": "23.07130", "2018-09-30": "26.63660", "2018-06-30": "27.59910", "2018-03-31": "27.58840", "2017-12-31": "28.36820", "2017-09-30": "30.73350", "2017-06-30": "30.34290", "2017-03-31": "29.65380", "2016-12-31": "28.03820", "2016-09-30": "30.56930", "2016-06-30": "28.35230", "2016-03-31": "26.34120", "2015-12-31": "25.79920", "2015-09-30": "25.96630", "2015-06-30": "26.45880", "2015-03-31": "25.73690", "2014-12-31": "10.92570", "2014-09-30": "27.14560", "2014-06-30": "31.77950", "2014-03-31": "30.21010", "2013-12-31": "2.38100", "2013-09-30": "30.79360", "2013-06-30": "31.29660", "2013-03-31": "30.72550", "2012-12-31": "28.78750", "2012-09-30": "26.51060", "2012-06-30": "25.76670", "2012-03-31": "29.12660", "2011-12-31": "49.43130", "2011-09-30": "44.96290", "2011-06-30": "31.24200", "2011-03-31": "40.96490", "2010-12-31": "42.40410", "2010-09-30": "41.80490", "2010-06-30": "44.48420", "2010-03-31": "41.10290", "2009-12-31": "40.54590", "2009-09-30": "42.04710", "2009-06-30": "43.15800", "2009-03-31": "40.77690", "2008-12-31": "38.16170", "2008-09-30": "39.04370", "2008-06-30": "39.70510", "2008-03-31": "31.89900", "2007-12-31": "28.06930", "2007-09-30": "32.64640", "2007-06-30": "39.61090", "2007-03-31": "65.25120", "2006-12-31": "66.22440", "2006-09-30": "59.14930", "2006-06-30": "63.36530", "2006-03-31": "63.47860", "2005-12-31": "59.91910", "2005-09-30": "63.56730", "2005-06-30": "66.72670", "2005-03-31": "69.88720"}, "EBITDA Margin": {"2020-09-30": "", "2020-06-30": "", "2020-03-31": "", "2019-12-31": "", "2019-09-30": "", "2019-06-30": "", "2019-03-31": "", "2018-12-31": "", "2018-09-30": "", "2018-06-30": "", "2018-03-31": "", "2017-12-31": "", "2017-09-30": "", "2017-06-30": "", "2017-03-31": "", "2016-12-31": "", "2016-09-30": "", "2016-06-30": "", "2016-03-31": "", "2015-12-31": "", "2015-09-30": "", "2015-06-30": "", "2015-03-31": "", "2014-12-31": "", "2014-09-30": "", "2014-06-30": "", "2014-03-31": "", "2013-12-31": "", "2013-09-30": "", "2013-06-30": "", "2013-03-31": "", "2012-12-31": "", "2012-09-30": "", "2012-06-30": "", "2012-03-31": "", "2011-12-31": "", "2011-09-30": "", "2011-06-30": "", "2011-03-31": "", "2010-12-31": "", "2010-09-30": "", "2010-06-30": "", "2010-03-31": "", "2009-12-31": "", "2009-09-30": "", "2009-06-30": "", "2009-03-31": "", "2008-12-31": "", "2008-09-30": "", "2008-06-30": "", "2008-03-31": "", "2007-12-31": "", "2007-09-30": "", "2007-06-30": "", "2007-03-31": "", "2006-12-31": "", "2006-09-30": "", "2006-06-30": "", "2006-03-31": "", "2005-12-31": "", "2005-09-30": "", "2005-06-30": "", "2005-03-31": ""}, "Pre-Tax Profit Margin": {"2020-09-30": "-0.32050", "2020-06-30": "-10.42020", "2020-03-31": "10.90510", "2019-12-31": "1.20790", "2019-09-30": "8.95410", "2019-06-30": "14.46540", "2019-03-31": "12.92110", "2018-12-31": "3.41250", "2018-09-30": "10.32010", "2018-06-30": "14.76280", "2018-03-31": "12.45700", "2017-12-31": "15.24760", "2017-09-30": "16.48630", "2017-06-30": "16.77510", "2017-03-31": "16.93570", "2016-12-31": "15.70520", "2016-09-30": "16.25830", "2016-06-30": "14.71960", "2016-03-31": "13.50670", "2015-12-31": "13.30200", "2015-09-30": "4.28860", "2015-06-30": "14.13640", "2015-03-31": "11.10980", "2014-12-31": "2.48620", "2014-09-30": "12.20230", "2014-06-30": "17.28550", "2014-03-31": "16.24180", "2013-12-31": "-1.04550", "2013-09-30": "17.55830", "2013-06-30": "17.76530", "2013-03-31": "17.91510", "2012-12-31": "15.21210", "2012-09-30": "14.02710", "2012-06-30": "6.00510", "2012-03-31": "10.19540", "2011-12-31": "33.62930", "2011-09-30": "15.89530", "2011-06-30": "3.48170", "2011-03-31": "16.85830", "2010-12-31": "22.33830", "2010-09-30": "22.82170", "2010-06-30": "21.99660", "2010-03-31": "21.88110", "2009-12-31": "22.08450", "2009-09-30": "21.07130", "2009-06-30": "20.05340", "2009-03-31": "19.77120", "2008-12-31": "17.57060", "2008-09-30": "26.72500", "2008-06-30": "16.65540", "2008-03-31": "8.79210", "2007-12-31": "4.17960", "2007-09-30": "8.25000", "2007-06-30": "20.52400", "2007-03-31": "37.12670", "2006-12-31": "35.60690", "2006-09-30": "28.96820", "2006-06-30": "28.53850", "2006-03-31": "29.78510", "2005-12-31": "42.22890", "2005-09-30": "29.93650", "2005-06-30": "36.40060", "2005-03-31": "43.27900"}, "Net Profit Margin": {"2020-09-30": "1.38760", "2020-06-30": "-16.66350", "2020-03-31": "46.74820", "2019-12-31": "1.14890", "2019-09-30": "8.67200", "2019-06-30": "22.14420", "2019-03-31": "13.34060", "2018-12-31": "6.74490", "2018-09-30": "10.88820", "2018-06-30": "17.67150", "2018-03-31": "8.33980", "2017-12-31": "43.84670", "2017-09-30": "68.22300", "2017-06-30": "16.95510", "2017-03-31": "22.42670", "2016-12-31": "23.71060", "2016-09-30": "17.23550", "2016-06-30": "16.87430", "2016-03-31": "17.48000", "2015-12-31": "14.82610", "2015-09-30": "2.76120", "2015-06-30": "18.45270", "2015-03-31": "14.95060", "2014-12-31": "18.50790", "2014-09-30": "15.48120", "2014-06-30": "18.42230", "2014-03-31": "16.32530", "2013-12-31": "24.73820", "2013-09-30": "16.63220", "2013-06-30": "16.74880", "2013-03-31": "16.42870", "2012-12-31": "13.21950", "2012-09-30": "17.51840", "2012-06-30": "12.09630", "2012-03-31": "15.99970", "2011-12-31": "35.18460", "2011-09-30": "18.52520", "2011-06-30": "5.47310", "2011-03-31": "18.24820", "2010-12-31": "30.81610", "2010-09-30": "21.87600", "2010-06-30": "23.86450", "2010-03-31": "21.84380", "2009-12-31": "23.67070", "2009-09-30": "21.22640", "2009-06-30": "38.18550", "2009-03-31": "32.42760", "2008-12-31": "25.41970", "2008-09-30": "27.12050", "2008-06-30": "30.63040", "2008-03-31": "13.62390", "2007-12-31": "12.13960", "2007-09-30": "12.53470", "2007-06-30": "90.97580", "2007-03-31": "38.41520", "2006-12-31": "42.25660", "2006-09-30": "30.17270", "2006-06-30": "30.24520", "2006-03-31": "29.78510", "2005-12-31": "55.88350", "2005-09-30": "29.93860", "2005-06-30": "36.11380", "2005-03-31": "43.21790"}, "Asset Turnover": {"2020-09-30": "0.03790", "2020-06-30": "0.03840", "2020-03-31": "0.03800", "2019-12-31": "0.04030", "2019-09-30": "0.03960", "2019-06-30": "0.04140", "2019-03-31": "0.04160", "2018-12-31": "0.04090", "2018-09-30": "0.04140", "2018-06-30": "0.04150", "2018-03-31": "0.04020", "2017-12-31": "0.03740", "2017-09-30": "0.03790", "2017-06-30": "0.03750", "2017-03-31": "0.03690", "2016-12-31": "0.03780", "2016-09-30": "0.03700", "2016-06-30": "0.03840", "2016-03-31": "0.03830", "2015-12-31": "0.03780", "2015-09-30": "0.03690", "2015-06-30": "0.03340", "2015-03-31": "0.03300", "2014-12-31": "0.02740", "2014-09-30": "0.03410", "2014-06-30": "0.03800", "2014-03-31": "0.03760", "2013-12-31": "0.02220", "2013-09-30": "0.03580", "2013-06-30": "0.03640", "2013-03-31": "0.03650", "2012-12-31": "0.03440", "2012-09-30": "0.03460", "2012-06-30": "0.03360", "2012-03-31": "0.03300", "2011-12-31": "0.03180", "2011-09-30": "0.03230", "2011-06-30": "0.03730", "2011-03-31": "0.04710", "2010-12-31": "0.04370", "2010-09-30": "0.04560", "2010-06-30": "0.04450", "2010-03-31": "0.04280", "2009-12-31": "0.04070", "2009-09-30": "0.04200", "2009-06-30": "0.04150", "2009-03-31": "0.04090", "2008-12-31": "0.03920", "2008-09-30": "0.04040", "2008-06-30": "0.04010", "2008-03-31": "0.04050", "2007-12-31": "0.03740", "2007-09-30": "0.03950", "2007-06-30": "0.03380", "2007-03-31": "0.03570", "2006-12-31": "0.02970", "2006-09-30": "0.03800", "2006-06-30": "0.03640", "2006-03-31": "0.03680", "2005-12-31": "0.03200", "2005-09-30": "0.03610", "2005-06-30": "0.02850", "2005-03-31": "0.05430"}, "Inventory Turnover Ratio": {"2020-09-30": "", "2020-06-30": "", "2020-03-31": "", "2019-12-31": "", "2019-09-30": "", "2019-06-30": "", "2019-03-31": "", "2018-12-31": "", "2018-09-30": "", "2018-06-30": "", "2018-03-31": "", "2017-12-31": "", "2017-09-30": "", "2017-06-30": "", "2017-03-31": "", "2016-12-31": "", "2016-09-30": "", "2016-06-30": "", "2016-03-31": "", "2015-12-31": "", "2015-09-30": "", "2015-06-30": "", "2015-03-31": "", "2014-12-31": "", "2014-09-30": "", "2014-06-30": "", "2014-03-31": "", "2013-12-31": "", "2013-09-30": "", "2013-06-30": "", "2013-03-31": "", "2012-12-31": "", "2012-09-30": "", "2012-06-30": "", "2012-03-31": "", "2011-12-31": "", "2011-09-30": "", "2011-06-30": "", "2011-03-31": "", "2010-12-31": "", "2010-09-30": "", "2010-06-30": "", "2010-03-31": "", "2009-12-31": "", "2009-09-30": "", "2009-06-30": "", "2009-03-31": "", "2008-12-31": "", "2008-09-30": "", "2008-06-30": "", "2008-03-31": "", "2007-12-31": "", "2007-09-30": "", "2007-06-30": "", "2007-03-31": "", "2006-12-31": "", "2006-09-30": "", "2006-06-30": "", "2006-03-31": "", "2005-12-31": "", "2005-09-30": "", "2005-06-30": "", "2005-03-31": ""}, "Receiveable Turnover": {"2020-09-30": "", "2020-06-30": "", "2020-03-31": "", "2019-12-31": "", "2019-09-30": "", "2019-06-30": "", "2019-03-31": "", "2018-12-31": "", "2018-09-30": "", "2018-06-30": "", "2018-03-31": "", "2017-12-31": "", "2017-09-30": "", "2017-06-30": "", "2017-03-31": "", "2016-12-31": "", "2016-09-30": "", "2016-06-30": "", "2016-03-31": "", "2015-12-31": "", "2015-09-30": "", "2015-06-30": "", "2015-03-31": "", "2014-12-31": "", "2014-09-30": "", "2014-06-30": "", "2014-03-31": "", "2013-12-31": "", "2013-09-30": "", "2013-06-30": "", "2013-03-31": "", "2012-12-31": "", "2012-09-30": "", "2012-06-30": "", "2012-03-31": "", "2011-12-31": "", "2011-09-30": "", "2011-06-30": "", "2011-03-31": "", "2010-12-31": "", "2010-09-30": "", "2010-06-30": "", "2010-03-31": "", "2009-12-31": "", "2009-09-30": "", "2009-06-30": "", "2009-03-31": "", "2008-12-31": "", "2008-09-30": "", "2008-06-30": "", "2008-03-31": "", "2007-12-31": "", "2007-09-30": "", "2007-06-30": "", "2007-03-31": "", "2006-12-31": "", "2006-09-30": "", "2006-06-30": "", "2006-03-31": "", "2005-12-31": "", "2005-09-30": "", "2005-06-30": "", "2005-03-31": ""}, "Days Sales In Receivables": {"2020-09-30": "", "2020-06-30": "", "2020-03-31": "", "2019-12-31": "", "2019-09-30": "", "2019-06-30": "", "2019-03-31": "", "2018-12-31": "", "2018-09-30": "", "2018-06-30": "", "2018-03-31": "", "2017-12-31": "", "2017-09-30": "", "2017-06-30": "", "2017-03-31": "", "2016-12-31": "", "2016-09-30": "", "2016-06-30": "", "2016-03-31": "", "2015-12-31": "", "2015-09-30": "", "2015-06-30": "", "2015-03-31": "", "2014-12-31": "", "2014-09-30": "", "2014-06-30": "", "2014-03-31": "", "2013-12-31": "", "2013-09-30": "", "2013-06-30": "", "2013-03-31": "", "2012-12-31": "", "2012-09-30": "", "2012-06-30": "", "2012-03-31": "", "2011-12-31": "", "2011-09-30": "", "2011-06-30": "", "2011-03-31": "", "2010-12-31": "", "2010-09-30": "", "2010-06-30": "", "2010-03-31": "", "2009-12-31": "", "2009-09-30": "", "2009-06-30": "", "2009-03-31": "", "2008-12-31": "", "2008-09-30": "", "2008-06-30": "", "2008-03-31": "", "2007-12-31": "", "2007-09-30": "", "2007-06-30": "", "2007-03-31": "", "2006-12-31": "", "2006-09-30": "", "2006-06-30": "", "2006-03-31": "", "2005-12-31": "", "2005-09-30": "", "2005-06-30": "", "2005-03-31": ""}, "ROE - Return On Equity": {"2020-09-30": "0.13350", "2020-06-30": "-1.53110", "2020-03-31": "4.42990", "2019-12-31": "0.12230", "2019-09-30": "0.80210", "2019-06-30": "1.94820", "2019-03-31": "1.25010", "2018-12-31": "0.96570", "2018-09-30": "0.98220", "2018-06-30": "1.25000", "2018-03-31": "0.74100", "2017-12-31": "8.19700", "2017-09-30": "1.45330", "2017-06-30": "1.45820", "2017-03-31": "1.48720", "2016-12-31": "2.28690", "2016-09-30": "1.42330", "2016-06-30": "1.41390", "2016-03-31": "1.27540", "2015-12-31": "1.28030", "2015-09-30": "0.46780", "2015-06-30": "1.12290", "2015-03-31": "0.86830", "2014-12-31": "0.31140", "2014-09-30": "1.01890", "2014-06-30": "1.45390", "2014-03-31": "1.33080", "2013-12-31": "-0.07750", "2013-09-30": "1.42530", "2013-06-30": "1.47770", "2013-03-31": "1.35230", "2012-12-31": "1.13400", "2012-09-30": "1.22120", "2012-06-30": "0.44570", "2012-03-31": "0.50450", "2011-12-31": "2.05280", "2011-09-30": "1.09530", "2011-06-30": "0.47310", "2011-03-31": "1.82430", "2010-12-31": "2.22230", "2010-09-30": "2.41500", "2010-06-30": "2.18440", "2010-03-31": "2.12790", "2009-12-31": "2.04600", "2009-09-30": "1.99220", "2009-06-30": "1.86310", "2009-03-31": "2.09560", "2008-12-31": "1.90330", "2008-09-30": "2.89140", "2008-06-30": "2.11200", "2008-03-31": "1.52360", "2007-12-31": "1.26090", "2007-09-30": "1.47650", "2007-06-30": "2.37300", "2007-03-31": "6.14860", "2006-12-31": "4.84270", "2006-09-30": "4.80890", "2006-06-30": "4.24730", "2006-03-31": "4.42250", "2005-12-31": "5.34720", "2005-09-30": "4.39050", "2005-06-30": "4.13760", "2005-03-31": "16.56090"}, "Return On Tangible Equity": {"2020-09-30": "0.14870", "2020-06-30": "-1.70310", "2020-03-31": "4.91120", "2019-12-31": "0.13580", "2019-09-30": "0.88820", "2019-06-30": "2.15650", "2019-03-31": "1.39360", "2018-12-31": "1.07570", "2018-09-30": "1.09070", "2018-06-30": "1.38410", "2018-03-31": "0.81950", "2017-12-31": "9.05380", "2017-09-30": "1.60730", "2017-06-30": "1.61850", "2017-03-31": "1.64980", "2016-12-31": "2.53570", "2016-09-30": "1.57910", "2016-06-30": "1.58330", "2016-03-31": "1.42990", "2015-12-31": "1.43660", "2015-09-30": "0.52490", "2015-06-30": "1.12290", "2015-03-31": "0.86830", "2014-12-31": "0.32490", "2014-09-30": "1.01890", "2014-06-30": "1.45390", "2014-03-31": "1.33080", "2013-12-31": "-0.07750", "2013-09-30": "1.42530", "2013-06-30": "1.47770", "2013-03-31": "1.35230", "2012-12-31": "1.13400", "2012-09-30": "1.22120", "2012-06-30": "0.44570", "2012-03-31": "0.50450", "2011-12-31": "2.05280", "2011-09-30": "1.09530", "2011-06-30": "0.47310", "2011-03-31": "1.82430", "2010-12-31": "2.22230", "2010-09-30": "2.41500", "2010-06-30": "2.18440", "2010-03-31": "2.12790", "2009-12-31": "2.04600", "2009-09-30": "1.99220", "2009-06-30": "1.86310", "2009-03-31": "2.09560", "2008-12-31": "1.90330", "2008-09-30": "2.89140", "2008-06-30": "2.11200", "2008-03-31": "1.52360", "2007-12-31": "1.26090", "2007-09-30": "1.47650", "2007-06-30": "2.37300", "2007-03-31": "6.14860", "2006-12-31": "4.84270", "2006-09-30": "4.80890", "2006-06-30": "4.24730", "2006-03-31": "4.42250", "2005-12-31": "5.34720", "2005-09-30": "4.39050", "2005-06-30": "4.13760", "2005-03-31": "16.56090"}, "ROA - Return On Assets": {"2020-09-30": "0.05670", "2020-06-30": "-0.64760", "2020-03-31": "1.78350", "2019-12-31": "0.05220", "2019-09-30": "0.35040", "2019-06-30": "0.92170", "2019-03-31": "0.56290", "2018-12-31": "0.43920", "2018-09-30": "0.45700", "2018-06-30": "0.58800", "2018-03-31": "0.34080", "2017-12-31": "3.74090", "2017-09-30": "0.66100", "2017-06-30": "0.63830", "2017-03-31": "0.65180", "2016-12-31": "1.03930", "2016-09-30": "0.64220", "2016-06-30": "0.62390", "2016-03-31": "0.55410", "2015-12-31": "0.55360", "2015-09-30": "0.20180", "2015-06-30": "0.51320", "2015-03-31": "0.39480", "2014-12-31": "0.12880", "2014-09-30": "0.42540", "2014-06-30": "0.64140", "2014-03-31": "0.59510", "2013-12-31": "-0.03490", "2013-09-30": "0.64270", "2013-06-30": "0.70810", "2013-03-31": "0.64960", "2012-12-31": "0.54310", "2012-09-30": "0.62660", "2012-06-30": "0.23290", "2012-03-31": "0.27180", "2011-12-31": "1.11200", "2011-09-30": "0.59390", "2011-06-30": "0.19250", "2011-03-31": "0.84790", "2010-12-31": "0.92250", "2010-09-30": "1.00590", "2010-06-30": "0.97240", "2010-03-31": "0.93050", "2009-12-31": "0.90490", "2009-09-30": "0.89220", "2009-06-30": "0.84020", "2009-03-31": "0.81880", "2008-12-31": "0.71880", "2008-09-30": "1.08780", "2008-06-30": "0.73220", "2008-03-31": "0.53330", "2007-12-31": "0.40220", "2007-09-30": "0.48090", "2007-06-30": "0.78630", "2007-03-31": "1.32640", "2006-12-31": "1.05650", "2006-09-30": "1.10220", "2006-06-30": "1.03750", "2006-03-31": "1.09460", "2005-12-31": "1.35210", "2005-09-30": "1.08040", "2005-06-30": "1.03250", "2005-03-31": "2.35160"}, "ROI - Return On Investment": {"2020-09-30": "0.06150", "2020-06-30": "-0.69440", "2020-03-31": "1.90740", "2019-12-31": "0.05680", "2019-09-30": "0.37970", "2019-06-30": "1.00270", "2019-03-31": "0.61060", "2018-12-31": "0.47220", "2018-09-30": "0.49190", "2018-06-30": "0.63320", "2018-03-31": "0.36650", "2017-12-31": "4.03500", "2017-09-30": "0.70620", "2017-06-30": "0.68130", "2017-03-31": "0.69520", "2016-12-31": "1.11180", "2016-09-30": "0.68940", "2016-06-30": "0.66750", "2016-03-31": "0.58960", "2015-12-31": "0.59150", "2015-09-30": "0.21600", "2015-06-30": "0.55120", "2015-03-31": "0.42480", "2014-12-31": "0.13910", "2014-09-30": "0.46020", "2014-06-30": "0.69240", "2014-03-31": "0.64100", "2013-12-31": "-0.03770", "2013-09-30": "0.69530", "2013-06-30": "0.76370", "2013-03-31": "0.70320", "2012-12-31": "0.58890", "2012-09-30": "0.68140", "2012-06-30": "0.25370", "2012-03-31": "0.29780", "2011-12-31": "1.21670", "2011-09-30": "0.65330", "2011-06-30": "0.20770", "2011-03-31": "0.92530", "2010-12-31": "1.00410", "2010-09-30": "1.09850", "2010-06-30": "1.05970", "2010-03-31": "1.01560", "2009-12-31": "0.98610", "2009-09-30": "0.97410", "2009-06-30": "0.91270", "2009-03-31": "0.89320", "2008-12-31": "0.78030", "2008-09-30": "1.18830", "2008-06-30": "0.79980", "2008-03-31": "0.58700", "2007-12-31": "0.44360", "2007-09-30": "0.53260", "2007-06-30": "0.86360", "2007-03-31": "1.41550", "2006-12-31": "1.13120", "2006-09-30": "1.16770", "2006-06-30": "1.08990", "2006-03-31": "1.15920", "2005-12-31": "1.44470", "2005-09-30": "1.16490", "2005-06-30": "1.08960", "2005-03-31": "2.64390"}, "Book Value Per Share": {"2020-09-30": "27.51410", "2020-06-30": "27.87520", "2020-03-31": "28.72470", "2019-12-31": "28.28650", "2019-09-30": "29.07230", "2019-06-30": "29.27860", "2019-03-31": "28.47760", "2018-12-31": "28.80650", "2018-09-30": "29.49280", "2018-06-30": "29.95940", "2018-03-31": "30.32240", "2017-12-31": "30.69230", "2017-09-30": "30.31830", "2017-06-30": "29.32090", "2017-03-31": "29.54340", "2016-12-31": "29.73180", "2016-09-30": "29.87760", "2016-06-30": "28.58710", "2016-03-31": "28.65460", "2015-12-31": "28.78920", "2015-09-30": "29.04100", "2015-06-30": "33.42120", "2015-03-31": "33.58600", "2014-12-31": "29.33080", "2014-09-30": "29.29790", "2014-06-30": "29.66000", "2014-03-31": "29.93080", "2013-12-31": "30.26560", "2013-09-30": "30.52970", "2013-06-30": "30.71360", "2013-03-31": "30.76760", "2012-12-31": "31.14230", "2012-09-30": "32.01570", "2012-06-30": "32.23960", "2012-03-31": "32.04740", "2011-12-31": "32.39490", "2011-09-30": "32.40520", "2011-06-30": "20.83710", "2011-03-31": "16.22410", "2010-12-31": "15.19860", "2010-09-30": "15.38040", "2010-06-30": "15.49940", "2010-03-31": "15.70670", "2009-12-31": "15.86120", "2009-09-30": "15.97850", "2009-06-30": "16.05010", "2009-03-31": "15.23640", "2008-12-31": "15.21240", "2008-09-30": "15.26650", "2008-06-30": "14.31210", "2008-03-31": "14.29780", "2007-12-31": "13.64490", "2007-09-30": "13.81790", "2007-06-30": "14.08980", "2007-03-31": "6.66810", "2006-12-31": "6.68830", "2006-09-30": "6.36670", "2006-06-30": "6.25150", "2006-03-31": "6.34370", "2005-12-31": "6.44610", "2005-09-30": "6.34150", "2005-06-30": "6.57570", "2005-03-31": "1.96590"}, "Operating Cash Flow Per Share": {"2020-09-30": 1.153, "2020-06-30": 1.0785, "2020-03-31": "0.83630", "2019-12-31": 1.0101, "2019-09-30": 0.8822, "2019-06-30": 1.0627, "2019-03-31": "0.93210", "2018-12-31": 1.0131, "2018-09-30": 0.8531, "2018-06-30": 1.1204, "2018-03-31": "0.85830", "2017-12-31": 0.9728, "2017-09-30": 0.9929, "2017-06-30": 1.0518, "2017-03-31": "0.96710", "2016-12-31": 1.0478, "2016-09-30": 0.9119, "2016-06-30": 1.1117, "2016-03-31": "0.81710", "2015-12-31": 1.1493, "2015-09-30": 0.89, "2015-06-30": 1.1032, "2015-03-31": "1.04550", "2014-12-31": 1.1269, "2014-09-30": 1.0937, "2014-06-30": 1.049, "2014-03-31": "0.96010", "2013-12-31": 1.2184, "2013-09-30": 1.1098, "2013-06-30": 0.9367, "2013-03-31": "0.78360", "2012-12-31": 0.9863, "2012-09-30": 0.8101, "2012-06-30": 0.7326, "2012-03-31": "0.84230", "2011-12-31": 1.8237, "2011-09-30": 0.4795, "2011-06-30": 0.2399, "2011-03-31": "0.80710", "2010-12-31": 0.6478, "2010-09-30": 0.8721, "2010-06-30": 0.5831, "2010-03-31": "0.73620", "2009-12-31": 0.6983, "2009-09-30": 0.8019, "2009-06-30": 0.4697, "2009-03-31": "0.79330", "2008-12-31": 0.577, "2008-09-30": 0.8858, "2008-06-30": 0.487, "2008-03-31": "0.76550", "2007-12-31": 0.6787, "2007-09-30": 1.2029, "2007-06-30": 0.582, "2007-03-31": "0.82550", "2006-12-31": 0.5762, "2006-09-30": 0.6968, "2006-06-30": 0.3448, "2006-03-31": "0.66300", "2005-12-31": 0.6849, "2005-09-30": 0.5303, "2005-06-30": 0.4413, "2005-03-31": "0.67990"}, "Free Cash Flow Per Share": {"2020-09-30": 1.0445, "2020-06-30": 1.0074, "2020-03-31": "0.76510", "2019-12-31": 0.8514, "2019-09-30": 0.7769, "2019-06-30": 0.9639, "2019-03-31": "0.87120", "2018-12-31": 0.8493, "2018-09-30": 0.767, "2018-06-30": 1.0607, "2018-03-31": "0.80090", "2017-12-31": 0.8352, "2017-09-30": 0.9169, "2017-06-30": 0.9623, "2017-03-31": "0.90050", "2016-12-31": 0.9232, "2016-09-30": 0.8363, "2016-06-30": 1.0447, "2016-03-31": "0.74710", "2015-12-31": 1.0529, "2015-09-30": 0.7946, "2015-06-30": 1.0375, "2015-03-31": "0.98120", "2014-12-31": 1.0217, "2014-09-30": 1.0239, "2014-06-30": 0.9837, "2014-03-31": "0.90560", "2013-12-31": 1.1134, "2013-09-30": 1.0483, "2013-06-30": 0.8941, "2013-03-31": "0.71620", "2012-12-31": 0.8927, "2012-09-30": 0.7494, "2012-06-30": 0.6856, "2012-03-31": "0.80790", "2011-12-31": 1.7035, "2011-09-30": 0.4572, "2011-06-30": 0.212, "2011-03-31": "0.75880", "2010-12-31": 0.6058, "2010-09-30": 0.8436, "2010-06-30": 0.5656, "2010-03-31": "0.70880", "2009-12-31": 0.6718, "2009-09-30": 0.7821, "2009-06-30": 0.4706, "2009-03-31": "0.76630", "2008-12-31": 0.5463, "2008-09-30": 0.8319, "2008-06-30": 0.4615, "2008-03-31": "0.75870", "2007-12-31": 0.6418, "2007-09-30": 1.1834, "2007-06-30": 0.5722, "2007-03-31": "0.82510", "2006-12-31": 0.5759, "2006-09-30": 0.6958, "2006-06-30": 0.3426, "2006-03-31": "0.66300", "2005-12-31": 0.6846, "2005-09-30": 0.5303, "2005-06-30": 0.4413, "2005-03-31": "0.67990"}}, "revenue": {"Ventas Annual Revenue (Millions of US $)": {"2019": "$3,873", "2018": "$3,746", "2017": "$3,574", "2016": "$3,444", "2015": "$3,286", "2014": "$2,777", "2013": "$2,517", "2012": "$2,470", "2011": "$1,732", "2010": "$1,001", "2009": "$923", "2008": "$919", "2007": "$747", "2006": "$398", "2005": "$319"}, "Ventas Quarterly Revenue (Millions of US $)": {"2020-09-30": "$919", "2020-06-30": "$943", "2020-03-31": "$1,012", "2019-12-31": "$996", "2019-09-30": "$983", "2019-06-30": "$951", "2019-03-31": "$943", "2018-12-31": "$923", "2018-09-30": "$937", "2018-06-30": "$942", "2018-03-31": "$944", "2017-12-31": "$895", "2017-09-30": "$900", "2017-06-30": "$895", "2017-03-31": "$883", "2016-12-31": "$876", "2016-09-30": "$867", "2016-06-30": "$848", "2016-03-31": "$852", "2015-12-31": "$841", "2015-09-30": "$828", "2015-06-30": "$812", "2015-03-31": "$806", "2014-12-31": "$579", "2014-09-30": "$705", "2014-06-30": "$751", "2014-03-31": "$741", "2013-12-31": "$438", "2013-09-30": "$711", "2013-06-30": "$684", "2013-03-31": "$683", "2012-12-31": "$653", "2012-09-30": "$639", "2012-06-30": "$612", "2012-03-31": "$566", "2011-12-31": "$548", "2011-09-30": "$555", "2011-06-30": "$360", "2011-03-31": "$268", "2010-12-31": "$252", "2010-09-30": "$265", "2010-06-30": "$243", "2010-03-31": "$241", "2009-12-31": "$228", "2009-09-30": "$235", "2009-06-30": "$231", "2009-03-31": "$229", "2008-12-31": "$226", "2008-09-30": "$235", "2008-06-30": "$229", "2008-03-31": "$229", "2007-12-31": "$214", "2007-09-30": "$223", "2007-06-30": "$192", "2007-03-31": "$117", "2006-12-31": "$97", "2006-09-30": "$107", "2006-06-30": "$97", "2006-03-31": "$98", "2005-12-31": "$84", "2005-09-30": "$96", "2005-06-30": "$75", "2005-03-31": "$64"}}, "gross-profit": {"Ventas Annual Gross Profit (Millions of US $)": {"2019": "$3,584", "2018": "$3,501", "2017": "$3,338", "2016": "$3,244", "2015": "$3,086", "2014": "$2,601", "2013": "$2,355", "2012": "$2,334", "2011": "$1,648", "2010": "$675", "2009": "$621", "2008": "$612", "2007": "$549", "2006": "$387", "2005": "$317"}, "Ventas Quarterly Gross Profit (Millions of US $)": {"2020-09-30": "$846", "2020-06-30": "$877", "2020-03-31": "$940", "2019-12-31": "$921", "2019-09-30": "$909", "2019-06-30": "$881", "2019-03-31": "$873", "2018-12-31": "$862", "2018-09-30": "$874", "2018-06-30": "$881", "2018-03-31": "$883", "2017-12-31": "$835", "2017-09-30": "$839", "2017-06-30": "$838", "2017-03-31": "$826", "2016-12-31": "$820", "2016-09-30": "$817", "2016-06-30": "$803", "2016-03-31": "$805", "2015-12-31": "$789", "2015-09-30": "$778", "2015-06-30": "$763", "2015-03-31": "$756", "2014-12-31": "$533", "2014-09-30": "$659", "2014-06-30": "$710", "2014-03-31": "$699", "2013-12-31": "$628", "2013-09-30": "$669", "2013-06-30": "$644", "2013-03-31": "$414", "2012-12-31": "$1,231", "2012-09-30": "$385", "2012-06-30": "$371", "2012-03-31": "$348", "2011-12-31": "$709", "2011-09-30": "$342", "2011-06-30": "$343", "2011-03-31": "$254", "2010-12-31": "$167", "2010-09-30": "$178", "2010-06-30": "$168", "2010-03-31": "$162", "2009-12-31": "$150", "2009-09-30": "$158", "2009-06-30": "$159", "2009-03-31": "$153", "2008-12-31": "$150", "2008-09-30": "$153", "2008-06-30": "$157", "2008-03-31": "$152", "2007-12-31": "$138", "2007-09-30": "$152", "2007-06-30": "$142", "2007-03-31": "$116", "2006-12-31": "$95", "2006-09-30": "$99", "2006-06-30": "$96", "2006-03-31": "$97", "2005-12-31": "$84", "2005-09-30": "$95", "2005-06-30": "$74", "2005-03-31": "$63"}}, "operating-income": {"Ventas Annual Operating Income (Millions of US $)": {"2019": "$851", "2018": "$983", "2017": "$1,064", "2016": "$976", "2015": "$854", "2014": "$717", "2013": "$653", "2012": "$680", "2011": "$743", "2010": "$425", "2009": "$385", "2008": "$342", "2007": "$286", "2006": "$251", "2005": "$206"}, "Ventas Quarterly Operating Income (Millions of US $)": {"2020-09-30": "$140", "2020-06-30": "$64", "2020-03-31": "$239", "2019-12-31": "$125", "2019-09-30": "$246", "2019-06-30": "$245", "2019-03-31": "$235", "2018-12-31": "$213", "2018-09-30": "$249", "2018-06-30": "$260", "2018-03-31": "$260", "2017-12-31": "$254", "2017-09-30": "$277", "2017-06-30": "$272", "2017-03-31": "$262", "2016-12-31": "$246", "2016-09-30": "$265", "2016-06-30": "$241", "2016-03-31": "$225", "2015-12-31": "$217", "2015-09-30": "$215", "2015-06-30": "$215", "2015-03-31": "$207", "2014-12-31": "$63", "2014-09-30": "$191", "2014-06-30": "$239", "2014-03-31": "$224", "2013-12-31": "$10", "2013-09-30": "$219", "2013-06-30": "$214", "2013-03-31": "$210", "2012-12-31": "$188", "2012-09-30": "$169", "2012-06-30": "$158", "2012-03-31": "$165", "2011-12-31": "$271", "2011-09-30": "$250", "2011-06-30": "$112", "2011-03-31": "$110", "2010-12-31": "$107", "2010-09-30": "$111", "2010-06-30": "$108", "2010-03-31": "$99", "2009-12-31": "$93", "2009-09-30": "$99", "2009-06-30": "$100", "2009-03-31": "$93", "2008-12-31": "$86", "2008-09-30": "$92", "2008-06-30": "$91", "2008-03-31": "$73", "2007-12-31": "$60", "2007-09-30": "$73", "2007-06-30": "$76", "2007-03-31": "$77", "2006-12-31": "$64", "2006-09-30": "$63", "2006-06-30": "$61", "2006-03-31": "$62", "2005-12-31": "$51", "2005-09-30": "$61", "2005-06-30": "$50", "2005-03-31": "$45"}}, "ebitda": {"Ventas Annual EBITDA (Millions of US $)": {"2019": "$1,911", "2018": "$1,891", "2017": "$1,948", "2016": "$1,865", "2015": "$1,809", "2014": "$1,527", "2013": "$1,391", "2012": "$1,388", "2011": "$1,177", "2010": "$638", "2009": "$590", "2008": "$572", "2007": "$517", "2006": "$371", "2005": "$295"}, "Ventas Quarterly EBITDA (Millions of US $)": {"2020-09-30": "$376", "2020-06-30": "$417", "2020-03-31": "$489", "2019-12-31": "$478", "2019-09-30": "$485", "2019-06-30": "$473", "2019-03-31": "$474", "2018-12-31": "$458", "2018-09-30": "$471", "2018-06-30": "$469", "2018-03-31": "$493", "2017-12-31": "$487", "2017-09-30": "$489", "2017-06-30": "$494", "2017-03-31": "$477", "2016-12-31": "$476", "2016-09-30": "$471", "2016-06-30": "$460", "2016-03-31": "$458", "2015-12-31": "$451", "2015-09-30": "$452", "2015-06-30": "$458", "2015-03-31": "$448", "2014-12-31": "$301", "2014-09-30": "$390", "2014-06-30": "$425", "2014-03-31": "$411", "2013-12-31": "$203", "2013-09-30": "$399", "2013-06-30": "$400", "2013-03-31": "$388", "2012-12-31": "$377", "2012-09-30": "$352", "2012-06-30": "$345", "2012-03-31": "$314", "2011-12-31": "$425", "2011-09-30": "$396", "2011-06-30": "$193", "2011-03-31": "$164", "2010-12-31": "$163", "2010-09-30": "$163", "2010-06-30": "$159", "2010-03-31": "$152", "2009-12-31": "$150", "2009-09-30": "$149", "2009-06-30": "$149", "2009-03-31": "$142", "2008-12-31": "$140", "2008-09-30": "$142", "2008-06-30": "$148", "2008-03-31": "$143", "2007-12-31": "$133", "2007-09-30": "$141", "2007-06-30": "$132", "2007-03-31": "$111", "2006-12-31": "$97", "2006-09-30": "$93", "2006-06-30": "$91", "2006-03-31": "$91", "2005-12-31": "$79", "2005-09-30": "$89", "2005-06-30": "$69", "2005-03-31": "$58"}}, "net-income": {"Ventas Annual Net Income (Millions of US $)": {"2019": "$433", "2018": "$409", "2017": "$1,356", "2016": "$649", "2015": "$418", "2014": "$476", "2013": "$454", "2012": "$363", "2011": "$364", "2010": "$246", "2009": "$266", "2008": "$223", "2007": "$274", "2006": "$131", "2005": "$131"}, "Ventas Quarterly Net Income (Millions of US $)": {"2020-09-30": "$13", "2020-06-30": "$-157", "2020-03-31": "$473", "2019-12-31": "$11", "2019-09-30": "$85", "2019-06-30": "$211", "2019-03-31": "$126", "2018-12-31": "$62", "2018-09-30": "$102", "2018-06-30": "$167", "2018-03-31": "$79", "2017-12-31": "$393", "2017-09-30": "$614", "2017-06-30": "$152", "2017-03-31": "$198", "2016-12-31": "$208", "2016-09-30": "$149", "2016-06-30": "$143", "2016-03-31": "$149", "2015-12-31": "$125", "2015-09-30": "$23", "2015-06-30": "$150", "2015-03-31": "$120", "2014-12-31": "$107", "2014-09-30": "$109", "2014-06-30": "$138", "2014-03-31": "$121", "2013-12-31": "$108", "2013-09-30": "$118", "2013-06-30": "$115", "2013-03-31": "$112", "2012-12-31": "$86", "2012-09-30": "$112", "2012-06-30": "$74", "2012-03-31": "$91", "2011-12-31": "$193", "2011-09-30": "$103", "2011-06-30": "$20", "2011-03-31": "$49", "2010-12-31": "$78", "2010-09-30": "$58", "2010-06-30": "$58", "2010-03-31": "$53", "2009-12-31": "$54", "2009-09-30": "$50", "2009-06-30": "$88", "2009-03-31": "$74", "2008-12-31": "$58", "2008-09-30": "$64", "2008-06-30": "$70", "2008-03-31": "$31", "2007-12-31": "$26", "2007-09-30": "$28", "2007-06-30": "$175", "2007-03-31": "$45", "2006-12-31": "$41", "2006-09-30": "$32", "2006-06-30": "$29", "2006-03-31": "$29", "2005-12-31": "$47", "2005-09-30": "$29", "2005-06-30": "$27", "2005-03-31": "$28"}}, "eps-earnings-per-share-diluted": {"Ventas Annual EPS": {"2019": "$1.17", "2018": "$1.14", "2017": "$3.78", "2016": "$1.86", "2015": "$1.25", "2014": "$1.60", "2013": "$1.54", "2012": "$1.23", "2011": "$1.58", "2010": "$1.56", "2009": "$1.74", "2008": "$1.59", "2007": "$2.22", "2006": "$1.25", "2005": "$1.36"}, "Ventas Quarterly EPS": {"2020-09-30": "$0.03", "2020-06-30": "$-0.42", "2020-03-31": "$1.26", "2019-12-31": "$0.01", "2019-09-30": "$0.23", "2019-06-30": "$0.58", "2019-03-31": "$0.35", "2018-12-31": "$0.18", "2018-09-30": "$0.28", "2018-06-30": "$0.46", "2018-03-31": "$0.22", "2017-12-31": "$1.10", "2017-09-30": "$1.71", "2017-06-30": "$0.42", "2017-03-31": "$0.55", "2016-12-31": "$0.58", "2016-09-30": "$0.42", "2016-06-30": "$0.42", "2016-03-31": "$0.44", "2015-12-31": "$0.36", "2015-09-30": "$0.07", "2015-06-30": "$0.45", "2015-03-31": "$0.37", "2014-12-31": "$0.35", "2014-09-30": "$0.37", "2014-06-30": "$0.47", "2014-03-31": "$0.41", "2013-12-31": "$0.37", "2013-09-30": "$0.40", "2013-06-30": "$0.39", "2013-03-31": "$0.38", "2012-12-31": "$0.29", "2012-09-30": "$0.38", "2012-06-30": "$0.25", "2012-03-31": "$0.31", "2011-12-31": "$0.82", "2011-09-30": "$0.35", "2011-06-30": "$0.11", "2011-03-31": "$0.30", "2010-12-31": "$0.48", "2010-09-30": "$0.37", "2010-06-30": "$0.37", "2010-03-31": "$0.34", "2009-12-31": "$0.33", "2009-09-30": "$0.32", "2009-06-30": "$0.57", "2009-03-31": "$0.52", "2008-12-31": "$0.40", "2008-09-30": "$0.45", "2008-06-30": "$0.51", "2008-03-31": "$0.23", "2007-12-31": "$0.11", "2007-09-30": "$0.21", "2007-06-30": "$1.48", "2007-03-31": "$0.42", "2006-12-31": "$0.38", "2006-09-30": "$0.31", "2006-06-30": "$0.28", "2006-03-31": "$0.28", "2005-12-31": "$0.46", "2005-09-30": "$0.28", "2005-06-30": "$0.30", "2005-03-31": "$0.32"}}, "shares-outstanding": {"Ventas Annual Shares Outstanding (Millions of Shares)": {"2019": "370", "2018": "359", "2017": "359", "2016": "348", "2015": "334", "2014": "297", "2013": "295", "2012": "294", "2011": "231", "2010": "158", "2009": "153", "2008": "140", "2007": "123", "2006": "105", "2005": "96"}, "Ventas Quarterly Shares Outstanding (Millions of Shares)": {"2020-09-30": "376", "2020-06-30": "376", "2020-03-31": "376", "2019-12-31": "370", "2019-09-30": "377", "2019-06-30": "366", "2019-03-31": "361", "2018-12-31": "359", "2018-09-30": "359", "2018-06-30": "359", "2018-03-31": "359", "2017-12-31": "359", "2017-09-30": "359", "2017-06-30": "358", "2017-03-31": "358", "2016-12-31": "348", "2016-09-30": "354", "2016-06-30": "343", "2016-03-31": "339", "2015-12-31": "334", "2015-09-30": "336", "2015-06-30": "334", "2015-03-31": "329", "2014-12-31": "297", "2014-09-30": "296", "2014-06-30": "297", "2014-03-31": "296", "2013-12-31": "295", "2013-09-30": "295", "2013-06-30": "295", "2013-03-31": "294", "2012-12-31": "294", "2012-09-30": "297", "2012-06-30": "293", "2012-03-31": "291", "2011-12-31": "231", "2011-09-30": "291", "2011-06-30": "178", "2011-03-31": "162", "2010-12-31": "158", "2010-09-30": "158", "2010-06-30": "157", "2010-03-31": "157", "2009-12-31": "153", "2009-09-30": "157", "2009-06-30": "155", "2009-03-31": "143", "2008-12-31": "140", "2008-09-30": "141", "2008-06-30": "139", "2008-03-31": "137", "2007-12-31": "123", "2007-09-30": "134", "2007-06-30": "118", "2007-03-31": "107", "2006-12-31": "105", "2006-09-30": "105", "2006-06-30": "104", "2006-03-31": "104", "2005-12-31": "96", "2005-09-30": "104", "2005-06-30": "89", "2005-03-31": "85"}}, "total-assets": {"Ventas Annual Total Assets (Millions of US $)": {"2019": "$24,692", "2018": "$22,585", "2017": "$23,955", "2016": "$23,167", "2015": "$22,262", "2014": "$21,166", "2013": "$19,731", "2012": "$18,980", "2011": "$17,272", "2010": "$5,758", "2009": "$5,616", "2008": "$5,771", "2007": "$5,717", "2006": "$3,254", "2005": "$2,639"}, "Ventas Quarterly Total Assets (Millions of US $)": {"2020-09-30": "$24,220", "2020-06-30": "$24,589", "2020-03-31": "$26,618", "2019-12-31": "$24,692", "2019-09-30": "$24,804", "2019-06-30": "$22,989", "2019-03-31": "$22,668", "2018-12-31": "$22,585", "2018-09-30": "$22,598", "2018-06-30": "$22,699", "2018-03-31": "$23,494", "2017-12-31": "$23,955", "2017-09-30": "$23,740", "2017-06-30": "$23,856", "2017-03-31": "$23,919", "2016-12-31": "$23,167", "2016-09-30": "$23,426", "2016-06-30": "$22,093", "2016-03-31": "$22,261", "2015-12-31": "$22,262", "2015-09-30": "$22,414", "2015-06-30": "$24,275", "2015-03-31": "$24,440", "2014-12-31": "$21,166", "2014-09-30": "$20,651", "2014-06-30": "$19,791", "2014-03-31": "$19,703", "2013-12-31": "$19,731", "2013-09-30": "$19,879", "2013-06-30": "$18,797", "2013-03-31": "$18,707", "2012-12-31": "$18,980", "2012-09-30": "$18,441", "2012-06-30": "$18,222", "2012-03-31": "$17,189", "2011-12-31": "$17,272", "2011-09-30": "$17,206", "2011-06-30": "$9,634", "2011-03-31": "$5,694", "2010-12-31": "$5,758", "2010-09-30": "$5,801", "2010-06-30": "$5,462", "2010-03-31": "$5,634", "2009-12-31": "$5,616", "2009-09-30": "$5,587", "2009-06-30": "$5,571", "2009-03-31": "$5,594", "2008-12-31": "$5,771", "2008-09-30": "$5,815", "2008-06-30": "$5,717", "2008-03-31": "$5,652", "2007-12-31": "$5,717", "2007-09-30": "$5,662", "2007-06-30": "$5,671", "2007-03-31": "$3,286", "2006-12-31": "$3,254", "2006-09-30": "$2,808", "2006-06-30": "$2,661", "2006-03-31": "$2,662", "2005-12-31": "$2,639", "2005-09-30": "$2,658", "2005-06-30": "$2,625", "2005-03-31": "$1,174"}}, "cash-on-hand": {"Ventas Annual Cash on Hand (Millions of US $)": {"2019": "$146", "2018": "$131", "2017": "$188", "2016": "$367", "2015": "$131", "2014": "$127", "2013": "$179", "2012": "$174", "2011": "$122", "2010": "$61", "2009": "$147", "2008": "$233", "2007": "$82", "2006": "$81", "2005": "$61"}, "Ventas Quarterly Cash on Hand (Millions of US $)": {"2020-09-30": "$628", "2020-06-30": "$1,029", "2020-03-31": "$2,886", "2019-12-31": "$146", "2019-09-30": "$209", "2019-06-30": "$138", "2019-03-31": "$140", "2018-12-31": "$131", "2018-09-30": "$149", "2018-06-30": "$158", "2018-03-31": "$164", "2017-12-31": "$188", "2017-09-30": "$162", "2017-06-30": "$172", "2017-03-31": "$183", "2016-12-31": "$367", "2016-09-30": "$179", "2016-06-30": "$123", "2016-03-31": "$128", "2015-12-31": "$131", "2015-09-30": "$140", "2015-06-30": "$254", "2015-03-31": "$344", "2014-12-31": "$127", "2014-09-30": "$143", "2014-06-30": "$162", "2014-03-31": "$136", "2013-12-31": "$179", "2013-09-30": "$153", "2013-06-30": "$157", "2013-03-31": "$157", "2012-12-31": "$174", "2012-09-30": "$135", "2012-06-30": "$168", "2012-03-31": "$168", "2011-12-31": "$122", "2011-09-30": "$142", "2011-06-30": "$91", "2011-03-31": "$77", "2010-12-31": "$61", "2010-09-30": "$76", "2010-06-30": "$71", "2010-03-31": "$174", "2009-12-31": "$147", "2009-09-30": "$167", "2009-06-30": "$141", "2009-03-31": "$134", "2008-12-31": "$233", "2008-09-30": "$160", "2008-06-30": "$69", "2008-03-31": "$104", "2007-12-31": "$82", "2007-09-30": "$118", "2007-06-30": "$129", "2007-03-31": "$80", "2006-12-31": "$81", "2006-09-30": "$55", "2006-06-30": "$53", "2006-03-31": "$63", "2005-12-31": "$61", "2005-09-30": "$62", "2005-06-30": "$53", "2005-03-31": "$20"}}, "long-term-debt": {"Ventas Annual Long Term Debt (Millions of US $)": {"2019": "$12,159", "2018": "$10,734", "2017": "$11,276", "2016": "$11,127", "2015": "$11,207", "2014": "$10,844", "2013": "$9,365", "2012": "$8,414", "2011": "$6,429", "2010": "$2,900", "2009": "$2,670", "2008": "$3,137", "2007": "$3,360", "2006": "$2,329", "2005": "$1,803"}, "Ventas Quarterly Long Term Debt (Millions of US $)": {"2020-09-30": "$12,048", "2020-06-30": "$12,530", "2020-03-31": "$14,172", "2019-12-31": "$12,159", "2019-09-30": "$12,053", "2019-06-30": "$10,256", "2019-03-31": "$10,690", "2018-12-31": "$10,734", "2018-09-30": "$10,478", "2018-06-30": "$10,403", "2018-03-31": "$11,040", "2017-12-31": "$11,276", "2017-09-30": "$11,424", "2017-06-30": "$11,908", "2017-03-31": "$11,944", "2016-12-31": "$11,127", "2016-09-30": "$11,252", "2016-06-30": "$10,901", "2016-03-31": "$11,248", "2015-12-31": "$11,207", "2015-09-30": "$11,269", "2015-06-30": "$11,508", "2015-03-31": "$11,604", "2014-12-31": "$10,844", "2014-09-30": "$10,469", "2014-06-30": "$9,602", "2014-03-31": "$9,481", "2013-12-31": "$9,365", "2013-09-30": "$9,413", "2013-06-30": "$8,420", "2013-03-31": "$8,296", "2012-12-31": "$8,414", "2012-09-30": "$7,495", "2012-06-30": "$7,205", "2012-03-31": "$6,430", "2011-12-31": "$6,429", "2011-09-30": "$6,313", "2011-06-30": "$5,007", "2011-03-31": "$2,571", "2010-12-31": "$2,900", "2010-09-30": "$2,896", "2010-06-30": "$2,581", "2010-03-31": "$2,698", "2009-12-31": "$2,670", "2009-09-30": "$2,615", "2009-06-30": "$2,616", "2009-03-31": "$2,942", "2008-12-31": "$3,137", "2008-09-30": "$3,135", "2008-06-30": "$3,251", "2008-03-31": "$3,157", "2007-12-31": "$3,360", "2007-09-30": "$3,268", "2007-06-30": "$3,285", "2007-03-31": "$2,370", "2006-12-31": "$2,329", "2006-09-30": "$2,007", "2006-06-30": "$1,883", "2006-03-31": "$1,855", "2005-12-31": "$1,803", "2005-09-30": "$1,811", "2005-06-30": "$1,833", "2005-03-31": "$878"}}, "total-liabilities": {"Ventas Annual Total Liabilities (Millions of US $)": {"2019": "$14,147", "2018": "$12,313", "2017": "$13,022", "2016": "$12,638", "2015": "$12,636", "2014": "$12,412", "2013": "$10,828", "2012": "$9,891", "2011": "$7,916", "2010": "$3,368", "2009": "$3,132", "2008": "$3,592", "2007": "$3,893", "2006": "$2,544", "2005": "$1,972"}, "Ventas Quarterly Total Liabilities (Millions of US $)": {"2020-09-30": "$13,933", "2020-06-30": "$14,189", "2020-03-31": "$15,901", "2019-12-31": "$14,147", "2019-09-30": "$13,968", "2019-06-30": "$12,113", "2019-03-31": "$12,462", "2018-12-31": "$12,313", "2018-09-30": "$12,085", "2018-06-30": "$12,022", "2018-03-31": "$12,689", "2017-12-31": "$13,022", "2017-09-30": "$12,942", "2017-06-30": "$13,414", "2017-03-31": "$13,435", "2016-12-31": "$12,638", "2016-09-30": "$12,856", "2016-06-30": "$12,344", "2016-03-31": "$12,591", "2015-12-31": "$12,636", "2015-09-30": "$12,744", "2015-06-30": "$13,181", "2015-03-31": "$13,327", "2014-12-31": "$12,412", "2014-09-30": "$12,028", "2014-06-30": "$11,060", "2014-03-31": "$10,893", "2013-12-31": "$10,828", "2013-09-30": "$10,915", "2013-06-30": "$9,790", "2013-03-31": "$9,720", "2012-12-31": "$9,891", "2012-09-30": "$8,979", "2012-06-30": "$8,700", "2012-03-31": "$7,927", "2011-12-31": "$7,916", "2011-09-30": "$7,876", "2011-06-30": "$5,714", "2011-03-31": "$3,048", "2010-12-31": "$3,368", "2010-09-30": "$3,385", "2010-06-30": "$3,031", "2010-03-31": "$3,170", "2009-12-31": "$3,132", "2009-09-30": "$3,085", "2009-06-30": "$3,058", "2009-03-31": "$3,408", "2008-12-31": "$3,592", "2008-09-30": "$3,627", "2008-06-30": "$3,735", "2008-03-31": "$3,673", "2007-12-31": "$3,893", "2007-09-30": "$3,818", "2007-06-30": "$3,792", "2007-03-31": "$2,577", "2006-12-31": "$2,544", "2006-09-30": "$2,165", "2006-06-30": "$2,011", "2006-03-31": "$2,003", "2005-12-31": "$1,972", "2005-09-30": "$2,004", "2005-06-30": "$1,970", "2005-03-31": "$1,007"}}, "total-share-holder-equity": {"Ventas Annual Share Holder Equity (Millions of US $)": {"2019": "$10,545", "2018": "$10,272", "2017": "$10,932", "2016": "$10,529", "2015": "$9,625", "2014": "$8,754", "2013": "$8,904", "2012": "$9,089", "2011": "$9,356", "2010": "$2,390", "2009": "$2,484", "2008": "$2,180", "2007": "$1,824", "2006": "$710", "2005": "$667"}, "Ventas Quarterly Share Holder Equity (Millions of US $)": {"2020-09-30": "$10,288", "2020-06-30": "$10,400", "2020-03-31": "$10,716", "2019-12-31": "$10,545", "2019-09-30": "$10,836", "2019-06-30": "$10,876", "2019-03-31": "$10,206", "2018-12-31": "$10,272", "2018-09-30": "$10,513", "2018-06-30": "$10,678", "2018-03-31": "$10,804", "2017-12-31": "$10,932", "2017-09-30": "$10,798", "2017-06-30": "$10,442", "2017-03-31": "$10,484", "2016-12-31": "$10,529", "2016-09-30": "$10,570", "2016-06-30": "$9,750", "2016-03-31": "$9,671", "2015-12-31": "$9,625", "2015-09-30": "$9,670", "2015-06-30": "$11,094", "2015-03-31": "$11,113", "2014-12-31": "$8,754", "2014-09-30": "$8,623", "2014-06-30": "$8,731", "2014-03-31": "$8,810", "2013-12-31": "$8,904", "2013-09-30": "$8,964", "2013-06-30": "$9,007", "2013-03-31": "$8,987", "2012-12-31": "$9,089", "2012-09-30": "$9,462", "2012-06-30": "$9,523", "2012-03-31": "$9,262", "2011-12-31": "$9,356", "2011-09-30": "$9,330", "2011-06-30": "$3,920", "2011-03-31": "$2,646", "2010-12-31": "$2,390", "2010-09-30": "$2,416", "2010-06-30": "$2,431", "2010-03-31": "$2,464", "2009-12-31": "$2,484", "2009-09-30": "$2,502", "2009-06-30": "$2,512", "2009-03-31": "$2,186", "2008-12-31": "$2,180", "2008-09-30": "$2,188", "2008-06-30": "$1,982", "2008-03-31": "$1,978", "2007-12-31": "$1,824", "2007-09-30": "$1,844", "2007-06-30": "$1,879", "2007-03-31": "$709", "2006-12-31": "$710", "2006-09-30": "$644", "2006-06-30": "$650", "2006-03-31": "$659", "2005-12-31": "$667", "2005-09-30": "$654", "2005-06-30": "$655", "2005-03-31": "$167"}}, "profit-margins": {"current": "8.79%"}, "gross margin": {"2020-09-30": "92.61%", "2020-06-30": "92.70%", "2020-03-31": "92.62%", "2019-12-31": "92.54%", "2019-09-30": "92.76%", "2019-06-30": "92.97%", "2019-03-31": "93.19%", "2018-12-31": "93.43%", "2018-09-30": "93.41%", "2018-06-30": "93.40%", "2018-03-31": "93.42%", "2017-12-31": "93.42%", "2017-09-30": "93.50%", "2017-06-30": "93.75%", "2017-03-31": "94.01%", "2016-12-31": "94.25%", "2016-09-30": "94.31%", "2016-06-30": "94.24%", "2016-03-31": "94.06%", "2015-12-31": "93.89%", "2015-09-30": "93.55%", "2015-06-30": "93.42%", "2015-03-31": "93.56%", "2014-12-31": "93.70%", "2014-09-30": "102.31%", "2014-06-30": "102.46%", "2014-03-31": "102.56%", "2013-12-31": "93.60%", "2013-09-30": "108.31%", "2013-06-30": "100.56%", "2013-03-31": "92.81%", "2012-12-31": "94.53%", "2012-09-30": "76.66%", "2012-06-30": "77.60%", "2012-03-31": "85.86%", "2011-12-31": "95.21%", "2011-09-30": "77.07%", "2011-06-30": "82.27%", "2011-03-31": "74.61%", "2010-12-31": "67.43%", "2010-09-30": "67.35%", "2010-06-30": "67.37%", "2010-03-31": "67.27%", "2009-12-31": "67.17%", "2009-09-30": "67.32%", "2009-06-30": "66.78%", "2009-03-31": "66.70%", "2008-12-31": "66.59%", "2008-09-30": "66.15%", "2008-06-30": "66.93%", "2008-03-31": "68.07%", "2007-12-31": "73.46%", "2007-09-30": "80.29%", "2007-06-30": "88.11%", "2007-03-31": "97.13%", "2006-12-31": "96.99%", "2006-09-30": "97.41%", "2006-06-30": "99.20%", "2006-03-31": "99.15%", "2005-12-31": "99.06%"}, "operating margin": {"2020-09-30": "14.68%", "2020-06-30": "17.13%", "2020-03-31": "21.69%", "2019-12-31": "21.97%", "2019-09-30": "24.71%", "2019-06-30": "25.09%", "2019-03-31": "25.55%", "2018-12-31": "26.21%", "2018-09-30": "27.51%", "2018-06-30": "28.55%", "2018-03-31": "29.25%", "2017-12-31": "29.81%", "2017-09-30": "29.74%", "2017-06-30": "29.68%", "2017-03-31": "29.19%", "2016-12-31": "28.38%", "2016-09-30": "27.82%", "2016-06-30": "26.65%", "2016-03-31": "26.16%", "2015-12-31": "25.98%", "2015-09-30": "23.14%", "2015-06-30": "23.29%", "2015-03-31": "24.64%", "2014-12-31": "25.83%", "2014-09-30": "25.20%", "2014-06-30": "26.20%", "2014-03-31": "25.91%", "2013-12-31": "25.95%", "2013-09-30": "30.43%", "2013-06-30": "29.37%", "2013-03-31": "28.02%", "2012-12-31": "27.53%", "2012-09-30": "32.26%", "2012-06-30": "37.00%", "2012-03-31": "39.33%", "2011-12-31": "42.92%", "2011-09-30": "40.35%", "2011-06-30": "38.43%", "2011-03-31": "42.41%", "2010-12-31": "42.46%", "2010-09-30": "42.07%", "2010-06-30": "42.13%", "2010-03-31": "41.82%", "2009-12-31": "41.71%", "2009-09-30": "41.04%", "2009-06-30": "40.28%", "2009-03-31": "39.39%", "2008-12-31": "37.21%", "2008-09-30": "34.84%", "2008-06-30": "33.18%", "2008-03-31": "32.87%", "2007-12-31": "38.34%", "2007-09-30": "46.10%", "2007-06-30": "54.58%", "2007-03-31": "63.40%", "2006-12-31": "62.66%", "2006-09-30": "61.40%", "2006-06-30": "62.67%", "2006-03-31": "63.46%", "2005-12-31": "64.89%"}, "ebitda margin": {"2020-09-30": "45.48%", "2020-06-30": "47.51%", "2020-03-31": "48.83%", "2019-12-31": "49.32%", "2019-09-30": "49.74%", "2019-06-30": "49.97%", "2019-03-31": "49.99%", "2018-12-31": "50.48%", "2018-09-30": "51.64%", "2018-06-30": "52.65%", "2018-03-31": "54.02%", "2017-12-31": "54.49%", "2017-09-30": "54.47%", "2017-06-30": "54.47%", "2017-03-31": "54.23%", "2016-12-31": "54.17%", "2016-09-30": "53.99%", "2016-06-30": "54.05%", "2016-03-31": "54.58%", "2015-12-31": "55.03%", "2015-09-30": "54.84%", "2015-06-30": "55.03%", "2015-03-31": "55.05%", "2014-12-31": "55.01%", "2014-09-30": "54.23%", "2014-06-30": "54.45%", "2014-03-31": "54.90%", "2013-12-31": "55.25%", "2013-09-30": "57.27%", "2013-06-30": "57.05%", "2013-03-31": "56.51%", "2012-12-31": "56.19%", "2012-09-30": "60.72%", "2012-06-30": "64.88%", "2012-03-31": "65.45%", "2011-12-31": "68.05%", "2011-09-30": "63.83%", "2011-06-30": "59.65%", "2011-03-31": "63.13%", "2010-12-31": "63.64%", "2010-09-30": "63.87%", "2010-06-30": "64.41%", "2010-03-31": "64.17%", "2009-12-31": "63.92%", "2009-09-30": "62.98%", "2009-06-30": "62.21%", "2009-03-31": "62.24%", "2008-12-31": "62.35%", "2008-09-30": "62.40%", "2008-06-30": "63.13%", "2008-03-31": "63.99%", "2007-12-31": "69.30%", "2007-09-30": "76.47%", "2007-06-30": "84.41%", "2007-03-31": "93.78%", "2006-12-31": "93.23%", "2006-09-30": "91.71%", "2006-06-30": "93.33%", "2006-03-31": "92.92%", "2005-12-31": "92.48%"}, "pre tax profit margin": {"2020-09-30": "0.54%", "2020-06-30": "2.85%", "2020-03-31": "8.83%", "2019-12-31": "9.30%", "2019-09-30": "10.00%", "2019-06-30": "10.36%", "2019-03-31": "10.41%", "2018-12-31": "10.30%", "2018-09-30": "13.21%", "2018-06-30": "14.72%", "2018-03-31": "15.22%", "2017-12-31": "16.37%", "2017-09-30": "16.49%", "2017-06-30": "16.44%", "2017-03-31": "15.95%", "2016-12-31": "15.07%", "2016-09-30": "14.47%", "2016-06-30": "11.49%", "2016-03-31": "11.31%", "2015-12-31": "10.71%", "2015-09-30": "8.40%", "2015-06-30": "10.51%", "2015-03-31": "11.26%", "2014-12-31": "12.61%", "2014-09-30": "12.56%", "2014-06-30": "14.01%", "2014-03-31": "14.06%", "2013-12-31": "14.47%", "2013-09-30": "17.14%", "2013-06-30": "16.28%", "2013-03-31": "13.45%", "2012-12-31": "11.50%", "2012-09-30": "15.60%", "2012-06-30": "16.09%", "2012-03-31": "16.90%", "2011-12-31": "19.06%", "2011-09-30": "14.08%", "2011-06-30": "15.20%", "2011-03-31": "20.91%", "2010-12-31": "22.28%", "2010-09-30": "22.21%", "2010-06-30": "21.75%", "2010-03-31": "21.18%", "2009-12-31": "20.59%", "2009-09-30": "19.54%", "2009-06-30": "21.06%", "2009-03-31": "20.24%", "2008-12-31": "17.52%", "2008-09-30": "14.33%", "2008-06-30": "9.50%", "2008-03-31": "10.02%", "2007-12-31": "14.75%", "2007-09-30": "21.46%", "2007-06-30": "28.85%", "2007-03-31": "32.78%", "2006-12-31": "30.58%", "2006-09-30": "32.12%", "2006-06-30": "32.53%", "2006-03-31": "34.28%", "2005-12-31": "37.62%"}, "net profit margin": {"2020-09-30": "8.79%", "2020-06-30": "10.47%", "2020-03-31": "19.79%", "2019-12-31": "11.18%", "2019-09-30": "12.74%", "2019-06-30": "13.35%", "2019-03-31": "12.20%", "2018-12-31": "10.95%", "2018-09-30": "19.93%", "2018-06-30": "34.04%", "2018-03-31": "34.07%", "2017-12-31": "37.98%", "2017-09-30": "32.98%", "2017-06-30": "20.08%", "2017-03-31": "20.09%", "2016-12-31": "18.85%", "2016-09-30": "16.61%", "2016-06-30": "13.06%", "2016-03-31": "13.41%", "2015-12-31": "12.72%", "2015-09-30": "13.22%", "2015-06-30": "16.75%", "2015-03-31": "16.68%", "2014-12-31": "17.11%", "2014-09-30": "18.06%", "2014-06-30": "18.36%", "2014-03-31": "17.95%", "2013-12-31": "18.00%", "2013-09-30": "15.78%", "2013-06-30": "15.98%", "2013-03-31": "14.84%", "2012-12-31": "14.70%", "2012-09-30": "19.87%", "2012-06-30": "20.21%", "2012-03-31": "20.06%", "2011-12-31": "21.09%", "2011-09-30": "17.42%", "2011-06-30": "17.90%", "2011-03-31": "23.64%", "2010-12-31": "24.68%", "2010-09-30": "22.82%", "2010-06-30": "22.70%", "2010-03-31": "26.20%", "2009-12-31": "28.82%", "2009-09-30": "29.32%", "2009-06-30": "30.84%", "2009-03-31": "28.94%", "2008-12-31": "24.27%", "2008-09-30": "21.06%", "2008-06-30": "17.32%", "2008-03-31": "30.30%", "2007-12-31": "36.73%", "2007-09-30": "45.95%", "2007-06-30": "57.12%", "2007-03-31": "35.17%", "2006-12-31": "32.83%", "2006-09-30": "35.49%", "2006-06-30": "35.73%", "2006-03-31": "37.39%", "2005-12-31": "41.07%"}, "pe ratio": {"current": "14.10", "2021-02-11": "56.39", "2020-09-30": "46.20", "2020-06-30": "32.64", "2020-03-31": "12.36", "2019-12-31": "45.64", "2019-09-30": "50.95", "2019-06-30": "45.47", "2019-03-31": "45.96", "2018-12-31": "46.47", "2018-09-30": "23.78", "2018-06-30": "14.46", "2018-03-31": "12.55", "2017-12-31": "13.65", "2017-09-30": "16.91", "2017-06-30": "29.53", "2017-03-31": "27.33", "2016-12-31": "27.49", "2016-09-30": "34.56", "2016-06-30": "44.75", "2016-03-31": "37.40", "2015-12-31": "34.93", "2015-09-30": "34.52", "2015-06-30": "26.66", "2015-03-31": "30.58", "2014-12-31": "28.97", "2014-09-30": "24.61", "2014-06-30": "24.72", "2014-03-31": "24.27", "2013-12-31": "23.14", "2013-09-30": "25.86", "2013-06-30": "29.30", "2013-03-31": "33.88", "2012-12-31": "31.36", "2012-09-30": "22.97", "2012-06-30": "23.51", "2012-03-31": "23.10", "2011-12-31": "22.21", "2011-09-30": "22.36", "2011-06-30": "23.22", "2011-03-31": "19.64", "2010-12-31": "18.30", "2010-09-30": "19.53", "2010-06-30": "18.24", "2010-03-31": "15.93", "2009-12-31": "13.02", "2009-09-30": "10.95", "2009-06-30": "7.78", "2009-03-31": "5.98", "2008-12-31": "10.25", "2008-09-30": "16.82", "2008-06-30": "17.38", "2008-03-31": "9.92", "2007-12-31": "9.06", "2007-09-30": "7.65", "2007-06-30": "6.36", "2007-03-31": "13.56", "2006-12-31": "14.96"}, "price sales": {"2021-02-11": "4.91", "2020-09-30": "4.02", "2020-06-30": "3.42", "2020-03-31": "2.45", "2019-12-31": "5.16", "2019-09-30": "6.52", "2019-06-30": "6.04", "2019-03-31": "5.56", "2018-12-31": "5.03", "2018-09-30": "4.71", "2018-06-30": "4.91", "2018-03-31": "4.26", "2017-12-31": "5.16", "2017-09-30": "5.52", "2017-06-30": "5.86", "2017-03-31": "5.43", "2016-12-31": "5.14", "2016-09-30": "5.73", "2016-06-30": "5.84", "2016-03-31": "5.01", "2015-12-31": "4.47", "2015-09-30": "4.64", "2015-06-30": "4.49", "2015-03-31": "5.16", "2014-12-31": "4.98", "2014-09-30": "4.48", "2014-06-30": "4.57", "2014-03-31": "4.37", "2013-12-31": "4.17", "2013-09-30": "4.07", "2013-06-30": "4.68", "2013-03-31": "5.02", "2012-12-31": "4.59", "2012-09-30": "4.29", "2012-06-30": "4.43", "2012-03-31": "4.00", "2011-12-31": "3.96", "2011-09-30": "3.89", "2011-06-30": "4.24", "2011-03-31": "4.64", "2010-12-31": "4.52", "2010-09-30": "4.47", "2010-06-30": "4.14", "2010-03-31": "4.17", "2009-12-31": "3.76", "2009-09-30": "3.21", "2009-06-30": "2.39", "2009-03-31": "1.74", "2008-12-31": "2.50", "2008-09-30": "3.55", "2008-06-30": "3.02", "2008-03-31": "3.16", "2007-12-31": "3.44", "2007-09-30": "3.59", "2007-06-30": "3.54", "2007-03-31": "4.78", "2006-12-31": "4.95"}, "price book": {"current": "1.75", "2021-02-11": "1.84", "2020-09-30": "1.51", "2020-06-30": "1.29", "2020-03-31": "0.90", "2019-12-31": "1.92", "2019-09-30": "2.33", "2019-06-30": "2.14", "2019-03-31": "2.03", "2018-12-31": "1.82", "2018-09-30": "1.65", "2018-06-30": "1.68", "2018-03-31": "1.42", "2017-12-31": "1.68", "2017-09-30": "1.82", "2017-06-30": "1.98", "2017-03-31": "1.82", "2016-12-31": "1.72", "2016-09-30": "1.91", "2016-06-30": "2.03", "2016-03-31": "1.74", "2015-12-31": "1.53", "2015-09-30": "1.49", "2015-06-30": "1.24", "2015-03-31": "1.43", "2014-12-31": "1.59", "2014-09-30": "1.36", "2014-06-30": "1.38", "2014-03-31": "1.27", "2013-12-31": "1.18", "2013-09-30": "1.24", "2013-06-30": "1.37", "2013-03-31": "1.43", "2012-12-31": "1.24", "2012-09-30": "1.15", "2012-06-30": "1.14", "2012-03-31": "1.03", "2011-12-31": "0.97", "2011-09-30": "0.86", "2011-06-30": "1.42", "2011-03-31": "1.85", "2010-12-31": "1.89", "2010-09-30": "1.82", "2010-06-30": "1.62", "2010-03-31": "1.60", "2009-12-31": "1.44", "2009-09-30": "1.25", "2009-06-30": "0.95", "2009-03-31": "0.75", "2008-12-31": "1.08", "2008-09-30": "1.56", "2008-06-30": "1.42", "2008-03-31": "1.48", "2007-12-31": "1.55", "2007-09-30": "1.38", "2007-06-30": "1.17", "2007-03-31": "2.85", "2006-12-31": "2.82", "2006-09-30": "2.67", "2006-06-30": "2.37", "2006-03-31": "2.26"}, "price fcf": {"2021-02-11": "", "2020-09-30": "$3.67", "2020-06-30": "$3.40", "2020-03-31": "$3.36", "2019-12-31": "$3.46", "2019-09-30": "$3.46", "2019-06-30": "$3.45", "2019-03-31": "$3.55", "2018-12-31": "$3.48", "2018-09-30": "$3.46", "2018-06-30": "$3.61", "2018-03-31": "$3.52", "2017-12-31": "$3.61", "2017-09-30": "$3.70", "2017-06-30": "$3.62", "2017-03-31": "$3.70", "2016-12-31": "$3.55", "2016-09-30": "$3.68", "2016-06-30": "$3.64", "2016-03-31": "$3.63", "2015-12-31": "$3.87", "2015-09-30": "$3.84", "2015-06-30": "$4.06", "2015-03-31": "$4.01", "2014-12-31": "$3.93", "2014-09-30": "$4.03", "2014-06-30": "$4.05", "2014-03-31": "$3.96", "2013-12-31": "$3.77", "2013-09-30": "$3.55", "2013-06-30": "$3.25", "2013-03-31": "$3.04", "2012-12-31": "$3.14", "2012-09-30": "$3.95", "2012-06-30": "$3.65", "2012-03-31": "$3.18", "2011-12-31": "$3.13", "2011-09-30": "$2.03", "2011-06-30": "$2.42", "2011-03-31": "$2.77", "2010-12-31": "$2.72", "2010-09-30": "$2.79", "2010-06-30": "$2.73", "2010-03-31": "$2.63", "2009-12-31": "$2.69", "2009-09-30": "$2.57", "2009-06-30": "$2.62", "2009-03-31": "$2.61", "2008-12-31": "$2.60", "2008-09-30": "$2.69", "2008-06-30": "$3.05", "2008-03-31": "$3.16", "2007-12-31": "$3.22", "2007-09-30": "$3.16", "2007-06-30": "$2.67", "2007-03-31": "$2.44", "2006-12-31": "$2.28"}, "net worth": {"value": "$18.07B"}, "current ratio": {"2020-09-30": "0.93", "2020-06-30": "1.53", "2020-03-31": "2.86", "2019-12-31": "0.68", "2019-09-30": "0.72", "2019-06-30": "0.67", "2019-03-31": "0.56", "2018-12-31": "0.53", "2018-09-30": "0.56", "2018-06-30": "0.56", "2018-03-31": "1.14", "2017-12-31": "1.20", "2017-09-30": "1.46", "2017-06-30": "1.54", "2017-03-31": "1.54", "2016-12-31": "1.08", "2016-09-30": "1.00", "2016-06-30": "1.38", "2016-03-31": "1.40", "2015-12-31": "1.15", "2015-09-30": "1.06", "2015-06-30": "0.95", "2015-03-31": "1.02", "2014-12-31": "1.14", "2014-09-30": "0.53", "2014-06-30": "0.56", "2014-03-31": "0.51", "2013-12-31": "0.53", "2013-09-30": "0.51", "2013-06-30": "0.67", "2013-03-31": "0.67", "2012-12-31": "0.78", "2012-09-30": "0.32", "2012-06-30": "0.34", "2012-03-31": "0.35", "2011-12-31": "0.30", "2011-09-30": "0.37", "2011-06-30": "1.70", "2011-03-31": "0.87", "2010-12-31": "0.93", "2010-09-30": "1.02", "2010-06-30": "1.07", "2010-03-31": "1.47", "2009-12-31": "1.34", "2009-09-30": "1.39", "2009-06-30": "1.47", "2009-03-31": "1.30", "2008-12-31": "1.87", "2008-09-30": "1.38", "2008-06-30": "1.17", "2008-03-31": "0.67", "2007-12-31": "0.54", "2007-09-30": "0.78", "2007-06-30": "1.03", "2007-03-31": "0.70", "2006-12-31": "0.89", "2006-09-30": "2.11", "2006-06-30": "1.04", "2006-03-31": "0.95", "2005-12-31": "1.14", "2005-09-30": "1.07", "2005-06-30": "1.31", "2005-03-31": "1.32"}, "quick ratio": {"2020-09-30": "0.00", "2020-06-30": "0.00", "2020-03-31": "0.00", "2019-12-31": "0.00", "2019-09-30": "0.00", "2019-06-30": "0.00", "2019-03-31": "0.00", "2018-12-31": "0.00", "2018-09-30": "0.00", "2018-06-30": "0.00", "2018-03-31": "0.00", "2017-12-31": "0.00", "2017-09-30": "0.00", "2017-06-30": "0.00", "2017-03-31": "0.00", "2016-12-31": "0.00", "2016-09-30": "0.00", "2016-06-30": "0.00", "2016-03-31": "0.00", "2015-12-31": "0.00", "2015-09-30": "0.00", "2015-06-30": "0.00", "2015-03-31": "0.00", "2014-12-31": "0.00", "2014-09-30": "0.00", "2014-06-30": "0.00", "2014-03-31": "0.00", "2013-12-31": "0.00", "2013-09-30": "0.00", "2013-06-30": "0.00", "2013-03-31": "0.00", "2012-12-31": "0.00", "2012-09-30": "0.00", "2012-06-30": "0.00", "2012-03-31": "0.00", "2011-12-31": "0.00", "2011-09-30": "0.00", "2011-06-30": "0.00", "2011-03-31": "0.00", "2010-12-31": "0.00", "2010-09-30": "0.00", "2010-06-30": "0.00", "2010-03-31": "0.00", "2009-12-31": "0.00", "2009-09-30": "0.00", "2009-06-30": "0.00", "2009-03-31": "0.00", "2008-12-31": "0.00", "2008-09-30": "0.00", "2008-06-30": "0.00", "2008-03-31": "0.00", "2007-12-31": "0.00", "2007-09-30": "0.00", "2007-06-30": "0.00", "2007-03-31": "0.00", "2006-12-31": "0.00", "2006-09-30": "0.00", "2006-06-30": "0.00", "2006-03-31": "0.00", "2005-12-31": "0.00", "2005-09-30": "0.00", "2005-06-30": "0.00", "2005-03-31": "0.00"}, "debt equity ratio": {"current": "1.17", "2020-09-30": "1.35", "2020-06-30": "1.36", "2020-03-31": "1.48", "2019-12-31": "1.34", "2019-09-30": "1.29", "2019-06-30": "1.11", "2019-03-31": "1.22", "2018-12-31": "1.20", "2018-09-30": "1.15", "2018-06-30": "1.13", "2018-03-31": "1.18", "2017-12-31": "1.19", "2017-09-30": "1.20", "2017-06-30": "1.29", "2017-03-31": "1.28", "2016-12-31": "1.20", "2016-09-30": "1.22", "2016-06-30": "1.27", "2016-03-31": "1.30", "2015-12-31": "1.31", "2015-09-30": "1.32", "2015-06-30": "1.19", "2015-03-31": "1.20", "2014-12-31": "1.42", "2014-09-30": "1.40", "2014-06-30": "1.27", "2014-03-31": "1.24", "2013-12-31": "1.22", "2013-09-30": "1.22", "2013-06-30": "1.09", "2013-03-31": "1.08", "2012-12-31": "1.09", "2012-09-30": "0.95", "2012-06-30": "0.91", "2012-03-31": "0.86", "2011-12-31": "0.85", "2011-09-30": "0.84", "2011-06-30": "1.46", "2011-03-31": "1.15", "2010-12-31": "1.41", "2010-09-30": "1.40", "2010-06-30": "1.25", "2010-03-31": "1.29", "2009-12-31": "1.26", "2009-09-30": "1.23", "2009-06-30": "1.22", "2009-03-31": "1.56", "2008-12-31": "1.65", "2008-09-30": "1.66", "2008-06-30": "1.89", "2008-03-31": "1.86", "2007-12-31": "2.14", "2007-09-30": "2.07", "2007-06-30": "2.02", "2007-03-31": "3.64", "2006-12-31": "3.58", "2006-09-30": "3.36", "2006-06-30": "3.09", "2006-03-31": "3.04", "2005-12-31": "2.96", "2005-09-30": "3.06", "2005-06-30": "3.01", "2005-03-31": "6.04"}, "return on equity": {"2020-09-30": "3.24%", "2020-06-30": "3.88%", "2020-03-31": "7.26%", "2019-12-31": "4.08%", "2019-09-30": "4.59%", "2019-06-30": "4.79%", "2019-03-31": "4.39%", "2018-12-31": "3.88%", "2018-09-30": "6.90%", "2018-06-30": "11.60%", "2018-03-31": "11.52%", "2017-12-31": "12.73%", "2017-09-30": "11.10%", "2017-06-30": "6.73%", "2017-03-31": "6.75%", "2016-12-31": "6.41%", "2016-09-30": "5.71%", "2016-06-30": "4.55%", "2016-03-31": "4.46%", "2015-12-31": "4.03%", "2015-09-30": "3.94%", "2015-06-30": "4.91%", "2015-03-31": "5.09%", "2014-12-31": "5.44%", "2014-09-30": "5.43%", "2014-06-30": "5.48%", "2014-03-31": "5.18%", "2013-12-31": "5.05%", "2013-09-30": "4.78%", "2013-06-30": "4.65%", "2013-03-31": "4.14%", "2012-12-31": "3.89%", "2012-09-30": "5.00%", "2012-06-30": "4.92%", "2012-03-31": "5.11%", "2011-12-31": "5.78%", "2011-09-30": "5.47%", "2011-06-30": "7.21%", "2011-03-31": "9.84%", "2010-12-31": "10.18%", "2010-09-30": "9.11%", "2010-06-30": "8.70%", "2010-03-31": "9.84%", "2009-12-31": "10.99%", "2009-09-30": "11.51%", "2009-06-30": "12.53%", "2009-03-31": "12.46%", "2008-12-31": "10.71%", "2008-09-30": "9.58%", "2008-06-30": "8.13%", "2008-03-31": "13.82%", "2007-12-31": "17.52%", "2007-09-30": "22.48%", "2007-06-30": "29.73%", "2007-03-31": "21.67%", "2006-12-31": "19.68%", "2006-09-30": "20.92%", "2006-06-30": "20.38%", "2006-03-31": "20.04%", "2005-12-31": "24.45%"}, "return on assets": {"2020-09-30": "1.36%", "2020-06-30": "1.64%", "2020-03-31": "3.15%", "2019-12-31": "1.82%", "2019-09-30": "2.08%", "2019-06-30": "2.21%", "2019-03-31": "2.02%", "2018-12-31": "1.79%", "2018-09-30": "3.20%", "2018-06-30": "5.34%", "2018-03-31": "5.21%", "2017-12-31": "5.69%", "2017-09-30": "4.95%", "2017-06-30": "3.00%", "2017-03-31": "3.01%", "2016-12-31": "2.85%", "2016-09-30": "2.51%", "2016-06-30": "1.98%", "2016-03-31": "1.96%", "2015-12-31": "1.79%", "2015-09-30": "1.73%", "2015-06-30": "2.15%", "2015-03-31": "2.20%", "2014-12-31": "2.34%", "2014-09-30": "2.38%", "2014-06-30": "2.45%", "2014-03-31": "2.37%", "2013-12-31": "2.35%", "2013-09-30": "2.26%", "2013-06-30": "2.27%", "2013-03-31": "2.07%", "2012-12-31": "1.99%", "2012-09-30": "2.64%", "2012-06-30": "2.64%", "2012-03-31": "2.66%", "2011-12-31": "2.93%", "2011-09-30": "2.61%", "2011-06-30": "3.05%", "2011-03-31": "4.28%", "2010-12-31": "4.36%", "2010-09-30": "3.96%", "2010-06-30": "3.86%", "2010-03-31": "4.37%", "2009-12-31": "4.76%", "2009-09-30": "4.80%", "2009-06-30": "4.99%", "2009-03-31": "4.65%", "2008-12-31": "3.89%", "2008-09-30": "3.34%", "2008-06-30": "2.73%", "2008-03-31": "4.58%", "2007-12-31": "5.39%", "2007-09-30": "6.47%", "2007-06-30": "7.80%", "2007-03-31": "4.90%", "2006-12-31": "4.60%", "2006-09-30": "5.09%", "2006-06-30": "5.05%", "2006-03-31": "4.99%", "2005-12-31": "5.76%"}, "return on investments": {"2020-09-30": "2.45%", "2020-06-30": "2.89%", "2020-03-31": "3.73%", "2019-12-31": "3.88%", "2019-09-30": "4.37%", "2019-06-30": "4.48%", "2019-03-31": "4.56%", "2018-12-31": "4.63%", "2018-09-30": "4.75%", "2018-06-30": "4.81%", "2018-03-31": "4.80%", "2017-12-31": "4.78%", "2017-09-30": "4.77%", "2017-06-30": "4.74%", "2017-03-31": "4.69%", "2016-12-31": "4.60%", "2016-09-30": "4.50%", "2016-06-30": "4.31%", "2016-03-31": "4.09%", "2015-12-31": "3.92%", "2015-09-30": "3.26%", "2015-06-30": "3.22%", "2015-03-31": "3.51%", "2014-12-31": "3.81%", "2014-09-30": "3.59%", "2014-06-30": "3.78%", "2014-03-31": "3.69%", "2013-12-31": "3.66%", "2013-09-30": "4.71%", "2013-06-30": "4.52%", "2013-03-31": "4.24%", "2012-12-31": "4.07%", "2012-09-30": "4.68%", "2012-06-30": "5.29%", "2012-03-31": "5.70%", "2011-12-31": "6.52%", "2011-09-30": "6.60%", "2011-06-30": "7.11%", "2011-03-31": "8.37%", "2010-12-31": "8.18%", "2010-09-30": "7.97%", "2010-06-30": "7.81%", "2010-03-31": "7.61%", "2009-12-31": "7.50%", "2009-09-30": "7.31%", "2009-06-30": "7.10%", "2009-03-31": "6.89%", "2008-12-31": "6.51%", "2008-09-30": "6.06%", "2008-06-30": "5.75%", "2008-03-31": "5.48%", "2007-12-31": "6.17%", "2007-09-30": "7.08%", "2007-06-30": "8.04%", "2007-03-31": "9.38%", "2006-12-31": "9.31%", "2006-09-30": "9.32%", "2006-06-30": "9.42%", "2006-03-31": "9.02%", "2005-12-31": "9.78%"}, "return on tangible equity": {"2020-09-30": "3.60%", "2020-06-30": "4.30%", "2020-03-31": "8.05%", "2019-12-31": "4.53%", "2019-09-30": "5.10%", "2019-06-30": "5.32%", "2019-03-31": "4.88%", "2018-12-31": "4.30%", "2018-09-30": "7.64%", "2018-06-30": "12.83%", "2018-03-31": "12.75%", "2017-12-31": "14.09%", "2017-09-30": "12.30%", "2017-06-30": "7.47%", "2017-03-31": "7.51%", "2016-12-31": "7.14%", "2016-09-30": "6.39%", "2016-06-30": "5.10%", "2016-03-31": "4.84%", "2015-12-31": "4.24%", "2015-09-30": "4.08%", "2015-06-30": "4.96%", "2015-03-31": "5.14%", "2014-12-31": "5.50%", "2014-09-30": "5.43%", "2014-06-30": "5.48%", "2014-03-31": "5.18%", "2013-12-31": "5.05%", "2013-09-30": "4.78%", "2013-06-30": "4.65%", "2013-03-31": "4.14%", "2012-12-31": "3.89%", "2012-09-30": "5.00%", "2012-06-30": "4.92%", "2012-03-31": "5.11%", "2011-12-31": "5.78%", "2011-09-30": "5.47%", "2011-06-30": "7.21%", "2011-03-31": "9.84%", "2010-12-31": "10.18%", "2010-09-30": "9.11%", "2010-06-30": "8.70%", "2010-03-31": "9.84%", "2009-12-31": "10.99%", "2009-09-30": "11.51%", "2009-06-30": "12.53%", "2009-03-31": "12.46%", "2008-12-31": "10.71%", "2008-09-30": "9.58%", "2008-06-30": "8.13%", "2008-03-31": "13.82%", "2007-12-31": "17.52%", "2007-09-30": "22.48%", "2007-06-30": "29.73%", "2007-03-31": "21.67%", "2006-12-31": "19.68%", "2006-09-30": "20.92%", "2006-06-30": "20.38%", "2006-03-31": "20.04%", "2005-12-31": "24.45%"}, "dividend yield history": {"last payout": "$1.80", "last yield": "3.73%"}}