{"ticker": "VTRS", "price": {"title": "Viatris Historical Annual Stock Price Data", "value": 18.24, "historical": {"2021": {"Average Stock Price": "17.8057", "Year Open": "18.5400", "Year High": "18.5400", "Year Low": "16.8600", "Year Close": "18.2400", "Annual % Change": "-2.67%"}, "2020": {"Average Stock Price": "16.8955", "Year Open": "20.6500", "Year High": "22.8500", "Year Low": "13.2600", "Year Close": "18.7400", "Annual % Change": "-6.77%"}, "2019": {"Average Stock Price": "22.2936", "Year Open": "27.9200", "Year High": "32.1000", "Year Low": "16.8000", "Year Close": "20.1000", "Annual % Change": "-26.64%"}, "2018": {"Average Stock Price": "37.9177", "Year Open": "43.1100", "Year High": "47.6400", "Year Low": "26.2100", "Year Close": "27.4000", "Annual % Change": "-35.24%"}, "2017": {"Average Stock Price": "37.7041", "Year Open": "39.1100", "Year High": "45.2800", "Year Low": "29.6300", "Year Close": "42.3100", "Annual % Change": "10.90%"}, "2016": {"Average Stock Price": "43.4990", "Year Open": "53.2800", "Year High": "54.0900", "Year Low": "34.1400", "Year Close": "38.1500", "Annual % Change": "-29.44%"}, "2015": {"Average Stock Price": "57.8389", "Year Open": "56.3500", "Year High": "76.0600", "Year Low": "39.1600", "Year Close": "54.0700", "Annual % Change": "-4.08%"}, "2014": {"Average Stock Price": "50.0236", "Year Open": "42.5800", "Year High": "58.6200", "Year Low": "42.2600", "Year Close": "56.3700", "Annual % Change": "29.88%"}, "2013": {"Average Stock Price": "33.8836", "Year Open": "27.7000", "Year High": "44.5000", "Year Low": "27.5400", "Year Close": "43.4000", "Annual % Change": "58.11%"}, "2012": {"Average Stock Price": "23.3226", "Year Open": "22.1500", "Year High": "28.3000", "Year Low": "20.6400", "Year Close": "27.4500", "Annual % Change": "27.91%"}, "2011": {"Average Stock Price": "21.4791", "Year Open": "21.6600", "Year High": "25.2300", "Year Low": "16.1600", "Year Close": "21.4600", "Annual % Change": "1.56%"}, "2010": {"Average Stock Price": "19.4265", "Year Open": "18.7200", "Year High": "23.2500", "Year Low": "16.8600", "Year Close": "21.1300", "Annual % Change": "14.65%"}, "2009": {"Average Stock Price": "14.2526", "Year Open": "10.0200", "Year High": "19.0400", "Year Low": "9.8600", "Year Close": "18.4300", "Annual % Change": "86.35%"}, "2008": {"Average Stock Price": "11.7102", "Year Open": "13.8800", "Year High": "15.4000", "Year Low": "5.7700", "Year Close": "9.8900", "Annual % Change": "-29.66%"}, "2007": {"Average Stock Price": "17.9839", "Year Open": "20.0400", "Year High": "22.6400", "Year Low": "13.2500", "Year Close": "14.0600", "Annual % Change": "-29.56%"}, "2006": {"Average Stock Price": "21.1319", "Year Open": "20.0000", "Year High": "24.9200", "Year Low": "19.0600", "Year Close": "19.9600", "Annual % Change": "0.00%"}, "2005": {"Average Stock Price": "18.2774", "Year Open": "17.5600", "Year High": "21.6100", "Year Low": "15.5000", "Year Close": "19.9600", "Annual % Change": "12.90%"}, "2004": {"Average Stock Price": "20.5037", "Year Open": "25.1200", "Year High": "25.8200", "Year Low": "14.6900", "Year Close": "17.6800", "Annual % Change": "-30.01%"}, "2003": {"Average Stock Price": "21.8171", "Year Open": "15.7733", "Year High": "28.1600", "Year Low": "15.7733", "Year Close": "25.2600", "Annual % Change": "62.85%"}, "2002": {"Average Stock Price": "13.9908", "Year Open": "16.0889", "Year High": "16.0889", "Year Low": "11.1778", "Year Close": "15.5111", "Annual % Change": "-6.93%"}, "2001": {"Average Stock Price": "13.0111", "Year Open": "10.9733", "Year High": "16.8489", "Year Low": "9.3333", "Year Close": "16.6667", "Annual % Change": "48.87%"}, "2000": {"Average Stock Price": "11.3555", "Year Open": "10.8311", "Year High": "14.3333", "Year Low": "7.5556", "Year Close": "11.1956", "Annual % Change": "0.00%"}, "1999": {"Average Stock Price": "10.7907", "Year Open": "13.3333", "Year High": "13.8889", "Year Low": "7.6933", "Year Close": "11.1956", "Annual % Change": "-20.03%"}, "1998": {"Average Stock Price": "12.2391", "Year Open": "8.9156", "Year High": "15.6133", "Year Low": "7.8889", "Year Close": "14.0000", "Annual % Change": "50.43%"}, "1997": {"Average Stock Price": "8.0779", "Year Open": "7.3333", "Year High": "11.1111", "Year Low": "5.1111", "Year Close": "9.3067", "Annual % Change": "25.92%"}, "1996": {"Average Stock Price": "7.8969", "Year Open": "10.1689", "Year High": "10.1689", "Year Low": "6.2222", "Year Close": "7.3911", "Annual % Change": "-29.23%"}, "1995": {"Average Stock Price": "9.0880", "Year Open": "7.6681", "Year High": "10.8356", "Year Low": "7.3689", "Year Close": "10.4444", "Annual % Change": "30.56%"}, "1994": {"Average Stock Price": "6.9723", "Year Open": "7.1852", "Year High": "8.7793", "Year Low": "4.7022", "Year Close": "8.0000", "Annual % Change": "6.38%"}, "1993": {"Average Stock Price": "8.3397", "Year Open": "9.0726", "Year High": "10.9274", "Year Low": "6.1096", "Year Close": "7.5200", "Annual % Change": "-19.43%"}, "1992": {"Average Stock Price": "6.5147", "Year Open": "6.1481", "Year High": "9.3689", "Year Low": "4.7407", "Year Close": "9.3333", "Annual % Change": "51.33%"}, "1991": {"Average Stock Price": "4.0915", "Year Open": "2.9437", "Year High": "6.1674", "Year Low": "2.5378", "Year Close": "6.1674", "Annual % Change": "101.79%"}, "1990": {"Average Stock Price": "3.0169", "Year Open": "3.5185", "Year High": "3.6296", "Year Low": "2.1674", "Year Close": "3.0563", "Annual % Change": "-14.93%"}, "1989": {"Average Stock Price": "1.8870", "Year Open": "1.3141", "Year High": "3.7037", "Year Low": "1.1304", "Year Close": "3.5926", "Annual % Change": "173.39%"}, "1988": {"Average Stock Price": "1.5046", "Year Open": "1.2963", "Year High": "1.9437", "Year Low": "1.2030", "Year Close": "1.3141", "Annual % Change": "7.52%"}}}, "market cap": {"value": "$10B"}, "income statement": {"Revenue": {"2019-12-31": "11500.50000", "2018-12-31": "11433.90000", "2017-12-31": "11907.70000", "2016-12-31": "11076.90000", "2015-12-31": "9429.30000", "2014-12-31": "7719.60000", "2013-12-31": "6909.10000", "2012-12-31": "6796.10000", "2011-12-31": "6129.82500", "2010-12-31": "5450.52200", "2009-12-31": "5092.78500", "2008-12-31": "5137.58500", "2007-12-31": "2178.76100", "2007-03-31": "1611.81900", "2006-03-31": "1257.16400", "2005-03-31": "1253.37400"}, "Cost Of Goods Sold": {"2019-12-31": "7602.90000", "2018-12-31": "7432.30000", "2017-12-31": "7124.60000", "2016-12-31": "6379.90000", "2015-12-31": "5213.20000", "2014-12-31": "4191.60000", "2013-12-31": "3868.80000", "2012-12-31": "3887.80000", "2011-12-31": "3566.46100", "2010-12-31": "3233.12500", "2009-12-31": "3018.31300", "2008-12-31": "3067.36400", "2007-12-31": "1304.31300", "2007-03-31": "768.15100", "2006-03-31": "629.54800", "2005-03-31": "629.83400"}, "Gross Profit": {"2019-12-31": "3897.60000", "2018-12-31": "4001.60100", "2017-12-31": "4783.10000", "2016-12-31": "4697.00000", "2015-12-31": "4216.10000", "2014-12-31": "3528.00000", "2013-12-31": "3040.30000", "2012-12-31": "2908.30000", "2011-12-31": "2563.36400", "2010-12-31": "2217.39700", "2009-12-31": "2074.47200", "2008-12-31": "2070.22100", "2007-12-31": "874.44800", "2007-03-31": "843.66800", "2006-03-31": "627.61600", "2005-03-31": "623.54000"}, "Research And Development Expenses": {"2019-12-31": "639.90000", "2018-12-31": "704.50000", "2017-12-31": "783.30000", "2016-12-31": "826.80000", "2015-12-31": "671.90000", "2014-12-31": "581.80000", "2013-12-31": "507.80000", "2012-12-31": "401.30000", "2011-12-31": "294.72800", "2010-12-31": "282.14600", "2009-12-31": "275.25800", "2008-12-31": "317.21700", "2007-12-31": "146.06300", "2007-03-31": "103.69200", "2006-03-31": "102.43100", "2005-03-31": "88.25400"}, "SG&A Expenses": {"2019-12-31": "2563.60000", "2018-12-31": "2441.00000", "2017-12-31": "2575.70000", "2016-12-31": "2498.50000", "2015-12-31": "2180.70000", "2014-12-31": "1625.70000", "2013-12-31": "1408.50000", "2012-12-31": "1392.40000", "2011-12-31": "1214.63100", "2010-12-31": "1086.60900", "2009-12-31": "1050.14500", "2008-12-31": "1053.48500", "2007-12-31": "449.59800", "2007-03-31": "215.53800", "2006-03-31": "225.38000", "2005-03-31": "259.10500"}, "Other Operating Income Or Expenses": {"2019-12-31": "21.40000", "2018-12-31": "49.50000", "2017-12-31": "13.10000", "2016-12-31": "-672.50000", "2015-12-31": "97.40000", "2014-12-31": "32.10000", "2013-12-31": "11.50000", "2012-12-31": "-5.20000", "2011-12-31": "-48.55600", "2010-12-31": "-127.05800", "2009-12-31": "-225.71700", "2008-12-31": "-16.63400", "2007-12-31": "1.98400", "2007-03-31": "50.11600", "2006-03-31": "-12.41700", "2005-03-31": "25.99000"}, "Operating Expenses": {"2019-12-31": "10785.00000", "2018-12-31": "10528.30000", "2017-12-31": "10470.50000", "2016-12-31": "10377.70000", "2015-12-31": "7968.40000", "2014-12-31": "6367.00000", "2013-12-31": "5773.60000", "2012-12-31": "5686.70000", "2011-12-31": "5124.37600", "2010-12-31": "4728.93800", "2009-12-31": "4569.43300", "2008-12-31": "4839.70000", "2007-12-31": "3167.02600", "2007-03-31": "1184.26500", "2006-03-31": "969.77600", "2005-03-31": "951.20300"}, "Operating Income": {"2019-12-31": "715.50000", "2018-12-31": "905.60060", "2017-12-31": "1437.20000", "2016-12-31": "699.20120", "2015-12-31": "1460.90000", "2014-12-31": "1352.60100", "2013-12-31": "1135.50000", "2012-12-31": "1109.40000", "2011-12-31": "1005.44900", "2010-12-31": "721.58400", "2009-12-31": "523.35250", "2008-12-31": "297.88530", "2007-12-31": "-988.26510", "2007-03-31": "427.55400", "2006-03-31": "287.38790", "2005-03-31": "302.17100"}, "Total Non-Operating Income/Expense": {"2019-12-31": "-561.10000", "2018-12-31": "-607.20000", "2017-12-31": "-534.20000", "2016-12-31": "-577.50000", "2015-12-31": "-545.50000", "2014-12-31": "-378.10000", "2013-12-31": "-388.20000", "2012-12-31": "-305.20000", "2011-12-31": "-350.81300", "2010-12-31": "-365.64000", "2009-12-31": "-296.37700", "2008-12-31": "-369.44200", "2007-12-31": "-109.72400", "2007-03-31": "-2.04200", "2006-03-31": "-12.78300", "2005-03-31": "10.07600"}, "Pre-Tax Income": {"2019-12-31": "154.40000", "2018-12-31": "298.40000", "2017-12-31": "903.00000", "2016-12-31": "121.70000", "2015-12-31": "915.40000", "2014-12-31": "974.50000", "2013-12-31": "747.30000", "2012-12-31": "804.20000", "2011-12-31": "654.63600", "2010-12-31": "355.94400", "2009-12-31": "226.97500", "2008-12-31": "-71.55700", "2007-12-31": "-1097.98900", "2007-03-31": "425.51200", "2006-03-31": "274.60500", "2005-03-31": "312.24700"}, "Income Taxes": {"2019-12-31": "137.60000", "2018-12-31": "-54.10000", "2017-12-31": "207.00000", "2016-12-31": "-358.30000", "2015-12-31": "67.70000", "2014-12-31": "41.40000", "2013-12-31": "120.80000", "2012-12-31": "161.20000", "2011-12-31": "115.83300", "2010-12-31": "10.40200", "2009-12-31": "-20.77300", "2008-12-31": "128.55000", "2007-12-31": "53.41300", "2007-03-31": "208.01700", "2006-03-31": "90.06300", "2005-03-31": "108.65500"}, "Income After Taxes": {"2019-12-31": "16.80000", "2018-12-31": "352.50000", "2017-12-31": "696.00000", "2016-12-31": "480.00000", "2015-12-31": "847.70000", "2014-12-31": "933.10000", "2013-12-31": "626.50000", "2012-12-31": "643.00000", "2011-12-31": "538.80300", "2010-12-31": "345.54200", "2009-12-31": "247.74800", "2008-12-31": "-200.10700", "2007-12-31": "-1151.40200", "2007-03-31": "217.49500", "2006-03-31": "184.54200", "2005-03-31": "203.59200"}, "Other Income": {"2019-12-31": "", "2018-12-31": "", "2017-12-31": "", "2016-12-31": "", "2015-12-31": "", "2014-12-31": "", "2013-12-31": "", "2012-12-31": "", "2011-12-31": "", "2010-12-31": "", "2009-12-31": "", "2008-12-31": "", "2007-12-31": "", "2007-03-31": "", "2006-03-31": "", "2005-03-31": ""}, "Income From Continuous Operations": {"2019-12-31": "16.80000", "2018-12-31": "352.50000", "2017-12-31": "696.00000", "2016-12-31": "480.00000", "2015-12-31": "847.70000", "2014-12-31": "933.10000", "2013-12-31": "626.50000", "2012-12-31": "643.00000", "2011-12-31": "538.80300", "2010-12-31": "345.54200", "2009-12-31": "247.74800", "2008-12-31": "-200.10700", "2007-12-31": "-1151.40200", "2007-03-31": "217.28400", "2006-03-31": "184.54200", "2005-03-31": "203.59200"}, "Income From Discontinued Operations": {"2019-12-31": "", "2018-12-31": "", "2017-12-31": "", "2016-12-31": "", "2015-12-31": "", "2014-12-31": "", "2013-12-31": "", "2012-12-31": "", "2011-12-31": "", "2010-12-31": "", "2009-12-31": "", "2008-12-31": "", "2007-12-31": "", "2007-03-31": "", "2006-03-31": "", "2005-03-31": ""}, "Net Income": {"2019-12-31": "16.80000", "2018-12-31": "352.50000", "2017-12-31": "696.00000", "2016-12-31": "480.00000", "2015-12-31": "847.60000", "2014-12-31": "929.40000", "2013-12-31": "623.70000", "2012-12-31": "640.90000", "2011-12-31": "536.81000", "2010-12-31": "223.58000", "2009-12-31": "93.53600", "2008-12-31": "-335.11100", "2007-12-31": "-1164.28900", "2007-03-31": "217.28400", "2006-03-31": "184.54200", "2005-03-31": "203.59200"}, "EBITDA": {"2019-12-31": "2734.80000", "2018-12-31": "3015.50000", "2017-12-31": "3243.00000", "2016-12-31": "2222.20100", "2015-12-31": "2493.00000", "2014-12-31": "1919.20100", "2013-12-31": "1651.50000", "2012-12-31": "1656.00000", "2011-12-31": "1516.13700", "2010-12-31": "1144.37200", "2009-12-31": "924.50950", "2008-12-31": "1108.16400", "2007-12-31": "-830.46510", "2007-03-31": "489.06590", "2006-03-31": "334.21490", "2005-03-31": "347.27100"}, "EBIT": {"2019-12-31": "715.50000", "2018-12-31": "905.60060", "2017-12-31": "1437.20000", "2016-12-31": "699.20120", "2015-12-31": "1460.90000", "2014-12-31": "1352.60100", "2013-12-31": "1135.50000", "2012-12-31": "1109.40000", "2011-12-31": "1005.44900", "2010-12-31": "721.58400", "2009-12-31": "523.35250", "2008-12-31": "297.88530", "2007-12-31": "-988.26510", "2007-03-31": "427.55400", "2006-03-31": "287.38790", "2005-03-31": "302.17100"}, "Basic Shares Outstanding": {"2019-12-31": "515.70000", "2018-12-31": "514.50000", "2017-12-31": "534.50000", "2016-12-31": "513.00000", "2015-12-31": "472.20000", "2014-12-31": "373.70000", "2013-12-31": "383.30000", "2012-12-31": "415.20000", "2011-12-31": "430.83900", "2010-12-31": "324.45300", "2009-12-31": "305.16200", "2008-12-31": "304.36000", "2007-12-31": "257.15000", "2007-03-31": "215.09600", "2006-03-31": "229.38900", "2005-03-31": "268.98500"}, "Shares Outstanding": {"2019-12-31": "516.50000", "2018-12-31": "516.50000", "2017-12-31": "536.70000", "2016-12-31": "520.50000", "2015-12-31": "497.40000", "2014-12-31": "398.00000", "2013-12-31": "394.50000", "2012-12-31": "420.20000", "2011-12-31": "438.78500", "2010-12-31": "328.97900", "2009-12-31": "306.91300", "2008-12-31": "304.36000", "2007-12-31": "257.15000", "2007-03-31": "219.12000", "2006-03-31": "234.20900", "2005-03-31": "273.62100"}, "Basic EPS": {"2019-12-31": "0.03000", "2018-12-31": "0.69000", "2017-12-31": "1.30000", "2016-12-31": "0.94000", "2015-12-31": "1.80000", "2014-12-31": "2.49000", "2013-12-31": "1.63000", "2012-12-31": "1.54000", "2011-12-31": "1.25000", "2010-12-31": "0.69000", "2009-12-31": "0.31000", "2008-12-31": "-1.10000", "2007-12-31": "-4.53000", "2007-03-31": "1.01000", "2006-03-31": "0.80000", "2005-03-31": "0.76000"}, "EPS - Earnings Per Share": {"2019-12-31": "0.03000", "2018-12-31": "0.68000", "2017-12-31": "1.30000", "2016-12-31": "0.92000", "2015-12-31": "1.70000", "2014-12-31": "2.34000", "2013-12-31": "1.58000", "2012-12-31": "1.52000", "2011-12-31": "1.22000", "2010-12-31": "0.68000", "2009-12-31": "0.30000", "2008-12-31": "-1.10000", "2007-12-31": "-4.53000", "2007-03-31": "0.99000", "2006-03-31": "0.79000", "2005-03-31": "0.74000"}}, "income statement, quarterly": {"Revenue": {"2020-09-30": "2972.10000", "2020-06-30": "2731.20000", "2020-03-31": "2619.20000", "2019-12-31": "3191.80000", "2019-09-30": "2961.70000", "2019-06-30": "2851.50000", "2019-03-31": "2495.50000", "2018-12-31": "3078.70000", "2018-09-30": "2862.40000", "2018-06-30": "2808.30000", "2018-03-31": "2684.50000", "2017-12-31": "3238.89900", "2017-09-30": "2987.10000", "2017-06-30": "2962.20000", "2017-03-31": "2719.50000", "2016-12-31": "3267.80100", "2016-09-30": "3057.10000", "2016-06-30": "2560.70000", "2016-03-31": "2191.30000", "2015-12-31": "2490.69900", "2015-09-30": "2695.20000", "2015-06-30": "2371.70000", "2015-03-31": "1871.70000", "2014-12-31": "2082.70000", "2014-09-30": "2084.00000", "2014-06-30": "1837.30000", "2014-03-31": "1715.60000", "2013-12-31": "1808.50000", "2013-09-30": "1767.40000", "2013-06-30": "1701.70000", "2013-03-31": "1631.50000", "2012-12-31": "1722.84400", "2012-09-30": "1801.78600", "2012-06-30": "1687.81500", "2012-03-31": "1583.65500", "2011-12-31": "1531.23400", "2011-09-30": "1575.75600", "2011-06-30": "1573.87700", "2011-03-31": "1448.95800", "2010-12-31": "1434.49900", "2010-09-30": "1355.11300", "2010-06-30": "1368.53600", "2010-03-31": "1292.37400", "2009-12-31": "1351.81700", "2009-09-30": "1264.07400", "2009-06-30": "1266.97700", "2009-03-31": "1209.91700", "2008-12-31": "1203.15400", "2008-09-30": "1656.84800", "2008-06-30": "1203.12200", "2008-03-31": "1074.46100", "2007-12-31": "668.08690", "2007-09-30": "477.09100", "2007-06-30": "546.32100", "2007-03-31": "487.26200", "2006-12-31": "401.76100", "2006-09-30": "366.65700", "2006-06-30": "356.14000", "2006-03-31": "", "2005-12-31": "311.24600", "2005-09-30": "297.99400", "2005-06-30": "323.37800", "2005-03-31": ""}, "Cost Of Goods Sold": {"2020-09-30": "1813.60000", "2020-06-30": "1705.50000", "2020-03-31": "1713.10000", "2019-12-31": "2104.40000", "2019-09-30": "1889.30000", "2019-06-30": "1918.90000", "2019-03-31": "1690.30000", "2018-12-31": "2063.10000", "2018-09-30": "1823.20000", "2018-06-30": "1845.80000", "2018-03-31": "1700.20000", "2017-12-31": "1944.30000", "2017-09-30": "1809.00000", "2017-06-30": "1736.80000", "2017-03-31": "1634.50000", "2016-12-31": "1932.80000", "2016-09-30": "1773.80000", "2016-06-30": "1389.00000", "2016-03-31": "1284.30000", "2015-12-31": "1428.10000", "2015-09-30": "1379.90000", "2015-06-30": "1363.60000", "2015-03-31": "1041.60000", "2014-12-31": "1113.70000", "2014-09-30": "1071.60000", "2014-06-30": "1028.50000", "2014-03-31": "977.80000", "2013-12-31": "1012.60000", "2013-09-30": "958.90000", "2013-06-30": "959.30000", "2013-03-31": "938.00000", "2012-12-31": "980.53200", "2012-09-30": "1008.66400", "2012-06-30": "985.17800", "2012-03-31": "913.42600", "2011-12-31": "886.63590", "2011-09-30": "917.36500", "2011-06-30": "904.44800", "2011-03-31": "858.01200", "2010-12-31": "855.30680", "2010-09-30": "775.05600", "2010-06-30": "826.68600", "2010-03-31": "776.07600", "2009-12-31": "835.82500", "2009-09-30": "759.09400", "2009-06-30": "739.21000", "2009-03-31": "684.18400", "2008-12-31": "808.50110", "2008-09-30": "745.71100", "2008-06-30": "788.91200", "2008-03-31": "724.24000", "2007-12-31": "546.83500", "2007-09-30": "255.45000", "2007-06-30": "249.61300", "2007-03-31": "252.41500", "2006-12-31": "177.23000", "2006-09-30": "170.56700", "2006-06-30": "167.94000", "2006-03-31": "", "2005-12-31": "155.44900", "2005-09-30": "154.76300", "2005-06-30": "155.54400", "2005-03-31": ""}, "Gross Profit": {"2020-09-30": "1158.50000", "2020-06-30": "1025.70000", "2020-03-31": "906.10000", "2019-12-31": "1087.40000", "2019-09-30": "1072.40000", "2019-06-30": "932.60000", "2019-03-31": "805.20000", "2018-12-31": "1015.60100", "2018-09-30": "1039.20000", "2018-06-30": "962.50000", "2018-03-31": "984.30000", "2017-12-31": "1294.59900", "2017-09-30": "1178.10000", "2017-06-30": "1225.40000", "2017-03-31": "1085.00000", "2016-12-31": "1335.00100", "2016-09-30": "1283.30000", "2016-06-30": "1171.70000", "2016-03-31": "907.00000", "2015-12-31": "1062.59900", "2015-09-30": "1315.30000", "2015-06-30": "1008.10000", "2015-03-31": "830.10000", "2014-12-31": "969.00020", "2014-09-30": "1012.40000", "2014-06-30": "808.80000", "2014-03-31": "737.80000", "2013-12-31": "795.90040", "2013-09-30": "808.50000", "2013-06-30": "742.40000", "2013-03-31": "693.50000", "2012-12-31": "742.31200", "2012-09-30": "793.12200", "2012-06-30": "702.63700", "2012-03-31": "670.22900", "2011-12-31": "644.59840", "2011-09-30": "658.39100", "2011-06-30": "669.42900", "2011-03-31": "590.94600", "2010-12-31": "579.19220", "2010-09-30": "580.05700", "2010-06-30": "541.85000", "2010-03-31": "516.29800", "2009-12-31": "515.99210", "2009-09-30": "504.98000", "2009-06-30": "527.76700", "2009-03-31": "525.73300", "2008-12-31": "394.65260", "2008-09-30": "911.13700", "2008-06-30": "414.21000", "2008-03-31": "350.22110", "2007-12-31": "121.25190", "2007-09-30": "221.64100", "2007-06-30": "296.70800", "2007-03-31": "234.84700", "2006-12-31": "224.53100", "2006-09-30": "196.09000", "2006-06-30": "188.20000", "2006-03-31": "", "2005-12-31": "155.79700", "2005-09-30": "143.23100", "2005-06-30": "167.83400", "2005-03-31": ""}, "Research And Development Expenses": {"2020-09-30": "129.80000", "2020-06-30": "156.30000", "2020-03-31": "114.20000", "2019-12-31": "151.80000", "2019-09-30": "167.90000", "2019-06-30": "147.60000", "2019-03-31": "172.60000", "2018-12-31": "148.80000", "2018-09-30": "144.10000", "2018-06-30": "206.70000", "2018-03-31": "204.90000", "2017-12-31": "202.40000", "2017-09-30": "182.30000", "2017-06-30": "181.10000", "2017-03-31": "217.50000", "2016-12-31": "194.59990", "2016-09-30": "199.10000", "2016-06-30": "179.50000", "2016-03-31": "253.60000", "2015-12-31": "159.00000", "2015-09-30": "174.80000", "2015-06-30": "168.20000", "2015-03-31": "169.90000", "2014-12-31": "150.20000", "2014-09-30": "158.20000", "2014-06-30": "155.40000", "2014-03-31": "118.00000", "2013-12-31": "155.90000", "2013-09-30": "114.00000", "2013-06-30": "111.40000", "2013-03-31": "126.50000", "2012-12-31": "117.73000", "2012-09-30": "108.25000", "2012-06-30": "94.36100", "2012-03-31": "80.95900", "2011-12-31": "76.07700", "2011-09-30": "70.84700", "2011-06-30": "72.49400", "2011-03-31": "75.31000", "2010-12-31": "82.07100", "2010-09-30": "71.99200", "2010-06-30": "66.78700", "2010-03-31": "61.29600", "2009-12-31": "72.59400", "2009-09-30": "69.81200", "2009-06-30": "74.01600", "2009-03-31": "58.83600", "2008-12-31": "77.89900", "2008-09-30": "74.72100", "2008-06-30": "80.75300", "2008-03-31": "83.84400", "2007-12-31": "43.91800", "2007-09-30": "33.57700", "2007-06-30": "31.72000", "2007-03-31": "36.84800", "2006-12-31": "22.92200", "2006-09-30": "22.69600", "2006-06-30": "21.22500", "2006-03-31": "", "2005-12-31": "29.37500", "2005-09-30": "28.25300", "2005-06-30": "25.18000", "2005-03-31": ""}, "SG&A Expenses": {"2020-09-30": "658.40000", "2020-06-30": "719.40000", "2020-03-31": "605.40000", "2019-12-31": "654.40010", "2019-09-30": "632.70000", "2019-06-30": "668.60000", "2019-03-31": "607.90000", "2018-12-31": "632.89990", "2018-09-30": "577.30000", "2018-06-30": "623.30000", "2018-03-31": "607.50000", "2017-12-31": "660.30000", "2017-09-30": "664.10000", "2017-06-30": "620.50000", "2017-03-31": "630.80000", "2016-12-31": "710.90000", "2016-09-30": "656.90000", "2016-06-30": "581.40000", "2016-03-31": "549.30000", "2015-12-31": "596.19990", "2015-09-30": "537.10000", "2015-06-30": "564.20000", "2015-03-31": "483.20000", "2014-12-31": "425.59990", "2014-09-30": "418.30000", "2014-06-30": "404.10000", "2014-03-31": "377.70000", "2013-12-31": "391.89990", "2013-09-30": "349.80000", "2013-06-30": "315.40000", "2013-03-31": "351.40000", "2012-12-31": "354.59800", "2012-09-30": "342.23200", "2012-06-30": "359.01100", "2012-03-31": "336.55900", "2011-12-31": "301.02700", "2011-09-30": "319.38900", "2011-06-30": "314.22000", "2011-03-31": "279.99500", "2010-12-31": "290.19000", "2010-09-30": "272.28500", "2010-06-30": "268.37300", "2010-03-31": "255.76100", "2009-12-31": "269.19100", "2009-09-30": "259.60900", "2009-06-30": "279.67200", "2009-03-31": "241.67300", "2008-12-31": "265.53100", "2008-09-30": "275.58400", "2008-06-30": "259.45700", "2008-03-31": "252.91300", "2007-12-31": "212.91400", "2007-09-30": "97.01600", "2007-06-30": "76.91400", "2007-03-31": "62.75400", "2006-12-31": "", "2006-09-30": "50.34800", "2006-06-30": "49.82600", "2006-03-31": "", "2005-12-31": "", "2005-09-30": "56.99500", "2005-06-30": "71.08900", "2005-03-31": ""}, "Other Operating Income Or Expenses": {"2020-09-30": "-18.90000", "2020-06-30": "-15.80000", "2020-03-31": "-1.80000", "2019-12-31": "-8.90000", "2019-09-30": "51.90000", "2019-06-30": "-20.90000", "2019-03-31": "-0.70000", "2018-12-31": "-1.10000", "2018-09-30": "20.40000", "2018-06-30": "46.40000", "2018-03-31": "-16.20000", "2017-12-31": "-12.70000", "2017-09-30": "-15.20000", "2017-06-30": "50.00000", "2017-03-31": "-9.00000", "2016-12-31": "-116.10000", "2016-09-30": "-558.00000", "2016-06-30": "0.10000", "2016-03-31": "1.50000", "2015-12-31": "116.50000", "2015-09-30": "-2.30000", "2015-06-30": "0.90000", "2015-03-31": "-17.70000", "2014-12-31": "-0.70000", "2014-09-30": "59.10000", "2014-06-30": "-23.20000", "2014-03-31": "-3.10000", "2013-12-31": "25.10000", "2013-09-30": "-4.90000", "2013-06-30": "-6.90000", "2013-03-31": "-1.80000", "2012-12-31": "-7.28300", "2012-09-30": "-7.95000", "2012-06-30": "12.20600", "2012-03-31": "-2.17300", "2011-12-31": "-20.09900", "2011-09-30": "-2.24700", "2011-06-30": "-2.24400", "2011-03-31": "-23.96600", "2010-12-31": "-112.75800", "2010-09-30": "-1.46200", "2010-06-30": "-12.10400", "2010-03-31": "-0.73400", "2009-12-31": "-114.18700", "2009-09-30": "-114.28100", "2009-06-30": "0.63400", "2009-03-31": "2.11700", "2008-12-31": "", "2008-09-30": "", "2008-06-30": "", "2008-03-31": "", "2007-12-31": "-2.82600", "2007-09-30": "0.84800", "2007-06-30": "", "2007-03-31": "3.96200", "2006-12-31": "34.64500", "2006-09-30": "11.50000", "2006-06-30": "", "2006-03-31": "", "2005-12-31": "-0.34500", "2005-09-30": "", "2005-06-30": "-12.00000", "2005-03-31": ""}, "Operating Expenses": {"2020-09-30": "2620.70000", "2020-06-30": "2597.00000", "2020-03-31": "2434.50000", "2019-12-31": "2919.50000", "2019-09-30": "2638.00000", "2019-06-30": "2756.00000", "2019-03-31": "2471.50000", "2018-12-31": "2845.89900", "2018-09-30": "2524.20000", "2018-06-30": "2629.40000", "2018-03-31": "2528.80000", "2017-12-31": "2819.70000", "2017-09-30": "2670.60000", "2017-06-30": "2488.40000", "2017-03-31": "2491.80000", "2016-12-31": "2954.40000", "2016-09-30": "3187.80000", "2016-06-30": "2149.80000", "2016-03-31": "2085.70000", "2015-12-31": "2066.80000", "2015-09-30": "2094.10000", "2015-06-30": "2095.10000", "2015-03-31": "1712.40000", "2014-12-31": "1690.20000", "2014-09-30": "1589.00000", "2014-06-30": "1611.20000", "2014-03-31": "1476.60000", "2013-12-31": "1535.30000", "2013-09-30": "1427.60000", "2013-06-30": "1393.00000", "2013-03-31": "1417.70000", "2012-12-31": "1460.14400", "2012-09-30": "1467.09600", "2012-06-30": "1426.34400", "2012-03-31": "1333.11700", "2011-12-31": "1283.83900", "2011-09-30": "1309.84800", "2011-06-30": "1293.40600", "2011-03-31": "1237.28300", "2010-12-31": "1340.32600", "2010-09-30": "1120.79500", "2010-06-30": "1173.95000", "2010-03-31": "1093.86700", "2009-12-31": "1291.79700", "2009-09-30": "1202.79600", "2009-06-30": "1092.26400", "2009-03-31": "982.57600", "2008-12-31": "1168.56500", "2008-09-30": "1096.01600", "2008-06-30": "1129.12200", "2008-03-31": "1445.99700", "2007-12-31": "1928.52900", "2007-09-30": "385.19500", "2007-06-30": "358.24700", "2007-03-31": "495.05500", "2006-12-31": "", "2006-09-30": "232.11100", "2006-06-30": "238.99100", "2006-03-31": "", "2005-12-31": "", "2005-09-30": "240.01100", "2005-06-30": "263.81300", "2005-03-31": ""}, "Operating Income": {"2020-09-30": "351.40010", "2020-06-30": "134.19970", "2020-03-31": "184.70000", "2019-12-31": "272.29980", "2019-09-30": "323.70000", "2019-06-30": "95.50000", "2019-03-31": "24.00000", "2018-12-31": "232.80100", "2018-09-30": "338.20000", "2018-06-30": "178.89990", "2018-03-31": "155.70000", "2017-12-31": "419.19900", "2017-09-30": "316.50020", "2017-06-30": "473.80000", "2017-03-31": "227.70000", "2016-12-31": "313.40090", "2016-09-30": "-130.70000", "2016-06-30": "410.90010", "2016-03-31": "105.60010", "2015-12-31": "423.89970", "2015-09-30": "601.09990", "2015-06-30": "276.59990", "2015-03-31": "159.30000", "2014-12-31": "392.50060", "2014-09-30": "495.00010", "2014-06-30": "226.10010", "2014-03-31": "239.00000", "2013-12-31": "273.20030", "2013-09-30": "339.80000", "2013-06-30": "308.70000", "2013-03-31": "213.79990", "2012-12-31": "262.70020", "2012-09-30": "334.69010", "2012-06-30": "261.47110", "2012-03-31": "250.53810", "2011-12-31": "247.39530", "2011-09-30": "265.90810", "2011-06-30": "280.47090", "2011-03-31": "211.67500", "2010-12-31": "94.17300", "2010-09-30": "234.31800", "2010-06-30": "194.58610", "2010-03-31": "198.50700", "2009-12-31": "60.02030", "2009-09-30": "61.27800", "2009-06-30": "174.71310", "2009-03-31": "227.34100", "2008-12-31": "34.58910", "2008-09-30": "560.83200", "2008-06-30": "74.00000", "2008-03-31": "-371.53590", "2007-12-31": "-1260.44200", "2007-09-30": "91.89600", "2007-06-30": "188.07400", "2007-03-31": "-7.79300", "2006-12-31": "401.76100", "2006-09-30": "134.54600", "2006-06-30": "117.14900", "2006-03-31": "", "2005-12-31": "311.24600", "2005-09-30": "57.98300", "2005-06-30": "59.56500", "2005-03-31": ""}, "Total Non-Operating Income/Expense": {"2020-09-30": "-109.80000", "2020-06-30": "-114.20000", "2020-03-31": "-154.00000", "2019-12-31": "-137.10000", "2019-09-30": "-137.90000", "2019-06-30": "-147.60000", "2019-03-31": "-138.50000", "2018-12-31": "-155.80000", "2018-09-30": "-146.00000", "2018-06-30": "-160.20000", "2018-03-31": "-145.20000", "2017-12-31": "-92.09990", "2017-09-30": "-136.90000", "2017-06-30": "-149.10000", "2017-03-31": "-156.10000", "2016-12-31": "-88.50000", "2016-09-30": "-194.60000", "2016-06-30": "-207.80000", "2016-03-31": "-86.60000", "2015-12-31": "-205.60000", "2015-09-30": "-146.00000", "2015-06-30": "-95.90000", "2015-03-31": "-98.00000", "2014-12-31": "-120.10000", "2014-09-30": "-82.40000", "2014-06-30": "-88.30000", "2014-03-31": "-87.30000", "2013-12-31": "-80.10000", "2013-09-30": "-144.50000", "2013-06-30": "-89.00000", "2013-03-31": "-74.60000", "2012-12-31": "-71.67800", "2012-09-30": "-69.84200", "2012-06-30": "-71.45600", "2012-03-31": "-92.22400", "2011-12-31": "-118.51900", "2011-09-30": "-73.69900", "2011-06-30": "-77.43600", "2011-03-31": "-81.15900", "2010-12-31": "-96.21600", "2010-09-30": "-102.80500", "2010-06-30": "-93.64100", "2010-03-31": "-72.97800", "2009-12-31": "-85.90900", "2009-09-30": "-76.79100", "2009-06-30": "-52.86400", "2009-03-31": "-80.81300", "2008-12-31": "-107.61900", "2008-09-30": "-87.77400", "2008-06-30": "-84.53100", "2008-03-31": "-89.51800", "2007-12-31": "-183.63700", "2007-09-30": "143.72500", "2007-06-30": "-59.27700", "2007-03-31": "-10.53500", "2006-12-31": "", "2006-09-30": "-12.66300", "2006-06-30": "-0.77500", "2006-03-31": "", "2005-12-31": "", "2005-09-30": "-4.59500", "2005-06-30": "5.55600", "2005-03-31": ""}, "Pre-Tax Income": {"2020-09-30": "241.60000", "2020-06-30": "20.00000", "2020-03-31": "30.70000", "2019-12-31": "135.20000", "2019-09-30": "185.80000", "2019-06-30": "-52.10000", "2019-03-31": "-114.50000", "2018-12-31": "77.00000", "2018-09-30": "192.20000", "2018-06-30": "18.70000", "2018-03-31": "10.50000", "2017-12-31": "327.10000", "2017-09-30": "179.60000", "2017-06-30": "324.70000", "2017-03-31": "71.60000", "2016-12-31": "224.90000", "2016-09-30": "-325.30000", "2016-06-30": "203.10000", "2016-03-31": "19.00000", "2015-12-31": "218.30000", "2015-09-30": "455.10000", "2015-06-30": "180.70000", "2015-03-31": "61.30000", "2014-12-31": "272.40000", "2014-09-30": "412.60000", "2014-06-30": "137.80000", "2014-03-31": "151.70000", "2013-12-31": "193.10000", "2013-09-30": "195.30000", "2013-06-30": "219.70000", "2013-03-31": "139.20000", "2012-12-31": "191.02300", "2012-09-30": "264.84800", "2012-06-30": "190.01500", "2012-03-31": "158.31400", "2011-12-31": "128.87600", "2011-09-30": "192.20900", "2011-06-30": "203.03500", "2011-03-31": "130.51600", "2010-12-31": "-2.04300", "2010-09-30": "131.51300", "2010-06-30": "100.94500", "2010-03-31": "125.52900", "2009-12-31": "-25.88900", "2009-09-30": "-15.51300", "2009-06-30": "121.84900", "2009-03-31": "146.52800", "2008-12-31": "-73.03000", "2008-09-30": "473.05800", "2008-06-30": "-10.53100", "2008-03-31": "-461.05400", "2007-12-31": "-1444.07900", "2007-09-30": "235.62100", "2007-06-30": "128.79700", "2007-03-31": "-18.32800", "2006-12-31": "205.58300", "2006-09-30": "121.88300", "2006-06-30": "116.37400", "2006-03-31": "", "2005-12-31": "71.93400", "2005-09-30": "53.38800", "2005-06-30": "65.12100", "2005-03-31": ""}, "Income Taxes": {"2020-09-30": "55.90000", "2020-06-30": "-19.40000", "2020-03-31": "9.90000", "2019-12-31": "114.70000", "2019-09-30": "-4.00000", "2019-06-30": "116.40000", "2019-03-31": "-89.50000", "2018-12-31": "25.80000", "2018-09-30": "15.50000", "2018-06-30": "-18.80000", "2018-03-31": "-76.60000", "2017-12-31": "82.80000", "2017-09-30": "91.30000", "2017-06-30": "27.70000", "2017-03-31": "5.20000", "2016-12-31": "-192.60000", "2016-09-30": "-205.50000", "2016-06-30": "34.70000", "2016-03-31": "5.10000", "2015-12-31": "23.70000", "2015-09-30": "26.50000", "2015-06-30": "12.80000", "2015-03-31": "4.70000", "2014-12-31": "81.90000", "2014-09-30": "-86.80000", "2014-06-30": "11.20000", "2014-03-31": "35.10000", "2013-12-31": "12.20000", "2013-09-30": "35.90000", "2013-06-30": "41.00000", "2013-03-31": "31.70000", "2012-12-31": "28.75100", "2012-09-30": "52.76200", "2012-06-30": "50.84300", "2012-03-31": "28.84400", "2011-12-31": "-1.01800", "2011-09-30": "34.83100", "2011-06-30": "56.04900", "2011-03-31": "25.97100", "2010-12-31": "-22.84300", "2010-09-30": "-12.02600", "2010-06-30": "14.01200", "2010-03-31": "31.25900", "2009-12-31": "-73.31300", "2009-09-30": "-11.09200", "2009-06-30": "26.17800", "2009-03-31": "37.45400", "2008-12-31": "-51.51200", "2008-09-30": "256.08800", "2008-06-30": "-28.90500", "2008-03-31": "-47.12100", "2007-12-31": "-137.04200", "2007-09-30": "88.49800", "2007-06-30": "49.20700", "2007-03-31": "52.75000", "2006-12-31": "70.13800", "2006-09-30": "44.34200", "2006-06-30": "40.78700", "2006-03-31": "", "2005-12-31": "23.72700", "2005-09-30": "17.61800", "2005-06-30": "22.20600", "2005-03-31": ""}, "Income After Taxes": {"2020-09-30": "185.70000", "2020-06-30": "39.40000", "2020-03-31": "20.80000", "2019-12-31": "20.50000", "2019-09-30": "189.80000", "2019-06-30": "-168.50000", "2019-03-31": "-25.00000", "2018-12-31": "51.20000", "2018-09-30": "176.70000", "2018-06-30": "37.50000", "2018-03-31": "87.10000", "2017-12-31": "244.30000", "2017-09-30": "88.30000", "2017-06-30": "297.00000", "2017-03-31": "66.40000", "2016-12-31": "417.50000", "2016-09-30": "-119.80000", "2016-06-30": "168.40000", "2016-03-31": "13.90000", "2015-12-31": "194.60000", "2015-09-30": "428.60000", "2015-06-30": "167.90000", "2015-03-31": "56.60000", "2014-12-31": "190.49990", "2014-09-30": "499.40000", "2014-06-30": "126.60000", "2014-03-31": "116.60000", "2013-12-31": "180.90000", "2013-09-30": "159.40000", "2013-06-30": "178.70000", "2013-03-31": "107.50000", "2012-12-31": "162.27200", "2012-09-30": "212.08600", "2012-06-30": "139.17200", "2012-03-31": "129.47000", "2011-12-31": "129.89400", "2011-09-30": "157.37800", "2011-06-30": "146.98600", "2011-03-31": "104.54500", "2010-12-31": "20.80000", "2010-09-30": "143.53900", "2010-06-30": "86.93300", "2010-03-31": "94.27000", "2009-12-31": "47.42400", "2009-09-30": "-4.42100", "2009-06-30": "95.67100", "2009-03-31": "109.07400", "2008-12-31": "-21.51800", "2008-09-30": "216.97000", "2008-06-30": "18.37400", "2008-03-31": "-413.93300", "2007-12-31": "-1307.03700", "2007-09-30": "147.12300", "2007-06-30": "79.59000", "2007-03-31": "-71.07800", "2006-12-31": "", "2006-09-30": "77.54100", "2006-06-30": "75.58700", "2006-03-31": "", "2005-12-31": "", "2005-09-30": "35.77000", "2005-06-30": "42.91500", "2005-03-31": ""}, "Other Income": {"2020-09-30": "", "2020-06-30": "", "2020-03-31": "", "2019-12-31": "", "2019-09-30": "", "2019-06-30": "", "2019-03-31": "", "2018-12-31": "", "2018-09-30": "", "2018-06-30": "", "2018-03-31": "", "2017-12-31": "", "2017-09-30": "", "2017-06-30": "", "2017-03-31": "", "2016-12-31": "", "2016-09-30": "", "2016-06-30": "", "2016-03-31": "", "2015-12-31": "", "2015-09-30": "", "2015-06-30": "", "2015-03-31": "", "2014-12-31": "", "2014-09-30": "", "2014-06-30": "", "2014-03-31": "", "2013-12-31": "", "2013-09-30": "", "2013-06-30": "", "2013-03-31": "", "2012-12-31": "", "2012-09-30": "", "2012-06-30": "", "2012-03-31": "", "2011-12-31": "", "2011-09-30": "", "2011-06-30": "", "2011-03-31": "", "2010-12-31": "", "2010-09-30": "", "2010-06-30": "", "2010-03-31": "", "2009-12-31": "", "2009-09-30": "", "2009-06-30": "", "2009-03-31": "", "2008-12-31": "", "2008-09-30": "", "2008-06-30": "", "2008-03-31": "", "2007-12-31": "", "2007-09-30": "", "2007-06-30": "", "2007-03-31": "", "2006-12-31": "", "2006-09-30": "", "2006-06-30": "", "2006-03-31": "", "2005-12-31": "", "2005-09-30": "", "2005-06-30": "", "2005-03-31": ""}, "Income From Continuous Operations": {"2020-09-30": "185.70000", "2020-06-30": "39.40000", "2020-03-31": "20.80000", "2019-12-31": "20.50000", "2019-09-30": "189.80000", "2019-06-30": "-168.50000", "2019-03-31": "-25.00000", "2018-12-31": "51.20000", "2018-09-30": "176.70000", "2018-06-30": "37.50000", "2018-03-31": "87.10000", "2017-12-31": "244.30000", "2017-09-30": "88.30000", "2017-06-30": "297.00000", "2017-03-31": "66.40000", "2016-12-31": "417.50000", "2016-09-30": "-119.80000", "2016-06-30": "168.40000", "2016-03-31": "13.90000", "2015-12-31": "194.60000", "2015-09-30": "428.60000", "2015-06-30": "167.90000", "2015-03-31": "56.60000", "2014-12-31": "190.49990", "2014-09-30": "499.40000", "2014-06-30": "126.60000", "2014-03-31": "116.60000", "2013-12-31": "180.90000", "2013-09-30": "159.40000", "2013-06-30": "178.70000", "2013-03-31": "107.50000", "2012-12-31": "162.27200", "2012-09-30": "212.08600", "2012-06-30": "139.17200", "2012-03-31": "129.47000", "2011-12-31": "129.89400", "2011-09-30": "157.37800", "2011-06-30": "146.98600", "2011-03-31": "104.54500", "2010-12-31": "20.80000", "2010-09-30": "143.53900", "2010-06-30": "86.93300", "2010-03-31": "94.27000", "2009-12-31": "47.42400", "2009-09-30": "-4.42100", "2009-06-30": "95.67100", "2009-03-31": "109.07400", "2008-12-31": "-21.51800", "2008-09-30": "216.97000", "2008-06-30": "18.37400", "2008-03-31": "-413.93300", "2007-12-31": "-1309.66700", "2007-09-30": "149.82700", "2007-06-30": "79.72700", "2007-03-31": "-71.28900", "2006-12-31": "", "2006-09-30": "77.54100", "2006-06-30": "75.58700", "2006-03-31": "", "2005-12-31": "", "2005-09-30": "35.77000", "2005-06-30": "42.91500", "2005-03-31": ""}, "Income From Discontinued Operations": {"2020-09-30": "", "2020-06-30": "", "2020-03-31": "", "2019-12-31": "", "2019-09-30": "", "2019-06-30": "", "2019-03-31": "", "2018-12-31": "", "2018-09-30": "", "2018-06-30": "", "2018-03-31": "", "2017-12-31": "", "2017-09-30": "", "2017-06-30": "", "2017-03-31": "", "2016-12-31": "", "2016-09-30": "", "2016-06-30": "", "2016-03-31": "", "2015-12-31": "", "2015-09-30": "", "2015-06-30": "", "2015-03-31": "", "2014-12-31": "", "2014-09-30": "", "2014-06-30": "", "2014-03-31": "", "2013-12-31": "", "2013-09-30": "", "2013-06-30": "", "2013-03-31": "", "2012-12-31": "", "2012-09-30": "", "2012-06-30": "", "2012-03-31": "", "2011-12-31": "", "2011-09-30": "", "2011-06-30": "", "2011-03-31": "", "2010-12-31": "", "2010-09-30": "", "2010-06-30": "", "2010-03-31": "", "2009-12-31": "", "2009-09-30": "", "2009-06-30": "", "2009-03-31": "", "2008-12-31": "", "2008-09-30": "", "2008-06-30": "", "2008-03-31": "", "2007-12-31": "", "2007-09-30": "", "2007-06-30": "", "2007-03-31": "", "2006-12-31": "", "2006-09-30": "", "2006-06-30": "", "2006-03-31": "", "2005-12-31": "", "2005-09-30": "", "2005-06-30": "", "2005-03-31": ""}, "Net Income": {"2020-09-30": "185.70000", "2020-06-30": "39.40000", "2020-03-31": "20.80000", "2019-12-31": "20.50000", "2019-09-30": "189.80000", "2019-06-30": "-168.50000", "2019-03-31": "-25.00000", "2018-12-31": "51.20000", "2018-09-30": "176.70000", "2018-06-30": "37.50000", "2018-03-31": "87.10000", "2017-12-31": "244.30000", "2017-09-30": "88.30000", "2017-06-30": "297.00000", "2017-03-31": "66.40000", "2016-12-31": "417.50000", "2016-09-30": "-119.80000", "2016-06-30": "168.40000", "2016-03-31": "13.90000", "2015-12-31": "194.60000", "2015-09-30": "428.60000", "2015-06-30": "167.80000", "2015-03-31": "56.60000", "2014-12-31": "189.20000", "2014-09-30": "499.10000", "2014-06-30": "125.20000", "2014-03-31": "115.90000", "2013-12-31": "180.20000", "2013-09-30": "158.90000", "2013-06-30": "177.70000", "2013-03-31": "106.90000", "2012-12-31": "162.01400", "2012-09-30": "211.25700", "2012-06-30": "138.55000", "2012-03-31": "129.07900", "2011-12-31": "129.49100", "2011-09-30": "156.69800", "2011-06-30": "146.44600", "2011-03-31": "104.17500", "2010-12-31": "2.58900", "2010-09-30": "108.42400", "2010-06-30": "51.46900", "2010-03-31": "61.09800", "2009-12-31": "4.14700", "2009-09-30": "-40.02100", "2009-06-30": "58.11100", "2009-03-31": "71.29900", "2008-12-31": "-54.55100", "2008-09-30": "182.36200", "2008-06-30": "-16.31300", "2008-03-31": "-446.60900", "2007-12-31": "-1322.55400", "2007-09-30": "149.82700", "2007-06-30": "79.72700", "2007-03-31": "-71.28900", "2006-12-31": "135.44500", "2006-09-30": "77.54100", "2006-06-30": "75.58700", "2006-03-31": "", "2005-12-31": "48.20700", "2005-09-30": "35.77000", "2005-06-30": "42.91500", "2005-03-31": ""}, "EBITDA": {"2020-09-30": "783.70010", "2020-06-30": "549.89970", "2020-03-31": "599.70000", "2019-12-31": "819.99990", "2019-09-30": "793.39990", "2019-06-30": "596.90000", "2019-03-31": "524.50000", "2018-12-31": "841.70090", "2018-09-30": "838.79990", "2018-06-30": "680.79990", "2018-03-31": "654.20000", "2017-12-31": "945.19900", "2017-09-30": "759.60030", "2017-06-30": "895.00010", "2017-03-31": "643.20000", "2016-12-31": "790.00090", "2016-09-30": "315.20010", "2016-06-30": "714.30020", "2016-03-31": "402.70010", "2015-12-31": "764.59960", "2015-09-30": "858.79990", "2015-06-30": "535.29990", "2015-03-31": "334.30000", "2014-12-31": "561.00060", "2014-09-30": "628.70010", "2014-06-30": "355.30010", "2014-03-31": "374.20000", "2013-12-31": "415.30030", "2013-09-30": "466.70000", "2013-06-30": "426.80000", "2013-03-31": "342.69990", "2012-12-31": "391.47820", "2012-09-30": "505.86410", "2012-06-30": "384.45210", "2012-03-31": "374.20510", "2011-12-31": "371.63230", "2011-09-30": "407.48210", "2011-06-30": "405.79690", "2011-03-31": "331.22600", "2010-12-31": "207.08900", "2010-09-30": "339.25700", "2010-06-30": "297.05300", "2010-03-31": "300.97300", "2009-12-31": "164.22830", "2009-09-30": "164.86600", "2009-06-30": "273.43710", "2009-03-31": "321.97800", "2008-12-31": "132.07710", "2008-09-30": "668.43700", "2008-06-30": "183.67600", "2008-03-31": "123.97410", "2007-12-31": "-1181.35500", "2007-09-30": "119.23700", "2007-06-30": "214.94200", "2007-03-31": "16.71100", "2006-12-31": "414.88200", "2006-09-30": "146.64600", "2006-06-30": "117.14900", "2006-03-31": "", "2005-12-31": "322.45200", "2005-09-30": "70.40600", "2005-06-30": "59.56500", "2005-03-31": ""}, "EBIT": {"2020-09-30": "351.40010", "2020-06-30": "134.19970", "2020-03-31": "184.70000", "2019-12-31": "272.30000", "2019-09-30": "323.70000", "2019-06-30": "95.50000", "2019-03-31": "24.00000", "2018-12-31": "232.80080", "2018-09-30": "338.20000", "2018-06-30": "178.89990", "2018-03-31": "155.70000", "2017-12-31": "419.20000", "2017-09-30": "316.50020", "2017-06-30": "473.80000", "2017-03-31": "227.70000", "2016-12-31": "313.40090", "2016-09-30": "-130.70000", "2016-06-30": "410.90010", "2016-03-31": "105.60010", "2015-12-31": "423.90010", "2015-09-30": "601.09990", "2015-06-30": "276.59990", "2015-03-31": "159.30000", "2014-12-31": "392.50040", "2014-09-30": "495.00010", "2014-06-30": "226.10010", "2014-03-31": "239.00000", "2013-12-31": "273.20010", "2013-09-30": "339.80000", "2013-06-30": "308.70000", "2013-03-31": "213.79990", "2012-12-31": "262.70070", "2012-09-30": "334.69010", "2012-06-30": "261.47110", "2012-03-31": "250.53810", "2011-12-31": "247.39510", "2011-09-30": "265.90810", "2011-06-30": "280.47090", "2011-03-31": "211.67500", "2010-12-31": "94.17300", "2010-09-30": "234.31800", "2010-06-30": "194.58610", "2010-03-31": "198.50700", "2009-12-31": "60.02050", "2009-09-30": "61.27800", "2009-06-30": "174.71310", "2009-03-31": "227.34100", "2008-12-31": "34.58910", "2008-09-30": "560.83200", "2008-06-30": "74.00000", "2008-03-31": "-371.53590", "2007-12-31": "-1260.44200", "2007-09-30": "91.89600", "2007-06-30": "188.07400", "2007-03-31": "-7.79300", "2006-12-31": "", "2006-09-30": "134.54600", "2006-06-30": "117.14900", "2006-03-31": "", "2005-12-31": "", "2005-09-30": "57.98300", "2005-06-30": "59.56500", "2005-03-31": ""}, "Basic Shares Outstanding": {"2020-09-30": "516.90000", "2020-06-30": "516.90000", "2020-03-31": "516.40000", "2019-12-31": "515.70000", "2019-09-30": "516.00000", "2019-06-30": "515.50000", "2019-03-31": "515.00000", "2018-12-31": "514.50000", "2018-09-30": "514.50000", "2018-06-30": "514.40000", "2018-03-31": "514.40000", "2017-12-31": "534.50000", "2017-09-30": "535.20000", "2017-06-30": "535.00000", "2017-03-31": "534.50000", "2016-12-31": "513.00000", "2016-09-30": "523.60000", "2016-06-30": "504.40000", "2016-03-31": "489.80000", "2015-12-31": "472.20000", "2015-09-30": "490.50000", "2015-06-30": "490.10000", "2015-03-31": "418.00000", "2014-12-31": "373.70000", "2014-09-30": "374.10000", "2014-06-30": "373.80000", "2014-03-31": "372.30000", "2013-12-31": "383.30000", "2013-09-30": "382.10000", "2013-06-30": "381.20000", "2013-03-31": "393.20000", "2012-12-31": "415.20000", "2012-09-30": "406.46900", "2012-06-30": "420.28100", "2012-03-31": "427.25100", "2011-12-31": "430.83900", "2011-09-30": "426.41200", "2011-06-30": "433.23600", "2011-03-31": "437.14800", "2010-12-31": "324.45300", "2010-09-30": "309.44600", "2010-06-30": "308.96800", "2010-03-31": "306.99600", "2009-12-31": "305.16200", "2009-09-30": "305.28500", "2009-06-30": "304.99100", "2009-03-31": "304.57800", "2008-12-31": "304.36000", "2008-09-30": "304.44900", "2008-06-30": "304.28400", "2008-03-31": "304.18100", "2007-12-31": "257.15000", "2007-09-30": "248.66000", "2007-06-30": "248.47700", "2007-03-31": "227.15800", "2006-12-31": "212.27100", "2006-09-30": "210.99900", "2006-06-30": "209.95500", "2006-03-31": "", "2005-12-31": "213.35100", "2005-09-30": "225.04200", "2005-06-30": "269.44500", "2005-03-31": ""}, "Shares Outstanding": {"2020-09-30": "517.70000", "2020-06-30": "517.20000", "2020-03-31": "517.00000", "2019-12-31": "516.50000", "2019-09-30": "516.20000", "2019-06-30": "515.50000", "2019-03-31": "515.00000", "2018-12-31": "516.50000", "2018-09-30": "516.50000", "2018-06-30": "516.30000", "2018-03-31": "516.80000", "2017-12-31": "536.70000", "2017-09-30": "537.00000", "2017-06-30": "537.00000", "2017-03-31": "536.90000", "2016-12-31": "520.50000", "2016-09-30": "523.60000", "2016-06-30": "509.70000", "2016-03-31": "509.60000", "2015-12-31": "497.40000", "2015-09-30": "514.00000", "2015-06-30": "521.90000", "2015-03-31": "443.80000", "2014-12-31": "398.00000", "2014-09-30": "397.30000", "2014-06-30": "397.40000", "2014-03-31": "396.70000", "2013-12-31": "394.50000", "2013-09-30": "395.50000", "2013-06-30": "387.10000", "2013-03-31": "399.00000", "2012-12-31": "420.20000", "2012-09-30": "411.56200", "2012-06-30": "424.39400", "2012-03-31": "432.36500", "2011-12-31": "438.78500", "2011-09-30": "431.58700", "2011-06-30": "445.39100", "2011-03-31": "448.47300", "2010-12-31": "328.97900", "2010-09-30": "437.92100", "2010-06-30": "314.40700", "2010-03-31": "311.94800", "2009-12-31": "306.91300", "2009-09-30": "305.28500", "2009-06-30": "306.25600", "2009-03-31": "458.04900", "2008-12-31": "304.36000", "2008-09-30": "458.35000", "2008-06-30": "304.28400", "2008-03-31": "304.18100", "2007-12-31": "257.15000", "2007-09-30": "250.50000", "2007-06-30": "251.60400", "2007-03-31": "227.15800", "2006-12-31": "215.95800", "2006-09-30": "215.07700", "2006-06-30": "214.79100", "2006-03-31": "", "2005-12-31": "218.70500", "2005-09-30": "229.25900", "2005-06-30": "273.26200", "2005-03-31": ""}, "Basic EPS": {"2020-09-30": "0.36000", "2020-06-30": "0.08000", "2020-03-31": "0.04000", "2019-12-31": "0.04000", "2019-09-30": "0.37000", "2019-06-30": "-0.33000", "2019-03-31": "-0.05000", "2018-12-31": "0.11000", "2018-09-30": "0.34000", "2018-06-30": "0.07000", "2018-03-31": "0.17000", "2017-12-31": "0.45000", "2017-09-30": "0.17000", "2017-06-30": "0.56000", "2017-03-31": "0.12000", "2016-12-31": "0.81000", "2016-09-30": "-0.23000", "2016-06-30": "0.33000", "2016-03-31": "0.03000", "2015-12-31": "0.45000", "2015-09-30": "0.87000", "2015-06-30": "0.34000", "2015-03-31": "0.14000", "2014-12-31": "0.51000", "2014-09-30": "1.33000", "2014-06-30": "0.34000", "2014-03-31": "0.31000", "2013-12-31": "0.47000", "2013-09-30": "0.42000", "2013-06-30": "0.47000", "2013-03-31": "0.27000", "2012-12-31": "0.39000", "2012-09-30": "0.52000", "2012-06-30": "0.33000", "2012-03-31": "0.30000", "2011-12-31": "0.30000", "2011-09-30": "0.37000", "2011-06-30": "0.34000", "2011-03-31": "0.24000", "2010-12-31": "-0.03000", "2010-09-30": "0.35000", "2010-06-30": "0.17000", "2010-03-31": "0.20000", "2009-12-31": "0.02000", "2009-09-30": "-0.13000", "2009-06-30": "0.19000", "2009-03-31": "0.23000", "2008-12-31": "-0.18000", "2008-09-30": "0.60000", "2008-06-30": "-0.05000", "2008-03-31": "-1.47000", "2007-12-31": "-5.14000", "2007-09-30": "0.60000", "2007-06-30": "0.32000", "2007-03-31": "-0.31000", "2006-12-31": "0.64000", "2006-09-30": "0.37000", "2006-06-30": "0.36000", "2006-03-31": "", "2005-12-31": "0.23000", "2005-09-30": "0.16000", "2005-06-30": "0.16000", "2005-03-31": ""}, "EPS - Earnings Per Share": {"2020-09-30": "0.36000", "2020-06-30": "0.08000", "2020-03-31": "0.04000", "2019-12-31": "0.04000", "2019-09-30": "0.37000", "2019-06-30": "-0.33000", "2019-03-31": "-0.05000", "2018-12-31": "0.10000", "2018-09-30": "0.34000", "2018-06-30": "0.07000", "2018-03-31": "0.17000", "2017-12-31": "0.47000", "2017-09-30": "0.16000", "2017-06-30": "0.55000", "2017-03-31": "0.12000", "2016-12-31": "0.79000", "2016-09-30": "-0.23000", "2016-06-30": "0.33000", "2016-03-31": "0.03000", "2015-12-31": "0.42000", "2015-09-30": "0.83000", "2015-06-30": "0.32000", "2015-03-31": "0.13000", "2014-12-31": "0.47000", "2014-09-30": "1.26000", "2014-06-30": "0.32000", "2014-03-31": "0.29000", "2013-12-31": "0.45000", "2013-09-30": "0.40000", "2013-06-30": "0.46000", "2013-03-31": "0.27000", "2012-12-31": "0.38000", "2012-09-30": "0.51000", "2012-06-30": "0.33000", "2012-03-31": "0.30000", "2011-12-31": "0.30000", "2011-09-30": "0.36000", "2011-06-30": "0.33000", "2011-03-31": "0.23000", "2010-12-31": "-0.01000", "2010-09-30": "0.33000", "2010-06-30": "0.16000", "2010-03-31": "0.20000", "2009-12-31": "0.01000", "2009-09-30": "-0.13000", "2009-06-30": "0.19000", "2009-03-31": "0.23000", "2008-12-31": "-0.05000", "2008-09-30": "0.47000", "2008-06-30": "-0.05000", "2008-03-31": "-1.47000", "2007-12-31": "-5.14000", "2007-09-30": "0.60000", "2007-06-30": "0.32000", "2007-03-31": "-0.31000", "2006-12-31": "0.63000", "2006-09-30": "0.36000", "2006-06-30": "0.35000", "2006-03-31": "0.00000", "2005-12-31": "0.22000", "2005-09-30": "0.16000", "2005-06-30": "0.16000", "2005-03-31": "0.00000"}}, "balance sheet": {"Cash On Hand": {"2019-12-31": "475.60000", "2018-12-31": "388.10000", "2017-12-31": "292.10000", "2016-12-31": "998.80000", "2015-12-31": "1236.00000", "2014-12-31": "225.50000", "2013-12-31": "291.30000", "2012-12-31": "349.96900", "2011-12-31": "375.05600", "2010-12-31": "715.10900", "2009-12-31": "456.04000", "2008-12-31": "639.71600", "2007-12-31": "575.56300", "2007-03-31": "1426.57200", "2006-03-31": "518.12700", "2005-03-31": "808.08110"}, "Receivables": {"2019-12-31": "3058.80000", "2018-12-31": "2881.00000", "2017-12-31": "3612.40000", "2016-12-31": "3310.90000", "2015-12-31": "2689.10000", "2014-12-31": "2268.50000", "2013-12-31": "1820.00000", "2012-12-31": "1554.34200", "2011-12-31": "1426.43800", "2010-12-31": "1157.08100", "2009-12-31": "1234.63400", "2008-12-31": "1164.61300", "2007-12-31": "1132.12100", "2007-03-31": "350.29400", "2006-03-31": "242.19300", "2005-03-31": "297.33400"}, "Inventory": {"2019-12-31": "2670.90000", "2018-12-31": "2580.20000", "2017-12-31": "2542.70000", "2016-12-31": "2456.40000", "2015-12-31": "1951.00000", "2014-12-31": "1651.40000", "2013-12-31": "1656.90000", "2012-12-31": "1525.24200", "2011-12-31": "1396.74200", "2010-12-31": "1240.27100", "2009-12-31": "1114.21900", "2008-12-31": "1065.99000", "2007-12-31": "1063.84000", "2007-03-31": "429.11100", "2006-03-31": "279.00800", "2005-03-31": "286.26700"}, "Pre-Paid Expenses": {"2019-12-31": "552.00000", "2018-12-31": "518.40000", "2017-12-31": "766.10000", "2016-12-31": "756.40000", "2015-12-31": "596.60000", "2014-12-31": "2295.80000", "2013-12-31": "452.90000", "2012-12-31": "243.81600", "2011-12-31": "167.70900", "2010-12-31": "188.25100", "2009-12-31": "231.57600", "2008-12-31": "105.07600", "2007-12-31": "95.66400", "2007-03-31": "60.72400", "2006-03-31": "14.90000", "2005-03-31": "17.44300"}, "Other Current Assets": {"2019-12-31": "", "2018-12-31": "", "2017-12-31": "", "2016-12-31": "", "2015-12-31": "", "2014-12-31": "", "2013-12-31": "", "2012-12-31": "", "2011-12-31": "", "2010-12-31": "", "2009-12-31": "", "2008-12-31": "", "2007-12-31": "", "2007-03-31": "", "2006-03-31": "", "2005-03-31": ""}, "Total Current Assets": {"2019-12-31": "6757.30000", "2018-12-31": "6367.70000", "2017-12-31": "7213.30000", "2016-12-31": "7522.50000", "2015-12-31": "6472.70000", "2014-12-31": "6441.20000", "2013-12-31": "4471.20000", "2012-12-31": "3902.71700", "2011-12-31": "3568.84400", "2010-12-31": "3559.44300", "2009-12-31": "3285.38600", "2008-12-31": "3174.67300", "2007-12-31": "3059.30100", "2007-03-31": "2412.04400", "2006-03-31": "1191.90000", "2005-03-31": "1528.45200"}, "Property, Plant, And Equipment": {"2019-12-31": "2149.60000", "2018-12-31": "2170.20000", "2017-12-31": "2339.10000", "2016-12-31": "2322.20000", "2015-12-31": "1983.90000", "2014-12-31": "1785.70000", "2013-12-31": "1665.50000", "2012-12-31": "1397.21600", "2011-12-31": "1298.03400", "2010-12-31": "1209.34200", "2009-12-31": "1122.64800", "2008-12-31": "1063.99600", "2007-12-31": "1102.93200", "2007-03-31": "686.73900", "2006-03-31": "406.87500", "2005-03-31": "336.71900"}, "Long-Term Investments": {"2019-12-31": "", "2018-12-31": "", "2017-12-31": "", "2016-12-31": "", "2015-12-31": "", "2014-12-31": "", "2013-12-31": "", "2012-12-31": "", "2011-12-31": "", "2010-12-31": "", "2009-12-31": "", "2008-12-31": "", "2007-12-31": "", "2007-03-31": "", "2006-03-31": "", "2005-03-31": ""}, "Goodwill And Intangible Assets": {"2019-12-31": "21240.50000", "2018-12-31": "23412.40000", "2017-12-31": "25451.50000", "2016-12-31": "23679.70000", "2015-12-31": "12602.00000", "2014-12-31": "6396.40000", "2013-12-31": "6858.40000", "2012-12-31": "5740.11200", "2011-12-31": "6148.68200", "2010-12-31": "6100.48400", "2009-12-31": "5716.09500", "2008-12-31": "5614.74100", "2007-12-31": "6834.67700", "2007-03-31": "965.52200", "2006-03-31": "208.17400", "2005-03-31": "223.07200"}, "Other Long-Term Assets": {"2019-12-31": "405.00000", "2018-12-31": "212.40000", "2017-12-31": "305.60000", "2016-12-31": "568.60000", "2015-12-31": "751.50000", "2014-12-31": "799.80000", "2013-12-31": "2221.90000", "2012-12-31": "804.19700", "2011-12-31": "543.20700", "2010-12-31": "609.25100", "2009-12-31": "640.99500", "2008-12-31": "539.95600", "2007-12-31": "337.56300", "2007-03-31": "143.78300", "2006-03-31": "63.57700", "2005-03-31": "47.43000"}, "Total Long-Term Assets": {"2019-12-31": "24498.20000", "2018-12-31": "26367.20000", "2017-12-31": "28593.00000", "2016-12-31": "27203.70000", "2015-12-31": "15795.00000", "2014-12-31": "9379.30100", "2013-12-31": "10823.60000", "2012-12-31": "8029.18000", "2011-12-31": "8029.29900", "2010-12-31": "7977.36100", "2009-12-31": "7516.34800", "2008-12-31": "7235.18700", "2007-12-31": "8293.87500", "2007-03-31": "1841.82300", "2006-03-31": "678.62600", "2005-03-31": "607.22100"}, "Total Assets": {"2019-12-31": "31255.50000", "2018-12-31": "32734.90000", "2017-12-31": "35806.30000", "2016-12-31": "34726.20000", "2015-12-31": "22267.70000", "2014-12-31": "15820.50000", "2013-12-31": "15294.80000", "2012-12-31": "11931.90000", "2011-12-31": "11598.14000", "2010-12-31": "11536.80000", "2009-12-31": "10801.73000", "2008-12-31": "10409.86000", "2007-12-31": "11353.18000", "2007-03-31": "4253.86700", "2006-03-31": "1870.52600", "2005-03-31": "2135.67300"}, "Total Current Liabilities": {"2019-12-31": "5569.10000", "2018-12-31": "4587.80000", "2017-12-31": "6385.30000", "2016-12-31": "5040.70000", "2015-12-31": "4122.20000", "2014-12-31": "5304.00000", "2013-12-31": "2964.00000", "2012-12-31": "2193.50300", "2011-12-31": "2563.15600", "2010-12-31": "1809.61200", "2009-12-31": "1718.14700", "2008-12-31": "1544.65000", "2007-12-31": "2002.35100", "2007-03-31": "700.53500", "2006-03-31": "265.25000", "2005-03-31": "245.50700"}, "Long Term Debt": {"2019-12-31": "11214.30000", "2018-12-31": "13161.20000", "2017-12-31": "14101.00000", "2016-12-31": "16561.50000", "2015-12-31": "6295.60000", "2014-12-31": "7036.60000", "2013-12-31": "8855.60000", "2012-12-31": "6108.30700", "2011-12-31": "5221.29000", "2010-12-31": "5633.69700", "2009-12-31": "5470.89200", "2008-12-31": "5500.98900", "2007-12-31": "4913.38800", "2007-03-31": "1684.69200", "2006-03-31": "707.62300", "2005-03-31": "19.32500"}, "Other Non-Current Liabilities": {"2019-12-31": "960.80000", "2018-12-31": "1096.80000", "2017-12-31": "", "2016-12-31": "", "2015-12-31": "1366.00000", "2014-12-31": "", "2013-12-31": "", "2012-12-31": "", "2011-12-31": "", "2010-12-31": "", "2009-12-31": "", "2008-12-31": "", "2007-12-31": "", "2007-03-31": "", "2006-03-31": "", "2005-03-31": ""}, "Total Long Term Liabilities": {"2019-12-31": "13802.60000", "2018-12-31": "15980.00000", "2017-12-31": "16113.40000", "2016-12-31": "18567.90000", "2015-12-31": "8379.70000", "2014-12-31": "7240.50000", "2013-12-31": "9370.89900", "2012-12-31": "6382.56500", "2011-12-31": "5530.20500", "2010-12-31": "6111.79100", "2009-12-31": "5938.38900", "2008-12-31": "6078.36800", "2007-12-31": "5947.39900", "2007-03-31": "1904.47200", "2006-03-31": "817.62500", "2005-03-31": "44.23000"}, "Total Liabilities": {"2019-12-31": "19371.70000", "2018-12-31": "20567.80000", "2017-12-31": "22498.70000", "2016-12-31": "23608.60000", "2015-12-31": "12501.90000", "2014-12-31": "12544.50000", "2013-12-31": "12334.90000", "2012-12-31": "8576.06900", "2011-12-31": "8093.36100", "2010-12-31": "7921.40300", "2009-12-31": "7656.53600", "2008-12-31": "7623.01800", "2007-12-31": "7949.75000", "2007-03-31": "2605.00700", "2006-03-31": "1082.87500", "2005-03-31": "289.73700"}, "Common Stock Net": {"2019-12-31": "6.10000", "2018-12-31": "6.00000", "2017-12-31": "6.00000", "2016-12-31": "6.00000", "2015-12-31": "5.50000", "2014-12-31": "273.30000", "2013-12-31": "272.00000", "2012-12-31": "269.83200", "2011-12-31": "265.15800", "2010-12-31": "262.90900", "2009-12-31": "198.34200", "2008-12-31": "197.68400", "2007-12-31": "197.63000", "2007-03-31": "169.68100", "2006-03-31": "154.57500", "2005-03-31": "152.21700"}, "Retained Earnings (Accumulated Deficit)": {"2019-12-31": "6031.10000", "2018-12-31": "6010.70000", "2017-12-31": "5644.50000", "2016-12-31": "4942.10000", "2015-12-31": "4462.10000", "2014-12-31": "3614.50000", "2013-12-31": "2685.10000", "2012-12-31": "2061.37000", "2011-12-31": "1420.52000", "2010-12-31": "883.71000", "2009-12-31": "660.13000", "2008-12-31": "566.59400", "2007-12-31": "922.85700", "2007-03-31": "2103.28200", "2006-03-31": "1939.04500", "2005-03-31": "1808.80200"}, "Comprehensive Income": {"2019-12-31": "-1797.20000", "2018-12-31": "-1441.30000", "2017-12-31": "-361.20000", "2016-12-31": "-2263.70000", "2015-12-31": "-1764.30000", "2014-12-31": "-987.00000", "2013-12-31": "-240.10000", "2012-12-31": "-86.49800", "2011-12-31": "-87.83900", "2010-12-31": "171.86700", "2009-12-31": "11.80700", "2008-12-31": "-380.80200", "2007-12-31": "83.04400", "2007-03-31": "1.54400", "2006-03-31": "2.45000", "2005-03-31": "0.87000"}, "Other Share Holders Equity": {"2019-12-31": "", "2018-12-31": "", "2017-12-31": "", "2016-12-31": "", "2015-12-31": "", "2014-12-31": "", "2013-12-31": "", "2012-12-31": "", "2011-12-31": "", "2010-12-31": "", "2009-12-31": "", "2008-12-31": "", "2007-12-31": "", "2007-03-31": "", "2006-03-31": "", "2005-03-31": ""}, "Share Holder Equity": {"2019-12-31": "11883.80000", "2018-12-31": "12167.10000", "2017-12-31": "13307.60000", "2016-12-31": "11117.60000", "2015-12-31": "9765.80000", "2014-12-31": "3276.00000", "2013-12-31": "2959.90000", "2012-12-31": "3355.82800", "2011-12-31": "3504.78200", "2010-12-31": "3615.40100", "2009-12-31": "3145.19800", "2008-12-31": "2786.84100", "2007-12-31": "3403.42600", "2007-03-31": "1648.86000", "2006-03-31": "787.65100", "2005-03-31": "1845.93600"}, "Total Liabilities And Share Holders Equity": {"2019-12-31": "31255.50000", "2018-12-31": "32734.90000", "2017-12-31": "35806.30000", "2016-12-31": "34726.20000", "2015-12-31": "22267.70000", "2014-12-31": "15820.50000", "2013-12-31": "15294.80000", "2012-12-31": "11931.90000", "2011-12-31": "11598.14000", "2010-12-31": "11536.80000", "2009-12-31": "10801.73000", "2008-12-31": "10409.86000", "2007-12-31": "11353.18000", "2007-03-31": "4253.86700", "2006-03-31": "1870.52600", "2005-03-31": "2135.67300"}}, "balance sheet, quarterly": {"Cash On Hand": {"2020-09-30": "664.50000", "2020-06-30": "323.60000", "2020-03-31": "572.40000", "2019-12-31": "475.60000", "2019-09-30": "358.90000", "2019-06-30": "211.50000", "2019-03-31": "229.80000", "2018-12-31": "388.10000", "2018-09-30": "449.20000", "2018-06-30": "330.20000", "2018-03-31": "367.40000", "2017-12-31": "292.10000", "2017-09-30": "614.90000", "2017-06-30": "612.80000", "2017-03-31": "723.80000", "2016-12-31": "998.80000", "2016-09-30": "1256.60000", "2016-06-30": "6361.90000", "2016-03-31": "1199.40000", "2015-12-31": "1236.00000", "2015-09-30": "587.00000", "2015-06-30": "439.70000", "2015-03-31": "277.20000", "2014-12-31": "225.50000", "2014-09-30": "199.60000", "2014-06-30": "193.90000", "2014-03-31": "243.00000", "2013-12-31": "291.30000", "2013-09-30": "364.92000", "2013-06-30": "277.37900", "2013-03-31": "294.42100", "2012-12-31": "349.96900", "2012-09-30": "367.43800", "2012-06-30": "347.98300", "2012-03-31": "297.80100", "2011-12-31": "375.05600", "2011-09-30": "552.41500", "2011-06-30": "490.28900", "2011-03-31": "662.84690", "2010-12-31": "715.10900", "2010-09-30": "664.84200", "2010-06-30": "881.27500", "2010-03-31": "599.27700", "2009-12-31": "456.04000", "2009-09-30": "681.79100", "2009-06-30": "515.64400", "2009-03-31": "533.45400", "2008-12-31": "639.71600", "2008-09-30": "748.50400", "2008-06-30": "571.98400", "2008-03-31": "787.34100", "2007-12-31": "575.56300", "2007-09-30": "1269.59400", "2007-06-30": "1490.44200", "2007-03-31": "1426.57200", "2006-12-31": "466.00500", "2006-09-30": "611.66800", "2006-06-30": "567.92400", "2006-03-31": "518.12700", "2005-12-31": "557.13800", "2005-09-30": "631.51300", "2005-06-30": "886.76200", "2005-03-31": "808.08110"}, "Receivables": {"2020-09-30": "2964.10000", "2020-06-30": "2753.20000", "2020-03-31": "2774.60000", "2019-12-31": "3058.80000", "2019-09-30": "2948.00000", "2019-06-30": "2703.80000", "2019-03-31": "2778.50000", "2018-12-31": "2881.00000", "2018-09-30": "2948.70000", "2018-06-30": "2818.20000", "2018-03-31": "3024.80000", "2017-12-31": "3612.40000", "2017-09-30": "3220.20000", "2017-06-30": "2951.00000", "2017-03-31": "2872.00000", "2016-12-31": "3310.90000", "2016-09-30": "3098.90000", "2016-06-30": "2917.40000", "2016-03-31": "2587.40000", "2015-12-31": "2689.10000", "2015-09-30": "2917.10000", "2015-06-30": "2861.20000", "2015-03-31": "2264.60000", "2014-12-31": "2268.50000", "2014-09-30": "1733.30000", "2014-06-30": "1761.60000", "2014-03-31": "1678.60000", "2013-12-31": "1820.00000", "2013-09-30": "1717.28100", "2013-06-30": "1651.38900", "2013-03-31": "1514.48000", "2012-12-31": "1554.34200", "2012-09-30": "1499.63300", "2012-06-30": "1526.31500", "2012-03-31": "1537.69800", "2011-12-31": "1426.43800", "2011-09-30": "1280.01100", "2011-06-30": "1441.37800", "2011-03-31": "1335.59000", "2010-12-31": "1157.08100", "2010-09-30": "1251.86200", "2010-06-30": "1249.01700", "2010-03-31": "1197.48500", "2009-12-31": "1234.63400", "2009-09-30": "1102.38000", "2009-06-30": "1140.60500", "2009-03-31": "1080.31900", "2008-12-31": "1164.61300", "2008-09-30": "1250.89400", "2008-06-30": "1318.17700", "2008-03-31": "1123.40800", "2007-12-31": "1132.12100", "2007-09-30": "488.10700", "2007-06-30": "401.07100", "2007-03-31": "350.29400", "2006-12-31": "312.28200", "2006-09-30": "252.51500", "2006-06-30": "269.47300", "2006-03-31": "242.19300", "2005-12-31": "212.24000", "2005-09-30": "239.04900", "2005-06-30": "269.12100", "2005-03-31": "297.33400"}, "Inventory": {"2020-09-30": "3022.00000", "2020-06-30": "2785.70000", "2020-03-31": "2639.60000", "2019-12-31": "2670.90000", "2019-09-30": "2763.50000", "2019-06-30": "2776.20000", "2019-03-31": "2708.80000", "2018-12-31": "2580.20000", "2018-09-30": "2560.60000", "2018-06-30": "2561.00000", "2018-03-31": "2641.10000", "2017-12-31": "2542.70000", "2017-09-30": "2548.10000", "2017-06-30": "2610.20000", "2017-03-31": "2547.80000", "2016-12-31": "2456.40000", "2016-09-30": "2687.50000", "2016-06-30": "2191.30000", "2016-03-31": "2144.10000", "2015-12-31": "1951.00000", "2015-09-30": "1944.10000", "2015-06-30": "1934.30000", "2015-03-31": "1908.30000", "2014-12-31": "1651.40000", "2014-09-30": "1707.50000", "2014-06-30": "1791.10000", "2014-03-31": "1737.90000", "2013-12-31": "1656.90000", "2013-09-30": "1645.80600", "2013-06-30": "1637.37300", "2013-03-31": "1623.24600", "2012-12-31": "1525.24200", "2012-09-30": "1495.92400", "2012-06-30": "1473.36000", "2012-03-31": "1488.28100", "2011-12-31": "1396.74200", "2011-09-30": "1386.54100", "2011-06-30": "1408.96000", "2011-03-31": "1326.76100", "2010-12-31": "1240.27100", "2010-09-30": "1221.76500", "2010-06-30": "1096.36500", "2010-03-31": "1158.41200", "2009-12-31": "1114.21900", "2009-09-30": "1119.04200", "2009-06-30": "1077.08800", "2009-03-31": "1018.60300", "2008-12-31": "1065.99000", "2008-09-30": "1119.94600", "2008-06-30": "1150.60500", "2008-03-31": "1133.57200", "2007-12-31": "1063.84000", "2007-09-30": "430.53800", "2007-06-30": "432.34800", "2007-03-31": "429.11100", "2006-12-31": "314.93600", "2006-09-30": "303.26700", "2006-06-30": "289.75500", "2006-03-31": "279.00800", "2005-12-31": "253.72400", "2005-09-30": "255.41300", "2005-06-30": "261.12300", "2005-03-31": "286.26700"}, "Pre-Paid Expenses": {"2020-09-30": "684.10000", "2020-06-30": "602.10000", "2020-03-31": "613.90000", "2019-12-31": "552.00000", "2019-09-30": "574.70000", "2019-06-30": "573.90000", "2019-03-31": "545.20000", "2018-12-31": "518.40000", "2018-09-30": "583.20000", "2018-06-30": "588.40000", "2018-03-31": "728.00000", "2017-12-31": "766.10000", "2017-09-30": "883.40000", "2017-06-30": "791.90000", "2017-03-31": "921.90000", "2016-12-31": "756.40000", "2016-09-30": "922.10000", "2016-06-30": "716.10000", "2016-03-31": "696.70000", "2015-12-31": "596.60000", "2015-09-30": "593.70000", "2015-06-30": "2261.90000", "2015-03-31": "2606.40000", "2014-12-31": "2295.80000", "2014-09-30": "1894.30000", "2014-06-30": "471.90000", "2014-03-31": "459.70000", "2013-12-31": "452.90000", "2013-09-30": "368.75000", "2013-06-30": "440.32000", "2013-03-31": "274.09900", "2012-12-31": "243.81600", "2012-09-30": "177.55300", "2012-06-30": "208.52600", "2012-03-31": "223.85500", "2011-12-31": "167.70900", "2011-09-30": "198.21300", "2011-06-30": "161.01200", "2011-03-31": "194.57100", "2010-12-31": "188.25100", "2010-09-30": "76.89900", "2010-06-30": "141.92900", "2010-03-31": "151.74800", "2009-12-31": "231.57600", "2009-09-30": "110.96100", "2009-06-30": "100.44600", "2009-03-31": "114.34000", "2008-12-31": "105.07600", "2008-09-30": "121.77800", "2008-06-30": "100.73300", "2008-03-31": "108.41900", "2007-12-31": "95.66400", "2007-09-30": "286.70400", "2007-06-30": "136.28900", "2007-03-31": "60.72400", "2006-12-31": "45.41600", "2006-09-30": "20.03000", "2006-06-30": "13.53300", "2006-03-31": "14.90000", "2005-12-31": "", "2005-09-30": "", "2005-06-30": "", "2005-03-31": ""}, "Other Current Assets": {"2020-09-30": "", "2020-06-30": "", "2020-03-31": "", "2019-12-31": "", "2019-09-30": "", "2019-06-30": "", "2019-03-31": "", "2018-12-31": "", "2018-09-30": "", "2018-06-30": "", "2018-03-31": "", "2017-12-31": "", "2017-09-30": "", "2017-06-30": "", "2017-03-31": "", "2016-12-31": "", "2016-09-30": "", "2016-06-30": "", "2016-03-31": "", "2015-12-31": "", "2015-09-30": "", "2015-06-30": "", "2015-03-31": "", "2014-12-31": "", "2014-09-30": "", "2014-06-30": "", "2014-03-31": "", "2013-12-31": "", "2013-09-30": "", "2013-06-30": "", "2013-03-31": "", "2012-12-31": "", "2012-09-30": "", "2012-06-30": "", "2012-03-31": "", "2011-12-31": "", "2011-09-30": "", "2011-06-30": "", "2011-03-31": "", "2010-12-31": "", "2010-09-30": "", "2010-06-30": "", "2010-03-31": "", "2009-12-31": "", "2009-09-30": "", "2009-06-30": "", "2009-03-31": "", "2008-12-31": "", "2008-09-30": "", "2008-06-30": "", "2008-03-31": "", "2007-12-31": "", "2007-09-30": "", "2007-06-30": "", "2007-03-31": "", "2006-12-31": "", "2006-09-30": "", "2006-06-30": "", "2006-03-31": "", "2005-12-31": "16.43700", "2005-09-30": "12.76300", "2005-06-30": "15.23500", "2005-03-31": "17.44300"}, "Total Current Assets": {"2020-09-30": "7334.70000", "2020-06-30": "6464.60000", "2020-03-31": "6600.50000", "2019-12-31": "6757.30000", "2019-09-30": "6645.10000", "2019-06-30": "6265.40000", "2019-03-31": "6262.30000", "2018-12-31": "6367.70000", "2018-09-30": "6541.70000", "2018-06-30": "6297.80000", "2018-03-31": "6761.30000", "2017-12-31": "7213.30000", "2017-09-30": "7266.60000", "2017-06-30": "6965.90000", "2017-03-31": "7065.50000", "2016-12-31": "7522.50000", "2016-09-30": "7965.10000", "2016-06-30": "12186.70000", "2016-03-31": "6627.60000", "2015-12-31": "6472.70000", "2015-09-30": "6485.90000", "2015-06-30": "7891.40000", "2015-03-31": "7426.40000", "2014-12-31": "6441.20000", "2014-09-30": "5817.80000", "2014-06-30": "4477.10000", "2014-03-31": "4342.20000", "2013-12-31": "4471.20000", "2013-09-30": "4343.16700", "2013-06-30": "4212.29900", "2013-03-31": "3950.39400", "2012-12-31": "3902.71700", "2012-09-30": "3750.73400", "2012-06-30": "3751.92700", "2012-03-31": "3739.13800", "2011-12-31": "3568.84400", "2011-09-30": "3609.03800", "2011-06-30": "3759.61300", "2011-03-31": "3756.75300", "2010-12-31": "3559.44300", "2010-09-30": "3463.28500", "2010-06-30": "3629.32800", "2010-03-31": "3354.61000", "2009-12-31": "3285.38600", "2009-09-30": "3261.92900", "2009-06-30": "3022.57500", "2009-03-31": "2912.25200", "2008-12-31": "3174.67300", "2008-09-30": "3417.95900", "2008-06-30": "3475.15700", "2008-03-31": "3486.45300", "2007-12-31": "3059.30100", "2007-09-30": "2616.55500", "2007-06-30": "2622.02400", "2007-03-31": "2412.04400", "2006-12-31": "1275.17200", "2006-09-30": "1333.08600", "2006-06-30": "1292.78200", "2006-03-31": "1191.90000", "2005-12-31": "1169.40000", "2005-09-30": "1266.66400", "2005-06-30": "1566.69500", "2005-03-31": "1528.45200"}, "Property, Plant, And Equipment": {"2020-09-30": "2058.30000", "2020-06-30": "2037.50000", "2020-03-31": "2067.00000", "2019-12-31": "2149.60000", "2019-09-30": "2123.90000", "2019-06-30": "2146.00000", "2019-03-31": "2151.40000", "2018-12-31": "2170.20000", "2018-09-30": "2119.60000", "2018-06-30": "2186.20000", "2018-03-31": "2275.20000", "2017-12-31": "2339.10000", "2017-09-30": "2310.00000", "2017-06-30": "2366.20000", "2017-03-31": "2338.00000", "2016-12-31": "2322.20000", "2016-09-30": "2284.20000", "2016-06-30": "2057.60000", "2016-03-31": "1998.80000", "2015-12-31": "1983.90000", "2015-09-30": "1884.70000", "2015-06-30": "1899.30000", "2015-03-31": "1872.30000", "2014-12-31": "1785.70000", "2014-09-30": "1738.30000", "2014-06-30": "1755.80000", "2014-03-31": "1705.00000", "2013-12-31": "1665.50000", "2013-09-30": "1459.04600", "2013-06-30": "1431.45500", "2013-03-31": "1421.88900", "2012-12-31": "1397.21600", "2012-09-30": "1335.83700", "2012-06-30": "1298.58700", "2012-03-31": "1315.72800", "2011-12-31": "1298.03400", "2011-09-30": "1238.76200", "2011-06-30": "1261.24900", "2011-03-31": "1217.17400", "2010-12-31": "1209.34200", "2010-09-30": "1150.75000", "2010-06-30": "1091.67400", "2010-03-31": "1111.04600", "2009-12-31": "1122.64800", "2009-09-30": "1085.17400", "2009-06-30": "1077.72600", "2009-03-31": "1042.05500", "2008-12-31": "1063.99600", "2008-09-30": "1051.09500", "2008-06-30": "1111.16100", "2008-03-31": "1123.36300", "2007-12-31": "1102.93200", "2007-09-30": "725.42700", "2007-06-30": "707.06400", "2007-03-31": "686.73900", "2006-12-31": "461.65300", "2006-09-30": "439.43100", "2006-06-30": "426.18500", "2006-03-31": "406.87500", "2005-12-31": "390.96900", "2005-09-30": "371.07200", "2005-06-30": "353.54900", "2005-03-31": "336.71900"}, "Long-Term Investments": {"2020-09-30": "", "2020-06-30": "", "2020-03-31": "", "2019-12-31": "", "2019-09-30": "", "2019-06-30": "", "2019-03-31": "", "2018-12-31": "", "2018-09-30": "", "2018-06-30": "", "2018-03-31": "", "2017-12-31": "", "2017-09-30": "", "2017-06-30": "", "2017-03-31": "", "2016-12-31": "", "2016-09-30": "", "2016-06-30": "", "2016-03-31": "", "2015-12-31": "", "2015-09-30": "", "2015-06-30": "", "2015-03-31": "", "2014-12-31": "", "2014-09-30": "", "2014-06-30": "", "2014-03-31": "", "2013-12-31": "", "2013-09-30": "", "2013-06-30": "", "2013-03-31": "", "2012-12-31": "", "2012-09-30": "", "2012-06-30": "", "2012-03-31": "", "2011-12-31": "", "2011-09-30": "", "2011-06-30": "", "2011-03-31": "", "2010-12-31": "", "2010-09-30": "", "2010-06-30": "", "2010-03-31": "", "2009-12-31": "", "2009-09-30": "", "2009-06-30": "", "2009-03-31": "", "2008-12-31": "", "2008-09-30": "", "2008-06-30": "", "2008-03-31": "", "2007-12-31": "", "2007-09-30": "", "2007-06-30": "", "2007-03-31": "", "2006-12-31": "210.23100", "2006-09-30": "", "2006-06-30": "", "2006-03-31": "0.46200", "2005-12-31": "", "2005-09-30": "", "2005-06-30": "", "2005-03-31": ""}, "Goodwill And Intangible Assets": {"2020-09-30": "20783.10000", "2020-06-30": "20479.20000", "2020-03-31": "20373.60000", "2019-12-31": "21240.50000", "2019-09-30": "21211.40000", "2019-06-30": "22423.60000", "2019-03-31": "22563.40000", "2018-12-31": "23412.40000", "2018-09-30": "24035.60000", "2018-06-30": "24033.40000", "2018-03-31": "25365.90000", "2017-12-31": "25451.50000", "2017-09-30": "25255.20000", "2017-06-30": "25003.00000", "2017-03-31": "23764.10000", "2016-12-31": "23679.70000", "2016-09-30": "25246.50000", "2016-06-30": "13546.70000", "2016-03-31": "12845.30000", "2015-12-31": "12602.00000", "2015-09-30": "12013.50000", "2015-06-30": "12038.80000", "2015-03-31": "11886.40000", "2014-12-31": "6396.40000", "2014-09-30": "6729.60000", "2014-06-30": "6809.00000", "2014-03-31": "6822.10000", "2013-12-31": "6858.40000", "2013-09-30": "5350.57000", "2013-06-30": "5331.68900", "2013-03-31": "5556.94600", "2012-12-31": "5740.11200", "2012-09-30": "5923.22600", "2012-06-30": "5959.30100", "2012-03-31": "6188.14900", "2011-12-31": "6148.68200", "2011-09-30": "5784.96000", "2011-06-30": "6203.17900", "2011-03-31": "6170.18500", "2010-12-31": "6100.48400", "2010-09-30": "6130.90600", "2010-06-30": "5263.40100", "2010-03-31": "5575.60800", "2009-12-31": "5716.09500", "2009-09-30": "5782.52300", "2009-06-30": "5608.42700", "2009-03-31": "5309.60200", "2008-12-31": "5614.74100", "2008-09-30": "5960.60500", "2008-06-30": "6526.26700", "2008-03-31": "6635.37400", "2007-12-31": "6834.67700", "2007-09-30": "949.31700", "2007-06-30": "954.05600", "2007-03-31": "965.52200", "2006-12-31": "195.40800", "2006-09-30": "198.73200", "2006-06-30": "202.06500", "2006-03-31": "208.17400", "2005-12-31": "211.82700", "2005-09-30": "216.88700", "2005-06-30": "219.97400", "2005-03-31": "223.07200"}, "Other Long-Term Assets": {"2020-09-30": "408.90000", "2020-06-30": "424.70000", "2020-03-31": "403.50000", "2019-12-31": "405.00000", "2019-09-30": "445.00000", "2019-06-30": "428.80000", "2019-03-31": "421.70000", "2018-12-31": "212.40000", "2018-09-30": "244.70000", "2018-06-30": "286.30000", "2018-03-31": "284.50000", "2017-12-31": "305.60000", "2017-09-30": "427.30000", "2017-06-30": "448.60000", "2017-03-31": "541.00000", "2016-12-31": "568.60000", "2016-09-30": "600.90000", "2016-06-30": "719.00000", "2016-03-31": "731.40000", "2015-12-31": "751.50000", "2015-09-30": "854.40000", "2015-06-30": "878.10000", "2015-03-31": "850.90000", "2014-12-31": "799.80000", "2014-09-30": "778.10000", "2014-06-30": "2469.40000", "2014-03-31": "2400.30000", "2013-12-31": "2221.90000", "2013-09-30": "1653.70300", "2013-06-30": "1138.12100", "2013-03-31": "855.49700", "2012-12-31": "804.19700", "2012-09-30": "604.97400", "2012-06-30": "508.09100", "2012-03-31": "596.74200", "2011-12-31": "543.20700", "2011-09-30": "410.05200", "2011-06-30": "702.50000", "2011-03-31": "663.30700", "2010-12-31": "609.25100", "2010-09-30": "617.89600", "2010-06-30": "570.46800", "2010-03-31": "743.61500", "2009-12-31": "640.99500", "2009-09-30": "586.81200", "2009-06-30": "500.98800", "2009-03-31": "609.54100", "2008-12-31": "539.95600", "2008-09-30": "537.74800", "2008-06-30": "332.11700", "2008-03-31": "337.12200", "2007-12-31": "337.56300", "2007-09-30": "142.04400", "2007-06-30": "146.37500", "2007-03-31": "143.78300", "2006-12-31": "64.18400", "2006-09-30": "64.41200", "2006-06-30": "63.22800", "2006-03-31": "63.11500", "2005-12-31": "62.91200", "2005-09-30": "59.44000", "2005-06-30": "46.81300", "2005-03-31": "47.43000"}, "Total Long-Term Assets": {"2020-09-30": "23908.40000", "2020-06-30": "23690.80000", "2020-03-31": "23545.40000", "2019-12-31": "24498.20000", "2019-09-30": "24408.40000", "2019-06-30": "25551.50000", "2019-03-31": "25644.30000", "2018-12-31": "26367.20000", "2018-09-30": "26913.90000", "2018-06-30": "26973.70000", "2018-03-31": "28423.20000", "2017-12-31": "28593.00000", "2017-09-30": "28552.30000", "2017-06-30": "28540.30000", "2017-03-31": "27207.10000", "2016-12-31": "27203.70000", "2016-09-30": "28573.40000", "2016-06-30": "16649.60000", "2016-03-31": "16016.50000", "2015-12-31": "15795.00000", "2015-09-30": "14830.60000", "2015-06-30": "14903.20000", "2015-03-31": "14697.40000", "2014-12-31": "9379.30100", "2014-09-30": "9356.30000", "2014-06-30": "11125.70000", "2014-03-31": "11012.80000", "2013-12-31": "10823.60000", "2013-09-30": "8558.40600", "2013-06-30": "7999.41200", "2013-03-31": "7934.63900", "2012-12-31": "8029.18000", "2012-09-30": "7955.68400", "2012-06-30": "7850.04300", "2012-03-31": "8195.05800", "2011-12-31": "8029.29900", "2011-09-30": "7509.08000", "2011-06-30": "8246.16200", "2011-03-31": "8121.37200", "2010-12-31": "7977.36100", "2010-09-30": "7943.75600", "2010-06-30": "6968.49000", "2010-03-31": "7467.89700", "2009-12-31": "7516.34800", "2009-09-30": "7500.63900", "2009-06-30": "7220.10800", "2009-03-31": "6984.39200", "2008-12-31": "7235.18700", "2008-09-30": "7606.36000", "2008-06-30": "8027.80500", "2008-03-31": "8112.73100", "2007-12-31": "8293.87500", "2007-09-30": "1860.01800", "2007-06-30": "1853.49700", "2007-03-31": "1841.82300", "2006-12-31": "931.47610", "2006-09-30": "702.57500", "2006-06-30": "691.47800", "2006-03-31": "678.62600", "2005-12-31": "665.70800", "2005-09-30": "647.39900", "2005-06-30": "620.33600", "2005-03-31": "607.22100"}, "Total Assets": {"2020-09-30": "31243.10000", "2020-06-30": "30155.40000", "2020-03-31": "30145.90000", "2019-12-31": "31255.50000", "2019-09-30": "31053.50000", "2019-06-30": "31816.90000", "2019-03-31": "31906.60000", "2018-12-31": "32734.90000", "2018-09-30": "33455.60000", "2018-06-30": "33271.50000", "2018-03-31": "35184.50000", "2017-12-31": "35806.30000", "2017-09-30": "35818.90000", "2017-06-30": "35506.20000", "2017-03-31": "34272.60000", "2016-12-31": "34726.20000", "2016-09-30": "36538.50000", "2016-06-30": "28836.30000", "2016-03-31": "22644.10000", "2015-12-31": "22267.70000", "2015-09-30": "21316.50000", "2015-06-30": "22794.60000", "2015-03-31": "22123.80000", "2014-12-31": "15820.50000", "2014-09-30": "15174.10000", "2014-06-30": "15602.80000", "2014-03-31": "15355.00000", "2013-12-31": "15294.80000", "2013-09-30": "12901.57000", "2013-06-30": "12211.71000", "2013-03-31": "11885.03000", "2012-12-31": "11931.90000", "2012-09-30": "11706.42000", "2012-06-30": "11601.97000", "2012-03-31": "11934.20000", "2011-12-31": "11598.14000", "2011-09-30": "11118.12000", "2011-06-30": "12005.78000", "2011-03-31": "11878.13000", "2010-12-31": "11536.80000", "2010-09-30": "11407.04000", "2010-06-30": "10597.82000", "2010-03-31": "10822.51000", "2009-12-31": "10801.73000", "2009-09-30": "10762.57000", "2009-06-30": "10242.68000", "2009-03-31": "9896.64400", "2008-12-31": "10409.86000", "2008-09-30": "11024.32000", "2008-06-30": "11502.96000", "2008-03-31": "11599.18000", "2007-12-31": "11353.18000", "2007-09-30": "4476.57300", "2007-06-30": "4475.52100", "2007-03-31": "4253.86700", "2006-12-31": "2206.64800", "2006-09-30": "2035.66100", "2006-06-30": "1984.26000", "2006-03-31": "1870.52600", "2005-12-31": "1835.10800", "2005-09-30": "1914.06300", "2005-06-30": "2187.03100", "2005-03-31": "2135.67300"}, "Total Current Liabilities": {"2020-09-30": "7275.40000", "2020-06-30": "6971.30000", "2020-03-31": "5228.20000", "2019-12-31": "5569.10000", "2019-09-30": "4645.00000", "2019-06-30": "4560.30000", "2019-03-31": "4157.60000", "2018-12-31": "4587.80000", "2018-09-30": "5182.00000", "2018-06-30": "4863.20000", "2018-03-31": "6386.80000", "2017-12-31": "6385.30000", "2017-09-30": "4984.00000", "2017-06-30": "5169.70000", "2017-03-31": "4524.20000", "2016-12-31": "5040.70000", "2016-09-30": "9554.00000", "2016-06-30": "3774.60000", "2016-03-31": "3959.40000", "2015-12-31": "4122.20000", "2015-09-30": "3684.10000", "2015-06-30": "5369.40000", "2015-03-31": "5288.00000", "2014-12-31": "5304.00000", "2014-09-30": "4473.90000", "2014-06-30": "2601.30000", "2014-03-31": "2649.30000", "2013-12-31": "2964.00000", "2013-09-30": "2561.42300", "2013-06-30": "2326.33200", "2013-03-31": "2282.37000", "2012-12-31": "2193.50300", "2012-09-30": "2169.57300", "2012-06-30": "2164.01200", "2012-03-31": "2111.28000", "2011-12-31": "2563.15600", "2011-09-30": "2374.93400", "2011-06-30": "2521.05200", "2011-03-31": "2393.28000", "2010-12-31": "1809.61200", "2010-09-30": "1722.34100", "2010-06-30": "1629.53500", "2010-03-31": "1639.90000", "2009-12-31": "1718.14700", "2009-09-30": "1583.33600", "2009-06-30": "1421.41700", "2009-03-31": "1339.98300", "2008-12-31": "1544.65000", "2008-09-30": "1822.09600", "2008-06-30": "2106.64800", "2008-03-31": "2220.53300", "2007-12-31": "2002.35100", "2007-09-30": "766.18900", "2007-06-30": "828.96700", "2007-03-31": "700.53500", "2006-12-31": "285.77800", "2006-09-30": "259.95400", "2006-06-30": "292.89100", "2006-03-31": "265.25000", "2005-12-31": "262.60300", "2005-09-30": "269.25600", "2005-06-30": "264.10200", "2005-03-31": "245.50700"}, "Long Term Debt": {"2020-09-30": "10002.40000", "2020-06-30": "9895.70000", "2020-03-31": "12116.80000", "2019-12-31": "12175.10000", "2019-09-30": "13388.10000", "2019-06-30": "13718.70000", "2019-03-31": "14214.20000", "2018-12-31": "13161.20000", "2018-09-30": "14443.00000", "2018-06-30": "14375.20000", "2018-03-31": "13578.60000", "2017-12-31": "14101.00000", "2017-09-30": "13992.40000", "2017-06-30": "15392.00000", "2017-03-31": "16073.30000", "2016-12-31": "16561.50000", "2016-09-30": "12966.10000", "2016-06-30": "12772.80000", "2016-03-31": "7665.80000", "2015-12-31": "6295.60000", "2015-09-30": "7204.30000", "2015-06-30": "7272.30000", "2015-03-31": "7128.80000", "2014-12-31": "7036.60000", "2014-09-30": "6997.80000", "2014-06-30": "9220.20000", "2014-03-31": "9045.40000", "2013-12-31": "8855.60000", "2013-09-30": "6804.50200", "2013-06-30": "6662.26900", "2013-03-31": "6449.99800", "2012-12-31": "6108.30700", "2012-09-30": "5209.47700", "2012-06-30": "5551.69800", "2012-03-31": "5288.22400", "2011-12-31": "5221.29000", "2011-09-30": "4820.42800", "2011-06-30": "5182.97300", "2011-03-31": "5119.45000", "2010-12-31": "5633.69700", "2010-09-30": "5672.35200", "2010-06-30": "5513.12900", "2010-03-31": "5538.94900", "2009-12-31": "5470.89200", "2009-09-30": "5534.12500", "2009-06-30": "5391.15500", "2009-03-31": "5372.74000", "2008-12-31": "5500.98900", "2008-09-30": "5456.87500", "2008-06-30": "4952.78200", "2008-03-31": "4973.97600", "2007-12-31": "4913.38800", "2007-09-30": "1610.63400", "2007-06-30": "1696.53100", "2007-03-31": "1684.69200", "2006-12-31": "708.39300", "2006-09-30": "710.10500", "2006-06-30": "709.72400", "2006-03-31": "707.62300", "2005-12-31": "791.52000", "2005-09-30": "791.95000", "2005-06-30": "19.25400", "2005-03-31": "19.32500"}, "Other Non-Current Liabilities": {"2020-09-30": "", "2020-06-30": "", "2020-03-31": "", "2019-12-31": "", "2019-09-30": "", "2019-06-30": "", "2019-03-31": "", "2018-12-31": "1096.80000", "2018-09-30": "", "2018-06-30": "", "2018-03-31": "", "2017-12-31": "", "2017-09-30": "1412.50000", "2017-06-30": "", "2017-03-31": "", "2016-12-31": "", "2016-09-30": "", "2016-06-30": "1275.10000", "2016-03-31": "", "2015-12-31": "1366.00000", "2015-09-30": "", "2015-06-30": "", "2015-03-31": "", "2014-12-31": "", "2014-09-30": "", "2014-06-30": "", "2014-03-31": "", "2013-12-31": "", "2013-09-30": "", "2013-06-30": "", "2013-03-31": "", "2012-12-31": "", "2012-09-30": "401.36300", "2012-06-30": "393.33900", "2012-03-31": "383.75100", "2011-12-31": "", "2011-09-30": "", "2011-06-30": "", "2011-03-31": "", "2010-12-31": "", "2010-09-30": "", "2010-06-30": "", "2010-03-31": "", "2009-12-31": "", "2009-09-30": "", "2009-06-30": "", "2009-03-31": "", "2008-12-31": "", "2008-09-30": "", "2008-06-30": "", "2008-03-31": "", "2007-12-31": "", "2007-09-30": "", "2007-06-30": "", "2007-03-31": "", "2006-12-31": "", "2006-09-30": "", "2006-06-30": "", "2006-03-31": "", "2005-12-31": "", "2005-09-30": "", "2005-06-30": "", "2005-03-31": ""}, "Total Long Term Liabilities": {"2020-09-30": "11419.80000", "2020-06-30": "11437.90000", "2020-03-31": "13655.00000", "2019-12-31": "13802.60000", "2019-09-30": "14945.10000", "2019-06-30": "15353.80000", "2019-03-31": "15857.40000", "2018-12-31": "15980.00000", "2018-09-30": "16207.40000", "2018-06-30": "16199.60000", "2018-03-31": "15621.00000", "2017-12-31": "16113.40000", "2017-09-30": "17543.30000", "2017-06-30": "17503.60000", "2017-03-31": "18092.40000", "2016-12-31": "18567.90000", "2016-09-30": "15155.70000", "2016-06-30": "14730.40000", "2016-03-31": "8409.80100", "2015-12-31": "8379.70000", "2015-09-30": "7817.40000", "2015-06-30": "7855.90000", "2015-03-31": "7742.60000", "2014-12-31": "7240.50000", "2014-09-30": "7293.90000", "2014-06-30": "9648.80000", "2014-03-31": "9514.00000", "2013-12-31": "9370.89900", "2013-09-30": "7107.47700", "2013-06-30": "6940.06300", "2013-03-31": "6715.47000", "2012-12-31": "6382.56500", "2012-09-30": "5912.60900", "2012-06-30": "6238.83800", "2012-03-31": "6043.56000", "2011-12-31": "5530.20500", "2011-09-30": "5249.04700", "2011-06-30": "5603.73800", "2011-03-31": "5567.87100", "2010-12-31": "6111.79100", "2010-09-30": "6141.76000", "2010-06-30": "5989.32700", "2010-03-31": "6004.13000", "2009-12-31": "5938.38900", "2009-09-30": "6107.34000", "2009-06-30": "5908.97900", "2009-03-31": "5907.43300", "2008-12-31": "6078.36800", "2008-09-30": "6223.26800", "2008-06-30": "6266.76000", "2008-03-31": "6222.85200", "2007-12-31": "5947.39900", "2007-09-30": "1823.71300", "2007-06-30": "1921.57500", "2007-03-31": "1904.47200", "2006-12-31": "818.96500", "2006-09-30": "818.88400", "2006-06-30": "820.81600", "2006-03-31": "817.62500", "2005-12-31": "813.02700", "2005-09-30": "814.14600", "2005-06-30": "42.80200", "2005-03-31": "44.23000"}, "Total Liabilities": {"2020-09-30": "18695.20000", "2020-06-30": "18409.20000", "2020-03-31": "18883.20000", "2019-12-31": "19371.70000", "2019-09-30": "19590.10000", "2019-06-30": "19914.10000", "2019-03-31": "20015.00000", "2018-12-31": "20567.80000", "2018-09-30": "21389.40000", "2018-06-30": "21062.80000", "2018-03-31": "22007.80000", "2017-12-31": "22498.70000", "2017-09-30": "22527.30000", "2017-06-30": "22673.30000", "2017-03-31": "22616.60000", "2016-12-31": "23608.60000", "2016-09-30": "24709.70000", "2016-06-30": "18505.00000", "2016-03-31": "12369.20000", "2015-12-31": "12501.90000", "2015-09-30": "11501.50000", "2015-06-30": "13225.30000", "2015-03-31": "13030.60000", "2014-12-31": "12544.50000", "2014-09-30": "11767.80000", "2014-06-30": "12250.10000", "2014-03-31": "12163.30000", "2013-12-31": "12334.90000", "2013-09-30": "9668.90000", "2013-06-30": "9266.39500", "2013-03-31": "8997.84000", "2012-12-31": "8576.06900", "2012-09-30": "8082.18200", "2012-06-30": "8402.85000", "2012-03-31": "8154.84000", "2011-12-31": "8093.36100", "2011-09-30": "7623.98100", "2011-06-30": "8124.79000", "2011-03-31": "7961.15100", "2010-12-31": "7921.40300", "2010-09-30": "7864.10100", "2010-06-30": "7618.86200", "2010-03-31": "7644.03000", "2009-12-31": "7656.53600", "2009-09-30": "7690.67600", "2009-06-30": "7330.39600", "2009-03-31": "7247.41600", "2008-12-31": "7623.01800", "2008-09-30": "8045.36400", "2008-06-30": "8373.40800", "2008-03-31": "8443.38500", "2007-12-31": "7949.75000", "2007-09-30": "2589.90200", "2007-06-30": "2750.54200", "2007-03-31": "2605.00700", "2006-12-31": "1104.74300", "2006-09-30": "1078.83800", "2006-06-30": "1113.70700", "2006-03-31": "1082.87500", "2005-12-31": "1075.63000", "2005-09-30": "1083.40200", "2005-06-30": "306.90400", "2005-03-31": "289.73700"}, "Common Stock Net": {"2020-09-30": "6.10000", "2020-06-30": "6.10000", "2020-03-31": "6.10000", "2019-12-31": "6.10000", "2019-09-30": "6.10000", "2019-06-30": "6.10000", "2019-03-31": "6.00000", "2018-12-31": "6.00000", "2018-09-30": "6.00000", "2018-06-30": "6.00000", "2018-03-31": "6.00000", "2017-12-31": "6.00000", "2017-09-30": "6.00000", "2017-06-30": "6.00000", "2017-03-31": "6.00000", "2016-12-31": "6.00000", "2016-09-30": "6.00000", "2016-06-30": "5.70000", "2016-03-31": "5.50000", "2015-12-31": "5.50000", "2015-09-30": "5.50000", "2015-06-30": "5.50000", "2015-03-31": "5.50000", "2014-12-31": "273.30000", "2014-09-30": "272.90000", "2014-06-30": "272.80000", "2014-03-31": "272.60000", "2013-12-31": "272.00000", "2013-09-30": "271.44100", "2013-06-30": "270.93000", "2013-03-31": "270.62300", "2012-12-31": "269.83200", "2012-09-30": "266.89900", "2012-06-30": "266.14700", "2012-03-31": "265.77700", "2011-12-31": "265.15800", "2011-09-30": "265.06300", "2011-06-30": "264.95100", "2011-03-31": "263.65800", "2010-12-31": "262.90900", "2010-09-30": "199.67200", "2010-06-30": "199.62600", "2010-03-31": "199.21900", "2009-12-31": "198.34200", "2009-09-30": "197.88400", "2009-06-30": "197.75100", "2009-03-31": "197.71000", "2008-12-31": "197.68400", "2008-09-30": "197.68400", "2008-06-30": "197.66100", "2008-03-31": "197.64400", "2007-12-31": "197.63000", "2007-09-30": "169.89900", "2007-06-30": "169.85600", "2007-03-31": "169.68100", "2006-12-31": "156.06400", "2006-09-30": "155.47100", "2006-06-30": "154.83400", "2006-03-31": "154.57500", "2005-12-31": "153.67800", "2005-09-30": "152.93700", "2005-06-30": "152.44800", "2005-03-31": "152.21700"}, "Retained Earnings (Accumulated Deficit)": {"2020-09-30": "6277.00000", "2020-06-30": "6091.50000", "2020-03-31": "6051.90000", "2019-12-31": "6031.10000", "2019-09-30": "6010.60000", "2019-06-30": "5820.80000", "2019-03-31": "5989.30000", "2018-12-31": "6010.70000", "2018-09-30": "5965.80000", "2018-06-30": "5789.10000", "2018-03-31": "5751.60000", "2017-12-31": "5644.50000", "2017-09-30": "5393.80000", "2017-06-30": "5305.50000", "2017-03-31": "5008.50000", "2016-12-31": "4942.10000", "2016-09-30": "4524.60000", "2016-06-30": "4644.40000", "2016-03-31": "4476.00000", "2015-12-31": "4462.10000", "2015-09-30": "4267.50000", "2015-06-30": "3838.90000", "2015-03-31": "3671.10000", "2014-12-31": "3614.50000", "2014-09-30": "3425.30000", "2014-06-30": "2926.20000", "2014-03-31": "2801.00000", "2013-12-31": "2685.10000", "2013-09-30": "2504.84900", "2013-06-30": "2345.94100", "2013-03-31": "2168.25200", "2012-12-31": "2061.37000", "2012-09-30": "1899.40500", "2012-06-30": "1688.14900", "2012-03-31": "1549.59900", "2011-12-31": "1420.52000", "2011-09-30": "1291.02900", "2011-06-30": "1134.33000", "2011-03-31": "987.88400", "2010-12-31": "883.71000", "2010-09-30": "881.12300", "2010-06-30": "772.69900", "2010-03-31": "721.22900", "2009-12-31": "660.13000", "2009-09-30": "655.98500", "2009-06-30": "696.00600", "2009-03-31": "637.89300", "2008-12-31": "566.59400", "2008-09-30": "634.34400", "2008-06-30": "462.34400", "2008-03-31": "470.71000", "2007-12-31": "922.85700", "2007-09-30": "2306.43400", "2007-06-30": "2156.66700", "2007-03-31": "2103.28200", "2006-12-31": "2189.47300", "2006-09-30": "2066.81200", "2006-06-30": "2001.98400", "2006-03-31": "1939.04500", "2005-12-31": "1894.00000", "2005-09-30": "1858.39800", "2005-06-30": "1835.53300", "2005-03-31": "1808.80200"}, "Comprehensive Income": {"2020-09-30": "-1423.80000", "2020-06-30": "-2024.90000", "2020-03-31": "-2453.50000", "2019-12-31": "-1797.20000", "2019-09-30": "-2191.20000", "2019-06-30": "-1541.70000", "2019-03-31": "-1710.50000", "2018-12-31": "-1441.30000", "2018-09-30": "-1490.90000", "2018-06-30": "-1199.30000", "2018-03-31": "-191.50000", "2017-12-31": "-361.20000", "2017-09-30": "-611.20000", "2017-06-30": "-955.60000", "2017-03-31": "-1813.00000", "2016-12-31": "-2263.70000", "2016-09-30": "-1120.40000", "2016-06-30": "-1431.30000", "2016-03-31": "-1290.50000", "2015-12-31": "-1764.30000", "2015-09-30": "-1553.60000", "2015-06-30": "-1351.60000", "2015-03-31": "-1610.90000", "2014-12-31": "-987.00000", "2014-09-30": "-620.30000", "2014-06-30": "-152.70000", "2014-03-31": "-159.40000", "2013-12-31": "-240.10000", "2013-09-30": "-250.94700", "2013-06-30": "-354.71600", "2013-03-31": "-208.40200", "2012-12-31": "-86.49800", "2012-09-30": "-35.81300", "2012-06-30": "-212.87400", "2012-03-31": "28.87700", "2011-12-31": "-87.83900", "2011-09-30": "43.87100", "2011-06-30": "454.25100", "2011-03-31": "338.40400", "2010-12-31": "171.86700", "2010-09-30": "124.26800", "2010-06-30": "-317.35800", "2010-03-31": "-43.19500", "2009-12-31": "11.80700", "2009-09-30": "-45.33500", "2009-06-30": "-270.75000", "2009-03-31": "-599.40100", "2008-12-31": "-380.80200", "2008-09-30": "-138.34900", "2008-06-30": "253.41700", "2008-03-31": "280.45500", "2007-12-31": "83.04400", "2007-09-30": "12.13000", "2007-06-30": "10.28600", "2007-03-31": "1.54400", "2006-12-31": "2.23800", "2006-09-30": "2.26400", "2006-06-30": "2.28700", "2006-03-31": "2.45000", "2005-12-31": "2.60600", "2005-09-30": "3.37300", "2005-06-30": "2.35100", "2005-03-31": "0.87000"}, "Other Share Holders Equity": {"2020-09-30": "", "2020-06-30": "", "2020-03-31": "", "2019-12-31": "", "2019-09-30": "", "2019-06-30": "", "2019-03-31": "", "2018-12-31": "", "2018-09-30": "", "2018-06-30": "", "2018-03-31": "", "2017-12-31": "", "2017-09-30": "", "2017-06-30": "", "2017-03-31": "", "2016-12-31": "", "2016-09-30": "", "2016-06-30": "", "2016-03-31": "", "2015-12-31": "", "2015-09-30": "", "2015-06-30": "", "2015-03-31": "", "2014-12-31": "", "2014-09-30": "", "2014-06-30": "", "2014-03-31": "", "2013-12-31": "", "2013-09-30": "", "2013-06-30": "", "2013-03-31": "", "2012-12-31": "", "2012-09-30": "", "2012-06-30": "", "2012-03-31": "", "2011-12-31": "", "2011-09-30": "", "2011-06-30": "", "2011-03-31": "", "2010-12-31": "", "2010-09-30": "", "2010-06-30": "", "2010-03-31": "", "2009-12-31": "", "2009-09-30": "", "2009-06-30": "", "2009-03-31": "", "2008-12-31": "", "2008-09-30": "", "2008-06-30": "", "2008-03-31": "", "2007-12-31": "", "2007-09-30": "", "2007-06-30": "", "2007-03-31": "", "2006-12-31": "", "2006-09-30": "", "2006-06-30": "", "2006-03-31": "", "2005-12-31": "", "2005-09-30": "", "2005-06-30": "", "2005-03-31": ""}, "Share Holder Equity": {"2020-09-30": "12547.90000", "2020-06-30": "11746.20000", "2020-03-31": "11262.70000", "2019-12-31": "11883.80000", "2019-09-30": "11463.40000", "2019-06-30": "11902.80000", "2019-03-31": "11891.60000", "2018-12-31": "12167.10000", "2018-09-30": "12066.20000", "2018-06-30": "12208.70000", "2018-03-31": "13176.70000", "2017-12-31": "13307.60000", "2017-09-30": "13291.60000", "2017-06-30": "12832.90000", "2017-03-31": "11656.00000", "2016-12-31": "11117.60000", "2016-09-30": "11828.80000", "2016-06-30": "10331.30000", "2016-03-31": "10274.90000", "2015-12-31": "9765.80000", "2015-09-30": "9815.00000", "2015-06-30": "9569.30000", "2015-03-31": "9093.20000", "2014-12-31": "3276.00000", "2014-09-30": "3406.30000", "2014-06-30": "3352.70000", "2014-03-31": "3191.70000", "2013-12-31": "2959.90000", "2013-09-30": "3232.67400", "2013-06-30": "2945.31600", "2013-03-31": "2887.19200", "2012-12-31": "3355.82800", "2012-09-30": "3624.23600", "2012-06-30": "3199.12100", "2012-03-31": "3779.35500", "2011-12-31": "3504.78200", "2011-09-30": "3494.13700", "2011-06-30": "3880.98500", "2011-03-31": "3916.97400", "2010-12-31": "3615.40100", "2010-09-30": "3542.94000", "2010-06-30": "2978.95600", "2010-03-31": "3178.47800", "2009-12-31": "3145.19800", "2009-09-30": "3071.89200", "2009-06-30": "2912.28800", "2009-03-31": "2649.22800", "2008-12-31": "2786.84100", "2008-09-30": "2978.95500", "2008-06-30": "3129.55400", "2008-03-31": "3155.79900", "2007-12-31": "3403.42600", "2007-09-30": "1886.67100", "2007-06-30": "1724.97900", "2007-03-31": "1648.86000", "2006-12-31": "1101.90500", "2006-09-30": "956.82300", "2006-06-30": "870.55300", "2006-03-31": "787.65100", "2005-12-31": "759.47800", "2005-09-30": "830.66100", "2005-06-30": "1880.12700", "2005-03-31": "1845.93600"}, "Total Liabilities And Share Holders Equity": {"2020-09-30": "31243.10000", "2020-06-30": "30155.40000", "2020-03-31": "30145.90000", "2019-12-31": "31255.50000", "2019-09-30": "31053.50000", "2019-06-30": "31816.90000", "2019-03-31": "31906.60000", "2018-12-31": "32734.90000", "2018-09-30": "33455.60000", "2018-06-30": "33271.50000", "2018-03-31": "35184.50000", "2017-12-31": "35806.30000", "2017-09-30": "35818.90000", "2017-06-30": "35506.20000", "2017-03-31": "34272.60000", "2016-12-31": "34726.20000", "2016-09-30": "36538.50000", "2016-06-30": "28836.30000", "2016-03-31": "22644.10000", "2015-12-31": "22267.70000", "2015-09-30": "21316.50000", "2015-06-30": "22794.60000", "2015-03-31": "22123.80000", "2014-12-31": "15820.50000", "2014-09-30": "15174.10000", "2014-06-30": "15602.80000", "2014-03-31": "15355.00000", "2013-12-31": "15294.80000", "2013-09-30": "12901.57000", "2013-06-30": "12211.71000", "2013-03-31": "11885.03000", "2012-12-31": "11931.90000", "2012-09-30": "11706.42000", "2012-06-30": "11601.97000", "2012-03-31": "11934.20000", "2011-12-31": "11598.14000", "2011-09-30": "11118.12000", "2011-06-30": "12005.78000", "2011-03-31": "11878.13000", "2010-12-31": "11536.80000", "2010-09-30": "11407.04000", "2010-06-30": "10597.82000", "2010-03-31": "10822.51000", "2009-12-31": "10801.73000", "2009-09-30": "10762.57000", "2009-06-30": "10242.68000", "2009-03-31": "9896.64400", "2008-12-31": "10409.86000", "2008-09-30": "11024.32000", "2008-06-30": "11502.96000", "2008-03-31": "11599.18000", "2007-12-31": "11353.18000", "2007-09-30": "4476.57300", "2007-06-30": "4475.52100", "2007-03-31": "4253.86700", "2006-12-31": "2206.64800", "2006-09-30": "2035.66100", "2006-06-30": "1984.26000", "2006-03-31": "1870.52600", "2005-12-31": "1835.10800", "2005-09-30": "1914.06300", "2005-06-30": "2187.03100", "2005-03-31": "2135.67300"}}, "cash flow statement": {"Net Income/Loss": {"2019-12-31": "16.80000", "2018-12-31": "352.50000", "2017-12-31": "696.00000", "2016-12-31": "480.00000", "2015-12-31": "847.70000", "2014-12-31": "933.10000", "2013-12-31": "626.50000", "2012-12-31": "643.00000", "2011-12-31": "538.80300", "2010-12-31": "345.54200", "2009-12-31": "247.74800", "2008-12-31": "-200.10700", "2007-12-31": "-1151.40200", "2007-03-31": "217.28400", "2006-03-31": "184.54200", "2005-03-31": "203.59200"}, "Total Depreciation And Amortization - Cash Flow": {"2019-12-31": "2019.30000", "2018-12-31": "2109.90000", "2017-12-31": "1805.80000", "2016-12-31": "1523.00000", "2015-12-31": "1032.10000", "2014-12-31": "566.60000", "2013-12-31": "516.00000", "2012-12-31": "546.60000", "2011-12-31": "510.68800", "2010-12-31": "422.78800", "2009-12-31": "401.15700", "2008-12-31": "810.27900", "2007-12-31": "157.80000", "2007-03-31": "61.51200", "2006-03-31": "46.82700", "2005-03-31": "45.10000"}, "Other Non-Cash Items": {"2019-12-31": "275.40000", "2018-12-31": "68.30000", "2017-12-31": "245.40000", "2016-12-31": "853.70000", "2015-12-31": "459.90000", "2014-12-31": "-11.30000", "2013-12-31": "107.00000", "2012-12-31": "166.60000", "2011-12-31": "144.74500", "2010-12-31": "262.90500", "2009-12-31": "109.87700", "2008-12-31": "-44.85800", "2007-12-31": "1176.00900", "2007-03-31": "126.60700", "2006-03-31": "29.70000", "2005-03-31": "-9.57600"}, "Total Non-Cash Items": {"2019-12-31": "2294.70000", "2018-12-31": "2178.20000", "2017-12-31": "2051.20000", "2016-12-31": "2376.70000", "2015-12-31": "1492.00000", "2014-12-31": "555.29990", "2013-12-31": "623.00000", "2012-12-31": "713.20000", "2011-12-31": "655.43300", "2010-12-31": "685.69300", "2009-12-31": "511.03400", "2008-12-31": "765.42100", "2007-12-31": "1333.80900", "2007-03-31": "188.11900", "2006-03-31": "76.52700", "2005-03-31": "35.52400"}, "Change In Accounts Receivable": {"2019-12-31": "-20.00000", "2018-12-31": "340.10000", "2017-12-31": "-162.20000", "2016-12-31": "-131.80000", "2015-12-31": "65.80000", "2014-12-31": "-231.20000", "2013-12-31": "-553.50000", "2012-12-31": "-354.80000", "2011-12-31": "-318.87000", "2010-12-31": "21.86500", "2009-12-31": "-175.79800", "2008-12-31": "-172.44700", "2007-12-31": "-124.38500", "2007-03-31": "-60.77300", "2006-03-31": "19.08100", "2005-03-31": "-192.79900"}, "Change In Inventories": {"2019-12-31": "-512.90000", "2018-12-31": "-547.60000", "2017-12-31": "-129.50000", "2016-12-31": "-279.30000", "2015-12-31": "-320.40000", "2014-12-31": "-147.50000", "2013-12-31": "-157.10000", "2012-12-31": "-172.00000", "2011-12-31": "-220.60000", "2010-12-31": "-94.72800", "2009-12-31": "20.11000", "2008-12-31": "-83.32700", "2007-12-31": "16.30500", "2007-03-31": "-28.98700", "2006-03-31": "6.01200", "2005-03-31": "34.53000"}, "Change In Accounts Payable": {"2019-12-31": "-96.30000", "2018-12-31": "220.30000", "2017-12-31": "14.40000", "2016-12-31": "87.70000", "2015-12-31": "131.80000", "2014-12-31": "-0.30000", "2013-12-31": "137.20000", "2012-12-31": "81.40000", "2011-12-31": "133.66600", "2010-12-31": "23.02100", "2009-12-31": "4.24400", "2008-12-31": "23.16600", "2007-12-31": "86.46700", "2007-03-31": "-29.31200", "2006-03-31": "20.53400", "2005-03-31": "8.08200"}, "Change In Assets/Liabilities": {"2019-12-31": "63.50000", "2018-12-31": "-177.90000", "2017-12-31": "-420.30000", "2016-12-31": "-523.60000", "2015-12-31": "-44.20000", "2014-12-31": "-173.10000", "2013-12-31": "431.60000", "2012-12-31": "88.20000", "2011-12-31": "-164.94300", "2010-12-31": "-70.23600", "2009-12-31": "113.53700", "2008-12-31": "-37.10300", "2007-12-31": "31.26200", "2007-03-31": "30.29400", "2006-03-31": "133.68600", "2005-03-31": "92.77200"}, "Total Change In Assets/Liabilities": {"2019-12-31": "-507.80000", "2018-12-31": "-189.00000", "2017-12-31": "-682.40000", "2016-12-31": "-809.49990", "2015-12-31": "-331.20000", "2014-12-31": "-473.60000", "2013-12-31": "-142.89990", "2012-12-31": "-407.20000", "2011-12-31": "-473.81200", "2010-12-31": "-99.83100", "2009-12-31": "-153.70700", "2008-12-31": "-180.86700", "2007-12-31": "-14.71800", "2007-03-31": "-15.21100", "2006-03-31": "155.49200", "2005-03-31": "-35.40500"}, "Cash Flow From Operating Activities": {"2019-12-31": "1803.70000", "2018-12-31": "2341.70000", "2017-12-31": "2064.80000", "2016-12-31": "2047.20000", "2015-12-31": "2008.50000", "2014-12-31": "1014.80000", "2013-12-31": "1106.60000", "2012-12-31": "949.00000", "2011-12-31": "720.42400", "2010-12-31": "931.40400", "2009-12-31": "605.07500", "2008-12-31": "384.44700", "2007-12-31": "167.68900", "2007-03-31": "390.19200", "2006-03-31": "416.56100", "2005-03-31": "203.71100"}, "Net Change In Property, Plant, And Equipment": {"2019-12-31": "-213.20000", "2018-12-31": "-252.10000", "2017-12-31": "-275.90000", "2016-12-31": "-390.40000", "2015-12-31": "-362.90000", "2014-12-31": "-325.30000", "2013-12-31": "-309.30000", "2012-12-31": "-289.00000", "2011-12-31": "-279.84800", "2010-12-31": "-187.84500", "2009-12-31": "-154.40200", "2008-12-31": "-165.11300", "2007-12-31": "-110.53800", "2007-03-31": "-161.85100", "2006-03-31": "-103.68900", "2005-03-31": "-90.74600"}, "Net Change In Intangible Assets": {"2019-12-31": "-192.80000", "2018-12-31": "-943.50000", "2017-12-31": "-620.30000", "2016-12-31": "-360.20000", "2015-12-31": "-506.50000", "2014-12-31": "-420.20000", "2013-12-31": "-60.90000", "2012-12-31": "-80.40000", "2011-12-31": "", "2010-12-31": "", "2009-12-31": "", "2008-12-31": "", "2007-12-31": "", "2007-03-31": "", "2006-03-31": "", "2005-03-31": ""}, "Net Acquisitions/Divestitures": {"2019-12-31": "-148.70000", "2018-12-31": "-65.90000", "2017-12-31": "-167.00000", "2016-12-31": "-6481.90000", "2015-12-31": "-693.10000", "2014-12-31": "-50.00000", "2013-12-31": "-1261.90000", "2012-12-31": "", "2011-12-31": "-80.51000", "2010-12-31": "-562.76500", "2009-12-31": "-236.66100", "2008-12-31": "", "2007-12-31": "-7001.93000", "2007-03-31": "-761.04900", "2006-03-31": "", "2005-03-31": ""}, "Net Change In Short-term Investments": {"2019-12-31": "1.30000", "2018-12-31": "21.80000", "2017-12-31": "0.10000", "2016-12-31": "-8.70000", "2015-12-31": "-29.00000", "2014-12-31": "0.30000", "2013-12-31": "-8.70000", "2012-12-31": "-1.80000", "2011-12-31": "-3.13100", "2010-12-31": "-2.95400", "2009-12-31": "0.00000", "2008-12-31": "47.68000", "2007-12-31": "82.12000", "2007-03-31": "192.57200", "2006-03-31": "304.49100", "2005-03-31": "-87.51700"}, "Net Change In Long-Term Investments": {"2019-12-31": "", "2018-12-31": "", "2017-12-31": "", "2016-12-31": "", "2015-12-31": "", "2014-12-31": "", "2013-12-31": "", "2012-12-31": "", "2011-12-31": "", "2010-12-31": "", "2009-12-31": "", "2008-12-31": "", "2007-12-31": "", "2007-03-31": "", "2006-03-31": "", "2005-03-31": ""}, "Net Change In Investments - Total": {"2019-12-31": "1.30000", "2018-12-31": "21.80000", "2017-12-31": "0.10000", "2016-12-31": "-8.70000", "2015-12-31": "-29.00000", "2014-12-31": "0.30000", "2013-12-31": "-8.70000", "2012-12-31": "-1.80000", "2011-12-31": "-3.13100", "2010-12-31": "-2.95400", "2009-12-31": "", "2008-12-31": "47.68000", "2007-12-31": "82.12000", "2007-03-31": "192.57200", "2006-03-31": "304.49100", "2005-03-31": "-87.51700"}, "Investing Activities - Other": {"2019-12-31": "28.00000", "2018-12-31": "29.30000", "2017-12-31": "86.70000", "2016-12-31": "-436.60000", "2015-12-31": "21.80000", "2014-12-31": "-5.10000", "2013-12-31": "-228.00000", "2012-12-31": "7.00000", "2011-12-31": "31.44800", "2010-12-31": "28.15400", "2009-12-31": "56.06500", "2008-12-31": "-35.39700", "2007-12-31": "-4.97600", "2007-03-31": "-0.40700", "2006-03-31": "-5.71000", "2005-03-31": "3.37200"}, "Cash Flow From Investing Activities": {"2019-12-31": "-525.40000", "2018-12-31": "-1210.40000", "2017-12-31": "-976.40000", "2016-12-31": "-7677.80000", "2015-12-31": "-1569.70000", "2014-12-31": "-800.30000", "2013-12-31": "-1868.80000", "2012-12-31": "-364.20000", "2011-12-31": "-332.04100", "2010-12-31": "-725.41000", "2009-12-31": "-334.99800", "2008-12-31": "-152.83000", "2007-12-31": "-7035.32400", "2007-03-31": "-730.73500", "2006-03-31": "195.09200", "2005-03-31": "-174.89100"}, "Net Long-Term Debt": {"2019-12-31": "-1101.10000", "2018-12-31": "-587.30000", "2017-12-31": "-1356.60000", "2016-12-31": "5455.90000", "2015-12-31": "1025.90000", "2014-12-31": "-60.80010", "2013-12-31": "1494.40000", "2012-12-31": "52.60000", "2011-12-31": "-186.19800", "2010-12-31": "241.23100", "2009-12-31": "-343.58400", "2008-12-31": "-104.35700", "2007-12-31": "3312.05700", "2007-03-31": "740.31300", "2006-03-31": "687.93800", "2005-03-31": ""}, "Net Current Debt": {"2019-12-31": "-1.80000", "2018-12-31": "-44.40000", "2017-12-31": "-2.90000", "2016-12-31": "40.80000", "2015-12-31": "-329.20000", "2014-12-31": "-107.80000", "2013-12-31": "141.40000", "2012-12-31": "174.30000", "2011-12-31": "-15.61400", "2010-12-31": "-27.41500", "2009-12-31": "8.56800", "2008-12-31": "26.23900", "2007-12-31": "44.24800", "2007-03-31": "10.40300", "2006-03-31": "-21.78800", "2005-03-31": "19.62200"}, "Debt Issuance/Retirement Net - Total": {"2019-12-31": "-1102.90000", "2018-12-31": "-631.70010", "2017-12-31": "-1359.50000", "2016-12-31": "5496.70000", "2015-12-31": "696.69990", "2014-12-31": "-168.60010", "2013-12-31": "1635.80000", "2012-12-31": "226.90000", "2011-12-31": "-201.81200", "2010-12-31": "213.81590", "2009-12-31": "-335.01600", "2008-12-31": "-78.11800", "2007-12-31": "3356.30500", "2007-03-31": "750.71600", "2006-03-31": "666.15000", "2005-03-31": "19.62200"}, "Net Common Equity Issued/Repurchased": {"2019-12-31": "8.10000", "2018-12-31": "-414.20000", "2017-12-31": "-482.40000", "2016-12-31": "13.80000", "2015-12-31": "30.20000", "2014-12-31": "53.80000", "2013-12-31": "-923.80000", "2012-12-31": "-856.10000", "2011-12-31": "-282.26000", "2010-12-31": "54.65300", "2009-12-31": "19.62300", "2008-12-31": "63.75100", "2007-12-31": "755.78300", "2007-03-31": "752.86190", "2006-03-31": "-1200.97800", "2005-03-31": "10.06800"}, "Net Total Equity Issued/Repurchased": {"2019-12-31": "8.10000", "2018-12-31": "-414.20000", "2017-12-31": "-482.40000", "2016-12-31": "13.80000", "2015-12-31": "30.20000", "2014-12-31": "53.80000", "2013-12-31": "-923.80000", "2012-12-31": "-856.10000", "2011-12-31": "-282.26000", "2010-12-31": "54.65300", "2009-12-31": "19.62300", "2008-12-31": "63.75100", "2007-12-31": "2829.66900", "2007-03-31": "752.86190", "2006-03-31": "-1200.97800", "2005-03-31": "10.06800"}, "Total Common And Preferred Stock Dividends Paid": {"2019-12-31": "", "2018-12-31": "", "2017-12-31": "", "2016-12-31": "", "2015-12-31": "", "2014-12-31": "", "2013-12-31": "", "2012-12-31": "", "2011-12-31": "", "2010-12-31": "-139.03500", "2009-12-31": "-139.03500", "2008-12-31": "-137.49500", "2007-12-31": "-29.82500", "2007-03-31": "-50.75100", "2006-03-31": "-49.77200", "2005-03-31": "-32.26100"}, "Financial Activities - Other": {"2019-12-31": "-74.20000", "2018-12-31": "-45.00000", "2017-12-31": "-51.20000", "2016-12-31": "-165.90000", "2015-12-31": "-122.10000", "2014-12-31": "-152.60000", "2013-12-31": "-19.10000", "2012-12-31": "17.70000", "2011-12-31": "-160.92400", "2010-12-31": "-29.08400", "2009-12-31": "", "2008-12-31": "-15.07400", "2007-12-31": "-87.36700", "2007-03-31": "-10.01100", "2006-03-31": "-14.66200", "2005-03-31": ""}, "Cash Flow From Financial Activities": {"2019-12-31": "-1169.00000", "2018-12-31": "-1090.90000", "2017-12-31": "-1893.10000", "2016-12-31": "5344.60000", "2015-12-31": "604.80000", "2014-12-31": "-267.40000", "2013-12-31": "692.90000", "2012-12-31": "-611.50000", "2011-12-31": "-644.99600", "2010-12-31": "100.35000", "2009-12-31": "-454.42800", "2008-12-31": "-166.93600", "2007-12-31": "6068.78200", "2007-03-31": "1442.81600", "2006-03-31": "-599.26200", "2005-03-31": "-2.57100"}, "Net Cash Flow": {"2019-12-31": "101.80000", "2018-12-31": "19.40000", "2017-12-31": "-777.10000", "2016-12-31": "-295.60000", "2015-12-31": "1010.50000", "2014-12-31": "-65.80000", "2013-12-31": "-58.70000", "2012-12-31": "-25.10000", "2011-12-31": "-286.99600", "2010-12-31": "281.53600", "2009-12-31": "-176.63100", "2008-12-31": "72.94500", "2007-12-31": "-768.16300", "2007-03-31": "1102.24100", "2006-03-31": "12.39100", "2005-03-31": "26.24900"}, "Stock-Based Compensation": {"2019-12-31": "56.80000", "2018-12-31": "-3.30000", "2017-12-31": "74.70000", "2016-12-31": "88.90000", "2015-12-31": "92.80000", "2014-12-31": "66.00000", "2013-12-31": "47.00000", "2012-12-31": "42.60000", "2011-12-31": "42.57600", "2010-12-31": "31.38500", "2009-12-31": "31.16600", "2008-12-31": "30.63900", "2007-12-31": "17.33200", "2007-03-31": "22.15600", "2006-03-31": "", "2005-03-31": ""}, "Common Stock Dividends Paid": {"2019-12-31": "", "2018-12-31": "", "2017-12-31": "", "2016-12-31": "", "2015-12-31": "", "2014-12-31": "", "2013-12-31": "", "2012-12-31": "", "2011-12-31": "", "2010-12-31": "-139.03500", "2009-12-31": "-139.03500", "2008-12-31": "-137.49500", "2007-12-31": "-29.82500", "2007-03-31": "-50.75100", "2006-03-31": "-49.77200", "2005-03-31": "-32.26100"}}, "cash flow statement, quarterly": {"Net Income/Loss": {"2020-09-30": 185.7, "2020-06-30": 39.4, "2020-03-31": "20.80000", "2019-12-31": 20.5, "2019-09-30": 189.8, "2019-06-30": -168.5, "2019-03-31": "-25.00000", "2018-12-31": 51.2, "2018-09-30": 176.7, "2018-06-30": 37.5, "2018-03-31": "87.10000", "2017-12-31": 244.3, "2017-09-30": 88.3, "2017-06-30": 297, "2017-03-31": "66.40000", "2016-12-31": 417.5, "2016-09-30": -119.8, "2016-06-30": 168.4, "2016-03-31": "13.90000", "2015-12-31": 194.6, "2015-09-30": 428.6, "2015-06-30": 167.9, "2015-03-31": "56.60000", "2014-12-31": 190.5, "2014-09-30": 499.4, "2014-06-30": 126.6, "2014-03-31": "116.60000", "2013-12-31": 180.9, "2013-09-30": 159.4, "2013-06-30": 178.7, "2013-03-31": "107.50000", "2012-12-31": 162.272, "2012-09-30": 212.086, "2012-06-30": 139.172, "2012-03-31": "129.47000", "2011-12-31": 129.894, "2011-09-30": 157.378, "2011-06-30": 146.986, "2011-03-31": "104.54500", "2010-12-31": 20.799, "2010-09-30": 143.54, "2010-06-30": 86.933, "2010-03-31": "94.27000", "2009-12-31": 47.423, "2009-09-30": -4.42, "2009-06-30": 95.671, "2009-03-31": "109.07400", "2008-12-31": -21.517, "2008-09-30": 216.969, "2008-06-30": 18.374, "2008-03-31": "-413.93300", "2007-12-31": -1309.667, "2007-09-30": 149.827, "2007-06-30": 79.727, "2007-03-31": "-71.28900", "2006-12-31": 135.445, "2006-09-30": 77.541, "2006-06-30": 75.587, "2006-03-31": "0.00000", "2005-12-31": 48.207, "2005-09-30": 35.77, "2005-06-30": 42.915, "2005-03-31": "0.00000"}, "Total Depreciation And Amortization - Cash Flow": {"2020-09-30": 432.3, "2020-06-30": 415.7, "2020-03-31": "415.00000", "2019-12-31": 547.7, "2019-09-30": 469.7, "2019-06-30": 501.4, "2019-03-31": "500.50000", "2018-12-31": 608.9, "2018-09-30": 500.6, "2018-06-30": 501.9, "2018-03-31": "498.50000", "2017-12-31": 526, "2017-09-30": 443.1, "2017-06-30": 421.2, "2017-03-31": "415.50000", "2016-12-31": 476.6, "2016-09-30": 445.9, "2016-06-30": 303.4, "2016-03-31": "297.10000", "2015-12-31": 340.7, "2015-09-30": 257.7, "2015-06-30": 258.7, "2015-03-31": "175.00000", "2014-12-31": 168.5, "2014-09-30": 133.7, "2014-06-30": 129.2, "2014-03-31": "135.20000", "2013-12-31": 142.1, "2013-09-30": 126.9, "2013-06-30": 118.1, "2013-03-31": "128.90000", "2012-12-31": 128.778, "2012-09-30": 171.174, "2012-06-30": 122.981, "2012-03-31": "123.66700", "2011-12-31": 124.237, "2011-09-30": 141.574, "2011-06-30": 125.326, "2011-03-31": "119.55100", "2010-12-31": 112.916, "2010-09-30": 104.939, "2010-06-30": 102.467, "2010-03-31": "102.46600", "2009-12-31": 104.208, "2009-09-30": 103.588, "2009-06-30": 98.724, "2009-03-31": "94.63700", "2008-12-31": 97.488, "2008-09-30": 107.605, "2008-06-30": 109.676, "2008-03-31": "495.51000", "2007-12-31": 79.087, "2007-09-30": 27.341, "2007-06-30": 26.868, "2007-03-31": "24.50400", "2006-12-31": 13.121, "2006-09-30": 12.1, "2006-06-30": 11.787, "2006-03-31": "", "2005-12-31": 11.206, "2005-09-30": 12.423, "2005-06-30": 11.505, "2005-03-31": ""}, "Other Non-Cash Items": {"2020-09-30": -18.8, "2020-06-30": 44.8, "2020-03-31": "28.70000", "2019-12-31": 201.2, "2019-09-30": -23.9, "2019-06-30": 62.4, "2019-03-31": "35.70000", "2018-12-31": -29.2, "2018-09-30": -143, "2018-06-30": 125.6, "2018-03-31": "114.90000", "2017-12-31": -133.6, "2017-09-30": 309, "2017-06-30": -129.6, "2017-03-31": "199.60000", "2016-12-31": 104.6, "2016-09-30": 525.6, "2016-06-30": 46.3, "2016-03-31": "177.20000", "2015-12-31": 152.9, "2015-09-30": 123.6, "2015-06-30": 47.5, "2015-03-31": "135.90000", "2014-12-31": -41.8, "2014-09-30": -85.8, "2014-06-30": 33.5, "2014-03-31": "82.80000", "2013-12-31": 0.4, "2013-09-30": 36.3, "2013-06-30": 42.7, "2013-03-31": "27.60000", "2012-12-31": 54.241, "2012-09-30": 30.516, "2012-06-30": 15.102, "2012-03-31": "66.74100", "2011-12-31": 8.4, "2011-09-30": 109.349, "2011-06-30": -48.923, "2011-03-31": "75.91900", "2010-12-31": 198.414, "2010-09-30": -0.102, "2010-06-30": 111.986, "2010-03-31": "-47.39300", "2009-12-31": 5.508, "2009-09-30": 143.122, "2009-06-30": -49.947, "2009-03-31": "11.19400", "2008-12-31": -13.539, "2008-09-30": 148.259, "2008-06-30": 21.714, "2008-03-31": "-201.29200", "2007-12-31": 1237.842, "2007-09-30": -112.922, "2007-06-30": 55.887, "2007-03-31": "-4.79800", "2006-12-31": -39.269, "2006-09-30": 21.633, "2006-06-30": -12.202, "2006-03-31": "", "2005-12-31": -4.414, "2005-09-30": 18.226, "2005-06-30": 10.167, "2005-03-31": ""}, "Total Non-Cash Items": {"2020-09-30": 413.5, "2020-06-30": 460.5, "2020-03-31": "443.70000", "2019-12-31": 748.9, "2019-09-30": 445.8, "2019-06-30": 563.8, "2019-03-31": "536.20000", "2018-12-31": 579.7, "2018-09-30": 357.6, "2018-06-30": 627.5, "2018-03-31": "613.40000", "2017-12-31": 392.4, "2017-09-30": 752.1, "2017-06-30": 291.6, "2017-03-31": "615.10000", "2016-12-31": 581.2, "2016-09-30": 971.4999, "2016-06-30": 349.7001, "2016-03-31": "474.30000", "2015-12-31": 493.6, "2015-09-30": 381.3, "2015-06-30": 306.2, "2015-03-31": "310.90000", "2014-12-31": 126.6999, "2014-09-30": 47.9, "2014-06-30": 162.7, "2014-03-31": "218.00000", "2013-12-31": 142.5, "2013-09-30": 163.2, "2013-06-30": 160.8, "2013-03-31": "156.50000", "2012-12-31": 183.019, "2012-09-30": 201.69, "2012-06-30": 138.083, "2012-03-31": "190.40800", "2011-12-31": 132.637, "2011-09-30": 250.923, "2011-06-30": 76.403, "2011-03-31": "195.47000", "2010-12-31": 311.33, "2010-09-30": 104.837, "2010-06-30": 214.453, "2010-03-31": "55.07300", "2009-12-31": 109.716, "2009-09-30": 246.71, "2009-06-30": 48.777, "2009-03-31": "105.83100", "2008-12-31": 83.949, "2008-09-30": 255.864, "2008-06-30": 131.39, "2008-03-31": "294.21800", "2007-12-31": 1316.929, "2007-09-30": -85.581, "2007-06-30": 82.755, "2007-03-31": "19.70600", "2006-12-31": -26.148, "2006-09-30": 33.733, "2006-06-30": -0.415, "2006-03-31": "", "2005-12-31": 6.792, "2005-09-30": 30.649, "2005-06-30": 21.672, "2005-03-31": ""}, "Change In Accounts Receivable": {"2020-09-30": -149.9, "2020-06-30": 49, "2020-03-31": "73.60000", "2019-12-31": 0.7, "2019-09-30": -219.6, "2019-06-30": 136.1, "2019-03-31": "62.80000", "2018-12-31": 77.9, "2018-09-30": -216.8, "2018-06-30": 108.8, "2018-03-31": "370.20000", "2017-12-31": -378.4, "2017-09-30": -186.1, "2017-06-30": 115.6, "2017-03-31": "286.70000", "2016-12-31": -315.1, "2016-09-30": 283.9, "2016-06-30": -184.1, "2016-03-31": "83.50000", "2015-12-31": 120.1, "2015-09-30": 79.8, "2015-06-30": -511, "2015-03-31": "376.90000", "2014-12-31": 108, "2014-09-30": -90.2, "2014-06-30": -298.1, "2014-03-31": "49.10000", "2013-12-31": -250.8, "2013-09-30": -195.1, "2013-06-30": -184.3, "2013-03-31": "76.70000", "2012-12-31": -111.718, "2012-09-30": 44.929, "2012-06-30": -132.926, "2012-03-31": "-155.08500", "2011-12-31": -236.584, "2011-09-30": 217.914, "2011-06-30": -121.558, "2011-03-31": "-178.64200", "2010-12-31": -42.856, "2010-09-30": 171.565, "2010-06-30": -110.573, "2010-03-31": "3.72900", "2009-12-31": -224.188, "2009-09-30": -0.253, "2009-06-30": 6.455, "2009-03-31": "42.18800", "2008-12-31": -37.154, "2008-09-30": 31.484, "2008-06-30": -227.276, "2008-03-31": "60.49900", "2007-12-31": 89.607, "2007-09-30": -150.976, "2007-06-30": -35.494, "2007-03-31": "-27.52200", "2006-12-31": 3.358, "2006-09-30": -10.422, "2006-06-30": -26.187, "2006-03-31": "", "2005-12-31": 15.145, "2005-09-30": 32.824, "2005-06-30": 28.559, "2005-03-31": ""}, "Change In Inventories": {"2020-09-30": -256.6, "2020-06-30": -144, "2020-03-31": "-131.80000", "2019-12-31": -35.3, "2019-09-30": -150.8, "2019-06-30": -143.8, "2019-03-31": "-183.00000", "2018-12-31": -122.1, "2018-09-30": -144.8, "2018-06-30": -123.1, "2018-03-31": "-157.60000", "2017-12-31": -41.6, "2017-09-30": 52, "2017-06-30": -34.3, "2017-03-31": "-105.60000", "2016-12-31": 57.4, "2016-09-30": -101.2, "2016-06-30": -12.7, "2016-03-31": "-222.80000", "2015-12-31": -32, "2015-09-30": -57, "2015-06-30": -94.7, "2015-03-31": "-136.70000", "2014-12-31": 15.9, "2014-09-30": 14.8, "2014-06-30": -90.2, "2014-03-31": "-88.00000", "2013-12-31": 20.2, "2013-09-30": -8.1, "2013-06-30": -50.3, "2013-03-31": "-118.90000", "2012-12-31": -50.55, "2012-09-30": -11.811, "2012-06-30": -39.544, "2012-03-31": "-70.09500", "2011-12-31": -39.052, "2011-09-30": -41.55, "2011-06-30": -70.271, "2011-03-31": "-69.72700", "2010-12-31": -25.388, "2010-09-30": -25.313, "2010-06-30": 13.405, "2010-03-31": "-57.43200", "2009-12-31": 8.922, "2009-09-30": -11.033, "2009-06-30": 3.541, "2009-03-31": "18.68000", "2008-12-31": 15.485, "2008-09-30": -38.555, "2008-06-30": -21.786, "2008-03-31": "-38.47100", "2007-12-31": 2.275, "2007-09-30": 4.457, "2007-06-30": 2.632, "2007-03-31": "6.94100", "2006-12-31": -11.669, "2006-09-30": -13.512, "2006-06-30": -10.747, "2006-03-31": "", "2005-12-31": 1.261, "2005-09-30": 5.71, "2005-06-30": 24.325, "2005-03-31": ""}, "Change In Accounts Payable": {"2020-09-30": 134.8, "2020-06-30": -33.5, "2020-03-31": "-201.00000", "2019-12-31": -13.1, "2019-09-30": -11.6, "2019-06-30": 205.9, "2019-03-31": "-277.50000", "2018-12-31": 234.4, "2018-09-30": 116.5, "2018-06-30": -37.8, "2018-03-31": "-92.80000", "2017-12-31": 201.8, "2017-09-30": 108.8, "2017-06-30": -53.5, "2017-03-31": "-242.70000", "2016-12-31": 132.7, "2016-09-30": 92.6, "2016-06-30": -80.4, "2016-03-31": "-57.20000", "2015-12-31": -110.7, "2015-09-30": 165.1, "2015-06-30": 92.8, "2015-03-31": "-15.40000", "2014-12-31": 126.5, "2014-09-30": -127.4, "2014-06-30": 33.3, "2014-03-31": "-32.70000", "2013-12-31": 7.9, "2013-09-30": 48, "2013-06-30": 75.4, "2013-03-31": "5.90000", "2012-12-31": 106.034, "2012-09-30": -15.659, "2012-06-30": 24.102, "2012-03-31": "-33.07700", "2011-12-31": 185.568, "2011-09-30": -107.461, "2011-06-30": 27.512, "2011-03-31": "28.04700", "2010-12-31": 14.656, "2010-09-30": -46.504, "2010-06-30": 6.064, "2010-03-31": "48.80500", "2009-12-31": 62.098, "2009-09-30": 5.318, "2009-06-30": -34.475, "2009-03-31": "-28.69700", "2008-12-31": 23.201, "2008-09-30": -0.812, "2008-06-30": 5.63, "2008-03-31": "-4.85300", "2007-12-31": 98.634, "2007-09-30": 32.972, "2007-06-30": -39.637, "2007-03-31": "-5.50200", "2006-12-31": -15.63, "2006-09-30": -0.086, "2006-06-30": -8.094, "2006-03-31": "", "2005-12-31": 9.628, "2005-09-30": 24.532, "2005-06-30": -27.136, "2005-03-31": ""}, "Change In Assets/Liabilities": {"2020-09-30": 131.6, "2020-06-30": -30.4, "2020-03-31": "75.00000", "2019-12-31": -153.1, "2019-09-30": 199.6, "2019-06-30": -43.4, "2019-03-31": "60.40000", "2018-12-31": -258.5, "2018-09-30": 338.9, "2018-06-30": -215.5, "2018-03-31": "-42.80000", "2017-12-31": -87.5, "2017-09-30": -155.2, "2017-06-30": -185.6, "2017-03-31": "8.00000", "2016-12-31": -510.4, "2016-09-30": 41, "2016-06-30": 72.3, "2016-03-31": "-126.50000", "2015-12-31": -27.9, "2015-09-30": 4.5, "2015-06-30": 101.2, "2015-03-31": "-122.00000", "2014-12-31": -489.1, "2014-09-30": 56.3, "2014-06-30": 221.1, "2014-03-31": "38.60000", "2013-12-31": 309.9, "2013-09-30": 213.2, "2013-06-30": 71.7, "2013-03-31": "-163.20000", "2012-12-31": 57.358, "2012-09-30": -7.08, "2012-06-30": 158.053, "2012-03-31": "-120.13100", "2011-12-31": 70.511, "2011-09-30": -158.734, "2011-06-30": 46.615, "2011-03-31": "-123.33500", "2010-12-31": -23.449, "2010-09-30": 69.601, "2010-06-30": -16.702, "2010-03-31": "-99.68600", "2009-12-31": 111.316, "2009-09-30": 60.537, "2009-06-30": 28.317, "2009-03-31": "-86.63300", "2008-12-31": 74.812, "2008-09-30": -435.839, "2008-06-30": 26.039, "2008-03-31": "297.88500", "2007-12-31": -53.521, "2007-09-30": 58.333, "2007-06-30": -2.485, "2007-03-31": "28.93500", "2006-12-31": -15.865, "2006-09-30": 17.926, "2006-06-30": 13.541, "2006-03-31": "", "2005-12-31": 29.499, "2005-09-30": 1.173, "2005-06-30": 12.875, "2005-03-31": ""}, "Total Change In Assets/Liabilities": {"2020-09-30": -74.2, "2020-06-30": -120.4, "2020-03-31": "-173.40000", "2019-12-31": -82.7, "2019-09-30": -147.8, "2019-06-30": 273.6, "2019-03-31": "-550.90000", "2018-12-31": 5.2, "2018-09-30": 119.3, "2018-06-30": -234.8, "2018-03-31": "-78.70000", "2017-12-31": -141.2, "2017-09-30": -291.8, "2017-06-30": -20.8, "2017-03-31": "-228.60000", "2016-12-31": -649.1999, "2016-09-30": 348.9, "2016-06-30": -101.5, "2016-03-31": "-407.70000", "2015-12-31": -36.2, "2015-09-30": 164.9, "2015-06-30": -359.4, "2015-03-31": "-100.50000", "2014-12-31": -190.6, "2014-09-30": -106.6, "2014-06-30": -109.9, "2014-03-31": "-66.50000", "2013-12-31": 94.5001, "2013-09-30": 92.1, "2013-06-30": -153.1, "2013-03-31": "-176.40000", "2012-12-31": -54.252, "2012-09-30": 48.592, "2012-06-30": 25.41, "2012-03-31": "-426.95000", "2011-12-31": 31.555, "2011-09-30": -125.309, "2011-06-30": -34.463, "2011-03-31": "-345.59500", "2010-12-31": -137.673, "2010-09-30": 129.436, "2010-06-30": -182.924, "2010-03-31": "91.33000", "2009-12-31": -98.614, "2009-09-30": -31.956, "2009-06-30": 65.442, "2009-03-31": "-88.57900", "2008-12-31": 72.842, "2008-09-30": -385.911, "2008-06-30": -318.02, "2008-03-31": "450.22200", "2007-12-31": 79.465, "2007-09-30": -60.073, "2007-06-30": -77.931, "2007-03-31": "43.82100", "2006-12-31": -14.527, "2006-09-30": -47.979, "2006-06-30": 17.717, "2006-03-31": "", "2005-12-31": 67.673, "2005-09-30": 22.223, "2005-06-30": 41.849, "2005-03-31": ""}, "Cash Flow From Operating Activities": {"2020-09-30": 525, "2020-06-30": 379.5, "2020-03-31": "291.10000", "2019-12-31": 686.7, "2019-09-30": 487.8, "2019-06-30": 668.9, "2019-03-31": "-39.70000", "2018-12-31": 636.1, "2018-09-30": 653.6, "2018-06-30": 430.2, "2018-03-31": "621.80000", "2017-12-31": 495.5, "2017-09-30": 548.6, "2017-06-30": 567.8, "2017-03-31": "452.90000", "2016-12-31": 349.5, "2016-09-30": 1200.6, "2016-06-30": 416.6, "2016-03-31": "80.50000", "2015-12-31": 652, "2015-09-30": 974.8, "2015-06-30": 114.7, "2015-03-31": "267.00000", "2014-12-31": 126.6, "2014-09-30": 440.7, "2014-06-30": 179.4, "2014-03-31": "268.10000", "2013-12-31": 417.9, "2013-09-30": 414.7, "2013-06-30": 186.4, "2013-03-31": "87.60000", "2012-12-31": 291.039, "2012-09-30": 462.368, "2012-06-30": 302.665, "2012-03-31": "-107.07200", "2011-12-31": 294.086, "2011-09-30": 282.992, "2011-06-30": 188.926, "2011-03-31": "-45.58000", "2010-12-31": 194.456, "2010-09-30": 377.813, "2010-06-30": 118.462, "2010-03-31": "240.67300", "2009-12-31": 58.525, "2009-09-30": 210.334, "2009-06-30": 209.89, "2009-03-31": "126.32600", "2008-12-31": 135.274, "2008-09-30": 86.922, "2008-06-30": -168.256, "2008-03-31": "330.50700", "2007-12-31": -60.273, "2007-09-30": 4.173, "2007-06-30": 84.551, "2007-03-31": "139.23800", "2006-12-31": 94.77, "2006-09-30": 63.295, "2006-06-30": 92.889, "2006-03-31": "", "2005-12-31": 122.672, "2005-09-30": 88.642, "2005-06-30": 106.436, "2005-03-31": ""}, "Net Change In Property, Plant, And Equipment": {"2020-09-30": -37.4, "2020-06-30": -43.6, "2020-03-31": "-43.00000", "2019-12-31": -97.9, "2019-09-30": -18.1, "2019-06-30": -44.3, "2019-03-31": "-52.90000", "2018-12-31": -114.7, "2018-09-30": -61.5, "2018-06-30": -45.2, "2018-03-31": "-30.70000", "2017-12-31": -150.6, "2017-09-30": -47.1, "2017-06-30": -50.9, "2017-03-31": "-27.30000", "2016-12-31": -150.9, "2016-09-30": -118.5, "2016-06-30": -69.2, "2016-03-31": "-51.80000", "2015-12-31": -155.6, "2015-09-30": -85.3, "2015-06-30": -73.9, "2015-03-31": "-48.10000", "2014-12-31": -113.8, "2014-09-30": -63.2, "2014-06-30": -76, "2014-03-31": "-72.30000", "2013-12-31": -70.8, "2013-09-30": -112.8, "2013-06-30": -72.6, "2013-03-31": "-53.10000", "2012-12-31": -145.421, "2012-09-30": -44.661, "2012-06-30": -63.173, "2012-03-31": "-35.74500", "2011-12-31": -113.774, "2011-09-30": -54.661, "2011-06-30": -70.074, "2011-03-31": "-41.33900", "2010-12-31": -96.522, "2010-09-30": -38.023, "2010-06-30": -33.142, "2010-03-31": "-20.15800", "2009-12-31": -71.267, "2009-09-30": -30.128, "2009-06-30": -21.913, "2009-03-31": "-31.09400", "2008-12-31": -63.414, "2008-09-30": -30.749, "2008-06-30": -25.471, "2008-03-31": "-45.47900", "2007-12-31": 26.833, "2007-09-30": -29.48, "2007-06-30": -27.869, "2007-03-31": "-80.02200", "2006-12-31": -32.031, "2006-09-30": -22.081, "2006-06-30": -27.717, "2006-03-31": "", "2005-12-31": -25.552, "2005-09-30": -26.171, "2005-06-30": -25.142, "2005-03-31": ""}, "Net Change In Intangible Assets": {"2020-09-30": -20.9, "2020-06-30": -9.3, "2020-03-31": "-67.10000", "2019-12-31": -46.3, "2019-09-30": -17, "2019-06-30": -114.1, "2019-03-31": "-15.40000", "2018-12-31": -330.5, "2018-09-30": 1.4, "2018-06-30": -272, "2018-03-31": "-342.40000", "2017-12-31": -61.5, "2017-09-30": -79.8, "2017-06-30": -401.1, "2017-03-31": "-77.90000", "2016-12-31": -163.9, "2016-09-30": -16.3, "2016-06-30": -74.4, "2016-03-31": "-105.60000", "2015-12-31": -78.3, "2015-09-30": -323.6, "2015-06-30": -93.1, "2015-03-31": "-11.50000", "2014-12-31": 34, "2014-09-30": -318.9, "2014-06-30": -6.3, "2014-03-31": "-129.00000", "2013-12-31": -41.8, "2013-09-30": -5.5, "2013-06-30": -9.3, "2013-03-31": "-4.30000", "2012-12-31": -80.4, "2012-09-30": 0, "2012-06-30": 0, "2012-03-31": "", "2011-12-31": 0, "2011-09-30": 0, "2011-06-30": 0, "2011-03-31": "", "2010-12-31": 0, "2010-09-30": 0, "2010-06-30": 0, "2010-03-31": "", "2009-12-31": 0, "2009-09-30": 0, "2009-06-30": 0, "2009-03-31": "", "2008-12-31": 0, "2008-09-30": 0, "2008-06-30": 0, "2008-03-31": "", "2007-12-31": 0, "2007-09-30": 0, "2007-06-30": 0, "2007-03-31": "", "2006-12-31": 0, "2006-09-30": 0, "2006-06-30": 0, "2006-03-31": "", "2005-12-31": 0, "2005-09-30": 0, "2005-06-30": 0, "2005-03-31": ""}, "Net Acquisitions/Divestitures": {"2020-09-30": 0, "2020-06-30": 0, "2020-03-31": "", "2019-12-31": 0, "2019-09-30": -141.6, "2019-06-30": 0, "2019-03-31": "-7.10000", "2018-12-31": 241.2, "2018-09-30": -243.8, "2018-06-30": 0, "2018-03-31": "-63.30000", "2017-12-31": -95.4, "2017-09-30": 0, "2017-06-30": 0, "2017-03-31": "-71.60000", "2016-12-31": -330.2, "2016-09-30": -5208.4, "2016-06-30": -943.3, "2016-03-31": "", "2015-12-31": -693.1, "2015-09-30": 0, "2015-06-30": 0, "2015-03-31": "", "2014-12-31": 0, "2014-09-30": -17, "2014-06-30": -33, "2014-03-31": "", "2013-12-31": -1211, "2013-09-30": -13.8, "2013-06-30": -5, "2013-03-31": "-32.10000", "2012-12-31": 0, "2012-09-30": 0, "2012-06-30": 0, "2012-03-31": "", "2011-12-31": -80.51, "2011-09-30": 0, "2011-06-30": 0, "2011-03-31": "", "2010-12-31": -6.653, "2010-09-30": -556.112, "2010-06-30": 0, "2010-03-31": "", "2009-12-31": -25.452, "2009-09-30": -37.85, "2009-06-30": -173.359, "2009-03-31": "", "2008-12-31": 0, "2008-09-30": 0, "2008-06-30": 0, "2008-03-31": "", "2007-12-31": -6451.482, "2007-09-30": 0, "2007-06-30": 0, "2007-03-31": "-550.44800", "2006-12-31": -210.601, "2006-09-30": 0, "2006-06-30": 0, "2006-03-31": "", "2005-12-31": 0, "2005-09-30": 0, "2005-06-30": 0, "2005-03-31": ""}, "Net Change In Short-term Investments": {"2020-09-30": -0.4, "2020-06-30": -21.6, "2020-03-31": "-35.50000", "2019-12-31": 1.7, "2019-09-30": -0.2, "2019-06-30": 0, "2019-03-31": "-0.20000", "2018-12-31": -0.9, "2018-09-30": 1.8, "2018-06-30": 13.4, "2018-03-31": "7.50000", "2017-12-31": 0.1, "2017-09-30": 0, "2017-06-30": 0, "2017-03-31": "0.00000", "2016-12-31": -1.7, "2016-09-30": -0.6, "2016-06-30": -3.8, "2016-03-31": "-2.60000", "2015-12-31": 0.7, "2015-09-30": 0.3, "2015-06-30": -2.1, "2015-03-31": "-27.90000", "2014-12-31": 1.5, "2014-09-30": 1.5, "2014-06-30": -2.8, "2014-03-31": "0.10000", "2013-12-31": -3, "2013-09-30": -1.5, "2013-06-30": -4.5, "2013-03-31": "0.30000", "2012-12-31": 2.265, "2012-09-30": -2.676, "2012-06-30": -1.291, "2012-03-31": "-0.09800", "2011-12-31": -1.623, "2011-09-30": 0.811, "2011-06-30": -0.157, "2011-03-31": "-2.16200", "2010-12-31": 0.142, "2010-09-30": -7.723, "2010-06-30": 6.617, "2010-03-31": "-1.99000", "2009-12-31": -10.692, "2009-09-30": -1.427, "2009-06-30": 9.829, "2009-03-31": "2.29000", "2008-12-31": 5.08, "2008-09-30": 4.551, "2008-06-30": 0.841, "2008-03-31": "37.20800", "2007-12-31": -30.845, "2007-09-30": 110.99, "2007-06-30": -3.068, "2007-03-31": "5.04300", "2006-12-31": 272.836, "2006-09-30": -37.934, "2006-06-30": -47.373, "2006-03-31": "", "2005-12-31": 61.383, "2005-09-30": 95.893, "2005-06-30": 128.721, "2005-03-31": ""}, "Net Change In Long-Term Investments": {"2020-09-30": 0, "2020-06-30": 0, "2020-03-31": "", "2019-12-31": 0, "2019-09-30": 0, "2019-06-30": 0, "2019-03-31": "", "2018-12-31": 0, "2018-09-30": 0, "2018-06-30": 0, "2018-03-31": "", "2017-12-31": 0, "2017-09-30": 0, "2017-06-30": 0, "2017-03-31": "", "2016-12-31": 0, "2016-09-30": 0, "2016-06-30": 0, "2016-03-31": "", "2015-12-31": 0, "2015-09-30": 0, "2015-06-30": 0, "2015-03-31": "", "2014-12-31": 0, "2014-09-30": 0, "2014-06-30": 0, "2014-03-31": "", "2013-12-31": 0, "2013-09-30": 0, "2013-06-30": 0, "2013-03-31": "", "2012-12-31": 0, "2012-09-30": 0, "2012-06-30": 0, "2012-03-31": "", "2011-12-31": 0, "2011-09-30": 0, "2011-06-30": 0, "2011-03-31": "", "2010-12-31": 0, "2010-09-30": 0, "2010-06-30": 0, "2010-03-31": "", "2009-12-31": -23.333, "2009-09-30": 0, "2009-06-30": 23.333, "2009-03-31": "", "2008-12-31": 0, "2008-09-30": 0, "2008-06-30": 0, "2008-03-31": "", "2007-12-31": 0, "2007-09-30": 0, "2007-06-30": 0, "2007-03-31": "", "2006-12-31": 0, "2006-09-30": 0, "2006-06-30": 0, "2006-03-31": "", "2005-12-31": 0, "2005-09-30": 0, "2005-06-30": 0, "2005-03-31": ""}, "Net Change In Investments - Total": {"2020-09-30": -0.4, "2020-06-30": -21.6, "2020-03-31": "-35.50000", "2019-12-31": 1.7, "2019-09-30": -0.2, "2019-06-30": 0, "2019-03-31": "-0.20000", "2018-12-31": -0.9, "2018-09-30": 1.8, "2018-06-30": 13.4, "2018-03-31": "7.50000", "2017-12-31": 0.1, "2017-09-30": 0, "2017-06-30": 0, "2017-03-31": "0.00000", "2016-12-31": -1.7, "2016-09-30": -0.6, "2016-06-30": -3.8, "2016-03-31": "-2.60000", "2015-12-31": 0.7, "2015-09-30": 0.3, "2015-06-30": -2.1, "2015-03-31": "-27.90000", "2014-12-31": 1.5, "2014-09-30": 1.5, "2014-06-30": -2.8, "2014-03-31": "0.10000", "2013-12-31": -3, "2013-09-30": -1.5, "2013-06-30": -4.5, "2013-03-31": "0.30000", "2012-12-31": 2.265, "2012-09-30": -2.676, "2012-06-30": -1.291, "2012-03-31": "-0.09800", "2011-12-31": -1.623, "2011-09-30": 0.811, "2011-06-30": -0.157, "2011-03-31": "-2.16200", "2010-12-31": 0.142, "2010-09-30": -7.723, "2010-06-30": 6.617, "2010-03-31": "-1.99000", "2009-12-31": -34.025, "2009-09-30": -1.427, "2009-06-30": 33.162, "2009-03-31": "2.29000", "2008-12-31": 5.08, "2008-09-30": 4.551, "2008-06-30": 0.841, "2008-03-31": "37.20800", "2007-12-31": -30.845, "2007-09-30": 110.99, "2007-06-30": -3.068, "2007-03-31": "5.04300", "2006-12-31": 272.836, "2006-09-30": -37.934, "2006-06-30": -47.373, "2006-03-31": "", "2005-12-31": 61.383, "2005-09-30": 95.893, "2005-06-30": 128.721, "2005-03-31": ""}, "Investing Activities - Other": {"2020-09-30": 0, "2020-06-30": 0, "2020-03-31": "", "2019-12-31": 28, "2019-09-30": 0, "2019-06-30": 0, "2019-03-31": "", "2018-12-31": 29.3, "2018-09-30": 0, "2018-06-30": 0, "2018-03-31": "", "2017-12-31": 86.7, "2017-09-30": 0, "2017-06-30": 0, "2017-03-31": "", "2016-12-31": 50.5, "2016-09-30": -436.5, "2016-06-30": -50.6, "2016-03-31": "", "2015-12-31": -4.1, "2015-09-30": 37.1, "2015-06-30": -11.2, "2015-03-31": "", "2014-12-31": -5.1, "2014-09-30": 0, "2014-06-30": 0, "2014-03-31": "", "2013-12-31": -179, "2013-09-30": 1.6, "2013-06-30": 2.5, "2013-03-31": "-53.10000", "2012-12-31": 77.184, "2012-09-30": -4.608, "2012-06-30": 6.799, "2012-03-31": "-72.37500", "2011-12-31": 16.918, "2011-09-30": 12.398, "2011-06-30": 2.006, "2011-03-31": "0.12600", "2010-12-31": -1.677, "2010-09-30": 35.55, "2010-06-30": -0.117, "2010-03-31": "-5.60200", "2009-12-31": 78.689, "2009-09-30": -7.215, "2009-06-30": -14.612, "2009-03-31": "-0.79700", "2008-12-31": 4.715, "2008-09-30": 10.068, "2008-06-30": -6.837, "2008-03-31": "-43.34300", "2007-12-31": -2.811, "2007-09-30": -3.041, "2007-06-30": -0.306, "2007-03-31": "1.18200", "2006-12-31": -0.693, "2006-09-30": -0.737, "2006-06-30": -0.159, "2006-03-31": "", "2005-12-31": -1.734, "2005-09-30": 0.138, "2005-06-30": -1.842, "2005-03-31": ""}, "Cash Flow From Investing Activities": {"2020-09-30": -58.7, "2020-06-30": -74.5, "2020-03-31": "-145.60000", "2019-12-31": -114.5, "2019-09-30": -176.9, "2019-06-30": -158.4, "2019-03-31": "-75.60000", "2018-12-31": -175.6, "2018-09-30": -302.1, "2018-06-30": -303.8, "2018-03-31": "-428.90000", "2017-12-31": -220.7, "2017-09-30": -126.9, "2017-06-30": -452, "2017-03-31": "-176.80000", "2016-12-31": -596.2, "2016-09-30": -5780.3, "2016-06-30": -1141.3, "2016-03-31": "-160.00000", "2015-12-31": -930.4, "2015-09-30": -371.5, "2015-06-30": -180.3, "2015-03-31": "-87.50000", "2014-12-31": -83.4, "2014-09-30": -397.6, "2014-06-30": -118.1, "2014-03-31": "-201.20000", "2013-12-31": -1505.6, "2013-09-30": -132, "2013-06-30": -88.9, "2013-03-31": "-142.30000", "2012-12-31": -146.372, "2012-09-30": -51.945, "2012-06-30": -57.665, "2012-03-31": "-108.21800", "2011-12-31": -178.989, "2011-09-30": -41.452, "2011-06-30": -68.225, "2011-03-31": "-43.37500", "2010-12-31": -104.71, "2010-09-30": -566.308, "2010-06-30": -26.642, "2010-03-31": "-27.75000", "2009-12-31": -52.055, "2009-09-30": -76.62, "2009-06-30": -176.722, "2009-03-31": "-29.60100", "2008-12-31": -53.619, "2008-09-30": -16.13, "2008-06-30": -31.467, "2008-03-31": "-51.61400", "2007-12-31": -6458.305, "2007-09-30": 78.469, "2007-06-30": -31.243, "2007-03-31": "-624.24500", "2006-12-31": 29.511, "2006-09-30": -60.752, "2006-06-30": -75.249, "2006-03-31": "", "2005-12-31": 34.097, "2005-09-30": 69.86, "2005-06-30": 101.737, "2005-03-31": ""}, "Net Long-Term Debt": {"2020-09-30": 0.1, "2020-06-30": -555.9, "2020-03-31": "0.10000", "2019-12-31": -450.4, "2019-09-30": -100.7, "2019-06-30": -549.9, "2019-03-31": "-0.10000", "2018-12-31": -566.3998, "2018-09-30": 0.5, "2018-06-30": -21.8002, "2018-03-31": "0.40000", "2017-12-31": -165.1, "2017-09-30": -420.6, "2017-06-30": -220.9, "2017-03-31": "-550.00000", "2016-12-31": 3.1, "2016-09-30": -526, "2016-06-30": 5978.8, "2016-03-31": "", "2015-12-31": 999.2003, "2015-09-30": 27.3997, "2015-06-30": -0.7, "2015-03-31": "", "2014-12-31": -0.8001, "2014-09-30": 0, "2014-06-30": 0, "2014-03-31": "-60.00000", "2013-12-31": 1593.4, "2013-09-30": -340, "2013-06-30": -44.6, "2013-03-31": "285.60000", "2012-12-31": 383.977, "2012-09-30": -433.828, "2012-06-30": 341.257, "2012-03-31": "-238.80600", "2011-12-31": -180.046, "2011-09-30": -3.686, "2011-06-30": -1.261, "2011-03-31": "-1.20500", "2010-12-31": -22.845, "2010-09-30": 15.583, "2010-06-30": 249.271, "2010-03-31": "-0.77800", "2009-12-31": -196.505, "2009-09-30": 25.085, "2009-06-30": -20.612, "2009-03-31": "-151.55200", "2008-12-31": -132.518, "2008-09-30": 96.757, "2008-06-30": -18.866, "2008-03-31": "-49.73000", "2007-12-31": 2760.155, "2007-09-30": -189.349, "2007-06-30": 0, "2007-03-31": "741.25100", "2006-12-31": 0, "2006-09-30": -0.938, "2006-06-30": 0, "2006-03-31": "", "2005-12-31": -1.375, "2005-09-30": 775, "2005-06-30": 0, "2005-03-31": ""}, "Net Current Debt": {"2020-09-30": 0.3, "2020-06-30": 0, "2020-03-31": "", "2019-12-31": 0.1, "2019-09-30": -26.2, "2019-06-30": 25.8, "2019-03-31": "-1.50000", "2018-12-31": 1.5, "2018-09-30": -224.9, "2018-06-30": -130.1, "2018-03-31": "309.10000", "2017-12-31": 45.4, "2017-09-30": -5.6, "2017-06-30": -25.1, "2017-03-31": "-17.60000", "2016-12-31": -7.8, "2016-09-30": -6.1, "2016-06-30": -10.4, "2016-03-31": "65.10000", "2015-12-31": 0.5, "2015-09-30": -435.3, "2015-06-30": 267.2, "2015-03-31": "-161.60000", "2014-12-31": -32.7, "2014-09-30": 118.2, "2014-06-30": -122.2, "2014-03-31": "-71.10000", "2013-12-31": -94.7, "2013-09-30": 122.2, "2013-06-30": -71.2, "2013-03-31": "185.10000", "2012-12-31": -113.875, "2012-09-30": 5.067, "2012-06-30": -27.945, "2012-03-31": "311.05300", "2011-12-31": -38.336, "2011-09-30": 17.798, "2011-06-30": 10.485, "2011-03-31": "-5.56100", "2010-12-31": 17.621, "2010-09-30": -22.662, "2010-06-30": 23.858, "2010-03-31": "-46.23200", "2009-12-31": 8.828, "2009-09-30": 18.476, "2009-06-30": -11.768, "2009-03-31": "-6.96800", "2008-12-31": -19.815, "2008-09-30": 5.051, "2008-06-30": 26.747, "2008-03-31": "14.25600", "2007-12-31": 4.022, "2007-09-30": 8.034, "2007-06-30": 14.184, "2007-03-31": "18.00800", "2006-12-31": 0, "2006-09-30": 0, "2006-06-30": -7.605, "2006-03-31": "", "2005-12-31": -34.614, "2005-09-30": 5.221, "2005-06-30": 0, "2005-03-31": ""}, "Debt Issuance/Retirement Net - Total": {"2020-09-30": 0.4, "2020-06-30": -555.9, "2020-03-31": "0.10000", "2019-12-31": -450.3, "2019-09-30": -126.9, "2019-06-30": -524.1, "2019-03-31": "-1.60000", "2018-12-31": -564.8999, "2018-09-30": -224.4001, "2018-06-30": -151.9001, "2018-03-31": "309.50000", "2017-12-31": -119.7, "2017-09-30": -426.2, "2017-06-30": -246, "2017-03-31": "-567.60000", "2016-12-31": -4.7, "2016-09-30": -532.1, "2016-06-30": 5968.4, "2016-03-31": "65.10000", "2015-12-31": 999.7002, "2015-09-30": -407.9003, "2015-06-30": 266.5, "2015-03-31": "-161.60000", "2014-12-31": -33.5001, "2014-09-30": 118.2, "2014-06-30": -122.2, "2014-03-31": "-131.10000", "2013-12-31": 1498.7, "2013-09-30": -217.8, "2013-06-30": -115.8, "2013-03-31": "470.70000", "2012-12-31": 270.102, "2012-09-30": -428.761, "2012-06-30": 313.312, "2012-03-31": "72.24700", "2011-12-31": -218.382, "2011-09-30": 14.112, "2011-06-30": 9.224, "2011-03-31": "-6.76600", "2010-12-31": -5.2242, "2010-09-30": -7.0789, "2010-06-30": 273.129, "2010-03-31": "-47.01000", "2009-12-31": -187.677, "2009-09-30": 43.561, "2009-06-30": -32.38, "2009-03-31": "-158.52000", "2008-12-31": -152.333, "2008-09-30": 101.808, "2008-06-30": 7.881, "2008-03-31": "-35.47400", "2007-12-31": 2764.177, "2007-09-30": -181.315, "2007-06-30": 14.184, "2007-03-31": "759.25900", "2006-12-31": 0, "2006-09-30": -0.938, "2006-06-30": -7.605, "2006-03-31": "", "2005-12-31": -35.989, "2005-09-30": 780.221, "2005-06-30": 0, "2005-03-31": ""}, "Net Common Equity Issued/Repurchased": {"2020-09-30": 0, "2020-06-30": 0, "2020-03-31": "0.60000", "2019-12-31": 0.1, "2019-09-30": 4, "2019-06-30": 1.6, "2019-03-31": "2.40000", "2018-12-31": 2.2, "2018-09-30": 1.9, "2018-06-30": 2.9, "2018-03-31": "-421.20000", "2017-12-31": -495.2, "2017-09-30": 3.9, "2017-06-30": 3.9, "2017-03-31": "5.00000", "2016-12-31": 2.7, "2016-09-30": 4.3, "2016-06-30": 3.2, "2016-03-31": "3.60000", "2015-12-31": -62.6, "2015-09-30": 6.4, "2015-06-30": 19, "2015-03-31": "67.40000", "2014-12-31": 19.6, "2014-09-30": 4.3, "2014-06-30": 8, "2014-03-31": "21.90000", "2013-12-31": -480.5, "2013-09-30": 18, "2013-06-30": 10.6, "2013-03-31": "-471.90000", "2012-12-31": -408.629, "2012-09-30": 24.806, "2012-06-30": -489.459, "2012-03-31": "17.18200", "2011-12-31": 2.703, "2011-09-30": 3.869, "2011-06-30": -311.975, "2011-03-31": "23.14300", "2010-12-31": 17.438, "2010-09-30": 1.208, "2010-06-30": 11.04, "2010-03-31": "24.96700", "2009-12-31": 10.82, "2009-09-30": 7.386, "2009-06-30": 0.908, "2009-03-31": "0.50900", "2008-12-31": 0.093, "2008-09-30": 63.025, "2008-06-30": 0.395, "2008-03-31": "0.23800", "2007-12-31": 32.143, "2007-09-30": 1.1221, "2007-06-30": 6.0809, "2007-03-31": "716.43700", "2006-12-31": 14.721, "2006-09-30": 15.403, "2006-06-30": 6.301, "2006-03-31": "", "2005-12-31": -118.889, "2005-09-30": -1069.381, "2005-06-30": 5.005, "2005-03-31": ""}, "Net Total Equity Issued/Repurchased": {"2020-09-30": 0, "2020-06-30": 0, "2020-03-31": "0.60000", "2019-12-31": 0.1, "2019-09-30": 4, "2019-06-30": 1.6, "2019-03-31": "2.40000", "2018-12-31": 2.2, "2018-09-30": 1.9, "2018-06-30": 2.9, "2018-03-31": "-421.20000", "2017-12-31": -495.2, "2017-09-30": 3.9, "2017-06-30": 3.9, "2017-03-31": "5.00000", "2016-12-31": 2.7, "2016-09-30": 4.3, "2016-06-30": 3.2, "2016-03-31": "3.60000", "2015-12-31": -62.6, "2015-09-30": 6.4, "2015-06-30": 19, "2015-03-31": "67.40000", "2014-12-31": 19.6, "2014-09-30": 4.3, "2014-06-30": 8, "2014-03-31": "21.90000", "2013-12-31": -480.5, "2013-09-30": 18, "2013-06-30": 10.6, "2013-03-31": "-471.90000", "2012-12-31": -408.629, "2012-09-30": 24.806, "2012-06-30": -489.459, "2012-03-31": "17.18200", "2011-12-31": 2.703, "2011-09-30": 3.869, "2011-06-30": -311.975, "2011-03-31": "23.14300", "2010-12-31": 17.438, "2010-09-30": 1.208, "2010-06-30": 11.04, "2010-03-31": "24.96700", "2009-12-31": 10.82, "2009-09-30": 7.386, "2009-06-30": 0.908, "2009-03-31": "0.50900", "2008-12-31": 0.093, "2008-09-30": 63.025, "2008-06-30": 0.395, "2008-03-31": "0.23800", "2007-12-31": 2106.029, "2007-09-30": 1.1221, "2007-06-30": 6.0809, "2007-03-31": "716.43700", "2006-12-31": 14.721, "2006-09-30": 15.403, "2006-06-30": 6.301, "2006-03-31": "", "2005-12-31": -118.889, "2005-09-30": -1069.381, "2005-06-30": 5.005, "2005-03-31": ""}, "Total Common And Preferred Stock Dividends Paid": {"2020-09-30": 0, "2020-06-30": 0, "2020-03-31": "", "2019-12-31": 0, "2019-09-30": 0, "2019-06-30": 0, "2019-03-31": "", "2018-12-31": 0, "2018-09-30": 0, "2018-06-30": 0, "2018-03-31": "", "2017-12-31": 0, "2017-09-30": 0, "2017-06-30": 0, "2017-03-31": "", "2016-12-31": 0, "2016-09-30": 0, "2016-06-30": 0, "2016-03-31": "", "2015-12-31": 0, "2015-09-30": 0, "2015-06-30": 0, "2015-03-31": "", "2014-12-31": 0, "2014-09-30": 0, "2014-06-30": 0, "2014-03-31": "", "2013-12-31": 0, "2013-09-30": 0, "2013-06-30": 0, "2013-03-31": "", "2012-12-31": 0, "2012-09-30": 0, "2012-06-30": 0, "2012-03-31": "", "2011-12-31": 0, "2011-09-30": 0, "2011-06-30": 0, "2011-03-31": "", "2010-12-31": -34.759, "2010-09-30": -34.758, "2010-06-30": -34.759, "2010-03-31": "-34.75900", "2009-12-31": -34.759, "2009-09-30": -34.758, "2009-06-30": -34.759, "2009-03-31": "-34.75900", "2008-12-31": -34.759, "2008-09-30": -34.759, "2008-06-30": -34.758, "2008-03-31": "-33.21900", "2007-12-31": 12.785, "2007-09-30": -14.923, "2007-06-30": -14.902, "2007-03-31": "-12.78500", "2006-12-31": -12.713, "2006-09-30": -12.648, "2006-06-30": -12.605, "2006-03-31": "", "2005-12-31": -12.905, "2005-09-30": -16.184, "2005-06-30": -8.078, "2005-03-31": ""}, "Financial Activities - Other": {"2020-09-30": -146.1, "2020-06-30": -28.4, "2020-03-31": "-25.50000", "2019-12-31": -14.2, "2019-09-30": -9.8, "2019-06-30": -9.3, "2019-03-31": "-40.90000", "2018-12-31": -13.5, "2018-09-30": -2.3, "2018-06-30": -19.5, "2018-03-31": "-9.70000", "2017-12-31": -24.3, "2017-09-30": -0.8, "2017-06-30": -13, "2017-03-31": "-13.10000", "2016-12-31": -42.8, "2016-09-30": -3.2, "2016-06-30": -81.7, "2016-03-31": "-38.20000", "2015-12-31": -13.6, "2015-09-30": -30.6, "2015-06-30": -63.1, "2015-03-31": "-14.80000", "2014-12-31": 0.2, "2014-09-30": -148.7, "2014-06-30": 1.3, "2014-03-31": "-5.40000", "2013-12-31": -9.3, "2013-09-30": -8.5, "2013-06-30": -9.1, "2013-03-31": "7.80000", "2012-12-31": 12.285, "2012-09-30": 1.08, "2012-06-30": 1.837, "2012-03-31": "2.49800", "2011-12-31": -17.024, "2011-09-30": -147.92, "2011-06-30": 2.418, "2011-03-31": "1.60200", "2010-12-31": -5.38, "2010-09-30": -3.31, "2010-06-30": -20.394, "2010-03-31": "", "2009-12-31": 0, "2009-09-30": 0.023, "2009-06-30": -0.869, "2009-03-31": "0.84600", "2008-12-31": -0.86, "2008-09-30": -13.788, "2008-06-30": -0.439, "2008-03-31": "0.01300", "2007-12-31": -77.144, "2007-09-30": 1.654, "2007-06-30": 0.51, "2007-03-31": "-12.38700", "2006-12-31": 0.805, "2006-09-30": 1.503, "2006-06-30": 0.068, "2006-03-31": "", "2005-12-31": -0.746, "2005-09-30": -13.9, "2005-06-30": 0, "2005-03-31": ""}, "Cash Flow From Financial Activities": {"2020-09-30": -145.7, "2020-06-30": -584.3, "2020-03-31": "-24.80000", "2019-12-31": -464.4, "2019-09-30": -132.7, "2019-06-30": -531.8, "2019-03-31": "-40.10000", "2018-12-31": -576.2, "2018-09-30": -224.8, "2018-06-30": -168.5, "2018-03-31": "-121.40000", "2017-12-31": -639.2, "2017-09-30": -423.1, "2017-06-30": -255.1, "2017-03-31": "-575.70000", "2016-12-31": -44.8, "2016-09-30": -531, "2016-06-30": 5889.9, "2016-03-31": "30.50000", "2015-12-31": 923.5, "2015-09-30": -432.1, "2015-06-30": 222.4, "2015-03-31": "-109.00000", "2014-12-31": -13.7, "2014-09-30": -26.2, "2014-06-30": -112.9, "2014-03-31": "-114.60000", "2013-12-31": 1008.9, "2013-09-30": -208.3, "2013-06-30": -114.3, "2013-03-31": "6.60000", "2012-12-31": -126.242, "2012-09-30": -402.875, "2012-06-30": -174.31, "2012-03-31": "91.92700", "2011-12-31": -232.703, "2011-09-30": -129.939, "2011-06-30": -300.333, "2011-03-31": "17.97900", "2010-12-31": -27.925, "2010-09-30": -43.939, "2010-06-30": 229.016, "2010-03-31": "-56.80200", "2009-12-31": -211.616, "2009-09-30": 16.212, "2009-06-30": -67.1, "2009-03-31": "-191.92400", "2008-12-31": -187.859, "2008-09-30": 116.286, "2008-06-30": -26.921, "2008-03-31": "-68.44200", "2007-12-31": 4805.847, "2007-09-30": -193.462, "2007-06-30": 5.873, "2007-03-31": "1450.52400", "2006-12-31": 2.813, "2006-09-30": 3.32, "2006-06-30": -13.841, "2006-03-31": "", "2005-12-31": -168.529, "2005-09-30": -319.244, "2005-06-30": -3.073, "2005-03-31": ""}, "Net Cash Flow": {"2020-09-30": 342.4, "2020-06-30": -263.2, "2020-03-31": "96.80000", "2019-12-31": 116.7, "2019-09-30": 161.7, "2019-06-30": -18.2, "2019-03-31": "-158.40000", "2018-12-31": -113.8, "2018-09-30": 118.9, "2018-06-30": -60.9, "2018-03-31": "75.20000", "2017-12-31": -380.9, "2017-09-30": 2, "2017-06-30": -110.8, "2017-03-31": "-287.40000", "2016-12-31": -316.2, "2016-09-30": -5105.3, "2016-06-30": 5162.5, "2016-03-31": "-36.60000", "2015-12-31": 649, "2015-09-30": 147.3, "2015-06-30": 162.5, "2015-03-31": "51.70000", "2014-12-31": 25.9, "2014-09-30": 5.7, "2014-06-30": -49.1, "2014-03-31": "-48.30000", "2013-12-31": -73.6, "2013-09-30": 87.5, "2013-06-30": -17, "2013-03-31": "-55.60000", "2012-12-31": 17.64, "2012-09-30": 17.985, "2012-06-30": 56.293, "2012-03-31": "-117.01800", "2011-12-31": -137.781, "2011-09-30": 77.898, "2011-06-30": -173.148, "2011-03-31": "-53.96500", "2010-12-31": 51.131, "2010-09-30": -198.5, "2010-06-30": 286.978, "2010-03-31": "141.92700", "2009-12-31": -203.895, "2009-09-30": 154.934, "2009-06-30": -23.585, "2009-03-31": "-104.08500", "2008-12-31": -98.519, "2008-09-30": 177.158, "2008-06-30": -214.043, "2008-03-31": "208.34900", "2007-12-31": -1684.924, "2007-09-30": -111.916, "2007-06-30": 63.192, "2007-03-31": "965.48500", "2006-12-31": 127.094, "2006-09-30": 5.863, "2006-06-30": 3.799, "2006-03-31": "", "2005-12-31": -11.76, "2005-09-30": -160.742, "2005-06-30": 205.1, "2005-03-31": ""}, "Stock-Based Compensation": {"2020-09-30": 15.1, "2020-06-30": 15.3, "2020-03-31": "19.40000", "2019-12-31": 5.9, "2019-09-30": 16.1, "2019-06-30": 16.8, "2019-03-31": "18.00000", "2018-12-31": 5.3, "2018-09-30": -29.2, "2018-06-30": -0.8, "2018-03-31": "21.40000", "2017-12-31": 10.5, "2017-09-30": 22.2, "2017-06-30": 18.9, "2017-03-31": "23.10000", "2016-12-31": 17.8, "2016-09-30": 19.2, "2016-06-30": 25.4, "2016-03-31": "26.50000", "2015-12-31": 26.4, "2015-09-30": 16.1, "2015-06-30": 15.9, "2015-03-31": "34.40000", "2014-12-31": 18, "2014-09-30": 15.5, "2014-06-30": 17.1, "2014-03-31": "15.40000", "2013-12-31": 11, "2013-09-30": 12.7, "2013-06-30": 11.2, "2013-03-31": "12.10000", "2012-12-31": 10.501, "2012-09-30": 9.664, "2012-06-30": 10.132, "2012-03-31": "12.30300", "2011-12-31": 9.773, "2011-09-30": 11.605, "2011-06-30": 10.941, "2011-03-31": "10.25700", "2010-12-31": 7.229, "2010-09-30": 8.539, "2010-06-30": 8.367, "2010-03-31": "7.25000", "2009-12-31": 7.575, "2009-09-30": 8.939, "2009-06-30": 6.247, "2009-03-31": "8.40500", "2008-12-31": 7.451, "2008-09-30": 7.609, "2008-06-30": 8.777, "2008-03-31": "6.80200", "2007-12-31": 1.952, "2007-09-30": 5.872, "2007-06-30": 4.569, "2007-03-31": "4.93900", "2006-12-31": 4.382, "2006-09-30": 6.029, "2006-06-30": 6.806, "2006-03-31": "", "2005-12-31": 0, "2005-09-30": 0, "2005-06-30": 0, "2005-03-31": ""}, "Common Stock Dividends Paid": {"2020-09-30": 0, "2020-06-30": 0, "2020-03-31": "", "2019-12-31": 0, "2019-09-30": 0, "2019-06-30": 0, "2019-03-31": "", "2018-12-31": 0, "2018-09-30": 0, "2018-06-30": 0, "2018-03-31": "", "2017-12-31": 0, "2017-09-30": 0, "2017-06-30": 0, "2017-03-31": "", "2016-12-31": 0, "2016-09-30": 0, "2016-06-30": 0, "2016-03-31": "", "2015-12-31": 0, "2015-09-30": 0, "2015-06-30": 0, "2015-03-31": "", "2014-12-31": 0, "2014-09-30": 0, "2014-06-30": 0, "2014-03-31": "", "2013-12-31": 0, "2013-09-30": 0, "2013-06-30": 0, "2013-03-31": "", "2012-12-31": 0, "2012-09-30": 0, "2012-06-30": 0, "2012-03-31": "", "2011-12-31": 0, "2011-09-30": 0, "2011-06-30": 0, "2011-03-31": "", "2010-12-31": -34.759, "2010-09-30": -34.758, "2010-06-30": -34.759, "2010-03-31": "-34.75900", "2009-12-31": -34.759, "2009-09-30": -34.758, "2009-06-30": -34.759, "2009-03-31": "-34.75900", "2008-12-31": -34.759, "2008-09-30": -34.759, "2008-06-30": -34.758, "2008-03-31": "-33.21900", "2007-12-31": 12.785, "2007-09-30": -14.923, "2007-06-30": -14.902, "2007-03-31": "-12.78500", "2006-12-31": -12.713, "2006-09-30": -12.648, "2006-06-30": -12.605, "2006-03-31": "", "2005-12-31": -12.905, "2005-09-30": -16.184, "2005-06-30": -8.078, "2005-03-31": ""}}, "financial ratios": {"Current Ratio": {"2019-12-31": "1.21340", "2018-12-31": "1.38800", "2017-12-31": "1.12970", "2016-12-31": "1.49240", "2015-12-31": "1.57020", "2014-12-31": "1.21440", "2013-12-31": "1.50850", "2012-12-31": "1.77920", "2011-12-31": "1.39240", "2010-12-31": "1.96700", "2009-12-31": "1.91220", "2008-12-31": "2.05530", "2007-12-31": "1.52790", "2007-03-31": "3.44310", "2006-03-31": "4.49350", "2005-03-31": "6.22570"}, "Long-term Debt / Capital": {"2019-12-31": "0.48550", "2018-12-31": "0.51960", "2017-12-31": "0.51450", "2016-12-31": "0.59830", "2015-12-31": "0.39200", "2014-12-31": "0.68230", "2013-12-31": "0.74950", "2012-12-31": "0.64540", "2011-12-31": "0.59840", "2010-12-31": "0.60910", "2009-12-31": "0.63500", "2008-12-31": "0.66370", "2007-12-31": "0.59080", "2007-03-31": "0.50540", "2006-03-31": "0.47320", "2005-03-31": "0.01040"}, "Debt/Equity Ratio": {"2019-12-31": "1.07060", "2018-12-31": "1.13940", "2017-12-31": "1.19900", "2016-12-31": "1.51990", "2015-12-31": "0.75510", "2014-12-31": "3.00370", "2013-12-31": "3.14170", "2012-12-31": "1.93850", "2011-12-31": "1.72360", "2010-12-31": "1.60520", "2009-12-31": "1.80110", "2008-12-31": "2.03000", "2007-12-31": "1.60680", "2007-03-31": "1.16310", "2006-03-31": "0.90390", "2005-03-31": "0.01130"}, "Gross Margin": {"2019-12-31": "33.89070", "2018-12-31": "34.99770", "2017-12-31": "40.16810", "2016-12-31": "42.40360", "2015-12-31": "44.71280", "2014-12-31": "45.70190", "2013-12-31": "44.00430", "2012-12-31": "42.79370", "2011-12-31": "41.81790", "2010-12-31": "40.68230", "2009-12-31": "40.73360", "2008-12-31": "40.29560", "2007-12-31": "40.13510", "2007-03-31": "52.34260", "2006-03-31": "49.92320", "2005-03-31": "49.74890"}, "Operating Margin": {"2019-12-31": "6.22150", "2018-12-31": "7.92030", "2017-12-31": "12.06950", "2016-12-31": "6.31220", "2015-12-31": "15.49320", "2014-12-31": "17.52160", "2013-12-31": "16.43490", "2012-12-31": "16.32410", "2011-12-31": "16.40260", "2010-12-31": "13.23880", "2009-12-31": "10.27640", "2008-12-31": "5.79820", "2007-12-31": "-45.35900", "2007-03-31": "26.52620", "2006-03-31": "22.86000", "2005-03-31": "24.10860"}, "EBIT Margin": {"2019-12-31": "6.22150", "2018-12-31": "7.92030", "2017-12-31": "12.06950", "2016-12-31": "6.31220", "2015-12-31": "15.49320", "2014-12-31": "17.52160", "2013-12-31": "16.43490", "2012-12-31": "16.32410", "2011-12-31": "16.40260", "2010-12-31": "13.23880", "2009-12-31": "10.27640", "2008-12-31": "5.79820", "2007-12-31": "-45.35900", "2007-03-31": "26.52620", "2006-03-31": "22.86000", "2005-03-31": "24.10860"}, "EBITDA Margin": {"2019-12-31": "23.77980", "2018-12-31": "26.37330", "2017-12-31": "27.23450", "2016-12-31": "20.06160", "2015-12-31": "26.43890", "2014-12-31": "24.86140", "2013-12-31": "23.90330", "2012-12-31": "24.36690", "2011-12-31": "24.73380", "2010-12-31": "20.99560", "2009-12-31": "18.15330", "2008-12-31": "21.56980", "2007-12-31": "-38.11640", "2007-03-31": "30.34250", "2006-03-31": "26.58480", "2005-03-31": "27.70690"}, "Pre-Tax Profit Margin": {"2019-12-31": "1.34260", "2018-12-31": "2.60980", "2017-12-31": "7.58330", "2016-12-31": "1.09870", "2015-12-31": "9.70800", "2014-12-31": "12.62370", "2013-12-31": "10.81620", "2012-12-31": "11.83330", "2011-12-31": "10.67950", "2010-12-31": "6.53050", "2009-12-31": "4.45680", "2008-12-31": "-1.39280", "2007-12-31": "-50.39510", "2007-03-31": "26.39950", "2006-03-31": "21.84320", "2005-03-31": "24.91250"}, "Net Profit Margin": {"2019-12-31": "0.14610", "2018-12-31": "3.08290", "2017-12-31": "5.84500", "2016-12-31": "4.33330", "2015-12-31": "8.98900", "2014-12-31": "12.03950", "2013-12-31": "9.02720", "2012-12-31": "9.43040", "2011-12-31": "8.75730", "2010-12-31": "4.10200", "2009-12-31": "1.83660", "2008-12-31": "-6.52270", "2007-12-31": "-53.43810", "2007-03-31": "13.48070", "2006-03-31": "14.67920", "2005-03-31": "16.24350"}, "Asset Turnover": {"2019-12-31": "0.36800", "2018-12-31": "0.34930", "2017-12-31": "0.33260", "2016-12-31": "0.31900", "2015-12-31": "0.42350", "2014-12-31": "0.48790", "2013-12-31": "0.45170", "2012-12-31": "0.56960", "2011-12-31": "0.52850", "2010-12-31": "0.47240", "2009-12-31": "0.47150", "2008-12-31": "0.49350", "2007-12-31": "0.19190", "2007-03-31": "0.37890", "2006-03-31": "0.67210", "2005-03-31": "0.58690"}, "Inventory Turnover Ratio": {"2019-12-31": "2.84660", "2018-12-31": "2.88050", "2017-12-31": "2.80200", "2016-12-31": "2.59730", "2015-12-31": "2.67210", "2014-12-31": "2.53820", "2013-12-31": "2.33500", "2012-12-31": "2.54900", "2011-12-31": "2.55340", "2010-12-31": "2.60680", "2009-12-31": "2.70890", "2008-12-31": "2.87750", "2007-12-31": "1.22600", "2007-03-31": "1.79010", "2006-03-31": "2.25640", "2005-03-31": "2.20020"}, "Receiveable Turnover": {"2019-12-31": "3.75980", "2018-12-31": "3.96870", "2017-12-31": "3.29630", "2016-12-31": "3.34560", "2015-12-31": "3.50650", "2014-12-31": "3.40300", "2013-12-31": "3.79620", "2012-12-31": "4.37230", "2011-12-31": "4.29730", "2010-12-31": "4.71060", "2009-12-31": "4.12490", "2008-12-31": "4.41140", "2007-12-31": "1.92450", "2007-03-31": "4.60130", "2006-03-31": "5.19080", "2005-03-31": "4.21540"}, "Days Sales In Receivables": {"2019-12-31": "97.07940", "2018-12-31": "91.96910", "2017-12-31": "110.72890", "2016-12-31": "109.09900", "2015-12-31": "104.09270", "2014-12-31": "107.25980", "2013-12-31": "96.14860", "2012-12-31": "83.47950", "2011-12-31": "84.93720", "2010-12-31": "77.48520", "2009-12-31": "88.48620", "2008-12-31": "82.74000", "2007-12-31": "189.66020", "2007-03-31": "79.32490", "2006-03-31": "70.31740", "2005-03-31": "86.58780"}, "ROE - Return On Equity": {"2019-12-31": "0.14140", "2018-12-31": "2.89720", "2017-12-31": "5.23010", "2016-12-31": "4.31750", "2015-12-31": "8.68030", "2014-12-31": "28.48290", "2013-12-31": "21.16630", "2012-12-31": "19.16070", "2011-12-31": "15.37340", "2010-12-31": "9.55750", "2009-12-31": "7.87970", "2008-12-31": "-7.18320", "2007-12-31": "-33.84130", "2007-03-31": "13.17780", "2006-03-31": "23.42940", "2005-03-31": "11.02920"}, "Return On Tangible Equity": {"2019-12-31": "-0.17960", "2018-12-31": "-3.13460", "2017-12-31": "-5.73130", "2016-12-31": "-3.82100", "2015-12-31": "-29.88860", "2014-12-31": "-29.90320", "2013-12-31": "-16.07030", "2012-12-31": "-26.96830", "2011-12-31": "-20.37910", "2010-12-31": "-13.90470", "2009-12-31": "-9.63660", "2008-12-31": "7.07620", "2007-12-31": "33.55630", "2007-03-31": "31.79740", "2006-03-31": "31.84630", "2005-03-31": "12.54520"}, "ROA - Return On Assets": {"2019-12-31": "0.05380", "2018-12-31": "1.07680", "2017-12-31": "1.94380", "2016-12-31": "1.38220", "2015-12-31": "3.80690", "2014-12-31": "5.89800", "2013-12-31": "4.09620", "2012-12-31": "5.38890", "2011-12-31": "4.64560", "2010-12-31": "2.99510", "2009-12-31": "2.29360", "2008-12-31": "-1.92230", "2007-12-31": "-10.14170", "2007-03-31": "5.10790", "2006-03-31": "9.86580", "2005-03-31": "9.53290"}, "ROI - Return On Investment": {"2019-12-31": "0.07270", "2018-12-31": "1.39170", "2017-12-31": "2.53930", "2016-12-31": "1.73420", "2015-12-31": "5.27790", "2014-12-31": "9.04820", "2013-12-31": "5.30240", "2012-12-31": "6.79410", "2011-12-31": "6.17460", "2010-12-31": "3.73600", "2009-12-31": "2.87540", "2008-12-31": "-2.41450", "2007-12-31": "-13.84430", "2007-03-31": "6.51810", "2006-03-31": "12.34170", "2005-03-31": "10.91490"}, "Book Value Per Share": {"2019-12-31": "23.02400", "2018-12-31": "23.58890", "2017-12-31": "25.38620", "2016-12-31": "20.76780", "2015-12-31": "19.90510", "2014-12-31": "8.73080", "2013-12-31": "7.96520", "2012-12-31": "8.49140", "2011-12-31": "8.21410", "2010-12-31": "8.29010", "2009-12-31": "10.26220", "2008-12-31": "9.14520", "2007-12-31": "11.18170", "2007-03-31": "6.63760", "2006-03-31": "3.74750", "2005-03-31": "6.85440"}, "Operating Cash Flow Per Share": {"2019-12-31": -1.0416, "2018-12-31": 0.6866, "2017-12-31": -0.0859, "2016-12-31": -0.1049, "2015-12-31": 1.4883, "2014-12-31": -0.2554, "2013-12-31": 0.5467, "2012-12-31": 0.6165, "2011-12-31": -1.1893, "2010-12-31": 0.8597, "2009-12-31": 0.7084, "2008-12-31": 0.611, "2007-12-31": -1.1286, "2007-03-31": "1.78070", "2006-03-31": "1.77860", "2005-03-31": "0.74450"}, "Free Cash Flow Per Share": {"2019-12-31": -0.9663, "2018-12-31": 0.7126, "2017-12-31": 0.15, "2016-12-31": -0.1253, "2015-12-31": 1.576, "2014-12-31": -0.2886, "2013-12-31": 0.4503, "2012-12-31": 0.5666, "2011-12-31": -1.2561, "2010-12-31": 0.7918, "2009-12-31": 0.7478, "2008-12-31": 0.4984, "2007-12-31": -0.8199, "2007-03-31": "1.04210", "2006-03-31": "1.33590", "2005-03-31": "0.41290"}}, "financial ratios, quarterly": {"Current Ratio": {"2020-09-30": "1.00820", "2020-06-30": "0.92730", "2020-03-31": "1.26250", "2019-12-31": "1.21340", "2019-09-30": "1.43060", "2019-06-30": "1.37390", "2019-03-31": "1.50620", "2018-12-31": "1.38800", "2018-09-30": "1.26240", "2018-06-30": "1.29500", "2018-03-31": "1.05860", "2017-12-31": "1.12970", "2017-09-30": "1.45800", "2017-06-30": "1.34740", "2017-03-31": "1.56170", "2016-12-31": "1.49240", "2016-09-30": "0.83370", "2016-06-30": "3.22860", "2016-03-31": "1.67390", "2015-12-31": "1.57020", "2015-09-30": "1.76050", "2015-06-30": "1.46970", "2015-03-31": "1.40440", "2014-12-31": "1.21440", "2014-09-30": "1.30040", "2014-06-30": "1.72110", "2014-03-31": "1.63900", "2013-12-31": "1.50850", "2013-09-30": "1.69560", "2013-06-30": "1.81070", "2013-03-31": "1.73080", "2012-12-31": "1.77920", "2012-09-30": "1.72880", "2012-06-30": "1.73380", "2012-03-31": "1.77100", "2011-12-31": "1.39240", "2011-09-30": "1.51960", "2011-06-30": "1.49130", "2011-03-31": "1.56970", "2010-12-31": "1.96700", "2010-09-30": "2.01080", "2010-06-30": "2.22720", "2010-03-31": "2.04560", "2009-12-31": "1.91220", "2009-09-30": "2.06020", "2009-06-30": "2.12650", "2009-03-31": "2.17340", "2008-12-31": "2.05530", "2008-09-30": "1.87580", "2008-06-30": "1.64960", "2008-03-31": "1.57010", "2007-12-31": "1.52790", "2007-09-30": "3.41500", "2007-06-30": "3.16300", "2007-03-31": "3.44310", "2006-12-31": "4.46210", "2006-09-30": "5.12820", "2006-06-30": "4.41390", "2006-03-31": "", "2005-12-31": "4.45310", "2005-09-30": "4.70430", "2005-06-30": "5.93220", "2005-03-31": ""}, "Long-term Debt / Capital": {"2020-09-30": "0.44360", "2020-06-30": "0.45720", "2020-03-31": "0.51830", "2019-12-31": "0.50610", "2019-09-30": "0.53870", "2019-06-30": "0.53540", "2019-03-31": "0.54450", "2018-12-31": "0.51960", "2018-09-30": "0.54480", "2018-06-30": "0.54070", "2018-03-31": "0.50750", "2017-12-31": "0.51450", "2017-09-30": "0.51280", "2017-06-30": "0.54530", "2017-03-31": "0.57970", "2016-12-31": "0.59830", "2016-09-30": "0.52290", "2016-06-30": "0.55280", "2016-03-31": "0.42730", "2015-12-31": "0.39200", "2015-09-30": "0.42330", "2015-06-30": "0.43180", "2015-03-31": "0.43950", "2014-12-31": "0.68230", "2014-09-30": "0.67260", "2014-06-30": "0.73330", "2014-03-31": "0.73920", "2013-12-31": "0.74950", "2013-09-30": "0.67790", "2013-06-30": "0.69340", "2013-03-31": "0.69080", "2012-12-31": "0.64540", "2012-09-30": "0.58970", "2012-06-30": "0.63440", "2012-03-31": "0.58320", "2011-12-31": "0.59840", "2011-09-30": "0.57980", "2011-06-30": "0.57180", "2011-03-31": "0.56650", "2010-12-31": "0.60910", "2010-09-30": "0.61550", "2010-06-30": "0.64920", "2010-03-31": "0.63540", "2009-12-31": "0.63500", "2009-09-30": "0.64310", "2009-06-30": "0.64930", "2009-03-31": "0.66980", "2008-12-31": "0.66370", "2008-09-30": "0.64690", "2008-06-30": "0.61280", "2008-03-31": "0.61180", "2007-12-31": "0.59080", "2007-09-30": "0.46050", "2007-06-30": "0.49580", "2007-03-31": "0.50540", "2006-12-31": "0.39130", "2006-09-30": "0.42600", "2006-06-30": "0.44910", "2006-03-31": "", "2005-12-31": "0.51030", "2005-09-30": "0.48810", "2005-06-30": "0.01010", "2005-03-31": ""}, "Debt/Equity Ratio": {"2020-09-30": "1.05520", "2020-06-30": "1.11480", "2020-03-31": "1.20790", "2019-12-31": "1.15140", "2019-09-30": "1.22070", "2019-06-30": "1.21560", "2019-03-31": "1.25450", "2018-12-31": "1.13940", "2018-09-30": "1.29450", "2018-06-30": "1.29390", "2018-03-31": "1.23400", "2017-12-31": "1.19900", "2017-09-30": "1.11240", "2017-06-30": "1.27990", "2017-03-31": "1.40690", "2016-12-31": "1.51990", "2016-09-30": "1.47560", "2016-06-30": "1.30510", "2016-03-31": "0.85790", "2015-12-31": "0.75510", "2015-09-30": "0.79190", "2015-06-30": "1.03160", "2015-03-31": "1.08980", "2014-12-31": "3.00370", "2014-09-30": "2.74640", "2014-06-30": "2.84140", "2014-03-31": "2.96680", "2013-12-31": "3.14170", "2013-09-30": "2.26780", "2013-06-30": "2.40050", "2013-03-31": "2.43840", "2012-12-31": "1.93850", "2012-09-30": "1.57950", "2012-06-30": "1.89310", "2012-03-31": "1.54270", "2011-12-31": "1.72360", "2011-09-30": "1.62580", "2011-06-30": "1.54790", "2011-03-31": "1.50410", "2010-12-31": "1.60520", "2010-09-30": "1.64580", "2010-06-30": "1.90830", "2010-03-31": "1.79110", "2009-12-31": "1.80110", "2009-09-30": "1.85840", "2009-06-30": "1.90560", "2009-03-31": "2.08300", "2008-12-31": "2.03000", "2008-09-30": "1.92830", "2008-06-30": "1.76920", "2008-03-31": "1.75280", "2007-12-31": "1.60680", "2007-09-30": "0.93340", "2007-06-30": "1.12150", "2007-03-31": "1.16310", "2006-12-31": "0.64590", "2006-09-30": "0.74380", "2006-06-30": "0.81760", "2006-03-31": "", "2005-12-31": "1.04790", "2005-09-30": "0.95860", "2005-06-30": "0.01020", "2005-03-31": ""}, "Gross Margin": {"2020-09-30": "38.97920", "2020-06-30": "37.55490", "2020-03-31": "34.59450", "2019-12-31": "34.06860", "2019-09-30": "36.20890", "2019-06-30": "32.70560", "2019-03-31": "32.26610", "2018-12-31": "32.98800", "2018-09-30": "36.30520", "2018-06-30": "34.27340", "2018-03-31": "36.66610", "2017-12-31": "39.97040", "2017-09-30": "39.43960", "2017-06-30": "41.36790", "2017-03-31": "39.89700", "2016-12-31": "40.85320", "2016-09-30": "41.97770", "2016-06-30": "45.75700", "2016-03-31": "41.39100", "2015-12-31": "42.66270", "2015-09-30": "48.80160", "2015-06-30": "42.50540", "2015-03-31": "44.35010", "2014-12-31": "46.52610", "2014-09-30": "48.57970", "2014-06-30": "44.02110", "2014-03-31": "43.00540", "2013-12-31": "44.00880", "2013-09-30": "45.74520", "2013-06-30": "43.62700", "2013-03-31": "42.50690", "2012-12-31": "43.08640", "2012-09-30": "44.01870", "2012-06-30": "41.63000", "2012-03-31": "42.32170", "2011-12-31": "42.09660", "2011-09-30": "41.78260", "2011-06-30": "42.53380", "2011-03-31": "40.78420", "2010-12-31": "40.37590", "2010-09-30": "42.80510", "2010-06-30": "39.59340", "2010-03-31": "39.94960", "2009-12-31": "38.17020", "2009-09-30": "39.94860", "2009-06-30": "41.65560", "2009-03-31": "43.45200", "2008-12-31": "32.80160", "2008-09-30": "54.99220", "2008-06-30": "34.42790", "2008-03-31": "32.59500", "2007-12-31": "18.14910", "2007-09-30": "46.45680", "2007-06-30": "54.31020", "2007-03-31": "48.19730", "2006-12-31": "55.88670", "2006-09-30": "53.48050", "2006-06-30": "52.84440", "2006-03-31": "", "2005-12-31": "50.05590", "2005-09-30": "48.06510", "2005-06-30": "51.90030", "2005-03-31": ""}, "Operating Margin": {"2020-09-30": "11.82330", "2020-06-30": "4.91360", "2020-03-31": "7.05180", "2019-12-31": "8.53120", "2019-09-30": "10.92950", "2019-06-30": "3.34910", "2019-03-31": "0.96170", "2018-12-31": "7.56170", "2018-09-30": "11.81530", "2018-06-30": "6.37040", "2018-03-31": "5.80000", "2017-12-31": "12.94260", "2017-09-30": "10.59560", "2017-06-30": "15.99490", "2017-03-31": "8.37290", "2016-12-31": "9.59060", "2016-09-30": "-4.27530", "2016-06-30": "16.04640", "2016-03-31": "4.81910", "2015-12-31": "17.01930", "2015-09-30": "22.30260", "2015-06-30": "11.66250", "2015-03-31": "8.51100", "2014-12-31": "18.84580", "2014-09-30": "23.75240", "2014-06-30": "12.30610", "2014-03-31": "13.93100", "2013-12-31": "15.10650", "2013-09-30": "19.22600", "2013-06-30": "18.14070", "2013-03-31": "13.10450", "2012-12-31": "15.24810", "2012-09-30": "18.57550", "2012-06-30": "15.49170", "2012-03-31": "15.82020", "2011-12-31": "16.15660", "2011-09-30": "16.87500", "2011-06-30": "17.82040", "2011-03-31": "14.60880", "2010-12-31": "6.56490", "2010-09-30": "17.29140", "2010-06-30": "14.21860", "2010-03-31": "15.35990", "2009-12-31": "4.44000", "2009-09-30": "4.84770", "2009-06-30": "13.78980", "2009-03-31": "18.78980", "2008-12-31": "2.87490", "2008-09-30": "33.84930", "2008-06-30": "6.15070", "2008-03-31": "-34.57880", "2007-12-31": "-188.66440", "2007-09-30": "19.26170", "2007-06-30": "34.42550", "2007-03-31": "-1.59930", "2006-12-31": "100.00000", "2006-09-30": "36.69530", "2006-06-30": "32.89410", "2006-03-31": "", "2005-12-31": "100.00000", "2005-09-30": "19.45780", "2005-06-30": "18.41960", "2005-03-31": ""}, "EBIT Margin": {"2020-09-30": "11.82330", "2020-06-30": "4.91360", "2020-03-31": "7.05180", "2019-12-31": "8.53120", "2019-09-30": "10.92950", "2019-06-30": "3.34910", "2019-03-31": "0.96170", "2018-12-31": "7.56170", "2018-09-30": "11.81530", "2018-06-30": "6.37040", "2018-03-31": "5.80000", "2017-12-31": "12.94270", "2017-09-30": "10.59560", "2017-06-30": "15.99490", "2017-03-31": "8.37290", "2016-12-31": "9.59060", "2016-09-30": "-4.27530", "2016-06-30": "16.04640", "2016-03-31": "4.81910", "2015-12-31": "17.01930", "2015-09-30": "22.30260", "2015-06-30": "11.66250", "2015-03-31": "8.51100", "2014-12-31": "18.84580", "2014-09-30": "23.75240", "2014-06-30": "12.30610", "2014-03-31": "13.93100", "2013-12-31": "15.10640", "2013-09-30": "19.22600", "2013-06-30": "18.14070", "2013-03-31": "13.10450", "2012-12-31": "15.24810", "2012-09-30": "18.57550", "2012-06-30": "15.49170", "2012-03-31": "15.82020", "2011-12-31": "16.15660", "2011-09-30": "16.87500", "2011-06-30": "17.82040", "2011-03-31": "14.60880", "2010-12-31": "6.56490", "2010-09-30": "17.29140", "2010-06-30": "14.21860", "2010-03-31": "15.35990", "2009-12-31": "4.44000", "2009-09-30": "4.84770", "2009-06-30": "13.78980", "2009-03-31": "18.78980", "2008-12-31": "2.87490", "2008-09-30": "33.84930", "2008-06-30": "6.15070", "2008-03-31": "-34.57880", "2007-12-31": "-188.66440", "2007-09-30": "19.26170", "2007-06-30": "34.42550", "2007-03-31": "-1.59930", "2006-12-31": "", "2006-09-30": "36.69530", "2006-06-30": "32.89410", "2006-03-31": "", "2005-12-31": "", "2005-09-30": "19.45780", "2005-06-30": "18.41960", "2005-03-31": ""}, "EBITDA Margin": {"2020-09-30": "", "2020-06-30": "", "2020-03-31": "", "2019-12-31": "", "2019-09-30": "", "2019-06-30": "", "2019-03-31": "", "2018-12-31": "", "2018-09-30": "", "2018-06-30": "", "2018-03-31": "", "2017-12-31": "", "2017-09-30": "", "2017-06-30": "", "2017-03-31": "", "2016-12-31": "", "2016-09-30": "", "2016-06-30": "", "2016-03-31": "", "2015-12-31": "", "2015-09-30": "", "2015-06-30": "", "2015-03-31": "", "2014-12-31": "", "2014-09-30": "", "2014-06-30": "", "2014-03-31": "", "2013-12-31": "", "2013-09-30": "", "2013-06-30": "", "2013-03-31": "", "2012-12-31": "", "2012-09-30": "", "2012-06-30": "", "2012-03-31": "", "2011-12-31": "", "2011-09-30": "", "2011-06-30": "", "2011-03-31": "", "2010-12-31": "", "2010-09-30": "", "2010-06-30": "", "2010-03-31": "", "2009-12-31": "", "2009-09-30": "", "2009-06-30": "", "2009-03-31": "", "2008-12-31": "", "2008-09-30": "", "2008-06-30": "", "2008-03-31": "", "2007-12-31": "", "2007-09-30": "", "2007-06-30": "", "2007-03-31": "", "2006-12-31": "", "2006-09-30": "", "2006-06-30": "", "2006-03-31": "", "2005-12-31": "", "2005-09-30": "", "2005-06-30": "", "2005-03-31": ""}, "Pre-Tax Profit Margin": {"2020-09-30": "8.12890", "2020-06-30": "0.73230", "2020-03-31": "1.17210", "2019-12-31": "4.23590", "2019-09-30": "6.27340", "2019-06-30": "-1.82710", "2019-03-31": "-4.58830", "2018-12-31": "2.50110", "2018-09-30": "6.71460", "2018-06-30": "0.66590", "2018-03-31": "0.39110", "2017-12-31": "10.09910", "2017-09-30": "6.01250", "2017-06-30": "10.96150", "2017-03-31": "2.63280", "2016-12-31": "6.88230", "2016-09-30": "-10.64080", "2016-06-30": "7.93140", "2016-03-31": "0.86710", "2015-12-31": "8.76460", "2015-09-30": "16.88560", "2015-06-30": "7.61900", "2015-03-31": "3.27510", "2014-12-31": "13.07920", "2014-09-30": "19.79850", "2014-06-30": "7.50010", "2014-03-31": "8.84240", "2013-12-31": "10.67740", "2013-09-30": "11.05010", "2013-06-30": "12.91060", "2013-03-31": "8.53200", "2012-12-31": "11.08770", "2012-09-30": "14.69920", "2012-06-30": "11.25810", "2012-03-31": "9.99670", "2011-12-31": "8.41650", "2011-09-30": "12.19790", "2011-06-30": "12.90030", "2011-03-31": "9.00760", "2010-12-31": "-0.14240", "2010-09-30": "9.70490", "2010-06-30": "7.37610", "2010-03-31": "9.71310", "2009-12-31": "-1.91510", "2009-09-30": "-1.22720", "2009-06-30": "9.61730", "2009-03-31": "12.11060", "2008-12-31": "-6.06990", "2008-09-30": "28.55170", "2008-06-30": "-0.87530", "2008-03-31": "-42.91030", "2007-12-31": "-216.15140", "2007-09-30": "49.38700", "2007-06-30": "23.57530", "2007-03-31": "-3.76140", "2006-12-31": "51.17050", "2006-09-30": "33.24170", "2006-06-30": "32.67650", "2006-03-31": "", "2005-12-31": "23.11160", "2005-09-30": "17.91580", "2005-06-30": "20.13770", "2005-03-31": ""}, "Net Profit Margin": {"2020-09-30": "6.24810", "2020-06-30": "1.44260", "2020-03-31": "0.79410", "2019-12-31": "0.64230", "2019-09-30": "6.40850", "2019-06-30": "-5.90920", "2019-03-31": "-1.00180", "2018-12-31": "1.66300", "2018-09-30": "6.17310", "2018-06-30": "1.33530", "2018-03-31": "3.24460", "2017-12-31": "7.54270", "2017-09-30": "2.95600", "2017-06-30": "10.02630", "2017-03-31": "2.44160", "2016-12-31": "12.77620", "2016-09-30": "-3.91870", "2016-06-30": "6.57630", "2016-03-31": "0.63430", "2015-12-31": "7.81310", "2015-09-30": "15.90230", "2015-06-30": "7.07510", "2015-03-31": "3.02400", "2014-12-31": "9.08440", "2014-09-30": "23.94910", "2014-06-30": "6.81430", "2014-03-31": "6.75570", "2013-12-31": "9.96410", "2013-09-30": "8.99060", "2013-06-30": "10.44250", "2013-03-31": "6.55230", "2012-12-31": "9.40390", "2012-09-30": "11.72490", "2012-06-30": "8.20880", "2012-03-31": "8.15070", "2011-12-31": "8.45660", "2011-09-30": "9.94430", "2011-06-30": "9.30480", "2011-03-31": "7.18970", "2010-12-31": "0.18050", "2010-09-30": "8.00110", "2010-06-30": "3.76090", "2010-03-31": "4.72760", "2009-12-31": "0.30680", "2009-09-30": "-3.16600", "2009-06-30": "4.58660", "2009-03-31": "5.89290", "2008-12-31": "-4.53400", "2008-09-30": "11.00660", "2008-06-30": "-1.35590", "2008-03-31": "-41.56590", "2007-12-31": "-197.96140", "2007-09-30": "31.40430", "2007-06-30": "14.59340", "2007-03-31": "-14.63050", "2006-12-31": "33.71280", "2006-09-30": "21.14810", "2006-06-30": "21.22400", "2006-03-31": "", "2005-12-31": "15.48840", "2005-09-30": "12.00360", "2005-06-30": "13.27090", "2005-03-31": ""}, "Asset Turnover": {"2020-09-30": "0.09510", "2020-06-30": "0.09060", "2020-03-31": "0.08690", "2019-12-31": "0.10210", "2019-09-30": "0.09540", "2019-06-30": "0.08960", "2019-03-31": "0.07820", "2018-12-31": "0.09400", "2018-09-30": "0.08560", "2018-06-30": "0.08440", "2018-03-31": "0.07630", "2017-12-31": "0.09050", "2017-09-30": "0.08340", "2017-06-30": "0.08340", "2017-03-31": "0.07930", "2016-12-31": "0.09410", "2016-09-30": "0.08370", "2016-06-30": "0.08880", "2016-03-31": "0.09680", "2015-12-31": "0.11190", "2015-09-30": "0.12640", "2015-06-30": "0.10400", "2015-03-31": "0.08460", "2014-12-31": "0.13160", "2014-09-30": "0.13730", "2014-06-30": "0.11780", "2014-03-31": "0.11170", "2013-12-31": "0.11820", "2013-09-30": "0.13700", "2013-06-30": "0.13930", "2013-03-31": "0.13730", "2012-12-31": "0.14440", "2012-09-30": "0.15390", "2012-06-30": "0.14550", "2012-03-31": "0.13270", "2011-12-31": "0.13200", "2011-09-30": "0.14170", "2011-06-30": "0.13110", "2011-03-31": "0.12200", "2010-12-31": "0.12430", "2010-09-30": "0.11880", "2010-06-30": "0.12910", "2010-03-31": "0.11940", "2009-12-31": "0.12510", "2009-09-30": "0.11750", "2009-06-30": "0.12370", "2009-03-31": "0.12230", "2008-12-31": "0.11560", "2008-09-30": "0.15030", "2008-06-30": "0.10460", "2008-03-31": "0.09260", "2007-12-31": "0.05880", "2007-09-30": "0.10660", "2007-06-30": "0.12210", "2007-03-31": "0.11450", "2006-12-31": "0.18210", "2006-09-30": "0.18010", "2006-06-30": "0.17950", "2006-03-31": "", "2005-12-31": "0.16960", "2005-09-30": "0.15570", "2005-06-30": "0.14790", "2005-03-31": ""}, "Inventory Turnover Ratio": {"2020-09-30": "0.60010", "2020-06-30": "0.61220", "2020-03-31": "0.64900", "2019-12-31": "0.78790", "2019-09-30": "0.68370", "2019-06-30": "0.69120", "2019-03-31": "0.62400", "2018-12-31": "0.79960", "2018-09-30": "0.71200", "2018-06-30": "0.72070", "2018-03-31": "0.64370", "2017-12-31": "0.76470", "2017-09-30": "0.70990", "2017-06-30": "0.66540", "2017-03-31": "0.64150", "2016-12-31": "0.78680", "2016-09-30": "0.66000", "2016-06-30": "0.63390", "2016-03-31": "0.59900", "2015-12-31": "0.73200", "2015-09-30": "0.70980", "2015-06-30": "0.70500", "2015-03-31": "0.54580", "2014-12-31": "0.67440", "2014-09-30": "0.62760", "2014-06-30": "0.57420", "2014-03-31": "0.56260", "2013-12-31": "0.61110", "2013-09-30": "0.58260", "2013-06-30": "0.58590", "2013-03-31": "0.57790", "2012-12-31": "0.64290", "2012-09-30": "0.67430", "2012-06-30": "0.66870", "2012-03-31": "0.61370", "2011-12-31": "0.63480", "2011-09-30": "0.66160", "2011-06-30": "0.64190", "2011-03-31": "0.64670", "2010-12-31": "0.68960", "2010-09-30": "0.63440", "2010-06-30": "0.75400", "2010-03-31": "0.66990", "2009-12-31": "0.75010", "2009-09-30": "0.67830", "2009-06-30": "0.68630", "2009-03-31": "0.67170", "2008-12-31": "0.75850", "2008-09-30": "0.66580", "2008-06-30": "0.68560", "2008-03-31": "0.63890", "2007-12-31": "0.51400", "2007-09-30": "0.59330", "2007-06-30": "0.57730", "2007-03-31": "0.58820", "2006-12-31": "0.56270", "2006-09-30": "0.56240", "2006-06-30": "0.57960", "2006-03-31": "", "2005-12-31": "0.61270", "2005-09-30": "0.60590", "2005-06-30": "0.59570", "2005-03-31": ""}, "Receiveable Turnover": {"2020-09-30": "1.00270", "2020-06-30": "0.99200", "2020-03-31": "0.94400", "2019-12-31": "1.04350", "2019-09-30": "1.00460", "2019-06-30": "1.05460", "2019-03-31": "0.89810", "2018-12-31": "1.06860", "2018-09-30": "0.97070", "2018-06-30": "0.99650", "2018-03-31": "0.88750", "2017-12-31": "0.89660", "2017-09-30": "0.92760", "2017-06-30": "1.00380", "2017-03-31": "0.94690", "2016-12-31": "0.98700", "2016-09-30": "0.98650", "2016-06-30": "0.87770", "2016-03-31": "0.84690", "2015-12-31": "0.92620", "2015-09-30": "0.92390", "2015-06-30": "0.82890", "2015-03-31": "0.82650", "2014-12-31": "0.91810", "2014-09-30": "1.20230", "2014-06-30": "1.04300", "2014-03-31": "1.02200", "2013-12-31": "0.99370", "2013-09-30": "1.02920", "2013-06-30": "1.03050", "2013-03-31": "1.07730", "2012-12-31": "1.10840", "2012-09-30": "1.20150", "2012-06-30": "1.10580", "2012-03-31": "1.02990", "2011-12-31": "1.07350", "2011-09-30": "1.23100", "2011-06-30": "1.09190", "2011-03-31": "1.08490", "2010-12-31": "1.23980", "2010-09-30": "1.08250", "2010-06-30": "1.09570", "2010-03-31": "1.07920", "2009-12-31": "1.09490", "2009-09-30": "1.14670", "2009-06-30": "1.11080", "2009-03-31": "1.12000", "2008-12-31": "1.03310", "2008-09-30": "1.32450", "2008-06-30": "0.91270", "2008-03-31": "0.95640", "2007-12-31": "0.59010", "2007-09-30": "0.97740", "2007-06-30": "1.36220", "2007-03-31": "1.39100", "2006-12-31": "1.28650", "2006-09-30": "1.45200", "2006-06-30": "1.32160", "2006-03-31": "", "2005-12-31": "1.46650", "2005-09-30": "1.24660", "2005-06-30": "1.20160", "2005-03-31": ""}, "Days Sales In Receivables": {"2020-09-30": "89.75770", "2020-06-30": "90.72500", "2020-03-31": "95.33980", "2019-12-31": "86.24980", "2019-09-30": "89.58370", "2019-06-30": "85.33820", "2019-03-31": "100.20640", "2018-12-31": "84.22060", "2018-09-30": "92.71350", "2018-06-30": "90.31730", "2018-03-31": "101.40880", "2017-12-31": "100.37850", "2017-09-30": "97.02320", "2017-06-30": "89.65970", "2017-03-31": "95.04690", "2016-12-31": "91.18700", "2016-09-30": "91.23060", "2016-06-30": "102.53680", "2016-03-31": "106.26840", "2015-12-31": "97.16910", "2015-09-30": "97.40980", "2015-06-30": "108.57530", "2015-03-31": "108.89250", "2014-12-31": "98.02900", "2014-09-30": "74.85460", "2014-06-30": "86.29180", "2014-03-31": "88.05900", "2013-12-31": "90.57230", "2013-09-30": "87.44780", "2013-06-30": "87.33910", "2013-03-31": "83.54470", "2012-12-31": "81.19760", "2012-09-30": "74.90730", "2012-06-30": "81.38830", "2012-03-31": "87.38820", "2011-12-31": "83.84050", "2011-09-30": "73.10840", "2011-06-30": "82.42320", "2011-03-31": "82.95830", "2010-12-31": "72.59490", "2010-09-30": "83.14260", "2010-06-30": "82.14000", "2010-03-31": "83.39200", "2009-12-31": "82.19830", "2009-09-30": "78.48770", "2009-06-30": "81.02310", "2009-03-31": "80.35980", "2008-12-31": "87.11700", "2008-09-30": "67.94860", "2008-06-30": "98.60670", "2008-03-31": "94.09990", "2007-12-31": "152.51140", "2007-09-30": "92.07810", "2007-06-30": "66.07180", "2007-03-31": "64.70130", "2006-12-31": "69.95550", "2006-09-30": "61.98260", "2006-06-30": "68.09840", "2006-03-31": "", "2005-12-31": "61.37140", "2005-09-30": "72.19750", "2005-06-30": "74.89960", "2005-03-31": ""}, "ROE - Return On Equity": {"2020-09-30": "1.47990", "2020-06-30": "0.33540", "2020-03-31": "0.18470", "2019-12-31": "0.17250", "2019-09-30": "1.65570", "2019-06-30": "-1.41560", "2019-03-31": "-0.21020", "2018-12-31": "0.42080", "2018-09-30": "1.46440", "2018-06-30": "0.30720", "2018-03-31": "0.66100", "2017-12-31": "1.83580", "2017-09-30": "0.66430", "2017-06-30": "2.31440", "2017-03-31": "0.56970", "2016-12-31": "3.75530", "2016-09-30": "-1.01280", "2016-06-30": "1.63000", "2016-03-31": "0.13530", "2015-12-31": "1.99270", "2015-09-30": "4.36680", "2015-06-30": "1.75460", "2015-03-31": "0.62240", "2014-12-31": "5.81500", "2014-09-30": "14.66110", "2014-06-30": "3.77610", "2014-03-31": "3.65320", "2013-12-31": "6.11170", "2013-09-30": "4.93090", "2013-06-30": "6.06730", "2013-03-31": "3.72330", "2012-12-31": "4.83550", "2012-09-30": "5.85190", "2012-06-30": "4.35030", "2012-03-31": "3.42570", "2011-12-31": "3.70620", "2011-09-30": "4.50410", "2011-06-30": "3.78730", "2011-03-31": "2.66900", "2010-12-31": "0.57530", "2010-09-30": "4.05260", "2010-06-30": "2.91930", "2010-03-31": "2.96690", "2009-12-31": "1.50830", "2009-09-30": "-0.14400", "2009-06-30": "3.28630", "2009-03-31": "4.11890", "2008-12-31": "-0.77240", "2008-09-30": "7.28600", "2008-06-30": "0.58730", "2008-03-31": "-13.12100", "2007-12-31": "-38.49300", "2007-09-30": "7.94130", "2007-06-30": "4.62190", "2007-03-31": "-4.32350", "2006-12-31": "", "2006-09-30": "8.10400", "2006-06-30": "8.68260", "2006-03-31": "", "2005-12-31": "", "2005-09-30": "4.30620", "2005-06-30": "2.28260", "2005-03-31": ""}, "Return On Tangible Equity": {"2020-09-30": "-2.25500", "2020-06-30": "-0.45120", "2020-03-31": "-0.22830", "2019-12-31": "-0.21910", "2019-09-30": "-1.94710", "2019-06-30": "1.60160", "2019-03-31": "0.23430", "2018-12-31": "-0.45530", "2018-09-30": "-1.47630", "2018-06-30": "-0.31710", "2018-03-31": "-0.71460", "2017-12-31": "-2.01170", "2017-09-30": "-0.73810", "2017-06-30": "-2.44040", "2017-03-31": "-0.54840", "2016-12-31": "-3.32350", "2016-09-30": "0.89290", "2016-06-30": "-5.23730", "2016-03-31": "-0.54080", "2015-12-31": "-6.86130", "2015-09-30": "-19.49510", "2015-06-30": "-6.79890", "2015-03-31": "-2.02640", "2014-12-31": "-6.10500", "2014-09-30": "-15.02720", "2014-06-30": "-3.66290", "2014-03-31": "-3.21180", "2013-12-31": "-4.64020", "2013-09-30": "-7.52630", "2013-06-30": "-7.48840", "2013-03-31": "-4.02660", "2012-12-31": "-6.80590", "2012-09-30": "-9.22520", "2012-06-30": "-5.04210", "2012-03-31": "-5.37490", "2011-12-31": "-4.91300", "2011-09-30": "-6.86990", "2011-06-30": "-6.32960", "2011-03-31": "-4.63980", "2010-12-31": "-0.83700", "2010-09-30": "-5.54640", "2010-06-30": "-3.80540", "2010-03-31": "-3.93260", "2009-12-31": "-1.84460", "2009-09-30": "0.16310", "2009-06-30": "-3.54840", "2009-03-31": "-4.09990", "2008-12-31": "0.76090", "2008-09-30": "-7.27680", "2008-06-30": "-0.54090", "2008-03-31": "11.89610", "2007-12-31": "38.16880", "2007-09-30": "15.98400", "2007-06-30": "10.34180", "2007-03-31": "-10.43250", "2006-12-31": "", "2006-09-30": "10.22850", "2006-06-30": "11.30720", "2006-03-31": "", "2005-12-31": "", "2005-09-30": "5.82790", "2005-06-30": "2.58500", "2005-03-31": ""}, "ROA - Return On Assets": {"2020-09-30": "0.59440", "2020-06-30": "0.13070", "2020-03-31": "0.06900", "2019-12-31": "0.06560", "2019-09-30": "0.61120", "2019-06-30": "-0.52960", "2019-03-31": "-0.07840", "2018-12-31": "0.15640", "2018-09-30": "0.52820", "2018-06-30": "0.11270", "2018-03-31": "0.24760", "2017-12-31": "0.68230", "2017-09-30": "0.24650", "2017-06-30": "0.83650", "2017-03-31": "0.19370", "2016-12-31": "1.20230", "2016-09-30": "-0.32790", "2016-06-30": "0.58400", "2016-03-31": "0.06140", "2015-12-31": "0.87390", "2015-09-30": "2.01060", "2015-06-30": "0.73660", "2015-03-31": "0.25580", "2014-12-31": "1.20410", "2014-09-30": "3.29110", "2014-06-30": "0.81140", "2014-03-31": "0.75940", "2013-12-31": "1.18280", "2013-09-30": "1.23550", "2013-06-30": "1.46330", "2013-03-31": "0.90450", "2012-12-31": "1.36000", "2012-09-30": "1.81170", "2012-06-30": "1.19960", "2012-03-31": "1.08490", "2011-12-31": "1.12000", "2011-09-30": "1.41550", "2011-06-30": "1.22430", "2011-03-31": "0.88010", "2010-12-31": "0.18030", "2010-09-30": "1.25830", "2010-06-30": "0.82030", "2010-03-31": "0.87110", "2009-12-31": "0.43900", "2009-09-30": "-0.04110", "2009-06-30": "0.93400", "2009-03-31": "1.10210", "2008-12-31": "-0.20670", "2008-09-30": "1.96810", "2008-06-30": "0.15970", "2008-03-31": "-3.56860", "2007-12-31": "-11.53570", "2007-09-30": "3.34690", "2007-06-30": "1.78140", "2007-03-31": "-1.67590", "2006-12-31": "", "2006-09-30": "3.80910", "2006-06-30": "3.80930", "2006-03-31": "", "2005-12-31": "", "2005-09-30": "1.86880", "2005-06-30": "1.96220", "2005-03-31": ""}, "ROI - Return On Investment": {"2020-09-30": "0.82350", "2020-06-30": "0.18210", "2020-03-31": "0.08900", "2019-12-31": "0.08520", "2019-09-30": "0.76370", "2019-06-30": "-0.65770", "2019-03-31": "-0.09580", "2018-12-31": "0.20210", "2018-09-30": "0.66660", "2018-06-30": "0.14110", "2018-03-31": "0.32550", "2017-12-31": "0.89130", "2017-09-30": "0.32360", "2017-06-30": "1.05230", "2017-03-31": "0.23950", "2016-12-31": "1.50840", "2016-09-30": "-0.48320", "2016-06-30": "0.72890", "2016-03-31": "0.07750", "2015-12-31": "1.21160", "2015-09-30": "2.51830", "2015-06-30": "0.99690", "2015-03-31": "0.34890", "2014-12-31": "1.84730", "2014-09-30": "4.80000", "2014-06-30": "1.00690", "2014-03-31": "0.95280", "2013-12-31": "1.53100", "2013-09-30": "1.58810", "2013-06-30": "1.86000", "2013-03-31": "1.15130", "2012-12-31": "1.71460", "2012-09-30": "2.40090", "2012-06-30": "1.59040", "2012-03-31": "1.42780", "2011-12-31": "1.48860", "2011-09-30": "1.89280", "2011-06-30": "1.62170", "2011-03-31": "1.15690", "2010-12-31": "0.22490", "2010-09-30": "1.55760", "2010-06-30": "1.02370", "2010-03-31": "1.08140", "2009-12-31": "0.55040", "2009-09-30": "-0.05140", "2009-06-30": "1.15220", "2009-03-31": "1.35970", "2008-12-31": "-0.25960", "2008-09-30": "2.57200", "2008-06-30": "0.22730", "2008-03-31": "-5.09160", "2007-12-31": "-15.74720", "2007-09-30": "4.28410", "2007-06-30": "2.33020", "2007-03-31": "-2.13850", "2006-12-31": "", "2006-09-30": "4.65170", "2006-06-30": "4.78310", "2006-03-31": "", "2005-12-31": "", "2005-09-30": "2.20450", "2005-06-30": "2.25940", "2005-03-31": ""}, "Book Value Per Share": {"2020-09-30": "24.27290", "2020-06-30": "22.72230", "2020-03-31": "21.78710", "2019-12-31": "23.02400", "2019-09-30": "22.20980", "2019-06-30": "23.07360", "2019-03-31": "23.02560", "2018-12-31": "23.58890", "2018-09-30": "23.40170", "2018-06-30": "23.68230", "2018-03-31": "25.56740", "2017-12-31": "25.38620", "2017-09-30": "24.78160", "2017-06-30": "23.93650", "2017-03-31": "21.74920", "2016-12-31": "20.76780", "2016-09-30": "22.10690", "2016-06-30": "20.32040", "2016-03-31": "20.91120", "2015-12-31": "19.90510", "2015-09-30": "19.95990", "2015-06-30": "19.47360", "2015-03-31": "18.57670", "2014-12-31": "8.73080", "2014-09-30": "9.10380", "2014-06-30": "8.96520", "2014-03-31": "8.54620", "2013-12-31": "7.96520", "2013-09-30": "8.44640", "2013-06-30": "7.71630", "2013-03-31": "7.57750", "2012-12-31": "8.49140", "2012-09-30": "8.89720", "2012-06-30": "7.88270", "2012-03-31": "8.82140", "2011-12-31": "8.21410", "2011-09-30": "8.19290", "2011-06-30": "9.10700", "2011-03-31": "8.93710", "2010-12-31": "8.29010", "2010-09-30": "11.44260", "2010-06-30": "9.62960", "2010-03-31": "10.30350", "2009-12-31": "10.26220", "2009-09-30": "10.05380", "2009-06-30": "9.54470", "2009-03-31": "8.68760", "2008-12-31": "9.14520", "2008-09-30": "9.77580", "2008-06-30": "10.27730", "2008-03-31": "10.36470", "2007-12-31": "11.18170", "2007-09-30": "7.58200", "2007-06-30": "6.93460", "2007-03-31": "6.63760", "2006-12-31": "5.17090", "2006-09-30": "4.51520", "2006-06-30": "4.12920", "2006-03-31": "", "2005-12-31": "3.61390", "2005-09-30": "3.86120", "2005-06-30": "6.96950", "2005-03-31": ""}, "Operating Cash Flow Per Share": {"2020-09-30": 1.0128, "2020-06-30": 0.7335, "2020-03-31": "0.56310", "2019-12-31": 1.3283, "2019-09-30": 0.9433, "2019-06-30": 1.2977, "2019-03-31": "-0.07710", "2018-12-31": 1.2316, "2018-09-30": 1.2646, "2018-06-30": 0.8344, "2018-03-31": "1.20320", "2017-12-31": 0.9249, "2017-09-30": 1.0216, "2017-06-30": 1.0572, "2017-03-31": "0.84350", "2016-12-31": 0.6907, "2016-09-30": 2.2671, "2016-06-30": 0.8173, "2016-03-31": "0.15800", "2015-12-31": 1.3989, "2015-09-30": 1.9077, "2015-06-30": 0.1298, "2015-03-31": "0.60160", "2014-12-31": 0.3141, "2014-09-30": 1.1095, "2014-06-30": 0.4503, "2014-03-31": "0.67580", "2013-12-31": 1.0638, "2013-09-30": 1.0335, "2013-06-30": 0.4883, "2013-03-31": "0.21950", "2012-12-31": 0.6597, "2012-09-30": 1.1378, "2012-06-30": 0.7085, "2012-03-31": "-0.24760", "2011-12-31": 0.6541, "2011-09-30": 0.666, "2011-06-30": 0.4234, "2011-03-31": "-0.10160", "2010-12-31": 1.1484, "2010-09-30": 0.5405, "2010-06-30": 0.3708, "2010-03-31": "0.77150", "2009-12-31": 0.1812, "2009-09-30": 0.6925, "2009-06-30": 0.822, "2009-03-31": "0.27580", "2008-12-31": 0.7195, "2008-09-30": 0.0104, "2008-06-30": -0.5533, "2008-03-31": "1.08650", "2007-12-31": -0.2579, "2007-09-30": 0.0206, "2007-06-30": 0.2764, "2007-03-31": "0.61300", "2006-12-31": 0.4359, "2006-09-30": 0.2937, "2006-06-30": 0.4325, "2006-03-31": "", "2005-12-31": 0.602, "2005-09-30": 0.4614, "2005-06-30": 0.3895, "2005-03-31": ""}, "Free Cash Flow Per Share": {"2020-09-30": 0.9407, "2020-06-30": 0.6493, "2020-03-31": "0.47990", "2019-12-31": 1.1389, "2019-09-30": 0.9085, "2019-06-30": 1.2118, "2019-03-31": "-0.17980", "2018-12-31": 1.0095, "2018-09-30": 1.1456, "2018-06-30": 0.7468, "2018-03-31": "1.14380", "2017-12-31": 0.6441, "2017-09-30": 0.9339, "2017-06-30": 0.9624, "2017-03-31": "0.79270", "2016-12-31": 0.3981, "2016-09-30": 2.0471, "2016-06-30": 0.6816, "2016-03-31": "0.05630", "2015-12-31": 1.0726, "2015-09-30": 1.7382, "2015-06-30": 0.0044, "2015-03-31": "0.49320", "2014-12-31": 0.0292, "2014-09-30": 0.9503, "2014-06-30": 0.2593, "2014-03-31": "0.49360", "2013-12-31": 0.8827, "2013-09-30": 0.7552, "2013-06-30": 0.2966, "2013-03-31": "0.08650", "2012-12-31": 0.3209, "2012-09-30": 1.022, "2012-06-30": 0.5581, "2012-03-31": "-0.33030", "2011-12-31": 0.4011, "2011-09-30": 0.5313, "2011-06-30": 0.2655, "2011-03-31": "-0.19380", "2010-12-31": 0.7859, "2010-09-30": 0.5016, "2010-06-30": 0.2658, "2010-03-31": "0.70690", "2009-12-31": -0.0496, "2009-09-30": 0.5933, "2009-06-30": 0.7168, "2009-03-31": "0.20790", "2008-12-31": 0.3989, "2008-09-30": 0.0216, "2008-06-30": -0.6369, "2008-03-31": "0.93700", "2007-12-31": -0.1394, "2007-09-30": -0.099, "2007-06-30": 0.1999, "2007-03-31": "0.26070", "2006-12-31": 0.2885, "2006-09-30": 0.1912, "2006-06-30": 0.3034, "2006-03-31": "", "2005-12-31": 0.4743, "2005-09-30": 0.3296, "2005-06-30": 0.2975, "2005-03-31": ""}}, "revenue": {"Viatris Annual Revenue (Millions of US $)": {"2019": "$11,501", "2018": "$11,434", "2017": "$11,908", "2016": "$11,077", "2015": "$9,429", "2014": "$7,720", "2013": "$6,909", "2012": "$6,796", "2011": "$6,130", "2010": "$5,451", "2009": "$5,093", "2008": "$5,138", "2007": "$1,612", "2006": "$1,257", "2005": "$1,253"}, "Viatris Quarterly Revenue (Millions of US $)": {"2020-09-30": "$2,972", "2020-06-30": "$2,731", "2020-03-31": "$2,619", "2019-12-31": "$3,192", "2019-09-30": "$2,962", "2019-06-30": "$2,852", "2019-03-31": "$2,496", "2018-12-31": "$3,079", "2018-09-30": "$2,862", "2018-06-30": "$2,808", "2018-03-31": "$2,685", "2017-12-31": "$3,239", "2017-09-30": "$2,987", "2017-06-30": "$2,962", "2017-03-31": "$2,720", "2016-12-31": "$3,268", "2016-09-30": "$3,057", "2016-06-30": "$2,561", "2016-03-31": "$2,191", "2015-12-31": "$2,491", "2015-09-30": "$2,695", "2015-06-30": "$2,372", "2015-03-31": "$1,872", "2014-12-31": "$2,083", "2014-09-30": "$2,084", "2014-06-30": "$1,837", "2014-03-31": "$1,716", "2013-12-31": "$1,809", "2013-09-30": "$1,767", "2013-06-30": "$1,702", "2013-03-31": "$1,632", "2012-12-31": "$1,723", "2012-09-30": "$1,802", "2012-06-30": "$1,688", "2012-03-31": "$1,584", "2011-12-31": "$1,531", "2011-09-30": "$1,576", "2011-06-30": "$1,574", "2011-03-31": "$1,449", "2010-12-31": "$1,434", "2010-09-30": "$1,355", "2010-06-30": "$1,369", "2010-03-31": "$1,292", "2009-12-31": "$1,352", "2009-09-30": "$1,264", "2009-06-30": "$1,267", "2009-03-31": "$1,210", "2008-12-31": "$1,203", "2008-09-30": "$1,657", "2008-06-30": "$1,203", "2008-03-31": "$1,074", "2007-12-31": "$668", "2007-09-30": "$477", "2007-06-30": "$546", "2007-03-31": "$487", "2006-12-31": "$402", "2006-09-30": "$367", "2006-06-30": "$356", "2006-03-31": "", "2005-12-31": "$311", "2005-09-30": "$298", "2005-06-30": "$323", "2005-03-31": ""}}, "gross-profit": {"Viatris Annual Gross Profit (Millions of US $)": {"2019": "$3,898", "2018": "$4,002", "2017": "$4,783", "2016": "$4,697", "2015": "$4,216", "2014": "$3,528", "2013": "$3,040", "2012": "$2,908", "2011": "$2,563", "2010": "$2,217", "2009": "$2,074", "2008": "$2,070", "2007": "$844", "2006": "$628", "2005": "$624"}, "Viatris Quarterly Gross Profit (Millions of US $)": {"2020-09-30": "$1,159", "2020-06-30": "$1,026", "2020-03-31": "$906", "2019-12-31": "$1,087", "2019-09-30": "$1,072", "2019-06-30": "$933", "2019-03-31": "$805", "2018-12-31": "$1,016", "2018-09-30": "$1,039", "2018-06-30": "$963", "2018-03-31": "$984", "2017-12-31": "$1,295", "2017-09-30": "$1,178", "2017-06-30": "$1,225", "2017-03-31": "$1,085", "2016-12-31": "$1,335", "2016-09-30": "$1,283", "2016-06-30": "$1,172", "2016-03-31": "$907", "2015-12-31": "$1,063", "2015-09-30": "$1,315", "2015-06-30": "$1,008", "2015-03-31": "$830", "2014-12-31": "$969", "2014-09-30": "$1,012", "2014-06-30": "$809", "2014-03-31": "$738", "2013-12-31": "$796", "2013-09-30": "$809", "2013-06-30": "$742", "2013-03-31": "$694", "2012-12-31": "$742", "2012-09-30": "$793", "2012-06-30": "$703", "2012-03-31": "$670", "2011-12-31": "$645", "2011-09-30": "$658", "2011-06-30": "$669", "2011-03-31": "$591", "2010-12-31": "$579", "2010-09-30": "$580", "2010-06-30": "$542", "2010-03-31": "$516", "2009-12-31": "$516", "2009-09-30": "$505", "2009-06-30": "$528", "2009-03-31": "$526", "2008-12-31": "$395", "2008-09-30": "$911", "2008-06-30": "$414", "2008-03-31": "$350", "2007-12-31": "$121", "2007-09-30": "$222", "2007-06-30": "$297", "2007-03-31": "$235", "2006-12-31": "$225", "2006-09-30": "$196", "2006-06-30": "$188", "2006-03-31": "", "2005-12-31": "$156", "2005-09-30": "$143", "2005-06-30": "$168", "2005-03-31": ""}}, "operating-income": {"Viatris Annual Operating Income (Millions of US $)": {"2019": "$716", "2018": "$906", "2017": "$1,437", "2016": "$699", "2015": "$1,461", "2014": "$1,353", "2013": "$1,136", "2012": "$1,109", "2011": "$1,005", "2010": "$722", "2009": "$523", "2008": "$298", "2007": "$428", "2006": "$287", "2005": "$302"}, "Viatris Quarterly Operating Income (Millions of US $)": {"2020-09-30": "$351", "2020-06-30": "$134", "2020-03-31": "$185", "2019-12-31": "$272", "2019-09-30": "$324", "2019-06-30": "$96", "2019-03-31": "$24", "2018-12-31": "$233", "2018-09-30": "$338", "2018-06-30": "$179", "2018-03-31": "$156", "2017-12-31": "$419", "2017-09-30": "$317", "2017-06-30": "$474", "2017-03-31": "$228", "2016-12-31": "$313", "2016-09-30": "$-131", "2016-06-30": "$411", "2016-03-31": "$106", "2015-12-31": "$424", "2015-09-30": "$601", "2015-06-30": "$277", "2015-03-31": "$159", "2014-12-31": "$393", "2014-09-30": "$495", "2014-06-30": "$226", "2014-03-31": "$239", "2013-12-31": "$273", "2013-09-30": "$340", "2013-06-30": "$309", "2013-03-31": "$214", "2012-12-31": "$263", "2012-09-30": "$335", "2012-06-30": "$261", "2012-03-31": "$251", "2011-12-31": "$247", "2011-09-30": "$266", "2011-06-30": "$280", "2011-03-31": "$212", "2010-12-31": "$94", "2010-09-30": "$234", "2010-06-30": "$195", "2010-03-31": "$199", "2009-12-31": "$60", "2009-09-30": "$61", "2009-06-30": "$175", "2009-03-31": "$227", "2008-12-31": "$35", "2008-09-30": "$561", "2008-06-30": "$74", "2008-03-31": "$-372", "2007-12-31": "$-1,260", "2007-09-30": "$92", "2007-06-30": "$188", "2007-03-31": "$-8", "2006-12-31": "$402", "2006-09-30": "$135", "2006-06-30": "$117", "2006-03-31": "", "2005-12-31": "$311", "2005-09-30": "$58", "2005-06-30": "$60", "2005-03-31": ""}}, "ebitda": {"Viatris Annual EBITDA (Millions of US $)": {"2019": "$2,735", "2018": "$3,016", "2017": "$3,243", "2016": "$2,222", "2015": "$2,493", "2014": "$1,919", "2013": "$1,652", "2012": "$1,656", "2011": "$1,516", "2010": "$1,144", "2009": "$925", "2008": "$1,108", "2007": "$489", "2006": "$334", "2005": "$347"}, "Viatris Quarterly EBITDA (Millions of US $)": {"2020-09-30": "$784", "2020-06-30": "$550", "2020-03-31": "$600", "2019-12-31": "$820", "2019-09-30": "$793", "2019-06-30": "$597", "2019-03-31": "$525", "2018-12-31": "$842", "2018-09-30": "$839", "2018-06-30": "$681", "2018-03-31": "$654", "2017-12-31": "$945", "2017-09-30": "$760", "2017-06-30": "$895", "2017-03-31": "$643", "2016-12-31": "$790", "2016-09-30": "$315", "2016-06-30": "$714", "2016-03-31": "$403", "2015-12-31": "$765", "2015-09-30": "$859", "2015-06-30": "$535", "2015-03-31": "$334", "2014-12-31": "$561", "2014-09-30": "$629", "2014-06-30": "$355", "2014-03-31": "$374", "2013-12-31": "$415", "2013-09-30": "$467", "2013-06-30": "$427", "2013-03-31": "$343", "2012-12-31": "$391", "2012-09-30": "$506", "2012-06-30": "$384", "2012-03-31": "$374", "2011-12-31": "$372", "2011-09-30": "$407", "2011-06-30": "$406", "2011-03-31": "$331", "2010-12-31": "$207", "2010-09-30": "$339", "2010-06-30": "$297", "2010-03-31": "$301", "2009-12-31": "$164", "2009-09-30": "$165", "2009-06-30": "$273", "2009-03-31": "$322", "2008-12-31": "$132", "2008-09-30": "$668", "2008-06-30": "$184", "2008-03-31": "$124", "2007-12-31": "$-1,181", "2007-09-30": "$119", "2007-06-30": "$215", "2007-03-31": "$17", "2006-12-31": "$415", "2006-09-30": "$147", "2006-06-30": "$117", "2006-03-31": "", "2005-12-31": "$322", "2005-09-30": "$70", "2005-06-30": "$60", "2005-03-31": ""}}, "net-income": {"Viatris Annual Net Income (Millions of US $)": {"2019": "$17", "2018": "$353", "2017": "$696", "2016": "$480", "2015": "$848", "2014": "$929", "2013": "$624", "2012": "$641", "2011": "$537", "2010": "$224", "2009": "$94", "2008": "$-335", "2007": "$217", "2006": "$185", "2005": "$204"}, "Viatris Quarterly Net Income (Millions of US $)": {"2020-09-30": "$186", "2020-06-30": "$39", "2020-03-31": "$21", "2019-12-31": "$21", "2019-09-30": "$190", "2019-06-30": "$-169", "2019-03-31": "$-25", "2018-12-31": "$51", "2018-09-30": "$177", "2018-06-30": "$38", "2018-03-31": "$87", "2017-12-31": "$244", "2017-09-30": "$88", "2017-06-30": "$297", "2017-03-31": "$66", "2016-12-31": "$418", "2016-09-30": "$-120", "2016-06-30": "$168", "2016-03-31": "$14", "2015-12-31": "$195", "2015-09-30": "$429", "2015-06-30": "$168", "2015-03-31": "$57", "2014-12-31": "$189", "2014-09-30": "$499", "2014-06-30": "$125", "2014-03-31": "$116", "2013-12-31": "$180", "2013-09-30": "$159", "2013-06-30": "$178", "2013-03-31": "$107", "2012-12-31": "$162", "2012-09-30": "$211", "2012-06-30": "$139", "2012-03-31": "$129", "2011-12-31": "$129", "2011-09-30": "$157", "2011-06-30": "$146", "2011-03-31": "$104", "2010-12-31": "$3", "2010-09-30": "$108", "2010-06-30": "$51", "2010-03-31": "$61", "2009-12-31": "$4", "2009-09-30": "$-40", "2009-06-30": "$58", "2009-03-31": "$71", "2008-12-31": "$-55", "2008-09-30": "$182", "2008-06-30": "$-16", "2008-03-31": "$-447", "2007-12-31": "$-1,323", "2007-09-30": "$150", "2007-06-30": "$80", "2007-03-31": "$-71", "2006-12-31": "$135", "2006-09-30": "$78", "2006-06-30": "$76", "2006-03-31": "", "2005-12-31": "$48", "2005-09-30": "$36", "2005-06-30": "$43", "2005-03-31": ""}}, "eps-earnings-per-share-diluted": {"Viatris Annual EPS": {"2019": "$0.03", "2018": "$0.68", "2017": "$1.30", "2016": "$0.92", "2015": "$1.70", "2014": "$2.34", "2013": "$1.58", "2012": "$1.52", "2011": "$1.22", "2010": "$0.68", "2009": "$0.30", "2008": "$-1.10", "2007": "$0.99", "2006": "$0.79", "2005": "$0.74"}, "Viatris Quarterly EPS": {"2020-09-30": "$0.36", "2020-06-30": "$0.08", "2020-03-31": "$0.04", "2019-12-31": "$0.04", "2019-09-30": "$0.37", "2019-06-30": "$-0.33", "2019-03-31": "$-0.05", "2018-12-31": "$0.10", "2018-09-30": "$0.34", "2018-06-30": "$0.07", "2018-03-31": "$0.17", "2017-12-31": "$0.47", "2017-09-30": "$0.16", "2017-06-30": "$0.55", "2017-03-31": "$0.12", "2016-12-31": "$0.79", "2016-09-30": "$-0.23", "2016-06-30": "$0.33", "2016-03-31": "$0.03", "2015-12-31": "$0.42", "2015-09-30": "$0.83", "2015-06-30": "$0.32", "2015-03-31": "$0.13", "2014-12-31": "$0.47", "2014-09-30": "$1.26", "2014-06-30": "$0.32", "2014-03-31": "$0.29", "2013-12-31": "$0.45", "2013-09-30": "$0.40", "2013-06-30": "$0.46", "2013-03-31": "$0.27", "2012-12-31": "$0.38", "2012-09-30": "$0.51", "2012-06-30": "$0.33", "2012-03-31": "$0.30", "2011-12-31": "$0.30", "2011-09-30": "$0.36", "2011-06-30": "$0.33", "2011-03-31": "$0.23", "2010-12-31": "$-0.01", "2010-09-30": "$0.33", "2010-06-30": "$0.16", "2010-03-31": "$0.20", "2009-12-31": "$0.01", "2009-09-30": "$-0.13", "2009-06-30": "$0.19", "2009-03-31": "$0.23", "2008-12-31": "$-0.05", "2008-09-30": "$0.47", "2008-06-30": "$-0.05", "2008-03-31": "$-1.47", "2007-12-31": "$-5.14", "2007-09-30": "$0.60", "2007-06-30": "$0.32", "2007-03-31": "$-0.31", "2006-12-31": "$0.63", "2006-09-30": "$0.36", "2006-06-30": "$0.35", "2006-03-31": "$0.00", "2005-12-31": "$0.22", "2005-09-30": "$0.16", "2005-06-30": "$0.16", "2005-03-31": "$0.00"}}, "shares-outstanding": {"Viatris Annual Shares Outstanding (Millions of Shares)": {"2019": "517", "2018": "517", "2017": "537", "2016": "521", "2015": "497", "2014": "398", "2013": "395", "2012": "420", "2011": "439", "2010": "329", "2009": "307", "2008": "304", "2007": "219", "2006": "234", "2005": "274"}, "Viatris Quarterly Shares Outstanding (Millions of Shares)": {"2020-09-30": "518", "2020-06-30": "517", "2020-03-31": "517", "2019-12-31": "517", "2019-09-30": "516", "2019-06-30": "516", "2019-03-31": "515", "2018-12-31": "517", "2018-09-30": "517", "2018-06-30": "516", "2018-03-31": "517", "2017-12-31": "537", "2017-09-30": "537", "2017-06-30": "537", "2017-03-31": "537", "2016-12-31": "521", "2016-09-30": "524", "2016-06-30": "510", "2016-03-31": "510", "2015-12-31": "497", "2015-09-30": "514", "2015-06-30": "522", "2015-03-31": "444", "2014-12-31": "398", "2014-09-30": "397", "2014-06-30": "397", "2014-03-31": "397", "2013-12-31": "395", "2013-09-30": "396", "2013-06-30": "387", "2013-03-31": "399", "2012-12-31": "420", "2012-09-30": "412", "2012-06-30": "424", "2012-03-31": "432", "2011-12-31": "439", "2011-09-30": "432", "2011-06-30": "445", "2011-03-31": "448", "2010-12-31": "329", "2010-09-30": "438", "2010-06-30": "314", "2010-03-31": "312", "2009-12-31": "307", "2009-09-30": "305", "2009-06-30": "306", "2009-03-31": "458", "2008-12-31": "304", "2008-09-30": "458", "2008-06-30": "304", "2008-03-31": "304", "2007-12-31": "257", "2007-09-30": "251", "2007-06-30": "252", "2007-03-31": "227", "2006-12-31": "216", "2006-09-30": "215", "2006-06-30": "215", "2006-03-31": "", "2005-12-31": "219", "2005-09-30": "229", "2005-06-30": "273", "2005-03-31": ""}}, "total-assets": {"Viatris Annual Total Assets (Millions of US $)": {"2019": "$31,256", "2018": "$32,735", "2017": "$35,806", "2016": "$34,726", "2015": "$22,268", "2014": "$15,821", "2013": "$15,295", "2012": "$11,932", "2011": "$11,598", "2010": "$11,537", "2009": "$10,802", "2008": "$10,410", "2007": "$4,254", "2006": "$1,871", "2005": "$2,136"}, "Viatris Quarterly Total Assets (Millions of US $)": {"2020-09-30": "$31,243", "2020-06-30": "$30,155", "2020-03-31": "$30,146", "2019-12-31": "$31,256", "2019-09-30": "$31,054", "2019-06-30": "$31,817", "2019-03-31": "$31,907", "2018-12-31": "$32,735", "2018-09-30": "$33,456", "2018-06-30": "$33,272", "2018-03-31": "$35,185", "2017-12-31": "$35,806", "2017-09-30": "$35,819", "2017-06-30": "$35,506", "2017-03-31": "$34,273", "2016-12-31": "$34,726", "2016-09-30": "$36,539", "2016-06-30": "$28,836", "2016-03-31": "$22,644", "2015-12-31": "$22,268", "2015-09-30": "$21,317", "2015-06-30": "$22,795", "2015-03-31": "$22,124", "2014-12-31": "$15,821", "2014-09-30": "$15,174", "2014-06-30": "$15,603", "2014-03-31": "$15,355", "2013-12-31": "$15,295", "2013-09-30": "$12,902", "2013-06-30": "$12,212", "2013-03-31": "$11,885", "2012-12-31": "$11,932", "2012-09-30": "$11,706", "2012-06-30": "$11,602", "2012-03-31": "$11,934", "2011-12-31": "$11,598", "2011-09-30": "$11,118", "2011-06-30": "$12,006", "2011-03-31": "$11,878", "2010-12-31": "$11,537", "2010-09-30": "$11,407", "2010-06-30": "$10,598", "2010-03-31": "$10,823", "2009-12-31": "$10,802", "2009-09-30": "$10,763", "2009-06-30": "$10,243", "2009-03-31": "$9,897", "2008-12-31": "$10,410", "2008-09-30": "$11,024", "2008-06-30": "$11,503", "2008-03-31": "$11,599", "2007-12-31": "$11,353", "2007-09-30": "$4,477", "2007-06-30": "$4,476", "2007-03-31": "$4,254", "2006-12-31": "$2,207", "2006-09-30": "$2,036", "2006-06-30": "$1,984", "2006-03-31": "$1,871", "2005-12-31": "$1,835", "2005-09-30": "$1,914", "2005-06-30": "$2,187", "2005-03-31": "$2,136"}}, "cash-on-hand": {"Viatris Annual Cash on Hand (Millions of US $)": {"2019": "$476", "2018": "$388", "2017": "$292", "2016": "$999", "2015": "$1,236", "2014": "$226", "2013": "$291", "2012": "$350", "2011": "$375", "2010": "$715", "2009": "$456", "2008": "$640", "2007": "$1,427", "2006": "$518", "2005": "$808"}, "Viatris Quarterly Cash on Hand (Millions of US $)": {"2020-09-30": "$665", "2020-06-30": "$324", "2020-03-31": "$572", "2019-12-31": "$476", "2019-09-30": "$359", "2019-06-30": "$212", "2019-03-31": "$230", "2018-12-31": "$388", "2018-09-30": "$449", "2018-06-30": "$330", "2018-03-31": "$367", "2017-12-31": "$292", "2017-09-30": "$615", "2017-06-30": "$613", "2017-03-31": "$724", "2016-12-31": "$999", "2016-09-30": "$1,257", "2016-06-30": "$6,362", "2016-03-31": "$1,199", "2015-12-31": "$1,236", "2015-09-30": "$587", "2015-06-30": "$440", "2015-03-31": "$277", "2014-12-31": "$226", "2014-09-30": "$200", "2014-06-30": "$194", "2014-03-31": "$243", "2013-12-31": "$291", "2013-09-30": "$365", "2013-06-30": "$277", "2013-03-31": "$294", "2012-12-31": "$350", "2012-09-30": "$367", "2012-06-30": "$348", "2012-03-31": "$298", "2011-12-31": "$375", "2011-09-30": "$552", "2011-06-30": "$490", "2011-03-31": "$663", "2010-12-31": "$715", "2010-09-30": "$665", "2010-06-30": "$881", "2010-03-31": "$599", "2009-12-31": "$456", "2009-09-30": "$682", "2009-06-30": "$516", "2009-03-31": "$533", "2008-12-31": "$640", "2008-09-30": "$749", "2008-06-30": "$572", "2008-03-31": "$787", "2007-12-31": "$576", "2007-09-30": "$1,270", "2007-06-30": "$1,490", "2007-03-31": "$1,427", "2006-12-31": "$466", "2006-09-30": "$612", "2006-06-30": "$568", "2006-03-31": "$518", "2005-12-31": "$557", "2005-09-30": "$632", "2005-06-30": "$887", "2005-03-31": "$808"}}, "long-term-debt": {"Viatris Annual Long Term Debt (Millions of US $)": {"2019": "$11,214", "2018": "$13,161", "2017": "$14,101", "2016": "$16,562", "2015": "$6,296", "2014": "$7,037", "2013": "$8,856", "2012": "$6,108", "2011": "$5,221", "2010": "$5,634", "2009": "$5,471", "2008": "$5,501", "2007": "$1,685", "2006": "$708", "2005": "$19"}, "Viatris Quarterly Long Term Debt (Millions of US $)": {"2020-09-30": "$10,002", "2020-06-30": "$9,896", "2020-03-31": "$12,117", "2019-12-31": "$12,175", "2019-09-30": "$13,388", "2019-06-30": "$13,719", "2019-03-31": "$14,214", "2018-12-31": "$13,161", "2018-09-30": "$14,443", "2018-06-30": "$14,375", "2018-03-31": "$13,579", "2017-12-31": "$14,101", "2017-09-30": "$13,992", "2017-06-30": "$15,392", "2017-03-31": "$16,073", "2016-12-31": "$16,562", "2016-09-30": "$12,966", "2016-06-30": "$12,773", "2016-03-31": "$7,666", "2015-12-31": "$6,296", "2015-09-30": "$7,204", "2015-06-30": "$7,272", "2015-03-31": "$7,129", "2014-12-31": "$7,037", "2014-09-30": "$6,998", "2014-06-30": "$9,220", "2014-03-31": "$9,045", "2013-12-31": "$8,856", "2013-09-30": "$6,805", "2013-06-30": "$6,662", "2013-03-31": "$6,450", "2012-12-31": "$6,108", "2012-09-30": "$5,209", "2012-06-30": "$5,552", "2012-03-31": "$5,288", "2011-12-31": "$5,221", "2011-09-30": "$4,820", "2011-06-30": "$5,183", "2011-03-31": "$5,119", "2010-12-31": "$5,634", "2010-09-30": "$5,672", "2010-06-30": "$5,513", "2010-03-31": "$5,539", "2009-12-31": "$5,471", "2009-09-30": "$5,534", "2009-06-30": "$5,391", "2009-03-31": "$5,373", "2008-12-31": "$5,501", "2008-09-30": "$5,457", "2008-06-30": "$4,953", "2008-03-31": "$4,974", "2007-12-31": "$4,913", "2007-09-30": "$1,611", "2007-06-30": "$1,697", "2007-03-31": "$1,685", "2006-12-31": "$708", "2006-09-30": "$710", "2006-06-30": "$710", "2006-03-31": "$708", "2005-12-31": "$792", "2005-09-30": "$792", "2005-06-30": "$19", "2005-03-31": "$19"}}, "total-liabilities": {"Viatris Annual Total Liabilities (Millions of US $)": {"2019": "$19,372", "2018": "$20,568", "2017": "$22,499", "2016": "$23,609", "2015": "$12,502", "2014": "$12,545", "2013": "$12,335", "2012": "$8,576", "2011": "$8,093", "2010": "$7,921", "2009": "$7,657", "2008": "$7,623", "2007": "$2,605", "2006": "$1,083", "2005": "$290"}, "Viatris Quarterly Total Liabilities (Millions of US $)": {"2020-09-30": "$18,695", "2020-06-30": "$18,409", "2020-03-31": "$18,883", "2019-12-31": "$19,372", "2019-09-30": "$19,590", "2019-06-30": "$19,914", "2019-03-31": "$20,015", "2018-12-31": "$20,568", "2018-09-30": "$21,389", "2018-06-30": "$21,063", "2018-03-31": "$22,008", "2017-12-31": "$22,499", "2017-09-30": "$22,527", "2017-06-30": "$22,673", "2017-03-31": "$22,617", "2016-12-31": "$23,609", "2016-09-30": "$24,710", "2016-06-30": "$18,505", "2016-03-31": "$12,369", "2015-12-31": "$12,502", "2015-09-30": "$11,502", "2015-06-30": "$13,225", "2015-03-31": "$13,031", "2014-12-31": "$12,545", "2014-09-30": "$11,768", "2014-06-30": "$12,250", "2014-03-31": "$12,163", "2013-12-31": "$12,335", "2013-09-30": "$9,669", "2013-06-30": "$9,266", "2013-03-31": "$8,998", "2012-12-31": "$8,576", "2012-09-30": "$8,082", "2012-06-30": "$8,403", "2012-03-31": "$8,155", "2011-12-31": "$8,093", "2011-09-30": "$7,624", "2011-06-30": "$8,125", "2011-03-31": "$7,961", "2010-12-31": "$7,921", "2010-09-30": "$7,864", "2010-06-30": "$7,619", "2010-03-31": "$7,644", "2009-12-31": "$7,657", "2009-09-30": "$7,691", "2009-06-30": "$7,330", "2009-03-31": "$7,247", "2008-12-31": "$7,623", "2008-09-30": "$8,045", "2008-06-30": "$8,373", "2008-03-31": "$8,443", "2007-12-31": "$7,950", "2007-09-30": "$2,590", "2007-06-30": "$2,751", "2007-03-31": "$2,605", "2006-12-31": "$1,105", "2006-09-30": "$1,079", "2006-06-30": "$1,114", "2006-03-31": "$1,083", "2005-12-31": "$1,076", "2005-09-30": "$1,083", "2005-06-30": "$307", "2005-03-31": "$290"}}, "total-share-holder-equity": {"Viatris Annual Share Holder Equity (Millions of US $)": {"2019": "$11,884", "2018": "$12,167", "2017": "$13,308", "2016": "$11,118", "2015": "$9,766", "2014": "$3,276", "2013": "$2,960", "2012": "$3,356", "2011": "$3,505", "2010": "$3,615", "2009": "$3,145", "2008": "$2,787", "2007": "$1,649", "2006": "$788", "2005": "$1,846"}, "Viatris Quarterly Share Holder Equity (Millions of US $)": {"2020-09-30": "$12,548", "2020-06-30": "$11,746", "2020-03-31": "$11,263", "2019-12-31": "$11,884", "2019-09-30": "$11,463", "2019-06-30": "$11,903", "2019-03-31": "$11,892", "2018-12-31": "$12,167", "2018-09-30": "$12,066", "2018-06-30": "$12,209", "2018-03-31": "$13,177", "2017-12-31": "$13,308", "2017-09-30": "$13,292", "2017-06-30": "$12,833", "2017-03-31": "$11,656", "2016-12-31": "$11,118", "2016-09-30": "$11,829", "2016-06-30": "$10,331", "2016-03-31": "$10,275", "2015-12-31": "$9,766", "2015-09-30": "$9,815", "2015-06-30": "$9,569", "2015-03-31": "$9,093", "2014-12-31": "$3,276", "2014-09-30": "$3,406", "2014-06-30": "$3,353", "2014-03-31": "$3,192", "2013-12-31": "$2,960", "2013-09-30": "$3,233", "2013-06-30": "$2,945", "2013-03-31": "$2,887", "2012-12-31": "$3,356", "2012-09-30": "$3,624", "2012-06-30": "$3,199", "2012-03-31": "$3,779", "2011-12-31": "$3,505", "2011-09-30": "$3,494", "2011-06-30": "$3,881", "2011-03-31": "$3,917", "2010-12-31": "$3,615", "2010-09-30": "$3,543", "2010-06-30": "$2,979", "2010-03-31": "$3,178", "2009-12-31": "$3,145", "2009-09-30": "$3,072", "2009-06-30": "$2,912", "2009-03-31": "$2,649", "2008-12-31": "$2,787", "2008-09-30": "$2,979", "2008-06-30": "$3,130", "2008-03-31": "$3,156", "2007-12-31": "$3,403", "2007-09-30": "$1,887", "2007-06-30": "$1,725", "2007-03-31": "$1,649", "2006-12-31": "$1,102", "2006-09-30": "$957", "2006-06-30": "$871", "2006-03-31": "$788", "2005-12-31": "$759", "2005-09-30": "$831", "2005-06-30": "$1,880", "2005-03-31": "$1,846"}}, "profit-margins": {"current": "2.31%"}, "gross margin": {"2020-09-30": "36.29%", "2020-06-30": "35.56%", "2020-03-31": "34.39%", "2019-12-31": "33.88%", "2019-09-30": "33.59%", "2019-06-30": "33.60%", "2019-03-31": "34.00%", "2018-12-31": "35.00%", "2018-09-30": "36.92%", "2018-06-30": "37.72%", "2018-03-31": "39.43%", "2017-12-31": "40.17%", "2017-09-30": "40.40%", "2017-06-30": "41.04%", "2017-03-31": "42.00%", "2016-12-31": "42.40%", "2016-09-30": "42.96%", "2016-06-30": "44.85%", "2016-03-31": "44.04%", "2015-12-31": "44.71%", "2015-09-30": "45.69%", "2015-06-30": "45.40%", "2015-03-31": "45.96%", "2014-12-31": "45.70%", "2014-09-30": "45.06%", "2014-06-30": "44.21%", "2014-03-31": "44.11%", "2013-12-31": "44.01%", "2013-09-30": "43.77%", "2013-06-30": "43.32%", "2013-03-31": "42.83%", "2012-12-31": "42.78%", "2012-09-30": "42.56%", "2012-06-30": "41.95%", "2012-03-31": "42.17%", "2011-12-31": "41.81%", "2011-09-30": "41.39%", "2011-06-30": "41.62%", "2011-03-31": "40.88%", "2010-12-31": "40.68%", "2010-09-30": "40.13%", "2010-06-30": "39.40%", "2010-03-31": "39.90%", "2009-12-31": "40.74%", "2009-09-30": "39.52%", "2009-06-30": "44.22%", "2009-03-31": "42.59%", "2008-12-31": "40.30%", "2008-09-30": "39.03%", "2008-06-30": "32.35%", "2008-03-31": "35.80%", "2007-12-31": "40.17%", "2007-09-30": "51.20%", "2007-06-30": "52.89%", "2007-03-31": "52.36%", "2006-09-30": "52.22%", "2006-06-30": "50.47%"}, "operating margin": {"2020-09-30": "8.18%", "2020-06-30": "7.95%", "2020-03-31": "7.54%", "2019-12-31": "6.23%", "2019-09-30": "5.94%", "2019-06-30": "6.12%", "2019-03-31": "6.88%", "2018-12-31": "7.92%", "2018-09-30": "9.42%", "2018-06-30": "9.14%", "2018-03-31": "11.51%", "2017-12-31": "12.08%", "2017-09-30": "11.16%", "2017-06-30": "7.36%", "2017-03-31": "7.07%", "2016-12-31": "6.31%", "2016-09-30": "7.86%", "2016-06-30": "15.52%", "2016-03-31": "14.44%", "2015-12-31": "15.49%", "2015-09-30": "15.85%", "2015-06-30": "15.74%", "2015-03-31": "16.16%", "2014-12-31": "17.53%", "2014-09-30": "16.56%", "2014-06-30": "15.12%", "2014-03-31": "16.60%", "2013-12-31": "16.44%", "2013-09-30": "16.50%", "2013-06-30": "16.34%", "2013-03-31": "15.68%", "2012-12-31": "16.33%", "2012-09-30": "16.56%", "2012-06-30": "16.07%", "2012-03-31": "16.66%", "2011-12-31": "16.39%", "2011-09-30": "14.12%", "2011-06-30": "14.11%", "2011-03-31": "13.11%", "2010-12-31": "13.25%", "2010-09-30": "12.82%", "2010-06-30": "9.76%", "2010-03-31": "9.57%", "2009-12-31": "10.27%", "2009-09-30": "10.07%", "2009-06-30": "18.70%", "2009-03-31": "17.01%", "2008-12-31": "5.80%", "2008-09-30": "-21.66%", "2008-06-30": "-42.84%", "2008-03-31": "-48.90%", "2007-12-31": "-45.36%", "2007-09-30": "35.25%", "2007-06-30": "39.79%", "2007-03-31": "40.07%", "2006-09-30": "54.45%", "2006-06-30": "50.36%"}, "ebitda margin": {"2020-09-30": "23.92%", "2020-06-30": "24.02%", "2020-03-31": "24.17%", "2019-12-31": "23.78%", "2019-09-30": "24.21%", "2019-06-30": "24.83%", "2019-03-31": "25.67%", "2018-12-31": "26.38%", "2018-09-30": "26.90%", "2018-06-30": "25.94%", "2018-03-31": "27.41%", "2017-12-31": "27.23%", "2017-09-30": "25.87%", "2017-06-30": "22.01%", "2017-03-31": "21.21%", "2016-12-31": "20.06%", "2016-09-30": "21.33%", "2016-06-30": "27.58%", "2016-03-31": "26.28%", "2015-12-31": "26.44%", "2015-09-30": "25.37%", "2015-06-30": "24.48%", "2015-03-31": "23.86%", "2014-12-31": "24.86%", "2014-09-30": "23.81%", "2014-06-30": "22.60%", "2014-03-31": "24.06%", "2013-12-31": "23.91%", "2013-09-30": "23.86%", "2013-06-30": "24.30%", "2013-03-31": "23.73%", "2012-12-31": "24.35%", "2012-09-30": "24.77%", "2012-06-30": "24.09%", "2012-03-31": "24.88%", "2011-12-31": "24.73%", "2011-09-30": "22.39%", "2011-06-30": "22.08%", "2011-03-31": "20.94%", "2010-12-31": "20.99%", "2010-09-30": "20.51%", "2010-06-30": "17.57%", "2010-03-31": "17.45%", "2009-12-31": "18.14%", "2009-09-30": "18.04%", "2009-06-30": "26.14%", "2009-03-31": "24.77%", "2008-12-31": "21.57%", "2008-09-30": "-4.45%", "2008-06-30": "-22.03%", "2008-03-31": "-26.15%", "2007-12-31": "-38.11%", "2007-09-30": "40.06%", "2007-06-30": "44.06%", "2007-03-31": "43.18%", "2006-09-30": "56.67%", "2006-06-30": "52.75%"}, "pre tax profit margin": {"2020-09-30": "3.72%", "2020-06-30": "3.23%", "2020-03-31": "2.58%", "2019-12-31": "1.34%", "2019-09-30": "0.84%", "2019-06-30": "0.90%", "2019-03-31": "1.54%", "2018-12-31": "2.62%", "2018-09-30": "4.74%", "2018-06-30": "4.58%", "2018-03-31": "7.10%", "2017-12-31": "7.59%", "2017-09-30": "6.72%", "2017-06-30": "2.47%", "2017-03-31": "1.51%", "2016-12-31": "1.10%", "2016-09-30": "1.12%", "2016-06-30": "9.01%", "2016-03-31": "8.95%", "2015-12-31": "9.70%", "2015-09-30": "10.74%", "2015-06-30": "11.02%", "2015-03-31": "11.22%", "2014-12-31": "12.63%", "2014-09-30": "12.03%", "2014-06-30": "9.51%", "2014-03-31": "10.87%", "2013-12-31": "10.81%", "2013-09-30": "10.92%", "2013-06-30": "11.88%", "2013-03-31": "11.47%", "2012-12-31": "11.83%", "2012-09-30": "11.23%", "2012-06-30": "10.49%", "2012-03-31": "10.89%", "2011-12-31": "10.69%", "2011-09-30": "8.69%", "2011-06-30": "7.98%", "2011-03-31": "6.46%", "2010-12-31": "6.55%", "2010-09-30": "6.20%", "2010-06-30": "3.51%", "2010-03-31": "3.98%", "2009-12-31": "4.46%", "2009-09-30": "3.64%", "2009-06-30": "12.54%", "2009-03-31": "10.16%", "2008-12-31": "-1.40%", "2008-09-30": "-31.36%", "2008-06-30": "-49.09%", "2008-03-31": "-55.70%", "2007-12-31": "-50.37%", "2007-09-30": "28.92%", "2007-06-30": "24.36%", "2007-03-31": "26.43%", "2006-09-30": "29.98%", "2006-06-30": "24.97%"}, "net profit margin": {"2020-09-30": "2.32%", "2020-06-30": "2.36%", "2020-03-31": "0.54%", "2019-12-31": "0.15%", "2019-09-30": "0.41%", "2019-06-30": "0.30%", "2019-03-31": "2.14%", "2018-12-31": "3.09%", "2018-09-30": "4.71%", "2018-06-30": "3.90%", "2018-03-31": "6.03%", "2017-12-31": "5.84%", "2017-09-30": "7.28%", "2017-06-30": "5.51%", "2017-03-31": "4.58%", "2016-12-31": "4.33%", "2016-09-30": "2.50%", "2016-06-30": "8.11%", "2016-03-31": "8.27%", "2015-12-31": "9.00%", "2015-09-30": "9.34%", "2015-06-30": "10.85%", "2015-03-31": "11.05%", "2014-12-31": "12.03%", "2014-09-30": "12.36%", "2014-06-30": "8.14%", "2014-03-31": "9.05%", "2013-12-31": "9.03%", "2013-09-30": "8.88%", "2013-06-30": "9.59%", "2013-03-31": "9.04%", "2012-12-31": "9.43%", "2012-09-30": "9.21%", "2012-06-30": "8.68%", "2012-03-31": "8.95%", "2011-12-31": "8.74%", "2011-09-30": "6.80%", "2011-06-30": "6.21%", "2011-03-31": "4.74%", "2010-12-31": "4.09%", "2010-09-30": "4.17%", "2010-06-30": "1.44%", "2010-03-31": "1.60%", "2009-12-31": "1.83%", "2009-09-30": "0.69%", "2009-06-30": "4.80%", "2009-03-31": "3.45%", "2008-12-31": "-6.54%", "2008-09-30": "-34.85%", "2008-06-30": "-47.81%", "2008-03-31": "-55.70%", "2007-12-31": "-53.44%", "2007-09-30": "15.38%", "2007-06-30": "12.32%", "2007-03-31": "13.52%", "2006-09-30": "19.54%", "2006-06-30": "16.58%"}, "pe ratio": {"current": "3.90", "2021-02-11": "35.08", "2020-09-30": "28.52", "2020-06-30": "30.34", "2020-03-31": "124.25", "2019-12-31": "670.00", "2019-09-30": "219.78", "2019-06-30": "317.33", "2019-03-31": "61.61", "2018-12-31": "40.29", "2018-09-30": "35.19", "2018-06-30": "42.02", "2018-03-31": "30.72", "2017-12-31": "32.80", "2017-09-30": "19.48", "2017-06-30": "31.82", "2017-03-31": "38.99", "2016-12-31": "41.92", "2016-09-30": "74.75", "2016-06-30": "27.54", "2016-03-31": "29.71", "2015-12-31": "32.57", "2015-09-30": "23.01", "2015-06-30": "31.13", "2015-03-31": "27.22", "2014-12-31": "24.09", "2014-09-30": "19.61", "2014-06-30": "35.32", "2014-03-31": "30.52", "2013-12-31": "27.47", "2013-09-30": "25.11", "2013-06-30": "19.04", "2013-03-31": "19.30", "2012-12-31": "17.94", "2012-09-30": "16.92", "2012-06-30": "16.57", "2012-03-31": "18.18", "2011-12-31": "17.59", "2011-09-30": "18.27", "2011-06-30": "27.41", "2011-03-31": "31.04", "2010-12-31": "30.19", "2010-09-30": "26.87", "2010-06-30": "71.00", "2010-03-31": "84.11", "2009-12-31": "80.13", "2009-09-30": "177.89", "2009-06-30": "19.48", "2009-03-31": "29.80", "2008-12-31": "0.00", "2008-09-30": "0.00", "2008-06-30": "0.00", "2008-03-31": "0.00", "2007-12-31": "0.00", "2007-09-30": "12.87", "2007-06-30": "18.19", "2007-03-31": "20.46", "2006-12-31": "14.81"}, "price sales": {"2021-02-11": "0.82", "2020-09-30": "0.67", "2020-06-30": "0.72", "2020-03-31": "0.66", "2019-12-31": "0.90", "2019-09-30": "0.90", "2019-06-30": "0.87", "2019-03-31": "1.30", "2018-12-31": "1.24", "2018-09-30": "1.65", "2018-06-30": "1.63", "2018-03-31": "1.85", "2017-12-31": "1.91", "2017-09-30": "1.40", "2017-06-30": "1.71", "2017-03-31": "1.76", "2016-12-31": "1.78", "2016-09-30": "1.89", "2016-06-30": "2.21", "2016-03-31": "2.43", "2015-12-31": "2.84", "2015-09-30": "2.09", "2015-06-30": "3.53", "2015-03-31": "3.07", "2014-12-31": "2.90", "2014-09-30": "2.42", "2014-06-30": "2.86", "2014-03-31": "2.75", "2013-12-31": "2.47", "2013-09-30": "2.24", "2013-06-30": "1.83", "2013-03-31": "1.75", "2012-12-31": "1.70", "2012-09-30": "1.57", "2012-06-30": "1.45", "2012-03-31": "1.64", "2011-12-31": "1.54", "2011-09-30": "1.15", "2011-06-30": "1.73", "2011-03-31": "1.51", "2010-12-31": "1.32", "2010-09-30": "1.18", "2010-06-30": "1.00", "2010-03-31": "1.35", "2009-12-31": "1.20", "2009-09-30": "1.08", "2009-06-30": "0.91", "2009-03-31": "0.95", "2008-12-31": "0.66", "2008-09-30": "0.83", "2008-06-30": "1.01", "2008-03-31": "1.14", "2007-12-31": "1.59", "2007-09-30": "1.97", "2007-06-30": "2.31", "2007-03-31": "2.86", "2006-12-31": "3.80"}, "price book": {"current": "0.80", "2021-02-11": "0.75", "2020-09-30": "0.61", "2020-06-30": "0.71", "2020-03-31": "0.68", "2019-12-31": "0.87", "2019-09-30": "0.89", "2019-06-30": "0.83", "2019-03-31": "1.23", "2018-12-31": "1.16", "2018-09-30": "1.56", "2018-06-30": "1.53", "2018-03-31": "1.61", "2017-12-31": "1.67", "2017-09-30": "1.27", "2017-06-30": "1.62", "2017-03-31": "1.79", "2016-12-31": "1.84", "2016-09-30": "1.72", "2016-06-30": "2.13", "2016-03-31": "2.22", "2015-12-31": "2.72", "2015-09-30": "2.02", "2015-06-30": "3.48", "2015-03-31": "3.19", "2014-12-31": "6.46", "2014-09-30": "5.00", "2014-06-30": "5.75", "2014-03-31": "5.71", "2013-12-31": "5.45", "2013-09-30": "4.52", "2013-06-30": "4.02", "2013-03-31": "3.82", "2012-12-31": "3.23", "2012-09-30": "2.74", "2012-06-30": "2.71", "2012-03-31": "2.66", "2011-12-31": "2.61", "2011-09-30": "2.07", "2011-06-30": "2.71", "2011-03-31": "2.54", "2010-12-31": "2.55", "2010-09-30": "1.64", "2010-06-30": "1.77", "2010-03-31": "2.20", "2009-12-31": "1.80", "2009-09-30": "1.59", "2009-06-30": "1.37", "2009-03-31": "1.54", "2008-12-31": "1.08", "2008-09-30": "1.17", "2008-06-30": "1.17", "2008-03-31": "1.12", "2007-12-31": "1.26", "2007-09-30": "2.10", "2007-06-30": "2.62", "2007-03-31": "3.17", "2006-12-31": "3.84", "2006-09-30": "4.42", "2006-06-30": "4.79", "2006-03-31": "0.00"}, "price fcf": {"2021-02-11": "", "2020-09-30": "$3.21", "2020-06-30": "$3.18", "2020-03-31": "$3.74", "2019-12-31": "$3.08", "2019-09-30": "$2.95", "2019-06-30": "$3.19", "2019-03-31": "$2.72", "2018-12-31": "$4.05", "2018-09-30": "$3.68", "2018-06-30": "$3.47", "2018-03-31": "$3.68", "2017-12-31": "$3.33", "2017-09-30": "$3.09", "2017-06-30": "$4.20", "2017-03-31": "$3.92", "2016-12-31": "$3.18", "2016-09-30": "$3.86", "2016-06-30": "$3.55", "2016-03-31": "$2.87", "2015-12-31": "$3.31", "2015-09-30": "$2.27", "2015-06-30": "$1.48", "2015-03-31": "$1.73", "2014-12-31": "$1.73", "2014-09-30": "$2.59", "2014-06-30": "$2.39", "2014-03-31": "$2.43", "2013-12-31": "$2.02", "2013-09-30": "$1.46", "2013-06-30": "$1.73", "2013-03-31": "$1.99", "2012-12-31": "$1.57", "2012-09-30": "$1.65", "2012-06-30": "$1.16", "2012-03-31": "$0.87", "2011-12-31": "$1.00", "2011-09-30": "$1.39", "2011-06-30": "$1.36", "2011-03-31": "$1.36", "2010-12-31": "$2.26", "2010-09-30": "$1.42", "2010-06-30": "$1.52", "2010-03-31": "$1.97", "2009-12-31": "$1.47", "2009-09-30": "$1.92", "2009-06-30": "$1.35", "2009-03-31": "$-0.01", "2008-12-31": "$0.72", "2008-09-30": "$0.18", "2008-06-30": "$0.06", "2008-03-31": "$0.90", "2007-12-31": "$0.22", "2007-09-30": "$0.65", "2007-06-30": "$0.94", "2007-03-31": "$1.04", "2006-12-31": "$0.78"}, "net worth": {"value": "$10B"}, "current ratio": {"current": "1.01", "2020-09-30": "1.01", "2020-06-30": "0.93", "2020-03-31": "1.26", "2019-12-31": "1.21", "2019-09-30": "1.43", "2019-06-30": "1.37", "2019-03-31": "1.51", "2018-12-31": "1.39", "2018-09-30": "1.26", "2018-06-30": "1.30", "2018-03-31": "1.06", "2017-12-31": "1.13", "2017-09-30": "1.46", "2017-06-30": "1.35", "2017-03-31": "1.56", "2016-12-31": "1.49", "2016-09-30": "0.83", "2016-06-30": "3.23", "2016-03-31": "1.67", "2015-12-31": "1.57", "2015-09-30": "1.76", "2015-06-30": "1.47", "2015-03-31": "1.40", "2014-12-31": "1.21", "2014-09-30": "1.30", "2014-06-30": "1.72", "2014-03-31": "1.64", "2013-12-31": "1.51", "2013-09-30": "1.70", "2013-06-30": "1.81", "2013-03-31": "1.73", "2012-12-31": "1.78", "2012-09-30": "1.73", "2012-06-30": "1.73", "2012-03-31": "1.77", "2011-12-31": "1.39", "2011-09-30": "1.52", "2011-06-30": "1.49", "2011-03-31": "1.57", "2010-12-31": "1.97", "2010-09-30": "2.01", "2010-06-30": "2.23", "2010-03-31": "2.05", "2009-12-31": "1.91", "2009-09-30": "2.06", "2009-06-30": "2.13", "2009-03-31": "2.17", "2008-12-31": "2.06", "2008-09-30": "1.88", "2008-06-30": "1.65", "2008-03-31": "1.57", "2007-12-31": "1.53", "2007-09-30": "3.42", "2007-06-30": "3.16", "2007-03-31": "3.44", "2006-12-31": "4.46", "2006-09-30": "5.13", "2006-06-30": "4.41", "2006-03-31": "4.49", "2005-12-31": "4.45", "2005-09-30": "4.70", "2005-06-30": "5.93", "2005-03-31": "6.23"}, "quick ratio": {"2020-09-30": "0.59", "2020-06-30": "0.53", "2020-03-31": "0.76", "2019-12-31": "0.73", "2019-09-30": "0.84", "2019-06-30": "0.77", "2019-03-31": "0.86", "2018-12-31": "0.83", "2018-09-30": "0.77", "2018-06-30": "0.77", "2018-03-31": "0.65", "2017-12-31": "0.73", "2017-09-30": "0.95", "2017-06-30": "0.84", "2017-03-31": "1.00", "2016-12-31": "1.01", "2016-09-30": "0.55", "2016-06-30": "2.65", "2016-03-31": "1.13", "2015-12-31": "1.10", "2015-09-30": "1.23", "2015-06-30": "1.11", "2015-03-31": "1.04", "2014-12-31": "0.90", "2014-09-30": "0.92", "2014-06-30": "1.03", "2014-03-31": "0.98", "2013-12-31": "0.95", "2013-09-30": "1.05", "2013-06-30": "1.11", "2013-03-31": "1.02", "2012-12-31": "1.08", "2012-09-30": "1.04", "2012-06-30": "1.05", "2012-03-31": "1.07", "2011-12-31": "0.85", "2011-09-30": "0.94", "2011-06-30": "0.93", "2011-03-31": "1.02", "2010-12-31": "1.28", "2010-09-30": "1.30", "2010-06-30": "1.55", "2010-03-31": "1.34", "2009-12-31": "1.26", "2009-09-30": "1.35", "2009-06-30": "1.37", "2009-03-31": "1.41", "2008-12-31": "1.37", "2008-09-30": "1.26", "2008-06-30": "1.10", "2008-03-31": "1.06", "2007-12-31": "1.00", "2007-09-30": "2.85", "2007-06-30": "2.64", "2007-03-31": "2.83", "2006-12-31": "3.36", "2006-09-30": "3.96", "2006-06-30": "3.43", "2006-03-31": "3.44", "2005-12-31": "3.49", "2005-09-30": "3.76", "2005-06-30": "4.94", "2005-03-31": "5.06"}, "debt equity ratio": {"current": "0.80", "2020-09-30": "1.49", "2020-06-30": "1.57", "2020-03-31": "1.68", "2019-12-31": "1.63", "2019-09-30": "1.71", "2019-06-30": "1.67", "2019-03-31": "1.68", "2018-12-31": "1.69", "2018-09-30": "1.77", "2018-06-30": "1.73", "2018-03-31": "1.67", "2017-12-31": "1.69", "2017-09-30": "1.70", "2017-06-30": "1.77", "2017-03-31": "1.94", "2016-12-31": "2.12", "2016-09-30": "2.09", "2016-06-30": "1.79", "2016-03-31": "1.20", "2015-12-31": "1.28", "2015-09-30": "1.17", "2015-06-30": "1.38", "2015-03-31": "1.43", "2014-12-31": "3.83", "2014-09-30": "3.46", "2014-06-30": "3.65", "2014-03-31": "3.81", "2013-12-31": "4.17", "2013-09-30": "2.99", "2013-06-30": "3.15", "2013-03-31": "3.12", "2012-12-31": "2.56", "2012-09-30": "2.23", "2012-06-30": "2.63", "2012-03-31": "2.16", "2011-12-31": "2.31", "2011-09-30": "2.18", "2011-06-30": "2.09", "2011-03-31": "2.03", "2010-12-31": "2.19", "2010-09-30": "2.22", "2010-06-30": "2.56", "2010-03-31": "2.41", "2009-12-31": "2.43", "2009-09-30": "2.50", "2009-06-30": "2.52", "2009-03-31": "2.74", "2008-12-31": "2.74", "2008-09-30": "2.70", "2008-06-30": "2.68", "2008-03-31": "2.68", "2007-12-31": "2.34", "2007-09-30": "1.37", "2007-06-30": "1.60", "2007-03-31": "1.58", "2006-12-31": "1.00", "2006-09-30": "1.13", "2006-06-30": "1.28", "2006-03-31": "1.38", "2005-12-31": "1.42", "2005-09-30": "1.30", "2005-06-30": "0.16", "2005-03-31": "0.16"}, "return on equity": {"2020-09-30": "2.25%", "2020-06-30": "2.34%", "2020-03-31": "0.54%", "2019-12-31": "0.14%", "2019-09-30": "0.40%", "2019-06-30": "0.28%", "2019-03-31": "1.99%", "2018-12-31": "2.85%", "2018-09-30": "4.30%", "2018-06-30": "3.52%", "2018-03-31": "5.44%", "2017-12-31": "5.44%", "2017-09-30": "7.11%", "2017-06-30": "5.57%", "2017-03-31": "4.74%", "2016-12-31": "4.41%", "2016-09-30": "2.44%", "2016-06-30": "8.02%", "2016-03-31": "8.18%", "2015-12-31": "8.88%", "2015-09-30": "10.62%", "2015-06-30": "14.41%", "2015-03-31": "18.19%", "2014-12-31": "28.09%", "2014-09-30": "28.50%", "2014-06-30": "18.21%", "2014-03-31": "20.54%", "2013-12-31": "20.76%", "2013-09-30": "19.52%", "2013-06-30": "20.54%", "2013-03-31": "18.95%", "2012-12-31": "18.37%", "2012-09-30": "17.24%", "2012-06-30": "15.85%", "2012-03-31": "15.31%", "2011-12-31": "14.49%", "2011-09-30": "11.00%", "2011-06-30": "9.65%", "2011-03-31": "7.57%", "2010-12-31": "6.70%", "2010-09-30": "6.98%", "2010-06-30": "2.46%", "2010-03-31": "2.70%", "2009-12-31": "3.16%", "2009-09-30": "1.19%", "2009-06-30": "9.04%", "2009-03-31": "6.31%", "2008-12-31": "-11.15%", "2008-09-30": "-50.65%", "2008-06-30": "-56.53%", "2008-03-31": "-60.56%", "2007-12-31": "-53.74%", "2007-09-30": "18.48%", "2007-06-30": "16.34%", "2007-03-31": "19.04%", "2006-09-30": "23.94%", "2006-06-30": "19.70%"}, "return on assets": {"2020-09-30": "0.87%", "2020-06-30": "0.88%", "2020-03-31": "0.20%", "2019-12-31": "0.05%", "2019-09-30": "0.15%", "2019-06-30": "0.10%", "2019-03-31": "0.73%", "2018-12-31": "1.05%", "2018-09-30": "1.59%", "2018-06-30": "1.30%", "2018-03-31": "2.01%", "2017-12-31": "1.97%", "2017-09-30": "2.48%", "2017-06-30": "1.87%", "2017-03-31": "1.58%", "2016-12-31": "1.56%", "2016-09-30": "0.93%", "2016-06-30": "3.39%", "2016-03-31": "3.62%", "2015-12-31": "3.84%", "2015-09-30": "4.11%", "2015-06-30": "4.81%", "2015-03-31": "5.06%", "2014-12-31": "6.00%", "2014-09-30": "5.99%", "2014-06-30": "3.92%", "2014-03-31": "4.54%", "2013-12-31": "4.77%", "2013-09-30": "4.95%", "2013-06-30": "5.51%", "2013-03-31": "5.25%", "2012-12-31": "5.44%", "2012-09-30": "5.19%", "2012-06-30": "4.79%", "2012-03-31": "4.81%", "2011-12-31": "4.60%", "2011-09-30": "3.52%", "2011-06-30": "3.08%", "2011-03-31": "2.34%", "2010-12-31": "2.01%", "2010-09-30": "2.05%", "2010-06-30": "0.71%", "2010-03-31": "0.78%", "2009-12-31": "0.89%", "2009-09-30": "0.33%", "2009-06-30": "2.46%", "2009-03-31": "1.70%", "2008-12-31": "-3.02%", "2008-09-30": "-14.11%", "2008-06-30": "-16.81%", "2008-03-31": "-19.31%", "2007-12-31": "-18.96%", "2007-09-30": "7.63%", "2007-06-30": "6.84%", "2007-03-31": "8.32%", "2006-09-30": "10.46%", "2006-06-30": "8.42%"}, "return on investments": {"2020-09-30": "4.11%", "2020-06-30": "3.90%", "2020-03-31": "3.58%", "2019-12-31": "2.85%", "2019-09-30": "2.66%", "2019-06-30": "2.67%", "2019-03-31": "2.96%", "2018-12-31": "3.45%", "2018-09-30": "4.07%", "2018-06-30": "3.97%", "2018-03-31": "4.98%", "2017-12-31": "5.20%", "2017-09-30": "4.80%", "2017-06-30": "3.26%", "2017-03-31": "3.18%", "2016-12-31": "2.99%", "2016-09-30": "3.96%", "2016-06-30": "8.32%", "2016-03-31": "8.30%", "2015-12-31": "8.84%", "2015-09-30": "9.47%", "2015-06-30": "9.85%", "2015-03-31": "10.28%", "2014-12-31": "11.89%", "2014-09-30": "10.49%", "2014-06-30": "9.24%", "2014-03-31": "10.63%", "2013-12-31": "11.14%", "2013-09-30": "11.72%", "2013-06-30": "12.04%", "2013-03-31": "11.80%", "2012-12-31": "12.29%", "2012-09-30": "12.37%", "2012-06-30": "11.76%", "2012-03-31": "11.87%", "2011-12-31": "11.44%", "2011-09-30": "9.56%", "2011-06-30": "8.97%", "2011-03-31": "8.17%", "2010-12-31": "8.10%", "2010-09-30": "7.85%", "2010-06-30": "5.98%", "2010-03-31": "5.78%", "2009-12-31": "6.24%", "2009-09-30": "6.00%", "2009-06-30": "12.08%", "2009-03-31": "10.93%", "2008-12-31": "3.62%", "2008-09-30": "-12.10%", "2008-06-30": "-20.92%", "2008-03-31": "-23.14%", "2007-12-31": "-21.28%", "2007-09-30": "22.35%", "2007-06-30": "28.03%", "2007-03-31": "30.79%", "2006-09-30": "35.79%", "2006-06-30": "31.11%"}, "return on tangible equity": {"2020-09-30": "-3.01%", "2020-06-30": "-2.93%", "2020-03-31": "-0.65%", "2019-12-31": "-0.17%", "2019-09-30": "-0.45%", "2019-06-30": "-0.31%", "2019-03-31": "-2.11%", "2018-12-31": "-2.99%", "2018-09-30": "-4.54%", "2018-06-30": "-3.80%", "2018-03-31": "-5.91%", "2017-12-31": "-5.75%", "2017-09-30": "-7.12%", "2017-06-30": "-5.26%", "2017-03-31": "-5.15%", "2016-12-31": "-6.04%", "2016-09-30": "-4.66%", "2016-06-30": "-29.80%", "2016-03-31": "-32.00%", "2015-12-31": "-32.98%", "2015-09-30": "-31.87%", "2015-06-30": "-31.20%", "2015-03-31": "-27.42%", "2014-12-31": "-27.47%", "2014-09-30": "-25.72%", "2014-06-30": "-17.71%", "2014-03-31": "-21.04%", "2013-12-31": "-22.54%", "2013-09-30": "-25.36%", "2013-06-30": "-27.03%", "2013-03-31": "-24.48%", "2012-12-31": "-26.03%", "2012-09-30": "-24.05%", "2012-06-30": "-21.93%", "2012-03-31": "-23.22%", "2011-12-31": "-22.54%", "2011-09-30": "-17.54%", "2011-06-30": "-14.97%", "2011-03-31": "-11.07%", "2010-12-31": "-9.14%", "2010-09-30": "-9.11%", "2010-06-30": "-3.05%", "2010-03-31": "-3.20%", "2009-12-31": "-3.50%", "2009-09-30": "-1.25%", "2009-06-30": "-9.17%", "2009-03-31": "-6.13%", "2008-12-31": "10.59%", "2008-09-30": "48.28%", "2008-06-30": "69.83%", "2008-03-31": "118.39%", "2007-12-31": "447.69%", "2007-09-30": "35.67%", "2007-06-30": "28.48%", "2007-03-31": "28.92%", "2006-09-30": "31.65%", "2006-06-30": "26.57%"}, "dividend yield history": {"last payout": "$0.00", "last yield": "0.00%"}}