{"ticker": "VZ", "price": {"title": "Verizon Historical Annual Stock Price Data", "value": 54.6, "historical": {"2021": {"Average Stock Price": "56.5064", "Year Open": "58.8500", "Year High": "59.2900", "Year Low": "54.2800", "Year Close": "54.6000", "Annual % Change": "-7.06%"}, "2020": {"Average Stock Price": "57.7387", "Year Open": "61.0500", "Year High": "61.7400", "Year Low": "49.9400", "Year Close": "58.7500", "Annual % Change": "-4.32%"}, "2019": {"Average Stock Price": "58.0584", "Year Open": "56.0200", "Year High": "62.0700", "Year Low": "53.2800", "Year Close": "61.4000", "Annual % Change": "9.21%"}, "2018": {"Average Stock Price": "52.0838", "Year Open": "53.5300", "Year High": "60.6500", "Year Low": "46.2900", "Year Close": "56.2200", "Annual % Change": "6.22%"}, "2017": {"Average Stock Price": "48.2368", "Year Open": "54.5800", "Year High": "54.6400", "Year Low": "42.8900", "Year Close": "52.9300", "Annual % Change": "-0.84%"}, "2016": {"Average Stock Price": "51.4048", "Year Open": "45.8700", "Year High": "56.5300", "Year Low": "44.1500", "Year Close": "53.3800", "Annual % Change": "15.49%"}, "2015": {"Average Stock Price": "47.1702", "Year Open": "46.9600", "Year High": "50.5500", "Year Low": "42.8400", "Year Close": "46.2200", "Annual % Change": "-1.20%"}, "2014": {"Average Stock Price": "48.6083", "Year Open": "49.0000", "Year High": "51.9700", "Year Low": "45.4200", "Year Close": "46.7800", "Annual % Change": "-4.80%"}, "2013": {"Average Stock Price": "48.6617", "Year Open": "44.2700", "Year High": "53.9100", "Year Low": "41.5100", "Year Close": "49.1400", "Annual % Change": "13.57%"}, "2012": {"Average Stock Price": "42.0006", "Year Open": "39.7300", "Year High": "47.2600", "Year Low": "36.8000", "Year Close": "43.2700", "Annual % Change": "7.85%"}, "2011": {"Average Stock Price": "36.6368", "Year Open": "36.4300", "Year High": "40.1200", "Year Low": "33.1200", "Year Close": "40.1200", "Annual % Change": "12.13%"}, "2010": {"Average Stock Price": "30.4070", "Year Open": "33.2800", "Year High": "35.7800", "Year Low": "26.4900", "Year Close": "35.7800", "Annual % Change": "8.00%"}, "2009": {"Average Stock Price": "30.4584", "Year Open": "34.6400", "Year High": "34.6400", "Year Low": "26.1800", "Year Close": "33.1300", "Annual % Change": "-2.27%"}, "2008": {"Average Stock Price": "34.8961", "Year Open": "43.2100", "Year High": "43.4500", "Year Low": "25.0800", "Year Close": "33.9000", "Annual % Change": "-22.41%"}, "2007": {"Average Stock Price": "41.2237", "Year Open": "37.8200", "Year High": "46.0700", "Year Low": "35.6800", "Year Close": "43.6900", "Annual % Change": "17.32%"}, "2006": {"Average Stock Price": "34.0455", "Year Open": "30.3800", "Year High": "38.8400", "Year Low": "30.3800", "Year Close": "37.2400", "Annual % Change": "23.64%"}, "2005": {"Average Stock Price": "33.8472", "Year Open": "40.4900", "Year High": "40.4900", "Year Low": "29.2000", "Year Close": "30.1200", "Annual % Change": "-25.65%"}, "2004": {"Average Stock Price": "38.2751", "Year Open": "35.2500", "Year High": "42.2200", "Year Low": "34.1300", "Year Close": "40.5100", "Annual % Change": "15.48%"}, "2003": {"Average Stock Price": "35.7338", "Year Open": "40.1700", "Year High": "44.0700", "Year Low": "31.5000", "Year Close": "35.0800", "Annual % Change": "-9.47%"}, "2002": {"Average Stock Price": "39.5010", "Year Open": "48.4900", "Year High": "50.6100", "Year Low": "27.4300", "Year Close": "38.7500", "Annual % Change": "-18.35%"}, "2001": {"Average Stock Price": "51.9832", "Year Open": "50.2500", "Year High": "57.1600", "Year Low": "46.0000", "Year Close": "47.4600", "Annual % Change": "-5.33%"}, "2000": {"Average Stock Price": "53.0462", "Year Open": "59.9400", "Year High": "65.1900", "Year Low": "40.3800", "Year Close": "50.1300", "Annual % Change": "-18.57%"}, "1999": {"Average Stock Price": "60.3534", "Year Open": "51.9400", "Year High": "69.5000", "Year Low": "51.0000", "Year Close": "61.5600", "Annual % Change": "14.00%"}, "1998": {"Average Stock Price": "48.2122", "Year Open": "45.4700", "Year High": "59.7500", "Year Low": "41.1300", "Year Close": "54.0000", "Annual % Change": "18.68%"}, "1997": {"Average Stock Price": "36.8308", "Year Open": "33.5000", "Year High": "45.5000", "Year Low": "28.8150", "Year Close": "45.5000", "Annual % Change": "40.54%"}, "1996": {"Average Stock Price": "31.3114", "Year Open": "33.8750", "Year High": "37.1850", "Year Low": "27.5650", "Year Close": "32.3750", "Annual % Change": "-3.17%"}, "1995": {"Average Stock Price": "28.7668", "Year Open": "25.1900", "Year High": "34.3100", "Year Low": "24.4400", "Year Close": "33.4350", "Annual % Change": "34.41%"}, "1994": {"Average Stock Price": "26.6990", "Year Open": "29.3150", "Year High": "29.3150", "Year Low": "24.5000", "Year Close": "24.8750", "Annual % Change": "-16.03%"}, "1993": {"Average Stock Price": "28.7405", "Year Open": "25.8150", "Year High": "33.8100", "Year Low": "24.8750", "Year Close": "29.6250", "Annual % Change": "15.61%"}, "1992": {"Average Stock Price": "22.9748", "Year Open": "24.2500", "Year High": "26.8750", "Year Low": "20.2500", "Year Close": "25.6250", "Annual % Change": "6.22%"}, "1991": {"Average Stock Price": "23.8149", "Year Open": "26.3150", "Year High": "27.0000", "Year Low": "21.6250", "Year Close": "24.1250", "Annual % Change": "-10.03%"}, "1990": {"Average Stock Price": "24.4155", "Year Open": "28.5000", "Year High": "28.5000", "Year Low": "20.0650", "Year Close": "26.8150", "Annual % Change": "-3.59%"}, "1989": {"Average Stock Price": "22.2848", "Year Open": "17.4675", "Year High": "28.0000", "Year Low": "17.4675", "Year Close": "27.8125", "Annual % Change": "56.43%"}, "1988": {"Average Stock Price": "17.5326", "Year Open": "16.9375", "Year High": "18.5925", "Year Low": "15.8125", "Year Close": "17.7800", "Annual % Change": "9.42%"}, "1987": {"Average Stock Price": "17.5023", "Year Open": "17.4375", "Year High": "19.7800", "Year Low": "15.1250", "Year Close": "16.2500", "Annual % Change": "-3.70%"}, "1986": {"Average Stock Price": "16.2443", "Year Open": "13.2188", "Year High": "19.0000", "Year Low": "12.5313", "Year Close": "16.8750", "Annual % Change": "26.76%"}, "1985": {"Average Stock Price": "11.1367", "Year Open": "9.9688", "Year High": "13.3125", "Year Low": "9.7500", "Year Close": "13.3125", "Annual % Change": "32.51%"}, "1984": {"Average Stock Price": "9.1344", "Year Open": "8.3900", "Year High": "10.3750", "Year Low": "8.2813", "Year Close": "10.0463", "Annual % Change": "23.17%"}}}, "market cap": {"value": "$227.6B"}, "income statement": {"Revenue": {"2020-12-31": "128292.00000", "2019-12-31": "131868.00000", "2018-12-31": "130863.00000", "2017-12-31": "126034.00000", "2016-12-31": "125980.00000", "2015-12-31": "131620.00000", "2014-12-31": "127079.00000", "2013-12-31": "120550.00000", "2012-12-31": "115846.00000", "2011-12-31": "110875.00000", "2010-12-31": "106565.00000", "2009-12-31": "107808.00000", "2008-12-31": "97354.00000", "2007-12-31": "93469.00000", "2006-12-31": "88182.00000", "2005-12-31": "69518.00000"}, "Cost Of Goods Sold": {"2020-12-31": "51201.00000", "2019-12-31": "54726.00000", "2018-12-31": "55508.00000", "2017-12-31": "53063.00000", "2016-12-31": "52701.00000", "2015-12-31": "52557.00000", "2014-12-31": "49931.00000", "2013-12-31": "44887.00000", "2012-12-31": "46275.00000", "2011-12-31": "45875.00000", "2010-12-31": "44149.00000", "2009-12-31": "44579.00000", "2008-12-31": "38615.00000", "2007-12-31": "37547.00000", "2006-12-31": "35309.00000", "2005-12-31": "24409.00000"}, "Gross Profit": {"2020-12-31": "77091.00000", "2019-12-31": "77142.00000", "2018-12-31": "75355.00000", "2017-12-31": "72971.00000", "2016-12-31": "73279.00000", "2015-12-31": "79063.00000", "2014-12-31": "77148.00000", "2013-12-31": "75663.00000", "2012-12-31": "69571.00000", "2011-12-31": "65000.00000", "2010-12-31": "62416.00000", "2009-12-31": "63229.00000", "2008-12-31": "58739.00000", "2007-12-31": "55922.00000", "2006-12-31": "52873.00000", "2005-12-31": "45109.00000"}, "Research And Development Expenses": {"2020-12-31": "", "2019-12-31": "", "2018-12-31": "", "2017-12-31": "", "2016-12-31": "", "2015-12-31": "", "2014-12-31": "", "2013-12-31": "", "2012-12-31": "", "2011-12-31": "", "2010-12-31": "", "2009-12-31": "", "2008-12-31": "", "2007-12-31": "", "2006-12-31": "", "2005-12-31": ""}, "SG&A Expenses": {"2020-12-31": "31573.00000", "2019-12-31": "29896.00000", "2018-12-31": "31083.00000", "2017-12-31": "28592.00000", "2016-12-31": "28102.00000", "2015-12-31": "29986.00000", "2014-12-31": "41016.00000", "2013-12-31": "27089.00000", "2012-12-31": "39951.00000", "2011-12-31": "35624.00000", "2010-12-31": "31366.00000", "2009-12-31": "30717.00000", "2008-12-31": "41517.00000", "2007-12-31": "25967.00000", "2006-12-31": "24955.00000", "2005-12-31": "19443.00000"}, "Other Operating Income Or Expenses": {"2020-12-31": "", "2019-12-31": "", "2018-12-31": "", "2017-12-31": "", "2016-12-31": "", "2015-12-31": "", "2014-12-31": "", "2013-12-31": "", "2012-12-31": "", "2011-12-31": "", "2010-12-31": "", "2009-12-31": "", "2008-12-31": "", "2007-12-31": "", "2006-12-31": "", "2005-12-31": "530.00000"}, "Operating Expenses": {"2020-12-31": "99494.00000", "2019-12-31": "101490.00000", "2018-12-31": "108585.00000", "2017-12-31": "98609.00000", "2016-12-31": "96731.00000", "2015-12-31": "98560.00000", "2014-12-31": "107480.00000", "2013-12-31": "88582.00000", "2012-12-31": "102686.00000", "2011-12-31": "97995.00000", "2010-12-31": "91920.00000", "2009-12-31": "91830.00000", "2008-12-31": "94742.00000", "2007-12-31": "77891.00000", "2006-12-31": "74809.00000", "2005-12-31": "56937.00000"}, "Operating Income": {"2020-12-31": "28798.00000", "2019-12-31": "30378.00000", "2018-12-31": "22278.00000", "2017-12-31": "27425.00000", "2016-12-31": "29249.00000", "2015-12-31": "33060.00000", "2014-12-31": "19599.00000", "2013-12-31": "31968.00000", "2012-12-31": "13160.00000", "2011-12-31": "12880.00000", "2010-12-31": "14645.00000", "2009-12-31": "15978.00000", "2008-12-31": "2612.00000", "2007-12-31": "15578.00000", "2006-12-31": "13373.00000", "2005-12-31": "12581.00000"}, "Total Non-Operating Income/Expense": {"2020-12-31": "-4831.00000", "2019-12-31": "-7645.00000", "2018-12-31": "-2655.00000", "2017-12-31": "-6831.00000", "2016-12-31": "-8263.00000", "2015-12-31": "-4820.00000", "2014-12-31": "-4329.00000", "2013-12-31": "-2691.00000", "2012-12-31": "-3263.00000", "2011-12-31": "-2397.00000", "2010-12-31": "-1961.00000", "2009-12-31": "-2458.00000", "2008-12-31": "-969.00000", "2007-12-31": "-1033.00000", "2006-12-31": "-5219.00000", "2005-12-31": "-4133.00000"}, "Pre-Tax Income": {"2020-12-31": "23967.00000", "2019-12-31": "22733.00000", "2018-12-31": "19623.00000", "2017-12-31": "20594.00000", "2016-12-31": "20986.00000", "2015-12-31": "28240.00000", "2014-12-31": "15270.00000", "2013-12-31": "29277.00000", "2012-12-31": "9897.00000", "2011-12-31": "10483.00000", "2010-12-31": "12684.00000", "2009-12-31": "13520.00000", "2008-12-31": "1643.00000", "2007-12-31": "14545.00000", "2006-12-31": "8154.00000", "2005-12-31": "8448.00000"}, "Income Taxes": {"2020-12-31": "5619.00000", "2019-12-31": "2945.00000", "2018-12-31": "3584.00000", "2017-12-31": "-9956.00000", "2016-12-31": "7378.00000", "2015-12-31": "9865.00000", "2014-12-31": "3314.00000", "2013-12-31": "5730.00000", "2012-12-31": "-660.00000", "2011-12-31": "285.00000", "2010-12-31": "2467.00000", "2009-12-31": "1919.00000", "2008-12-31": "-2319.00000", "2007-12-31": "3982.00000", "2006-12-31": "2674.00000", "2005-12-31": "2421.00000"}, "Income After Taxes": {"2020-12-31": "18348.00000", "2019-12-31": "19788.00000", "2018-12-31": "16039.00000", "2017-12-31": "30550.00000", "2016-12-31": "13608.00000", "2015-12-31": "18375.00000", "2014-12-31": "11956.00000", "2013-12-31": "23547.00000", "2012-12-31": "10557.00000", "2011-12-31": "10198.00000", "2010-12-31": "10217.00000", "2009-12-31": "11601.00000", "2008-12-31": "3962.00000", "2007-12-31": "10563.00000", "2006-12-31": "5480.00000", "2005-12-31": "6027.00000"}, "Other Income": {"2020-12-31": "", "2019-12-31": "", "2018-12-31": "", "2017-12-31": "", "2016-12-31": "", "2015-12-31": "", "2014-12-31": "", "2013-12-31": "", "2012-12-31": "", "2011-12-31": "", "2010-12-31": "", "2009-12-31": "", "2008-12-31": "", "2007-12-31": "", "2006-12-31": "", "2005-12-31": ""}, "Income From Continuous Operations": {"2020-12-31": "18348.00000", "2019-12-31": "19788.00000", "2018-12-31": "16039.00000", "2017-12-31": "30550.00000", "2016-12-31": "13608.00000", "2015-12-31": "18375.00000", "2014-12-31": "11956.00000", "2013-12-31": "23547.00000", "2012-12-31": "10557.00000", "2011-12-31": "10198.00000", "2010-12-31": "10217.00000", "2009-12-31": "11601.00000", "2008-12-31": "3962.00000", "2007-12-31": "10563.00000", "2006-12-31": "5480.00000", "2005-12-31": "6027.00000"}, "Income From Discontinued Operations": {"2020-12-31": "", "2019-12-31": "", "2018-12-31": "", "2017-12-31": "", "2016-12-31": "", "2015-12-31": "", "2014-12-31": "", "2013-12-31": "", "2012-12-31": "", "2011-12-31": "", "2010-12-31": "", "2009-12-31": "", "2008-12-31": "", "2007-12-31": "142.00000", "2006-12-31": "759.00000", "2005-12-31": "1370.00000"}, "Net Income": {"2020-12-31": "17801.00000", "2019-12-31": "19265.00000", "2018-12-31": "15528.00000", "2017-12-31": "30101.00000", "2016-12-31": "13127.00000", "2015-12-31": "17879.00000", "2014-12-31": "9625.00000", "2013-12-31": "11497.00000", "2012-12-31": "875.00000", "2011-12-31": "2404.00000", "2010-12-31": "2549.00000", "2009-12-31": "4894.00000", "2008-12-31": "-2193.00000", "2007-12-31": "5521.00000", "2006-12-31": "6197.00000", "2005-12-31": "7397.00000"}, "EBITDA": {"2020-12-31": "45518.00000", "2019-12-31": "47060.00000", "2018-12-31": "39681.00000", "2017-12-31": "44379.00000", "2016-12-31": "45177.00000", "2015-12-31": "49077.00000", "2014-12-31": "36132.00000", "2013-12-31": "48574.00000", "2012-12-31": "29620.00000", "2011-12-31": "29376.00000", "2010-12-31": "31050.00000", "2009-12-31": "32512.00000", "2008-12-31": "17222.00000", "2007-12-31": "29955.00000", "2006-12-31": "27918.00000", "2005-12-31": "26196.00000"}, "EBIT": {"2020-12-31": "28798.00000", "2019-12-31": "30378.00000", "2018-12-31": "22278.00000", "2017-12-31": "27425.00000", "2016-12-31": "29249.00000", "2015-12-31": "33060.00000", "2014-12-31": "19599.00000", "2013-12-31": "31968.00000", "2012-12-31": "13160.00000", "2011-12-31": "12880.00000", "2010-12-31": "14645.00000", "2009-12-31": "15978.00000", "2008-12-31": "2612.00000", "2007-12-31": "15578.00000", "2006-12-31": "13373.00000", "2005-12-31": "12581.00000"}, "Basic Shares Outstanding": {"2020-12-31": "4140.00000", "2019-12-31": "4138.00000", "2018-12-31": "4128.00000", "2017-12-31": "4084.00000", "2016-12-31": "4080.00000", "2015-12-31": "4085.00000", "2014-12-31": "3974.00000", "2013-12-31": "2866.00000", "2012-12-31": "2853.00000", "2011-12-31": "2833.00000", "2010-12-31": "2830.00000", "2009-12-31": "2841.00000", "2008-12-31": "2849.00000", "2007-12-31": "2898.00000", "2006-12-31": "2912.00000", "2005-12-31": "2766.00000"}, "Shares Outstanding": {"2020-12-31": "4142.00000", "2019-12-31": "4140.00000", "2018-12-31": "4132.00000", "2017-12-31": "4089.00000", "2016-12-31": "4086.00000", "2015-12-31": "4093.00000", "2014-12-31": "3981.00000", "2013-12-31": "2874.00000", "2012-12-31": "2862.00000", "2011-12-31": "2839.00000", "2010-12-31": "2833.00000", "2009-12-31": "2841.00000", "2008-12-31": "2849.00000", "2007-12-31": "2902.00000", "2006-12-31": "2938.00000", "2005-12-31": "2817.00000"}, "Basic EPS": {"2020-12-31": "4.30000", "2019-12-31": "4.66000", "2018-12-31": "3.76000", "2017-12-31": "7.37000", "2016-12-31": "3.22000", "2015-12-31": "4.38000", "2014-12-31": "2.42000", "2013-12-31": "4.01000", "2012-12-31": "0.31000", "2011-12-31": "0.85000", "2010-12-31": "0.90000", "2009-12-31": "1.72000", "2008-12-31": "-0.77000", "2007-12-31": "1.91000", "2006-12-31": "2.13000", "2005-12-31": "2.67000"}, "EPS - Earnings Per Share": {"2020-12-31": "4.30000", "2019-12-31": "4.65000", "2018-12-31": "3.76000", "2017-12-31": "7.36000", "2016-12-31": "3.21000", "2015-12-31": "4.37000", "2014-12-31": "2.42000", "2013-12-31": "4.00000", "2012-12-31": "0.31000", "2011-12-31": "0.85000", "2010-12-31": "0.90000", "2009-12-31": "1.72000", "2008-12-31": "-0.77000", "2007-12-31": "1.90000", "2006-12-31": "2.12000", "2005-12-31": "2.65000"}}, "income statement, quarterly": {"Revenue": {"2020-12-31": "34692.00000", "2020-09-30": "31543.00000", "2020-06-30": "30447.00000", "2020-03-31": "31610.00000", "2019-12-31": "34775.00000", "2019-09-30": "32894.00000", "2019-06-30": "32071.00000", "2019-03-31": "32128.00000", "2018-12-31": "34281.00000", "2018-09-30": "32607.00000", "2018-06-30": "32203.00000", "2018-03-31": "31772.00000", "2017-12-31": "33955.00000", "2017-09-30": "31717.00000", "2017-06-30": "30548.00000", "2017-03-31": "29814.00000", "2016-12-31": "32340.00000", "2016-09-30": "30937.00000", "2016-06-30": "30532.00000", "2016-03-31": "32171.00000", "2015-12-31": "34254.00000", "2015-09-30": "33158.00000", "2015-06-30": "32224.00000", "2015-03-31": "31984.00000", "2014-12-31": "33192.00000", "2014-09-30": "31586.00000", "2014-06-30": "31483.00000", "2014-03-31": "30818.00000", "2013-12-31": "31065.00000", "2013-09-30": "30279.00000", "2013-06-30": "29786.00000", "2013-03-31": "29420.00000", "2012-12-31": "30045.00000", "2012-09-30": "29007.00000", "2012-06-30": "28552.00000", "2012-03-31": "28242.00000", "2011-12-31": "28436.00000", "2011-09-30": "27913.00000", "2011-06-30": "27536.00000", "2011-03-31": "26990.00000", "2010-12-31": "26395.00000", "2010-09-30": "26484.00000", "2010-06-30": "26773.00000", "2010-03-31": "26913.00000", "2009-12-31": "27091.00000", "2009-09-30": "27265.00000", "2009-06-30": "26861.00000", "2009-03-31": "26591.00000", "2008-12-31": "24645.00000", "2008-09-30": "24752.00000", "2008-06-30": "24124.00000", "2008-03-31": "23833.00000", "2007-12-31": "23840.00000", "2007-09-30": "23772.00000", "2007-06-30": "23273.00000", "2007-03-31": "22584.00000", "2006-12-31": "22606.00000", "2006-09-30": "22459.00000", "2006-06-30": "21886.00000", "2006-03-31": "21231.00000", "2005-12-31": "14800.00000", "2005-09-30": "18486.00000", "2005-06-30": "18053.00000", "2005-03-31": "18179.00000"}, "Cost Of Goods Sold": {"2020-12-31": "14822.00000", "2020-09-30": "12334.00000", "2020-06-30": "11749.00000", "2020-03-31": "12296.00000", "2019-12-31": "15631.00000", "2019-09-30": "13384.00000", "2019-06-30": "12721.00000", "2019-03-31": "12990.00000", "2018-12-31": "15291.00000", "2018-09-30": "13331.00000", "2018-06-30": "13631.00000", "2018-03-31": "13255.00000", "2017-12-31": "15558.00000", "2017-09-30": "12974.00000", "2017-06-30": "12484.00000", "2017-03-31": "12047.00000", "2016-12-31": "15639.00000", "2016-09-30": "12229.00000", "2016-06-30": "12221.00000", "2016-03-31": "12612.00000", "2015-12-31": "14707.00000", "2015-09-30": "13305.00000", "2015-06-30": "12449.00000", "2015-03-31": "12096.00000", "2014-12-31": "14403.00000", "2014-09-30": "12252.00000", "2014-06-30": "12087.00000", "2014-03-31": "11189.00000", "2013-12-31": "11962.00000", "2013-09-30": "10960.00000", "2013-06-30": "11033.00000", "2013-03-31": "10932.00000", "2012-12-31": "13069.00000", "2012-09-30": "10991.00000", "2012-06-30": "10896.00000", "2012-03-31": "11319.00000", "2011-12-31": "12090.00000", "2011-09-30": "11398.00000", "2011-06-30": "11158.00000", "2011-03-31": "11229.00000", "2010-12-31": "10610.00000", "2010-09-30": "10671.00000", "2010-06-30": "12216.00000", "2010-03-31": "10652.00000", "2009-12-31": "12794.00000", "2009-09-30": "10996.00000", "2009-06-30": "10481.00000", "2009-03-31": "10308.00000", "2008-12-31": "9584.00000", "2008-09-30": "10048.00000", "2008-06-30": "9466.00000", "2008-03-31": "9517.00000", "2007-12-31": "9796.00000", "2007-09-30": "9608.00000", "2007-06-30": "9231.00000", "2007-03-31": "8912.00000", "2006-12-31": "9152.00000", "2006-09-30": "8932.00000", "2006-06-30": "8709.00000", "2006-03-31": "8516.00000", "2005-12-31": "5848.00000", "2005-09-30": "6361.00000", "2005-06-30": "6077.00000", "2005-03-31": "6123.00000"}, "Gross Profit": {"2020-12-31": "19870.00000", "2020-09-30": "19209.00000", "2020-06-30": "18698.00000", "2020-03-31": "19314.00000", "2019-12-31": "19144.00000", "2019-09-30": "19510.00000", "2019-06-30": "19350.00000", "2019-03-31": "19138.00000", "2018-12-31": "18990.00000", "2018-09-30": "19276.00000", "2018-06-30": "18572.00000", "2018-03-31": "18517.00000", "2017-12-31": "18397.00000", "2017-09-30": "18743.00000", "2017-06-30": "18064.00000", "2017-03-31": "17767.00000", "2016-12-31": "16701.00000", "2016-09-30": "18708.00000", "2016-06-30": "18311.00000", "2016-03-31": "19559.00000", "2015-12-31": "19547.00000", "2015-09-30": "19853.00000", "2015-06-30": "19775.00000", "2015-03-31": "19888.00000", "2014-12-31": "18789.00000", "2014-09-30": "19334.00000", "2014-06-30": "19396.00000", "2014-03-31": "19629.00000", "2013-12-31": "19103.00000", "2013-09-30": "19319.00000", "2013-06-30": "18753.00000", "2013-03-31": "18488.00000", "2012-12-31": "16976.00000", "2012-09-30": "18016.00000", "2012-06-30": "17656.00000", "2012-03-31": "16923.00000", "2011-12-31": "16346.00000", "2011-09-30": "16515.00000", "2011-06-30": "16378.00000", "2011-03-31": "15761.00000", "2010-12-31": "15785.00000", "2010-09-30": "15813.00000", "2010-06-30": "14557.00000", "2010-03-31": "16261.00000", "2009-12-31": "14297.00000", "2009-09-30": "16269.00000", "2009-06-30": "16380.00000", "2009-03-31": "16283.00000", "2008-12-31": "15061.00000", "2008-09-30": "14704.00000", "2008-06-30": "14658.00000", "2008-03-31": "14316.00000", "2007-12-31": "14044.00000", "2007-09-30": "14164.00000", "2007-06-30": "14042.00000", "2007-03-31": "13672.00000", "2006-12-31": "13454.00000", "2006-09-30": "13527.00000", "2006-06-30": "13177.00000", "2006-03-31": "12715.00000", "2005-12-31": "8952.00000", "2005-09-30": "12125.00000", "2005-06-30": "11976.00000", "2005-03-31": "12056.00000"}, "Research And Development Expenses": {"2020-12-31": "", "2020-09-30": "", "2020-06-30": "", "2020-03-31": "", "2019-12-31": "", "2019-09-30": "", "2019-06-30": "", "2019-03-31": "", "2018-12-31": "", "2018-09-30": "", "2018-06-30": "", "2018-03-31": "", "2017-12-31": "", "2017-09-30": "", "2017-06-30": "", "2017-03-31": "", "2016-12-31": "", "2016-09-30": "", "2016-06-30": "", "2016-03-31": "", "2015-12-31": "", "2015-09-30": "", "2015-06-30": "", "2015-03-31": "", "2014-12-31": "", "2014-09-30": "", "2014-06-30": "", "2014-03-31": "", "2013-12-31": "", "2013-09-30": "", "2013-06-30": "", "2013-03-31": "", "2012-12-31": "", "2012-09-30": "", "2012-06-30": "", "2012-03-31": "", "2011-12-31": "", "2011-09-30": "", "2011-06-30": "", "2011-03-31": "", "2010-12-31": "", "2010-09-30": "", "2010-06-30": "", "2010-03-31": "", "2009-12-31": "", "2009-09-30": "", "2009-06-30": "", "2009-03-31": "", "2008-12-31": "", "2008-09-30": "", "2008-06-30": "", "2008-03-31": "", "2007-12-31": "", "2007-09-30": "", "2007-06-30": "", "2007-03-31": "", "2006-12-31": "", "2006-09-30": "", "2006-06-30": "", "2006-03-31": "", "2005-12-31": "", "2005-09-30": "", "2005-06-30": "", "2005-03-31": ""}, "SG&A Expenses": {"2020-12-31": "8493.00000", "2020-09-30": "7339.00000", "2020-06-30": "7156.00000", "2020-03-31": "8585.00000", "2019-12-31": "8214.00000", "2019-09-30": "7216.00000", "2019-06-30": "7268.00000", "2019-03-31": "7198.00000", "2018-12-31": "9410.00000", "2018-09-30": "7224.00000", "2018-06-30": "7605.00000", "2018-03-31": "6844.00000", "2017-12-31": "8480.00000", "2017-09-30": "7483.00000", "2017-06-30": "5883.00000", "2017-03-31": "6746.00000", "2016-12-31": "2501.00000", "2016-09-30": "8226.00000", "2016-06-30": "9775.00000", "2016-03-31": "7600.00000", "2015-12-31": "5764.00000", "2015-09-30": "8309.00000", "2015-06-30": "7974.00000", "2015-03-31": "7939.00000", "2014-12-31": "16857.00000", "2014-09-30": "8277.00000", "2014-06-30": "7550.00000", "2014-03-31": "8332.00000", "2013-12-31": "2857.00000", "2013-09-30": "8037.00000", "2013-06-30": "8047.00000", "2013-03-31": "8148.00000", "2012-12-31": "16008.00000", "2012-09-30": "8366.00000", "2012-06-30": "7877.00000", "2012-03-31": "7700.00000", "2011-12-31": "13278.00000", "2011-09-30": "7689.00000", "2011-06-30": "7373.00000", "2011-03-31": "7284.00000", "2010-12-31": "5291.00000", "2010-09-30": "8407.00000", "2010-06-30": "9970.00000", "2010-03-31": "7698.00000", "2009-12-31": "7174.00000", "2009-09-30": "8111.00000", "2009-06-30": "7871.00000", "2009-03-31": "7561.00000", "2008-12-31": "21709.00000", "2008-09-30": "6879.00000", "2008-06-30": "6528.00000", "2008-03-31": "6401.00000", "2007-12-31": "6955.00000", "2007-09-30": "6349.00000", "2007-06-30": "6320.00000", "2007-03-31": "6343.00000", "2006-12-31": "6345.00000", "2006-09-30": "6384.00000", "2006-06-30": "6353.00000", "2006-03-31": "5873.00000", "2005-12-31": "3924.00000", "2005-09-30": "5195.00000", "2005-06-30": "5110.00000", "2005-03-31": "5214.00000"}, "Other Operating Income Or Expenses": {"2020-12-31": "", "2020-09-30": "", "2020-06-30": "", "2020-03-31": "", "2019-12-31": "", "2019-09-30": "", "2019-06-30": "", "2019-03-31": "", "2018-12-31": "", "2018-09-30": "", "2018-06-30": "", "2018-03-31": "", "2017-12-31": "", "2017-09-30": "", "2017-06-30": "", "2017-03-31": "", "2016-12-31": "", "2016-09-30": "", "2016-06-30": "", "2016-03-31": "", "2015-12-31": "", "2015-09-30": "", "2015-06-30": "", "2015-03-31": "", "2014-12-31": "", "2014-09-30": "", "2014-06-30": "", "2014-03-31": "", "2013-12-31": "", "2013-09-30": "", "2013-06-30": "", "2013-03-31": "", "2012-12-31": "", "2012-09-30": "", "2012-06-30": "", "2012-03-31": "", "2011-12-31": "", "2011-09-30": "", "2011-06-30": "", "2011-03-31": "", "2010-12-31": "", "2010-09-30": "", "2010-06-30": "", "2010-03-31": "", "2009-12-31": "", "2009-09-30": "", "2009-06-30": "", "2009-03-31": "", "2008-12-31": "", "2008-09-30": "", "2008-06-30": "", "2008-03-31": "", "2007-12-31": "", "2007-09-30": "", "2007-06-30": "", "2007-03-31": "", "2006-12-31": "", "2006-09-30": "", "2006-06-30": "", "2006-03-31": "", "2005-12-31": "", "2005-09-30": "", "2005-06-30": "530.00000", "2005-03-31": ""}, "Operating Expenses": {"2020-12-31": "27512.00000", "2020-09-30": "23865.00000", "2020-06-30": "23086.00000", "2020-03-31": "25031.00000", "2019-12-31": "28136.00000", "2019-09-30": "24714.00000", "2019-06-30": "24221.00000", "2019-03-31": "24419.00000", "2018-12-31": "33644.00000", "2018-09-30": "24932.00000", "2018-06-30": "25586.00000", "2018-03-31": "24423.00000", "2017-12-31": "28494.00000", "2017-09-30": "24729.00000", "2017-06-30": "22534.00000", "2017-03-31": "22852.00000", "2016-12-31": "22127.00000", "2016-09-30": "24397.00000", "2016-06-30": "25978.00000", "2016-03-31": "24229.00000", "2015-12-31": "24510.00000", "2015-09-30": "25623.00000", "2015-06-30": "24403.00000", "2015-03-31": "24024.00000", "2014-12-31": "35328.00000", "2014-09-30": "24696.00000", "2014-06-30": "23798.00000", "2014-03-31": "23658.00000", "2013-12-31": "19002.00000", "2013-09-30": "23151.00000", "2013-06-30": "23231.00000", "2013-03-31": "23198.00000", "2012-12-31": "33214.00000", "2012-09-30": "23524.00000", "2012-06-30": "22901.00000", "2012-03-31": "23047.00000", "2011-12-31": "29548.00000", "2011-09-30": "23266.00000", "2011-06-30": "22644.00000", "2011-03-31": "22537.00000", "2010-12-31": "19984.00000", "2010-09-30": "23101.00000", "2010-06-30": "26363.00000", "2010-03-31": "22472.00000", "2009-12-31": "24211.00000", "2009-09-30": "23279.00000", "2009-06-30": "22443.00000", "2009-03-31": "21897.00000", "2008-12-31": "35085.00000", "2008-09-30": "20579.00000", "2008-06-30": "19578.00000", "2008-03-31": "19500.00000", "2007-12-31": "20417.00000", "2007-09-30": "19562.00000", "2007-06-30": "19124.00000", "2007-03-31": "18788.00000", "2006-12-31": "19162.00000", "2006-09-30": "18922.00000", "2006-06-30": "18669.00000", "2006-03-31": "18056.00000", "2005-12-31": "13084.00000", "2005-09-30": "14989.00000", "2005-06-30": "14067.00000", "2005-03-31": "14797.00000"}, "Operating Income": {"2020-12-31": "7180.00000", "2020-09-30": "7678.00000", "2020-06-30": "7361.00000", "2020-03-31": "6579.00000", "2019-12-31": "6639.00000", "2019-09-30": "8180.00000", "2019-06-30": "7850.00000", "2019-03-31": "7709.00000", "2018-12-31": "637.00000", "2018-09-30": "7675.00000", "2018-06-30": "6617.00000", "2018-03-31": "7349.00000", "2017-12-31": "5461.00000", "2017-09-30": "6988.00000", "2017-06-30": "8014.00000", "2017-03-31": "6962.00000", "2016-12-31": "10213.00000", "2016-09-30": "6540.00000", "2016-06-30": "4554.00000", "2016-03-31": "7942.00000", "2015-12-31": "9744.00000", "2015-09-30": "7535.00000", "2015-06-30": "7821.00000", "2015-03-31": "7960.00000", "2014-12-31": "-2136.00000", "2014-09-30": "6890.00000", "2014-06-30": "7685.00000", "2014-03-31": "7160.00000", "2013-12-31": "12063.00000", "2013-09-30": "7128.00000", "2013-06-30": "6555.00000", "2013-03-31": "6222.00000", "2012-12-31": "-3169.00000", "2012-09-30": "5483.00000", "2012-06-30": "5651.00000", "2012-03-31": "5195.00000", "2011-12-31": "-1112.00000", "2011-09-30": "4647.00000", "2011-06-30": "4892.00000", "2011-03-31": "4453.00000", "2010-12-31": "6411.00000", "2010-09-30": "3383.00000", "2010-06-30": "410.00000", "2010-03-31": "4441.00000", "2009-12-31": "2880.00000", "2009-09-30": "3986.00000", "2009-06-30": "4418.00000", "2009-03-31": "4694.00000", "2008-12-31": "-10440.00000", "2008-09-30": "4173.00000", "2008-06-30": "4546.00000", "2008-03-31": "4333.00000", "2007-12-31": "3423.00000", "2007-09-30": "4210.00000", "2007-06-30": "4149.00000", "2007-03-31": "3796.00000", "2006-12-31": "3444.00000", "2006-09-30": "3537.00000", "2006-06-30": "3217.00000", "2006-03-31": "3175.00000", "2005-12-31": "1716.00000", "2005-09-30": "3497.00000", "2005-06-30": "3986.00000", "2005-03-31": "3382.00000"}, "Total Non-Operating Income/Expense": {"2020-12-31": "-927.00000", "2020-09-30": "-1827.00000", "2020-06-30": "-1174.00000", "2020-03-31": "-903.00000", "2019-12-31": "-2927.00000", "2019-09-30": "-1257.00000", "2019-06-30": "-2540.00000", "2019-03-31": "-921.00000", "2018-12-31": "730.00000", "2018-09-30": "-1000.00000", "2018-06-30": "-1090.00000", "2018-03-31": "-1295.00000", "2017-12-31": "-2527.00000", "2017-09-30": "-1477.00000", "2017-06-30": "-1047.00000", "2017-03-31": "-1780.00000", "2016-12-31": "-3264.00000", "2016-09-30": "-964.00000", "2016-06-30": "-2859.00000", "2016-03-31": "-1176.00000", "2015-12-31": "-1166.00000", "2015-09-30": "-1169.00000", "2015-06-30": "-1194.00000", "2015-03-31": "-1291.00000", "2014-12-31": "-1750.00000", "2014-09-30": "-1232.00000", "2014-06-30": "-1141.00000", "2014-03-31": "-206.00000", "2013-12-31": "-1303.00000", "2013-09-30": "-516.00000", "2013-06-30": "-369.00000", "2013-03-31": "-503.00000", "2012-12-31": "-1567.00000", "2012-09-30": "-560.00000", "2012-06-30": "-573.00000", "2012-03-31": "-563.00000", "2011-12-31": "-690.00000", "2011-09-30": "-549.00000", "2011-06-30": "-586.00000", "2011-03-31": "-572.00000", "2010-12-31": "-411.00000", "2010-09-30": "-507.00000", "2010-06-30": "-542.00000", "2010-03-31": "-501.00000", "2009-12-31": "-541.00000", "2009-09-30": "-525.00000", "2009-06-30": "-648.00000", "2009-03-31": "-744.00000", "2008-12-31": "-345.00000", "2008-09-30": "-124.00000", "2008-06-30": "-161.00000", "2008-03-31": "-339.00000", "2007-12-31": "3461.00000", "2007-09-30": "-1552.00000", "2007-06-30": "-1511.00000", "2007-03-31": "-1431.00000", "2006-12-31": "-1360.00000", "2006-09-30": "-1272.00000", "2006-06-30": "-1345.00000", "2006-03-31": "-1242.00000", "2005-12-31": "-1300.00000", "2005-09-30": "-1003.00000", "2005-06-30": "-984.00000", "2005-03-31": "-846.00000"}, "Pre-Tax Income": {"2020-12-31": "6253.00000", "2020-09-30": "5851.00000", "2020-06-30": "6187.00000", "2020-03-31": "5676.00000", "2019-12-31": "3712.00000", "2019-09-30": "6923.00000", "2019-06-30": "5310.00000", "2019-03-31": "6788.00000", "2018-12-31": "1367.00000", "2018-09-30": "6675.00000", "2018-06-30": "5527.00000", "2018-03-31": "6054.00000", "2017-12-31": "2934.00000", "2017-09-30": "5511.00000", "2017-06-30": "6967.00000", "2017-03-31": "5182.00000", "2016-12-31": "6949.00000", "2016-09-30": "5576.00000", "2016-06-30": "1695.00000", "2016-03-31": "6766.00000", "2015-12-31": "8578.00000", "2015-09-30": "6366.00000", "2015-06-30": "6627.00000", "2015-03-31": "6669.00000", "2014-12-31": "-3886.00000", "2014-09-30": "5658.00000", "2014-06-30": "6544.00000", "2014-03-31": "6954.00000", "2013-12-31": "10760.00000", "2013-09-30": "6612.00000", "2013-06-30": "6186.00000", "2013-03-31": "5719.00000", "2012-12-31": "-4736.00000", "2012-09-30": "4923.00000", "2012-06-30": "5078.00000", "2012-03-31": "4632.00000", "2011-12-31": "-1802.00000", "2011-09-30": "4098.00000", "2011-06-30": "4306.00000", "2011-03-31": "3881.00000", "2010-12-31": "6000.00000", "2010-09-30": "2876.00000", "2010-06-30": "-132.00000", "2010-03-31": "3940.00000", "2009-12-31": "2339.00000", "2009-09-30": "3461.00000", "2009-06-30": "3770.00000", "2009-03-31": "3950.00000", "2008-12-31": "-10785.00000", "2008-09-30": "4049.00000", "2008-06-30": "4385.00000", "2008-03-31": "3994.00000", "2007-12-31": "6884.00000", "2007-09-30": "2658.00000", "2007-06-30": "2638.00000", "2007-03-31": "2365.00000", "2006-12-31": "2084.00000", "2006-09-30": "2265.00000", "2006-06-30": "1872.00000", "2006-03-31": "1933.00000", "2005-12-31": "416.00000", "2005-09-30": "2494.00000", "2005-06-30": "3002.00000", "2005-03-31": "2536.00000"}, "Income Taxes": {"2020-12-31": "1535.00000", "2020-09-30": "1347.00000", "2020-06-30": "1348.00000", "2020-03-31": "1389.00000", "2019-12-31": "-1505.00000", "2019-09-30": "1586.00000", "2019-06-30": "1236.00000", "2019-03-31": "1628.00000", "2018-12-31": "-698.00000", "2018-09-30": "1613.00000", "2018-06-30": "1281.00000", "2018-03-31": "1388.00000", "2017-12-31": "-15849.00000", "2017-09-30": "1775.00000", "2017-06-30": "2489.00000", "2017-03-31": "1629.00000", "2016-12-31": "2349.00000", "2016-09-30": "1829.00000", "2016-06-30": "864.00000", "2016-03-31": "2336.00000", "2015-12-31": "3065.00000", "2015-09-30": "2195.00000", "2015-06-30": "2274.00000", "2015-03-31": "2331.00000", "2014-12-31": "-1738.00000", "2014-09-30": "1864.00000", "2014-06-30": "2220.00000", "2014-03-31": "968.00000", "2013-12-31": "2844.00000", "2013-09-30": "1034.00000", "2013-06-30": "988.00000", "2013-03-31": "864.00000", "2012-12-31": "-2810.00000", "2012-09-30": "631.00000", "2012-06-30": "793.00000", "2012-03-31": "726.00000", "2011-12-31": "-1590.00000", "2011-09-30": "556.00000", "2011-06-30": "702.00000", "2011-03-31": "617.00000", "2010-12-31": "1352.00000", "2010-09-30": "178.00000", "2010-06-30": "-685.00000", "2010-03-31": "1622.00000", "2009-12-31": "-5.00000", "2009-09-30": "574.00000", "2009-06-30": "610.00000", "2009-03-31": "740.00000", "2008-12-31": "-5095.00000", "2008-09-30": "850.00000", "2008-06-30": "981.00000", "2008-03-31": "945.00000", "2007-12-31": "759.00000", "2007-09-30": "1387.00000", "2007-06-30": "955.00000", "2007-03-31": "881.00000", "2006-12-31": "694.00000", "2006-09-30": "720.00000", "2006-06-30": "609.00000", "2006-03-31": "651.00000", "2005-12-31": "7.00000", "2005-09-30": "702.00000", "2005-06-30": "933.00000", "2005-03-31": "779.00000"}, "Income After Taxes": {"2020-12-31": "4718.00000", "2020-09-30": "4504.00000", "2020-06-30": "4839.00000", "2020-03-31": "4287.00000", "2019-12-31": "5217.00000", "2019-09-30": "5337.00000", "2019-06-30": "4074.00000", "2019-03-31": "5160.00000", "2018-12-31": "2065.00000", "2018-09-30": "5062.00000", "2018-06-30": "4246.00000", "2018-03-31": "4666.00000", "2017-12-31": "18783.00000", "2017-09-30": "3736.00000", "2017-06-30": "4478.00000", "2017-03-31": "3553.00000", "2016-12-31": "4600.00000", "2016-09-30": "3747.00000", "2016-06-30": "831.00000", "2016-03-31": "4430.00000", "2015-12-31": "5513.00000", "2015-09-30": "4171.00000", "2015-06-30": "4353.00000", "2015-03-31": "4338.00000", "2014-12-31": "-2148.00000", "2014-09-30": "3794.00000", "2014-06-30": "4324.00000", "2014-03-31": "5986.00000", "2013-12-31": "7916.00000", "2013-09-30": "5578.00000", "2013-06-30": "5198.00000", "2013-03-31": "4855.00000", "2012-12-31": "-1926.00000", "2012-09-30": "4292.00000", "2012-06-30": "4285.00000", "2012-03-31": "3906.00000", "2011-12-31": "-212.00000", "2011-09-30": "3542.00000", "2011-06-30": "3604.00000", "2011-03-31": "3264.00000", "2010-12-31": "4648.00000", "2010-09-30": "2698.00000", "2010-06-30": "553.00000", "2010-03-31": "2318.00000", "2009-12-31": "2344.00000", "2009-09-30": "2887.00000", "2009-06-30": "3160.00000", "2009-03-31": "3210.00000", "2008-12-31": "-5690.00000", "2008-09-30": "3199.00000", "2008-06-30": "3404.00000", "2008-03-31": "3049.00000", "2007-12-31": "6125.00000", "2007-09-30": "1271.00000", "2007-06-30": "1683.00000", "2007-03-31": "1484.00000", "2006-12-31": "1390.00000", "2006-09-30": "1545.00000", "2006-06-30": "1263.00000", "2006-03-31": "1282.00000", "2005-12-31": "409.00000", "2005-09-30": "1792.00000", "2005-06-30": "2069.00000", "2005-03-31": "1757.00000"}, "Other Income": {"2020-12-31": "", "2020-09-30": "", "2020-06-30": "", "2020-03-31": "", "2019-12-31": "", "2019-09-30": "", "2019-06-30": "", "2019-03-31": "", "2018-12-31": "", "2018-09-30": "", "2018-06-30": "", "2018-03-31": "", "2017-12-31": "", "2017-09-30": "", "2017-06-30": "", "2017-03-31": "", "2016-12-31": "", "2016-09-30": "", "2016-06-30": "", "2016-03-31": "", "2015-12-31": "", "2015-09-30": "", "2015-06-30": "", "2015-03-31": "", "2014-12-31": "", "2014-09-30": "", "2014-06-30": "", "2014-03-31": "", "2013-12-31": "", "2013-09-30": "", "2013-06-30": "", "2013-03-31": "", "2012-12-31": "", "2012-09-30": "", "2012-06-30": "", "2012-03-31": "", "2011-12-31": "", "2011-09-30": "", "2011-06-30": "", "2011-03-31": "", "2010-12-31": "", "2010-09-30": "", "2010-06-30": "", "2010-03-31": "", "2009-12-31": "", "2009-09-30": "", "2009-06-30": "", "2009-03-31": "", "2008-12-31": "", "2008-09-30": "", "2008-06-30": "", "2008-03-31": "", "2007-12-31": "", "2007-09-30": "", "2007-06-30": "", "2007-03-31": "", "2006-12-31": "", "2006-09-30": "", "2006-06-30": "", "2006-03-31": "", "2005-12-31": "", "2005-09-30": "", "2005-06-30": "", "2005-03-31": ""}, "Income From Continuous Operations": {"2020-12-31": "4718.00000", "2020-09-30": "4504.00000", "2020-06-30": "4839.00000", "2020-03-31": "4287.00000", "2019-12-31": "5217.00000", "2019-09-30": "5337.00000", "2019-06-30": "4074.00000", "2019-03-31": "5160.00000", "2018-12-31": "2065.00000", "2018-09-30": "5062.00000", "2018-06-30": "4246.00000", "2018-03-31": "4666.00000", "2017-12-31": "18783.00000", "2017-09-30": "3736.00000", "2017-06-30": "4478.00000", "2017-03-31": "3553.00000", "2016-12-31": "4600.00000", "2016-09-30": "3747.00000", "2016-06-30": "831.00000", "2016-03-31": "4430.00000", "2015-12-31": "5513.00000", "2015-09-30": "4171.00000", "2015-06-30": "4353.00000", "2015-03-31": "4338.00000", "2014-12-31": "-2148.00000", "2014-09-30": "3794.00000", "2014-06-30": "4324.00000", "2014-03-31": "5986.00000", "2013-12-31": "7916.00000", "2013-09-30": "5578.00000", "2013-06-30": "5198.00000", "2013-03-31": "4855.00000", "2012-12-31": "-1926.00000", "2012-09-30": "4292.00000", "2012-06-30": "4285.00000", "2012-03-31": "3906.00000", "2011-12-31": "-212.00000", "2011-09-30": "3542.00000", "2011-06-30": "3604.00000", "2011-03-31": "3264.00000", "2010-12-31": "4648.00000", "2010-09-30": "2698.00000", "2010-06-30": "553.00000", "2010-03-31": "2318.00000", "2009-12-31": "2344.00000", "2009-09-30": "2887.00000", "2009-06-30": "3160.00000", "2009-03-31": "3210.00000", "2008-12-31": "-5690.00000", "2008-09-30": "3199.00000", "2008-06-30": "3404.00000", "2008-03-31": "3049.00000", "2007-12-31": "6125.00000", "2007-09-30": "1271.00000", "2007-06-30": "1683.00000", "2007-03-31": "1484.00000", "2006-12-31": "1390.00000", "2006-09-30": "1545.00000", "2006-06-30": "1263.00000", "2006-03-31": "1282.00000", "2005-12-31": "409.00000", "2005-09-30": "1792.00000", "2005-06-30": "2069.00000", "2005-03-31": "1757.00000"}, "Income From Discontinued Operations": {"2020-12-31": "", "2020-09-30": "", "2020-06-30": "", "2020-03-31": "", "2019-12-31": "", "2019-09-30": "", "2019-06-30": "", "2019-03-31": "", "2018-12-31": "", "2018-09-30": "", "2018-06-30": "", "2018-03-31": "", "2017-12-31": "", "2017-09-30": "", "2017-06-30": "", "2017-03-31": "", "2016-12-31": "", "2016-09-30": "", "2016-06-30": "", "2016-03-31": "", "2015-12-31": "", "2015-09-30": "", "2015-06-30": "", "2015-03-31": "", "2014-12-31": "", "2014-09-30": "", "2014-06-30": "", "2014-03-31": "", "2013-12-31": "", "2013-09-30": "", "2013-06-30": "", "2013-03-31": "", "2012-12-31": "", "2012-09-30": "", "2012-06-30": "", "2012-03-31": "", "2011-12-31": "", "2011-09-30": "", "2011-06-30": "", "2011-03-31": "", "2010-12-31": "", "2010-09-30": "", "2010-06-30": "", "2010-03-31": "", "2009-12-31": "", "2009-09-30": "", "2009-06-30": "", "2009-03-31": "", "2008-12-31": "", "2008-09-30": "", "2008-06-30": "", "2008-03-31": "", "2007-12-31": "", "2007-09-30": "", "2007-06-30": "", "2007-03-31": "142.00000", "2006-12-31": "-358.00000", "2006-09-30": "377.00000", "2006-06-30": "348.00000", "2006-03-31": "392.00000", "2005-12-31": "1249.00000", "2005-09-30": "77.00000", "2005-06-30": "44.00000", "2005-03-31": ""}, "Net Income": {"2020-12-31": "4588.00000", "2020-09-30": "4357.00000", "2020-06-30": "4700.00000", "2020-03-31": "4156.00000", "2019-12-31": "5095.00000", "2019-09-30": "5194.00000", "2019-06-30": "3944.00000", "2019-03-31": "5032.00000", "2018-12-31": "1939.00000", "2018-09-30": "4924.00000", "2018-06-30": "4120.00000", "2018-03-31": "4545.00000", "2017-12-31": "18669.00000", "2017-09-30": "3620.00000", "2017-06-30": "4362.00000", "2017-03-31": "3450.00000", "2016-12-31": "4495.00000", "2016-09-30": "3620.00000", "2016-06-30": "702.00000", "2016-03-31": "4310.00000", "2015-12-31": "5391.00000", "2015-09-30": "4038.00000", "2015-06-30": "4231.00000", "2015-03-31": "4219.00000", "2014-12-31": "-2231.00000", "2014-09-30": "3695.00000", "2014-06-30": "4214.00000", "2014-03-31": "3947.00000", "2013-12-31": "5067.00000", "2013-09-30": "2232.00000", "2013-06-30": "2246.00000", "2013-03-31": "1952.00000", "2012-12-31": "-4229.00000", "2012-09-30": "1593.00000", "2012-06-30": "1825.00000", "2012-03-31": "1686.00000", "2011-12-31": "-2023.00000", "2011-09-30": "1379.00000", "2011-06-30": "1609.00000", "2011-03-31": "1439.00000", "2010-12-31": "2639.00000", "2010-09-30": "659.00000", "2010-06-30": "-1192.00000", "2010-03-31": "443.00000", "2009-12-31": "590.00000", "2009-09-30": "1176.00000", "2009-06-30": "1483.00000", "2009-03-31": "1645.00000", "2008-12-31": "-10315.00000", "2008-09-30": "1669.00000", "2008-06-30": "3404.00000", "2008-03-31": "3049.00000", "2007-12-31": "1072.00000", "2007-09-30": "1271.00000", "2007-06-30": "1683.00000", "2007-03-31": "1495.00000", "2006-12-31": "1032.00000", "2006-09-30": "1922.00000", "2006-06-30": "1611.00000", "2006-03-31": "1632.00000", "2005-12-31": "1658.00000", "2005-09-30": "1869.00000", "2005-06-30": "2113.00000", "2005-03-31": "1757.00000"}, "EBITDA": {"2020-12-31": "", "2020-09-30": "11870.00000", "2020-06-30": "11542.00000", "2020-03-31": "10729.00000", "2019-12-31": "10744.00000", "2019-09-30": "12294.00000", "2019-06-30": "12082.00000", "2019-03-31": "11940.00000", "2018-12-31": "4989.00000", "2018-09-30": "12052.00000", "2018-06-30": "10967.00000", "2018-03-31": "11673.00000", "2017-12-31": "9917.00000", "2017-09-30": "11260.00000", "2017-06-30": "12181.00000", "2017-03-31": "11021.00000", "2016-12-31": "14200.00000", "2016-09-30": "10482.00000", "2016-06-30": "8536.00000", "2016-03-31": "11959.00000", "2015-12-31": "13783.00000", "2015-09-30": "11544.00000", "2015-06-30": "11801.00000", "2015-03-31": "11949.00000", "2014-12-31": "1932.00000", "2014-09-30": "11057.00000", "2014-06-30": "11846.00000", "2014-03-31": "11297.00000", "2013-12-31": "16246.00000", "2013-09-30": "11282.00000", "2013-06-30": "10706.00000", "2013-03-31": "10340.00000", "2012-12-31": "968.00000", "2012-09-30": "9650.00000", "2012-06-30": "9779.00000", "2012-03-31": "9223.00000", "2011-12-31": "3068.00000", "2011-09-30": "8826.00000", "2011-06-30": "9005.00000", "2011-03-31": "8477.00000", "2010-12-31": "10494.00000", "2010-09-30": "7406.00000", "2010-06-30": "4587.00000", "2010-03-31": "8563.00000", "2009-12-31": "7123.00000", "2009-09-30": "8158.00000", "2009-06-30": "8509.00000", "2009-03-31": "8722.00000", "2008-12-31": "-6648.00000", "2008-09-30": "7825.00000", "2008-06-30": "8130.00000", "2008-03-31": "7915.00000", "2007-12-31": "7089.00000", "2007-09-30": "7815.00000", "2007-06-30": "7722.00000", "2007-03-31": "7329.00000", "2006-12-31": "7109.00000", "2006-09-30": "7143.00000", "2006-06-30": "6824.00000", "2006-03-31": "6842.00000", "2005-12-31": "5112.00000", "2005-09-30": "6930.00000", "2005-06-30": "7312.00000", "2005-03-31": "6842.00000"}, "EBIT": {"2020-12-31": "7180.00000", "2020-09-30": "7678.00000", "2020-06-30": "7361.00000", "2020-03-31": "6579.00000", "2019-12-31": "6639.00000", "2019-09-30": "8180.00000", "2019-06-30": "7850.00000", "2019-03-31": "7709.00000", "2018-12-31": "637.00000", "2018-09-30": "7675.00000", "2018-06-30": "6617.00000", "2018-03-31": "7349.00000", "2017-12-31": "5461.00000", "2017-09-30": "6988.00000", "2017-06-30": "8014.00000", "2017-03-31": "6962.00000", "2016-12-31": "10213.00000", "2016-09-30": "6540.00000", "2016-06-30": "4554.00000", "2016-03-31": "7942.00000", "2015-12-31": "9744.00000", "2015-09-30": "7535.00000", "2015-06-30": "7821.00000", "2015-03-31": "7960.00000", "2014-12-31": "-2136.00000", "2014-09-30": "6890.00000", "2014-06-30": "7685.00000", "2014-03-31": "7160.00000", "2013-12-31": "12063.00000", "2013-09-30": "7128.00000", "2013-06-30": "6555.00000", "2013-03-31": "6222.00000", "2012-12-31": "-3169.00000", "2012-09-30": "5483.00000", "2012-06-30": "5651.00000", "2012-03-31": "5195.00000", "2011-12-31": "-1112.00000", "2011-09-30": "4647.00000", "2011-06-30": "4892.00000", "2011-03-31": "4453.00000", "2010-12-31": "6411.00000", "2010-09-30": "3383.00000", "2010-06-30": "410.00000", "2010-03-31": "4441.00000", "2009-12-31": "2880.00000", "2009-09-30": "3986.00000", "2009-06-30": "4418.00000", "2009-03-31": "4694.00000", "2008-12-31": "-10440.00000", "2008-09-30": "4173.00000", "2008-06-30": "4546.00000", "2008-03-31": "4333.00000", "2007-12-31": "3423.00000", "2007-09-30": "4210.00000", "2007-06-30": "4149.00000", "2007-03-31": "3796.00000", "2006-12-31": "3444.00000", "2006-09-30": "3537.00000", "2006-06-30": "3217.00000", "2006-03-31": "3175.00000", "2005-12-31": "1716.00000", "2005-09-30": "3497.00000", "2005-06-30": "3986.00000", "2005-03-31": "3382.00000"}, "Basic Shares Outstanding": {"2020-12-31": "4140.00000", "2020-09-30": "4140.00000", "2020-06-30": "4139.00000", "2020-03-31": "4139.00000", "2019-12-31": "4138.00000", "2019-09-30": "4138.00000", "2019-06-30": "4138.00000", "2019-03-31": "4138.00000", "2018-12-31": "4128.00000", "2018-09-30": "4136.00000", "2018-06-30": "4135.00000", "2018-03-31": "4104.00000", "2017-12-31": "4084.00000", "2017-09-30": "4084.00000", "2017-06-30": "4082.00000", "2017-03-31": "4082.00000", "2016-12-31": "4080.00000", "2016-09-30": "4079.00000", "2016-06-30": "4079.00000", "2016-03-31": "4080.00000", "2015-12-31": "4085.00000", "2015-09-30": "4072.00000", "2015-06-30": "4079.00000", "2015-03-31": "4116.00000", "2014-12-31": "3974.00000", "2014-09-30": "4152.00000", "2014-06-30": "4147.00000", "2014-03-31": "3425.00000", "2013-12-31": "2866.00000", "2013-09-30": "2866.00000", "2013-06-30": "2865.00000", "2013-03-31": "2866.00000", "2012-12-31": "2853.00000", "2012-09-30": "2857.00000", "2012-06-30": "2849.00000", "2012-03-31": "2842.00000", "2011-12-31": "2833.00000", "2011-09-30": "2834.00000", "2011-06-30": "2832.00000", "2011-03-31": "2830.00000", "2010-12-31": "2830.00000", "2010-09-30": "2829.00000", "2010-06-30": "2827.00000", "2010-03-31": "2836.00000", "2009-12-31": "2841.00000", "2009-09-30": "2841.00000", "2009-06-30": "2841.00000", "2009-03-31": "2841.00000", "2008-12-31": "2849.00000", "2008-09-30": "2844.00000", "2008-06-30": "2850.00000", "2008-03-31": "2863.00000", "2007-12-31": "2898.00000", "2007-09-30": "2896.00000", "2007-06-30": "2903.00000", "2007-03-31": "2909.00000", "2006-12-31": "2912.00000", "2006-09-30": "2907.00000", "2006-06-30": "2910.00000", "2006-03-31": "2915.00000", "2005-12-31": "2766.00000", "2005-09-30": "2765.00000", "2005-06-30": "2766.00000", "2005-03-31": "2769.00000"}, "Shares Outstanding": {"2020-12-31": "4143.00000", "2020-09-30": "4142.00000", "2020-06-30": "4141.00000", "2020-03-31": "4141.00000", "2019-12-31": "4140.00000", "2019-09-30": "4140.00000", "2019-06-30": "4139.00000", "2019-03-31": "4140.00000", "2018-12-31": "4132.00000", "2018-09-30": "4140.00000", "2018-06-30": "4139.00000", "2018-03-31": "4107.00000", "2017-12-31": "4089.00000", "2017-09-30": "4089.00000", "2017-06-30": "4087.00000", "2017-03-31": "4087.00000", "2016-12-31": "4086.00000", "2016-09-30": "4086.00000", "2016-06-30": "4085.00000", "2016-03-31": "4085.00000", "2015-12-31": "4093.00000", "2015-09-30": "4078.00000", "2015-06-30": "4085.00000", "2015-03-31": "4121.00000", "2014-12-31": "3981.00000", "2014-09-30": "4159.00000", "2014-06-30": "4153.00000", "2014-03-31": "3430.00000", "2013-12-31": "2874.00000", "2013-09-30": "2874.00000", "2013-06-30": "2872.00000", "2013-03-31": "2872.00000", "2012-12-31": "2862.00000", "2012-09-30": "2866.00000", "2012-06-30": "2858.00000", "2012-03-31": "2849.00000", "2011-12-31": "2839.00000", "2011-09-30": "2839.00000", "2011-06-30": "2838.00000", "2011-03-31": "2834.00000", "2010-12-31": "2833.00000", "2010-09-30": "2830.00000", "2010-06-30": "2827.00000", "2010-03-31": "2837.00000", "2009-12-31": "2841.00000", "2009-09-30": "2841.00000", "2009-06-30": "2841.00000", "2009-03-31": "2841.00000", "2008-12-31": "2849.00000", "2008-09-30": "2845.00000", "2008-06-30": "2851.00000", "2008-03-31": "2865.00000", "2007-12-31": "2902.00000", "2007-09-30": "2900.00000", "2007-06-30": "2907.00000", "2007-03-31": "2911.00000", "2006-12-31": "2938.00000", "2006-09-30": "2923.00000", "2006-06-30": "2949.00000", "2006-03-31": "2963.00000", "2005-12-31": "2817.00000", "2005-09-30": "2817.00000", "2005-06-30": "2818.00000", "2005-03-31": "2821.00000"}, "Basic EPS": {"2020-12-31": "1.11000", "2020-09-30": "1.05000", "2020-06-30": "1.14000", "2020-03-31": "1.00000", "2019-12-31": "1.23000", "2019-09-30": "1.26000", "2019-06-30": "0.95000", "2019-03-31": "1.22000", "2018-12-31": "0.46000", "2018-09-30": "1.19000", "2018-06-30": "1.00000", "2018-03-31": "1.11000", "2017-12-31": "4.56000", "2017-09-30": "0.89000", "2017-06-30": "1.07000", "2017-03-31": "0.85000", "2016-12-31": "1.10000", "2016-09-30": "0.89000", "2016-06-30": "0.17000", "2016-03-31": "1.06000", "2015-12-31": "1.32000", "2015-09-30": "0.99000", "2015-06-30": "1.04000", "2015-03-31": "1.03000", "2014-12-31": "-0.64000", "2014-09-30": "0.89000", "2014-06-30": "1.02000", "2014-03-31": "1.15000", "2013-12-31": "1.77000", "2013-09-30": "0.78000", "2013-06-30": "0.78000", "2013-03-31": "0.68000", "2012-12-31": "-1.48000", "2012-09-30": "0.56000", "2012-06-30": "0.64000", "2012-03-31": "0.59000", "2011-12-31": "-0.72000", "2011-09-30": "0.49000", "2011-06-30": "0.57000", "2011-03-31": "0.51000", "2010-12-31": "0.93000", "2010-09-30": "0.23000", "2010-06-30": "-0.42000", "2010-03-31": "0.16000", "2009-12-31": "0.21000", "2009-09-30": "0.41000", "2009-06-30": "0.52000", "2009-03-31": "0.58000", "2008-12-31": "-2.59000", "2008-09-30": "0.59000", "2008-06-30": "0.66000", "2008-03-31": "0.57000", "2007-12-31": "0.38000", "2007-09-30": "0.44000", "2007-06-30": "0.58000", "2007-03-31": "0.51000", "2006-12-31": "0.36000", "2006-09-30": "0.66000", "2006-06-30": "0.55000", "2006-03-31": "0.56000", "2005-12-31": "0.60000", "2005-09-30": "0.68000", "2005-06-30": "0.76000", "2005-03-31": "0.63000"}, "EPS - Earnings Per Share": {"2020-12-31": "1.11000", "2020-09-30": "1.05000", "2020-06-30": "1.13000", "2020-03-31": "1.00000", "2019-12-31": "1.23000", "2019-09-30": "1.25000", "2019-06-30": "0.95000", "2019-03-31": "1.22000", "2018-12-31": "0.46000", "2018-09-30": "1.19000", "2018-06-30": "1.00000", "2018-03-31": "1.11000", "2017-12-31": "4.56000", "2017-09-30": "0.89000", "2017-06-30": "1.07000", "2017-03-31": "0.84000", "2016-12-31": "1.09000", "2016-09-30": "0.89000", "2016-06-30": "0.17000", "2016-03-31": "1.06000", "2015-12-31": "1.32000", "2015-09-30": "0.99000", "2015-06-30": "1.04000", "2015-03-31": "1.02000", "2014-12-31": "-0.63000", "2014-09-30": "0.89000", "2014-06-30": "1.01000", "2014-03-31": "1.15000", "2013-12-31": "1.76000", "2013-09-30": "0.78000", "2013-06-30": "0.78000", "2013-03-31": "0.68000", "2012-12-31": "-1.48000", "2012-09-30": "0.56000", "2012-06-30": "0.64000", "2012-03-31": "0.59000", "2011-12-31": "-0.72000", "2011-09-30": "0.49000", "2011-06-30": "0.57000", "2011-03-31": "0.51000", "2010-12-31": "0.93000", "2010-09-30": "0.23000", "2010-06-30": "-0.42000", "2010-03-31": "0.16000", "2009-12-31": "0.21000", "2009-09-30": "0.41000", "2009-06-30": "0.52000", "2009-03-31": "0.58000", "2008-12-31": "-2.59000", "2008-09-30": "0.59000", "2008-06-30": "0.66000", "2008-03-31": "0.57000", "2007-12-31": "0.37000", "2007-09-30": "0.44000", "2007-06-30": "0.58000", "2007-03-31": "0.51000", "2006-12-31": "0.35000", "2006-09-30": "0.66000", "2006-06-30": "0.55000", "2006-03-31": "0.56000", "2005-12-31": "0.60000", "2005-09-30": "0.67000", "2005-06-30": "0.75000", "2005-03-31": "0.63000"}}, "balance sheet": {"Cash On Hand": {"2020-12-31": "22171.00000", "2019-12-31": "2594.00000", "2018-12-31": "2745.00000", "2017-12-31": "2079.00000", "2016-12-31": "2880.00000", "2015-12-31": "4820.00000", "2014-12-31": "11153.00000", "2013-12-31": "54129.00000", "2012-12-31": "3563.00000", "2011-12-31": "13954.00000", "2010-12-31": "7213.00000", "2009-12-31": "2499.00000", "2008-12-31": "10291.00000", "2007-12-31": "3397.00000", "2006-12-31": "5653.00000", "2005-12-31": "2906.00000"}, "Receivables": {"2020-12-31": "23917.00000", "2019-12-31": "25429.00000", "2018-12-31": "25102.00000", "2017-12-31": "23493.00000", "2016-12-31": "17513.00000", "2015-12-31": "13457.00000", "2014-12-31": "13993.00000", "2013-12-31": "12439.00000", "2012-12-31": "12576.00000", "2011-12-31": "11776.00000", "2010-12-31": "11781.00000", "2009-12-31": "12573.00000", "2008-12-31": "11703.00000", "2007-12-31": "11736.00000", "2006-12-31": "10891.00000", "2005-12-31": "8534.00000"}, "Inventory": {"2020-12-31": "1796.00000", "2019-12-31": "1422.00000", "2018-12-31": "1336.00000", "2017-12-31": "1034.00000", "2016-12-31": "1202.00000", "2015-12-31": "1252.00000", "2014-12-31": "1153.00000", "2013-12-31": "1020.00000", "2012-12-31": "1075.00000", "2011-12-31": "940.00000", "2010-12-31": "1131.00000", "2009-12-31": "1426.00000", "2008-12-31": "2092.00000", "2007-12-31": "1729.00000", "2006-12-31": "1514.00000", "2005-12-31": "1522.00000"}, "Pre-Paid Expenses": {"2020-12-31": "6710.00000", "2019-12-31": "8028.00000", "2018-12-31": "5453.00000", "2017-12-31": "3307.00000", "2016-12-31": "3918.00000", "2015-12-31": "2034.00000", "2014-12-31": "2648.00000", "2013-12-31": "3406.00000", "2012-12-31": "4021.00000", "2011-12-31": "4269.00000", "2010-12-31": "2223.00000", "2009-12-31": "5247.00000", "2008-12-31": "1989.00000", "2007-12-31": "1836.00000", "2006-12-31": "1888.00000", "2005-12-31": "2125.00000"}, "Other Current Assets": {"2020-12-31": "", "2019-12-31": "", "2018-12-31": "", "2017-12-31": "", "2016-12-31": "882.00000", "2015-12-31": "792.00000", "2014-12-31": "552.00000", "2013-12-31": "", "2012-12-31": "", "2011-12-31": "", "2010-12-31": "", "2009-12-31": "", "2008-12-31": "", "2007-12-31": "", "2006-12-31": "2592.00000", "2005-12-31": "4233.00000"}, "Total Current Assets": {"2020-12-31": "54594.00000", "2019-12-31": "37473.00000", "2018-12-31": "34636.00000", "2017-12-31": "29913.00000", "2016-12-31": "26395.00000", "2015-12-31": "22355.00000", "2014-12-31": "29499.00000", "2013-12-31": "70994.00000", "2012-12-31": "21235.00000", "2011-12-31": "30939.00000", "2010-12-31": "22348.00000", "2009-12-31": "21745.00000", "2008-12-31": "26075.00000", "2007-12-31": "18698.00000", "2006-12-31": "22538.00000", "2005-12-31": "19320.00000"}, "Property, Plant, And Equipment": {"2020-12-31": "94833.00000", "2019-12-31": "91915.00000", "2018-12-31": "89286.00000", "2017-12-31": "88568.00000", "2016-12-31": "84751.00000", "2015-12-31": "83541.00000", "2014-12-31": "89947.00000", "2013-12-31": "88956.00000", "2012-12-31": "88642.00000", "2011-12-31": "88434.00000", "2010-12-31": "87711.00000", "2009-12-31": "91985.00000", "2008-12-31": "86546.00000", "2007-12-31": "85294.00000", "2006-12-31": "82356.00000", "2005-12-31": "72987.00000"}, "Long-Term Investments": {"2020-12-31": "589.00000", "2019-12-31": "558.00000", "2018-12-31": "671.00000", "2017-12-31": "1039.00000", "2016-12-31": "1110.00000", "2015-12-31": "796.00000", "2014-12-31": "802.00000", "2013-12-31": "3432.00000", "2012-12-31": "3401.00000", "2011-12-31": "3448.00000", "2010-12-31": "3497.00000", "2009-12-31": "3118.00000", "2008-12-31": "8174.00000", "2007-12-31": "3372.00000", "2006-12-31": "4868.00000", "2005-12-31": "4602.00000"}, "Goodwill And Intangible Assets": {"2020-12-31": "130283.00000", "2019-12-31": "128946.00000", "2018-12-31": "128519.00000", "2017-12-31": "127836.00000", "2016-12-31": "122775.00000", "2015-12-31": "119498.00000", "2014-12-31": "106629.00000", "2013-12-31": "106181.00000", "2012-12-31": "107816.00000", "2011-12-31": "102485.00000", "2010-12-31": "100814.00000", "2009-12-31": "101303.00000", "2008-12-31": "73208.00000", "2007-12-31": "61029.00000", "2006-12-31": "61754.00000", "2005-12-31": "52164.00000"}, "Other Long-Term Assets": {"2020-12-31": "13651.00000", "2019-12-31": "10141.00000", "2018-12-31": "11717.00000", "2017-12-31": "9787.00000", "2016-12-31": "9149.00000", "2015-12-31": "17985.00000", "2014-12-31": "5739.00000", "2013-12-31": "4535.00000", "2012-12-31": "4128.00000", "2011-12-31": "5155.00000", "2010-12-31": "5635.00000", "2009-12-31": "8756.00000", "2008-12-31": "8349.00000", "2007-12-31": "18566.00000", "2006-12-31": "17288.00000", "2005-12-31": "19057.00000"}, "Total Long-Term Assets": {"2020-12-31": "239356.00000", "2019-12-31": "231560.00000", "2018-12-31": "230193.00000", "2017-12-31": "227230.00000", "2016-12-31": "217785.00000", "2015-12-31": "221820.00000", "2014-12-31": "203117.00000", "2013-12-31": "203104.00000", "2012-12-31": "203987.00000", "2011-12-31": "199522.00000", "2010-12-31": "197657.00000", "2009-12-31": "205162.00000", "2008-12-31": "176277.00000", "2007-12-31": "168261.00000", "2006-12-31": "166266.00000", "2005-12-31": "148810.00000"}, "Total Assets": {"2020-12-31": "316481.00000", "2019-12-31": "291727.00000", "2018-12-31": "264829.00000", "2017-12-31": "257143.00000", "2016-12-31": "244180.00000", "2015-12-31": "244175.00000", "2014-12-31": "232616.00000", "2013-12-31": "274098.00000", "2012-12-31": "225222.00000", "2011-12-31": "230461.00000", "2010-12-31": "220005.00000", "2009-12-31": "226907.00000", "2008-12-31": "202352.00000", "2007-12-31": "186959.00000", "2006-12-31": "188804.00000", "2005-12-31": "168130.00000"}, "Total Current Liabilities": {"2020-12-31": "39660.00000", "2019-12-31": "44868.00000", "2018-12-31": "37930.00000", "2017-12-31": "33037.00000", "2016-12-31": "30340.00000", "2015-12-31": "35052.00000", "2014-12-31": "27987.00000", "2013-12-31": "27050.00000", "2012-12-31": "26956.00000", "2011-12-31": "30761.00000", "2010-12-31": "30597.00000", "2009-12-31": "29136.00000", "2008-12-31": "25906.00000", "2007-12-31": "24741.00000", "2006-12-31": "32280.00000", "2005-12-31": "26700.00000"}, "Long Term Debt": {"2020-12-31": "123173.00000", "2019-12-31": "100712.00000", "2018-12-31": "86670.00000", "2017-12-31": "113642.00000", "2016-12-31": "105433.00000", "2015-12-31": "103240.00000", "2014-12-31": "110536.00000", "2013-12-31": "89658.00000", "2012-12-31": "47618.00000", "2011-12-31": "50303.00000", "2010-12-31": "45252.00000", "2009-12-31": "55051.00000", "2008-12-31": "46959.00000", "2007-12-31": "28203.00000", "2006-12-31": "28646.00000", "2005-12-31": "31569.00000"}, "Other Non-Current Liabilities": {"2020-12-31": "12008.00000", "2019-12-31": "12264.00000", "2018-12-31": "13922.00000", "2017-12-31": "12433.00000", "2016-12-31": "12245.00000", "2015-12-31": "12600.00000", "2014-12-31": "5574.00000", "2013-12-31": "5653.00000", "2012-12-31": "6092.00000", "2011-12-31": "5472.00000", "2010-12-31": "6262.00000", "2009-12-31": "6765.00000", "2008-12-31": "6301.00000", "2007-12-31": "6402.00000", "2006-12-31": "3957.00000", "2005-12-31": "3224.00000"}, "Total Long Term Liabilities": {"2020-12-31": "207549.00000", "2019-12-31": "184024.00000", "2018-12-31": "172189.00000", "2017-12-31": "179419.00000", "2016-12-31": "189808.00000", "2015-12-31": "191281.00000", "2014-12-31": "190953.00000", "2013-12-31": "151632.00000", "2012-12-31": "112733.00000", "2011-12-31": "113792.00000", "2010-12-31": "102496.00000", "2009-12-31": "113628.00000", "2008-12-31": "97541.00000", "2007-12-31": "111637.00000", "2006-12-31": "107989.00000", "2005-12-31": "101750.00000"}, "Total Liabilities": {"2020-12-31": "247209.00000", "2019-12-31": "228892.00000", "2018-12-31": "210119.00000", "2017-12-31": "212456.00000", "2016-12-31": "220148.00000", "2015-12-31": "226333.00000", "2014-12-31": "218940.00000", "2013-12-31": "178682.00000", "2012-12-31": "139689.00000", "2011-12-31": "144553.00000", "2010-12-31": "133093.00000", "2009-12-31": "142764.00000", "2008-12-31": "123447.00000", "2007-12-31": "136378.00000", "2006-12-31": "140269.00000", "2005-12-31": "128450.00000"}, "Common Stock Net": {"2020-12-31": "429.00000", "2019-12-31": "429.00000", "2018-12-31": "429.00000", "2017-12-31": "424.00000", "2016-12-31": "424.00000", "2015-12-31": "424.00000", "2014-12-31": "424.00000", "2013-12-31": "297.00000", "2012-12-31": "297.00000", "2011-12-31": "297.00000", "2010-12-31": "297.00000", "2009-12-31": "297.00000", "2008-12-31": "297.00000", "2007-12-31": "297.00000", "2006-12-31": "297.00000", "2005-12-31": "277.00000"}, "Retained Earnings (Accumulated Deficit)": {"2020-12-31": "60464.00000", "2019-12-31": "53147.00000", "2018-12-31": "43542.00000", "2017-12-31": "35635.00000", "2016-12-31": "15059.00000", "2015-12-31": "11246.00000", "2014-12-31": "2447.00000", "2013-12-31": "1782.00000", "2012-12-31": "-3734.00000", "2011-12-31": "1179.00000", "2010-12-31": "4368.00000", "2009-12-31": "7260.00000", "2008-12-31": "19250.00000", "2007-12-31": "17884.00000", "2006-12-31": "17324.00000", "2005-12-31": "15905.00000"}, "Comprehensive Income": {"2020-12-31": "-71.00000", "2019-12-31": "998.00000", "2018-12-31": "2370.00000", "2017-12-31": "2659.00000", "2016-12-31": "2673.00000", "2015-12-31": "550.00000", "2014-12-31": "1111.00000", "2013-12-31": "2358.00000", "2012-12-31": "2235.00000", "2011-12-31": "1269.00000", "2010-12-31": "1049.00000", "2009-12-31": "-1372.00000", "2008-12-31": "-13372.00000", "2007-12-31": "-4506.00000", "2006-12-31": "-7530.00000", "2005-12-31": "-1783.00000"}, "Other Share Holders Equity": {"2020-12-31": "", "2019-12-31": "", "2018-12-31": "", "2017-12-31": "", "2016-12-31": "", "2015-12-31": "", "2014-12-31": "", "2013-12-31": "", "2012-12-31": "", "2011-12-31": "", "2010-12-31": "", "2009-12-31": "", "2008-12-31": "", "2007-12-31": "", "2006-12-31": "", "2005-12-31": ""}, "Share Holder Equity": {"2020-12-31": "69272.00000", "2019-12-31": "62835.00000", "2018-12-31": "54710.00000", "2017-12-31": "44687.00000", "2016-12-31": "24032.00000", "2015-12-31": "17842.00000", "2014-12-31": "13676.00000", "2013-12-31": "95416.00000", "2012-12-31": "85533.00000", "2011-12-31": "85908.00000", "2010-12-31": "86912.00000", "2009-12-31": "84143.00000", "2008-12-31": "78905.00000", "2007-12-31": "50581.00000", "2006-12-31": "48535.00000", "2005-12-31": "39680.00000"}, "Total Liabilities And Share Holders Equity": {"2020-12-31": "316481.00000", "2019-12-31": "291727.00000", "2018-12-31": "264829.00000", "2017-12-31": "257143.00000", "2016-12-31": "244180.00000", "2015-12-31": "244175.00000", "2014-12-31": "232616.00000", "2013-12-31": "274098.00000", "2012-12-31": "225222.00000", "2011-12-31": "230461.00000", "2010-12-31": "220005.00000", "2009-12-31": "226907.00000", "2008-12-31": "202352.00000", "2007-12-31": "186959.00000", "2006-12-31": "188804.00000", "2005-12-31": "168130.00000"}}, "balance sheet, quarterly": {"Cash On Hand": {"2020-12-31": "22171.00000", "2020-09-30": "8983.00000", "2020-06-30": "7882.00000", "2020-03-31": "7047.00000", "2019-12-31": "2594.00000", "2019-09-30": "3020.00000", "2019-06-30": "1949.00000", "2019-03-31": "2322.00000", "2018-12-31": "2745.00000", "2018-09-30": "2538.00000", "2018-06-30": "1750.00000", "2018-03-31": "1923.00000", "2017-12-31": "2079.00000", "2017-09-30": "4487.00000", "2017-06-30": "4583.00000", "2017-03-31": "4307.00000", "2016-12-31": "2880.00000", "2016-09-30": "6441.00000", "2016-06-30": "2857.00000", "2016-03-31": "5846.00000", "2015-12-31": "4820.00000", "2015-09-30": "4181.00000", "2015-06-30": "3317.00000", "2015-03-31": "4933.00000", "2014-12-31": "11153.00000", "2014-09-30": "7853.00000", "2014-06-30": "6424.00000", "2014-03-31": "3544.00000", "2013-12-31": "54129.00000", "2013-09-30": "57341.00000", "2013-06-30": "2406.00000", "2013-03-31": "6135.00000", "2012-12-31": "3563.00000", "2012-09-30": "10307.00000", "2012-06-30": "10778.00000", "2012-03-31": "6532.00000", "2011-12-31": "13954.00000", "2011-09-30": "10858.00000", "2011-06-30": "6828.00000", "2011-03-31": "14730.00000", "2010-12-31": "7213.00000", "2010-09-30": "5975.00000", "2010-06-30": "5225.00000", "2010-03-31": "3557.00000", "2009-12-31": "2499.00000", "2009-09-30": "1690.00000", "2009-06-30": "1180.00000", "2009-03-31": "4351.00000", "2008-12-31": "10291.00000", "2008-09-30": "1674.00000", "2008-06-30": "2074.00000", "2008-03-31": "7442.00000", "2007-12-31": "3397.00000", "2007-09-30": "1909.00000", "2007-06-30": "2356.00000", "2007-03-31": "3450.00000", "2006-12-31": "5653.00000", "2006-09-30": "3435.00000", "2006-06-30": "3261.00000", "2006-03-31": "3927.00000", "2005-12-31": "2906.00000", "2005-09-30": "1824.00000", "2005-06-30": "3001.00000", "2005-03-31": "2711.00000"}, "Receivables": {"2020-12-31": "23917.00000", "2020-09-30": "22617.00000", "2020-06-30": "22672.00000", "2020-03-31": "23797.00000", "2019-12-31": "25429.00000", "2019-09-30": "24713.00000", "2019-06-30": "24926.00000", "2019-03-31": "24469.00000", "2018-12-31": "25102.00000", "2018-09-30": "24012.00000", "2018-06-30": "23099.00000", "2018-03-31": "22595.00000", "2017-12-31": "23493.00000", "2017-09-30": "21549.00000", "2017-06-30": "19771.00000", "2017-03-31": "16863.00000", "2016-12-31": "17513.00000", "2016-09-30": "14832.00000", "2016-06-30": "13294.00000", "2016-03-31": "12485.00000", "2015-12-31": "13457.00000", "2015-09-30": "13105.00000", "2015-06-30": "13444.00000", "2015-03-31": "12698.00000", "2014-12-31": "13993.00000", "2014-09-30": "13283.00000", "2014-06-30": "12966.00000", "2014-03-31": "12131.00000", "2013-12-31": "12439.00000", "2013-09-30": "12111.00000", "2013-06-30": "12216.00000", "2013-03-31": "11814.00000", "2012-12-31": "12576.00000", "2012-09-30": "12030.00000", "2012-06-30": "11595.00000", "2012-03-31": "11234.00000", "2011-12-31": "11776.00000", "2011-09-30": "11648.00000", "2011-06-30": "11483.00000", "2011-03-31": "11028.00000", "2010-12-31": "11781.00000", "2010-09-30": "11973.00000", "2010-06-30": "12058.00000", "2010-03-31": "11969.00000", "2009-12-31": "12573.00000", "2009-09-30": "12489.00000", "2009-06-30": "12170.00000", "2009-03-31": "11989.00000", "2008-12-31": "11703.00000", "2008-09-30": "11724.00000", "2008-06-30": "11584.00000", "2008-03-31": "11048.00000", "2007-12-31": "11736.00000", "2007-09-30": "11509.00000", "2007-06-30": "10689.00000", "2007-03-31": "10177.00000", "2006-12-31": "10891.00000", "2006-09-30": "10834.00000", "2006-06-30": "10451.00000", "2006-03-31": "10617.00000", "2005-12-31": "8534.00000", "2005-09-30": "9337.00000", "2005-06-30": "9566.00000", "2005-03-31": "9285.00000"}, "Inventory": {"2020-12-31": "1796.00000", "2020-09-30": "1457.00000", "2020-06-30": "1289.00000", "2020-03-31": "1633.00000", "2019-12-31": "1422.00000", "2019-09-30": "1538.00000", "2019-06-30": "1167.00000", "2019-03-31": "1417.00000", "2018-12-31": "1336.00000", "2018-09-30": "1270.00000", "2018-06-30": "1102.00000", "2018-03-31": "1285.00000", "2017-12-31": "1034.00000", "2017-09-30": "1276.00000", "2017-06-30": "1116.00000", "2017-03-31": "1194.00000", "2016-12-31": "1202.00000", "2016-09-30": "1318.00000", "2016-06-30": "931.00000", "2016-03-31": "1142.00000", "2015-12-31": "1252.00000", "2015-09-30": "1319.00000", "2015-06-30": "1149.00000", "2015-03-31": "1076.00000", "2014-12-31": "1153.00000", "2014-09-30": "1206.00000", "2014-06-30": "1073.00000", "2014-03-31": "881.00000", "2013-12-31": "1020.00000", "2013-09-30": "1193.00000", "2013-06-30": "1040.00000", "2013-03-31": "798.00000", "2012-12-31": "1075.00000", "2012-09-30": "1223.00000", "2012-06-30": "856.00000", "2012-03-31": "1063.00000", "2011-12-31": "940.00000", "2011-09-30": "1153.00000", "2011-06-30": "1270.00000", "2011-03-31": "1245.00000", "2010-12-31": "1131.00000", "2010-09-30": "1010.00000", "2010-06-30": "985.00000", "2010-03-31": "1113.00000", "2009-12-31": "1426.00000", "2009-09-30": "2554.00000", "2009-06-30": "2775.00000", "2009-03-31": "2195.00000", "2008-12-31": "2092.00000", "2008-09-30": "2485.00000", "2008-06-30": "2216.00000", "2008-03-31": "1672.00000", "2007-12-31": "1729.00000", "2007-09-30": "1786.00000", "2007-06-30": "1793.00000", "2007-03-31": "1780.00000", "2006-12-31": "1514.00000", "2006-09-30": "1650.00000", "2006-06-30": "1698.00000", "2006-03-31": "1647.00000", "2005-12-31": "1522.00000", "2005-09-30": "1503.00000", "2005-06-30": "1373.00000", "2005-03-31": "1460.00000"}, "Pre-Paid Expenses": {"2020-12-31": "6710.00000", "2020-09-30": "5515.00000", "2020-06-30": "5490.00000", "2020-03-31": "8228.00000", "2019-12-31": "8028.00000", "2019-09-30": "5624.00000", "2019-06-30": "5266.00000", "2019-03-31": "5189.00000", "2018-12-31": "5453.00000", "2018-09-30": "5334.00000", "2018-06-30": "4925.00000", "2018-03-31": "5222.00000", "2017-12-31": "3307.00000", "2017-09-30": "3280.00000", "2017-06-30": "3353.00000", "2017-03-31": "4645.00000", "2016-12-31": "3918.00000", "2016-09-30": "3030.00000", "2016-06-30": "3445.00000", "2016-03-31": "3422.00000", "2015-12-31": "2034.00000", "2015-09-30": "2268.00000", "2015-06-30": "2818.00000", "2015-03-31": "3236.00000", "2014-12-31": "2648.00000", "2014-09-30": "2431.00000", "2014-06-30": "2424.00000", "2014-03-31": "6716.00000", "2013-12-31": "3406.00000", "2013-09-30": "3060.00000", "2013-06-30": "6295.00000", "2013-03-31": "6511.00000", "2012-12-31": "4021.00000", "2012-09-30": "4103.00000", "2012-06-30": "3901.00000", "2012-03-31": "4683.00000", "2011-12-31": "4269.00000", "2011-09-30": "4111.00000", "2011-06-30": "2891.00000", "2011-03-31": "2920.00000", "2010-12-31": "2223.00000", "2010-09-30": "2383.00000", "2010-06-30": "2793.00000", "2010-03-31": "5766.00000", "2009-12-31": "5247.00000", "2009-09-30": "5290.00000", "2009-06-30": "5339.00000", "2009-03-31": "3343.00000", "2008-12-31": "1989.00000", "2008-09-30": "3248.00000", "2008-06-30": "2122.00000", "2008-03-31": "2286.00000", "2007-12-31": "1836.00000", "2007-09-30": "1833.00000", "2007-06-30": "2190.00000", "2007-03-31": "2487.00000", "2006-12-31": "1888.00000", "2006-09-30": "2099.00000", "2006-06-30": "2289.00000", "2006-03-31": "2438.00000", "2005-12-31": "2125.00000", "2005-09-30": "2608.00000", "2005-06-30": "2729.00000", "2005-03-31": "2591.00000"}, "Other Current Assets": {"2020-12-31": "", "2020-09-30": "", "2020-06-30": "", "2020-03-31": "", "2019-12-31": "", "2019-09-30": "", "2019-06-30": "", "2019-03-31": "", "2018-12-31": "", "2018-09-30": "", "2018-06-30": "", "2018-03-31": "", "2017-12-31": "", "2017-09-30": "275.00000", "2017-06-30": "", "2017-03-31": "149.00000", "2016-12-31": "882.00000", "2016-09-30": "", "2016-06-30": "317.00000", "2016-03-31": "720.00000", "2015-12-31": "792.00000", "2015-09-30": "895.00000", "2015-06-30": "774.00000", "2015-03-31": "893.00000", "2014-12-31": "552.00000", "2014-09-30": "", "2014-06-30": "", "2014-03-31": "", "2013-12-31": "", "2013-09-30": "", "2013-06-30": "", "2013-03-31": "", "2012-12-31": "", "2012-09-30": "", "2012-06-30": "", "2012-03-31": "", "2011-12-31": "", "2011-09-30": "", "2011-06-30": "", "2011-03-31": "", "2010-12-31": "", "2010-09-30": "", "2010-06-30": "", "2010-03-31": "", "2009-12-31": "", "2009-09-30": "", "2009-06-30": "", "2009-03-31": "", "2008-12-31": "", "2008-09-30": "", "2008-06-30": "", "2008-03-31": "", "2007-12-31": "", "2007-09-30": "", "2007-06-30": "", "2007-03-31": "", "2006-12-31": "2592.00000", "2006-09-30": "3597.00000", "2006-06-30": "3577.00000", "2006-03-31": "", "2005-12-31": "4233.00000", "2005-09-30": "", "2005-06-30": "", "2005-03-31": "964.00000"}, "Total Current Assets": {"2020-12-31": "54594.00000", "2020-09-30": "38572.00000", "2020-06-30": "37333.00000", "2020-03-31": "40705.00000", "2019-12-31": "37473.00000", "2019-09-30": "34895.00000", "2019-06-30": "33308.00000", "2019-03-31": "33397.00000", "2018-12-31": "34636.00000", "2018-09-30": "33154.00000", "2018-06-30": "30876.00000", "2018-03-31": "31025.00000", "2017-12-31": "29913.00000", "2017-09-30": "30867.00000", "2017-06-30": "28823.00000", "2017-03-31": "27158.00000", "2016-12-31": "26395.00000", "2016-09-30": "25621.00000", "2016-06-30": "20844.00000", "2016-03-31": "23615.00000", "2015-12-31": "22355.00000", "2015-09-30": "21768.00000", "2015-06-30": "21502.00000", "2015-03-31": "22836.00000", "2014-12-31": "29499.00000", "2014-09-30": "24773.00000", "2014-06-30": "22887.00000", "2014-03-31": "23272.00000", "2013-12-31": "70994.00000", "2013-09-30": "73705.00000", "2013-06-30": "21957.00000", "2013-03-31": "25258.00000", "2012-12-31": "21235.00000", "2012-09-30": "27663.00000", "2012-06-30": "27130.00000", "2012-03-31": "23512.00000", "2011-12-31": "30939.00000", "2011-09-30": "27770.00000", "2011-06-30": "22472.00000", "2011-03-31": "29923.00000", "2010-12-31": "22348.00000", "2010-09-30": "21341.00000", "2010-06-30": "21061.00000", "2010-03-31": "22405.00000", "2009-12-31": "21745.00000", "2009-09-30": "22023.00000", "2009-06-30": "21464.00000", "2009-03-31": "21878.00000", "2008-12-31": "26075.00000", "2008-09-30": "19131.00000", "2008-06-30": "17996.00000", "2008-03-31": "22448.00000", "2007-12-31": "18698.00000", "2007-09-30": "17037.00000", "2007-06-30": "17028.00000", "2007-03-31": "17894.00000", "2006-12-31": "22538.00000", "2006-09-30": "21615.00000", "2006-06-30": "21276.00000", "2006-03-31": "18629.00000", "2005-12-31": "19320.00000", "2005-09-30": "15272.00000", "2005-06-30": "16669.00000", "2005-03-31": "17011.00000"}, "Property, Plant, And Equipment": {"2020-12-31": "94833.00000", "2020-09-30": "93182.00000", "2020-06-30": "92754.00000", "2020-03-31": "92177.00000", "2019-12-31": "91915.00000", "2019-09-30": "88849.00000", "2019-06-30": "87818.00000", "2019-03-31": "87849.00000", "2018-12-31": "89286.00000", "2018-09-30": "87464.00000", "2018-06-30": "87781.00000", "2018-03-31": "87922.00000", "2017-12-31": "88568.00000", "2017-09-30": "86622.00000", "2017-06-30": "86521.00000", "2017-03-31": "85213.00000", "2016-12-31": "84751.00000", "2016-09-30": "83414.00000", "2016-06-30": "83172.00000", "2016-03-31": "83011.00000", "2015-12-31": "83541.00000", "2015-09-30": "82562.00000", "2015-06-30": "82532.00000", "2015-03-31": "81642.00000", "2014-12-31": "89947.00000", "2014-09-30": "89932.00000", "2014-06-30": "89712.00000", "2014-03-31": "89056.00000", "2013-12-31": "88956.00000", "2013-09-30": "88527.00000", "2013-06-30": "88332.00000", "2013-03-31": "88181.00000", "2012-12-31": "88642.00000", "2012-09-30": "87810.00000", "2012-06-30": "87895.00000", "2012-03-31": "88186.00000", "2011-12-31": "88434.00000", "2011-09-30": "88843.00000", "2011-06-30": "89397.00000", "2011-03-31": "88245.00000", "2010-12-31": "87711.00000", "2010-09-30": "87430.00000", "2010-06-30": "92101.00000", "2010-03-31": "91834.00000", "2009-12-31": "91985.00000", "2009-09-30": "90834.00000", "2009-06-30": "90302.00000", "2009-03-31": "89855.00000", "2008-12-31": "86546.00000", "2008-09-30": "85689.00000", "2008-06-30": "85155.00000", "2008-03-31": "84484.00000", "2007-12-31": "85294.00000", "2007-09-30": "84329.00000", "2007-06-30": "83729.00000", "2007-03-31": "82978.00000", "2006-12-31": "82356.00000", "2006-09-30": "81402.00000", "2006-06-30": "80997.00000", "2006-03-31": "82270.00000", "2005-12-31": "72987.00000", "2005-09-30": "75192.00000", "2005-06-30": "75133.00000", "2005-03-31": "74371.00000"}, "Long-Term Investments": {"2020-12-31": "589.00000", "2020-09-30": "535.00000", "2020-06-30": "529.00000", "2020-03-31": "543.00000", "2019-12-31": "558.00000", "2019-09-30": "628.00000", "2019-06-30": "650.00000", "2019-03-31": "674.00000", "2018-12-31": "671.00000", "2018-09-30": "732.00000", "2018-06-30": "787.00000", "2018-03-31": "994.00000", "2017-12-31": "1039.00000", "2017-09-30": "1054.00000", "2017-06-30": "1075.00000", "2017-03-31": "1080.00000", "2016-12-31": "1110.00000", "2016-09-30": "1119.00000", "2016-06-30": "822.00000", "2016-03-31": "821.00000", "2015-12-31": "796.00000", "2015-09-30": "779.00000", "2015-06-30": "794.00000", "2015-03-31": "762.00000", "2014-12-31": "802.00000", "2014-09-30": "818.00000", "2014-06-30": "852.00000", "2014-03-31": "889.00000", "2013-12-31": "3432.00000", "2013-09-30": "3423.00000", "2013-06-30": "3319.00000", "2013-03-31": "3321.00000", "2012-12-31": "3401.00000", "2012-09-30": "3625.00000", "2012-06-30": "3539.00000", "2012-03-31": "3566.00000", "2011-12-31": "3448.00000", "2011-09-30": "3461.00000", "2011-06-30": "3908.00000", "2011-03-31": "3732.00000", "2010-12-31": "3497.00000", "2010-09-30": "3832.00000", "2010-06-30": "3797.00000", "2010-03-31": "3685.00000", "2009-12-31": "3118.00000", "2009-09-30": "3808.00000", "2009-06-30": "3513.00000", "2009-03-31": "3574.00000", "2008-12-31": "8174.00000", "2008-09-30": "7957.00000", "2008-06-30": "7936.00000", "2008-03-31": "3653.00000", "2007-12-31": "3372.00000", "2007-09-30": "5453.00000", "2007-06-30": "5071.00000", "2007-03-31": "4898.00000", "2006-12-31": "4868.00000", "2006-09-30": "4478.00000", "2006-06-30": "4206.00000", "2006-03-31": "3918.00000", "2005-12-31": "4602.00000", "2005-09-30": "5754.00000", "2005-06-30": "5609.00000", "2005-03-31": "5817.00000"}, "Goodwill And Intangible Assets": {"2020-12-31": "130283.00000", "2020-09-30": "130356.00000", "2020-06-30": "130034.00000", "2020-03-31": "126224.00000", "2019-12-31": "128946.00000", "2019-09-30": "128267.00000", "2019-06-30": "128439.00000", "2019-03-31": "128480.00000", "2018-12-31": "128519.00000", "2018-09-30": "132937.00000", "2018-06-30": "132916.00000", "2018-03-31": "132812.00000", "2017-12-31": "127836.00000", "2017-09-30": "127601.00000", "2017-06-30": "127674.00000", "2017-03-31": "124296.00000", "2016-12-31": "122775.00000", "2016-09-30": "121069.00000", "2016-06-30": "119797.00000", "2016-03-31": "120410.00000", "2015-12-31": "119498.00000", "2015-09-30": "119777.00000", "2015-06-30": "119733.00000", "2015-03-31": "115205.00000", "2014-12-31": "106629.00000", "2014-09-30": "105658.00000", "2014-06-30": "105714.00000", "2014-03-31": "103199.00000", "2013-12-31": "106181.00000", "2013-09-30": "106574.00000", "2013-06-30": "105937.00000", "2013-03-31": "105604.00000", "2012-12-31": "107816.00000", "2012-09-30": "107469.00000", "2012-06-30": "102507.00000", "2012-03-31": "102503.00000", "2011-12-31": "102485.00000", "2011-09-30": "102659.00000", "2011-06-30": "102576.00000", "2011-03-31": "100697.00000", "2010-12-31": "100814.00000", "2010-09-30": "100567.00000", "2010-06-30": "101226.00000", "2010-03-31": "101238.00000", "2009-12-31": "101303.00000", "2009-09-30": "101037.00000", "2009-06-30": "101129.00000", "2009-03-31": "100703.00000", "2008-12-31": "73208.00000", "2008-09-30": "72812.00000", "2008-06-30": "70615.00000", "2008-03-31": "60933.00000", "2007-12-31": "61029.00000", "2007-09-30": "61275.00000", "2007-06-30": "60910.00000", "2007-03-31": "61008.00000", "2006-12-31": "61754.00000", "2006-09-30": "59247.00000", "2006-06-30": "58927.00000", "2006-03-31": "59458.00000", "2005-12-31": "52164.00000", "2005-09-30": "52924.00000", "2005-06-30": "52838.00000", "2005-03-31": "47986.00000"}, "Other Long-Term Assets": {"2020-12-31": "13651.00000", "2020-09-30": "11669.00000", "2020-06-30": "10178.00000", "2020-03-31": "12379.00000", "2019-12-31": "10141.00000", "2019-09-30": "10018.00000", "2019-06-30": "10426.00000", "2019-03-31": "10442.00000", "2018-12-31": "11717.00000", "2018-09-30": "11275.00000", "2018-06-30": "10943.00000", "2018-03-31": "11763.00000", "2017-12-31": "9787.00000", "2017-09-30": "8538.00000", "2017-06-30": "8885.00000", "2017-03-31": "8984.00000", "2016-12-31": "9149.00000", "2016-09-30": "8275.00000", "2016-06-30": "7235.00000", "2016-03-31": "16730.00000", "2015-12-31": "17985.00000", "2015-09-30": "17187.00000", "2015-06-30": "16192.00000", "2015-03-31": "15345.00000", "2014-12-31": "5739.00000", "2014-09-30": "5112.00000", "2014-06-30": "5262.00000", "2014-03-31": "5146.00000", "2013-12-31": "4535.00000", "2013-09-30": "4446.00000", "2013-06-30": "3801.00000", "2013-03-31": "3822.00000", "2012-12-31": "4128.00000", "2012-09-30": "4515.00000", "2012-06-30": "5001.00000", "2012-03-31": "5154.00000", "2011-12-31": "5155.00000", "2011-09-30": "5299.00000", "2011-06-30": "5403.00000", "2011-03-31": "5511.00000", "2010-12-31": "5635.00000", "2010-09-30": "7682.00000", "2010-06-30": "8066.00000", "2010-03-31": "8185.00000", "2009-12-31": "8756.00000", "2009-09-30": "8702.00000", "2009-06-30": "8591.00000", "2009-03-31": "10841.00000", "2008-12-31": "8349.00000", "2008-09-30": "19272.00000", "2008-06-30": "18944.00000", "2008-03-31": "19775.00000", "2007-12-31": "18566.00000", "2007-09-30": "17525.00000", "2007-06-30": "18022.00000", "2007-03-31": "17506.00000", "2006-12-31": "17288.00000", "2006-09-30": "18937.00000", "2006-06-30": "18437.00000", "2006-03-31": "18539.00000", "2005-12-31": "19057.00000", "2005-09-30": "19159.00000", "2005-06-30": "19128.00000", "2005-03-31": "19697.00000"}, "Total Long-Term Assets": {"2020-12-31": "239356.00000", "2020-09-30": "235742.00000", "2020-06-30": "233495.00000", "2020-03-31": "231323.00000", "2019-12-31": "231560.00000", "2019-09-30": "227762.00000", "2019-06-30": "227333.00000", "2019-03-31": "227445.00000", "2018-12-31": "230193.00000", "2018-09-30": "232408.00000", "2018-06-30": "232427.00000", "2018-03-31": "233491.00000", "2017-12-31": "227230.00000", "2017-09-30": "223815.00000", "2017-06-30": "224155.00000", "2017-03-31": "219573.00000", "2016-12-31": "217785.00000", "2016-09-30": "213877.00000", "2016-06-30": "211026.00000", "2016-03-31": "220972.00000", "2015-12-31": "221820.00000", "2015-09-30": "220305.00000", "2015-06-30": "219251.00000", "2015-03-31": "212954.00000", "2014-12-31": "203117.00000", "2014-09-30": "201520.00000", "2014-06-30": "201540.00000", "2014-03-31": "198290.00000", "2013-12-31": "203104.00000", "2013-09-30": "202970.00000", "2013-06-30": "201389.00000", "2013-03-31": "200928.00000", "2012-12-31": "203987.00000", "2012-09-30": "203419.00000", "2012-06-30": "198942.00000", "2012-03-31": "199409.00000", "2011-12-31": "199522.00000", "2011-09-30": "200262.00000", "2011-06-30": "201284.00000", "2011-03-31": "198185.00000", "2010-12-31": "197657.00000", "2010-09-30": "199511.00000", "2010-06-30": "205190.00000", "2010-03-31": "204942.00000", "2009-12-31": "205162.00000", "2009-09-30": "204381.00000", "2009-06-30": "203535.00000", "2009-03-31": "204973.00000", "2008-12-31": "176277.00000", "2008-09-30": "185730.00000", "2008-06-30": "182650.00000", "2008-03-31": "168845.00000", "2007-12-31": "168261.00000", "2007-09-30": "168582.00000", "2007-06-30": "167732.00000", "2007-03-31": "166390.00000", "2006-12-31": "166266.00000", "2006-09-30": "164064.00000", "2006-06-30": "162567.00000", "2006-03-31": "164185.00000", "2005-12-31": "148810.00000", "2005-09-30": "153029.00000", "2005-06-30": "152708.00000", "2005-03-31": "147871.00000"}, "Total Assets": {"2020-12-31": "316481.00000", "2020-09-30": "296994.00000", "2020-06-30": "293259.00000", "2020-03-31": "294500.00000", "2019-12-31": "291727.00000", "2019-09-30": "284875.00000", "2019-06-30": "283108.00000", "2019-03-31": "283947.00000", "2018-12-31": "264829.00000", "2018-09-30": "265562.00000", "2018-06-30": "263303.00000", "2018-03-31": "264516.00000", "2017-12-31": "257143.00000", "2017-09-30": "254682.00000", "2017-06-30": "252978.00000", "2017-03-31": "246731.00000", "2016-12-31": "244180.00000", "2016-09-30": "239498.00000", "2016-06-30": "231870.00000", "2016-03-31": "244587.00000", "2015-12-31": "244175.00000", "2015-09-30": "242073.00000", "2015-06-30": "240753.00000", "2015-03-31": "235790.00000", "2014-12-31": "232616.00000", "2014-09-30": "226293.00000", "2014-06-30": "224427.00000", "2014-03-31": "221562.00000", "2013-12-31": "274098.00000", "2013-09-30": "276675.00000", "2013-06-30": "223346.00000", "2013-03-31": "226186.00000", "2012-12-31": "225222.00000", "2012-09-30": "231082.00000", "2012-06-30": "226072.00000", "2012-03-31": "222921.00000", "2011-12-31": "230461.00000", "2011-09-30": "228032.00000", "2011-06-30": "223756.00000", "2011-03-31": "228108.00000", "2010-12-31": "220005.00000", "2010-09-30": "220852.00000", "2010-06-30": "226251.00000", "2010-03-31": "227347.00000", "2009-12-31": "226907.00000", "2009-09-30": "226404.00000", "2009-06-30": "224999.00000", "2009-03-31": "226851.00000", "2008-12-31": "202352.00000", "2008-09-30": "204861.00000", "2008-06-30": "200646.00000", "2008-03-31": "191293.00000", "2007-12-31": "186959.00000", "2007-09-30": "185619.00000", "2007-06-30": "184760.00000", "2007-03-31": "184284.00000", "2006-12-31": "188804.00000", "2006-09-30": "185679.00000", "2006-06-30": "183843.00000", "2006-03-31": "182814.00000", "2005-12-31": "168130.00000", "2005-09-30": "168301.00000", "2005-06-30": "169377.00000", "2005-03-31": "164882.00000"}, "Total Current Liabilities": {"2020-12-31": "39660.00000", "2020-09-30": "36185.00000", "2020-06-30": "38886.00000", "2020-03-31": "41057.00000", "2019-12-31": "44868.00000", "2019-09-30": "39209.00000", "2019-06-30": "38214.00000", "2019-03-31": "38607.00000", "2018-12-31": "37930.00000", "2018-09-30": "34167.00000", "2018-06-30": "32329.00000", "2018-03-31": "31615.00000", "2017-12-31": "33037.00000", "2017-09-30": "28930.00000", "2017-06-30": "27758.00000", "2017-03-31": "26664.00000", "2016-12-31": "30340.00000", "2016-09-30": "30298.00000", "2016-06-30": "34408.00000", "2016-03-31": "33312.00000", "2015-12-31": "35052.00000", "2015-09-30": "34492.00000", "2015-06-30": "30645.00000", "2015-03-31": "28713.00000", "2014-12-31": "27987.00000", "2014-09-30": "26889.00000", "2014-06-30": "26493.00000", "2014-03-31": "25353.00000", "2013-12-31": "27050.00000", "2013-09-30": "30291.00000", "2013-06-30": "29191.00000", "2013-03-31": "31489.00000", "2012-12-31": "26956.00000", "2012-09-30": "28770.00000", "2012-06-30": "26353.00000", "2012-03-31": "22913.00000", "2011-12-31": "30761.00000", "2011-09-30": "34636.00000", "2011-06-30": "27374.00000", "2011-03-31": "32747.00000", "2010-12-31": "30597.00000", "2010-09-30": "28767.00000", "2010-06-30": "31834.00000", "2010-03-31": "28063.00000", "2009-12-31": "29136.00000", "2009-09-30": "27305.00000", "2009-06-30": "26368.00000", "2009-03-31": "35069.00000", "2008-12-31": "25906.00000", "2008-09-30": "28275.00000", "2008-06-30": "29900.00000", "2008-03-31": "24744.00000", "2007-12-31": "24741.00000", "2007-09-30": "24158.00000", "2007-06-30": "24452.00000", "2007-03-31": "27906.00000", "2006-12-31": "32280.00000", "2006-09-30": "35313.00000", "2006-06-30": "34339.00000", "2006-03-31": "30912.00000", "2005-12-31": "26700.00000", "2005-09-30": "23639.00000", "2005-06-30": "27442.00000", "2005-03-31": "23159.00000"}, "Long Term Debt": {"2020-12-31": "123173.00000", "2020-09-30": "109790.00000", "2020-06-30": "106190.00000", "2020-03-31": "106561.00000", "2019-12-31": "100712.00000", "2019-09-30": "101769.00000", "2019-06-30": "104598.00000", "2019-03-31": "105045.00000", "2018-12-31": "86670.00000", "2018-09-30": "106440.00000", "2018-06-30": "109174.00000", "2018-03-31": "112734.00000", "2017-12-31": "113642.00000", "2017-09-30": "115317.00000", "2017-06-30": "116390.00000", "2017-03-31": "112839.00000", "2016-12-31": "105433.00000", "2016-09-30": "102739.00000", "2016-06-30": "92922.00000", "2016-03-31": "103615.00000", "2015-12-31": "103240.00000", "2015-09-30": "105060.00000", "2015-06-30": "109465.00000", "2015-03-31": "108949.00000", "2014-12-31": "110536.00000", "2014-09-30": "107627.00000", "2014-06-30": "107696.00000", "2014-03-31": "107617.00000", "2013-12-31": "89658.00000", "2013-09-30": "90938.00000", "2013-06-30": "41791.00000", "2013-03-31": "41993.00000", "2012-12-31": "47618.00000", "2012-09-30": "46467.00000", "2012-06-30": "46479.00000", "2012-03-31": "48476.00000", "2011-12-31": "50303.00000", "2011-09-30": "46285.00000", "2011-06-30": "47927.00000", "2011-03-31": "49374.00000", "2010-12-31": "45252.00000", "2010-09-30": "47360.00000", "2010-06-30": "49594.00000", "2010-03-31": "54424.00000", "2009-12-31": "55051.00000", "2009-09-30": "57374.00000", "2009-06-30": "59469.00000", "2009-03-31": "55674.00000", "2008-12-31": "46959.00000", "2008-09-30": "37478.00000", "2008-06-30": "33778.00000", "2008-03-31": "32134.00000", "2007-12-31": "28203.00000", "2007-09-30": "29383.00000", "2007-06-30": "29374.00000", "2007-03-31": "28073.00000", "2006-12-31": "28646.00000", "2006-09-30": "30154.00000", "2006-06-30": "32030.00000", "2006-03-31": "34614.00000", "2005-12-31": "31569.00000", "2005-09-30": "34391.00000", "2005-06-30": "33070.00000", "2005-03-31": "35471.00000"}, "Other Non-Current Liabilities": {"2020-12-31": "12008.00000", "2020-09-30": "13011.00000", "2020-06-30": "14293.00000", "2020-03-31": "15786.00000", "2019-12-31": "12264.00000", "2019-09-30": "12543.00000", "2019-06-30": "11830.00000", "2019-03-31": "11632.00000", "2018-12-31": "13922.00000", "2018-09-30": "13496.00000", "2018-06-30": "13201.00000", "2018-03-31": "12719.00000", "2017-12-31": "12433.00000", "2017-09-30": "12508.00000", "2017-06-30": "12788.00000", "2017-03-31": "12265.00000", "2016-12-31": "12245.00000", "2016-09-30": "11576.00000", "2016-06-30": "11912.00000", "2016-03-31": "12324.00000", "2015-12-31": "12600.00000", "2015-09-30": "12121.00000", "2015-06-30": "12113.00000", "2015-03-31": "12029.00000", "2014-12-31": "5574.00000", "2014-09-30": "5750.00000", "2014-06-30": "5857.00000", "2014-03-31": "6167.00000", "2013-12-31": "5653.00000", "2013-09-30": "5622.00000", "2013-06-30": "5677.00000", "2013-03-31": "6075.00000", "2012-12-31": "6092.00000", "2012-09-30": "5839.00000", "2012-06-30": "5254.00000", "2012-03-31": "5337.00000", "2011-12-31": "5472.00000", "2011-09-30": "5479.00000", "2011-06-30": "5551.00000", "2011-03-31": "6002.00000", "2010-12-31": "6262.00000", "2010-09-30": "6414.00000", "2010-06-30": "6591.00000", "2010-03-31": "6773.00000", "2009-12-31": "6765.00000", "2009-09-30": "6610.00000", "2009-06-30": "6442.00000", "2009-03-31": "6407.00000", "2008-12-31": "6301.00000", "2008-09-30": "6053.00000", "2008-06-30": "5856.00000", "2008-03-31": "6041.00000", "2007-12-31": "6402.00000", "2007-09-30": "6445.00000", "2007-06-30": "6866.00000", "2007-03-31": "7025.00000", "2006-12-31": "3957.00000", "2006-09-30": "4274.00000", "2006-06-30": "4327.00000", "2006-03-31": "4544.00000", "2005-12-31": "3224.00000", "2005-09-30": "3978.00000", "2005-06-30": "3952.00000", "2005-03-31": "4020.00000"}, "Total Long Term Liabilities": {"2020-12-31": "207549.00000", "2020-09-30": "194279.00000", "2020-06-30": "190260.00000", "2020-03-31": "191790.00000", "2019-12-31": "184024.00000", "2019-09-30": "185354.00000", "2019-06-30": "186947.00000", "2019-03-31": "187880.00000", "2018-12-31": "172189.00000", "2018-09-30": "175308.00000", "2018-06-30": "177399.00000", "2018-03-31": "180556.00000", "2017-12-31": "179419.00000", "2017-09-30": "197301.00000", "2017-06-30": "198459.00000", "2017-03-31": "195030.00000", "2016-12-31": "189808.00000", "2016-09-30": "187217.00000", "2016-06-30": "176718.00000", "2016-03-31": "191172.00000", "2015-12-31": "191281.00000", "2015-09-30": "193039.00000", "2015-06-30": "197234.00000", "2015-03-31": "196318.00000", "2014-12-31": "190953.00000", "2014-09-30": "181436.00000", "2014-06-30": "181922.00000", "2014-03-31": "182358.00000", "2013-12-31": "151632.00000", "2013-09-30": "156119.00000", "2013-06-30": "106999.00000", "2013-03-31": "107109.00000", "2012-12-31": "112733.00000", "2012-09-30": "109684.00000", "2012-06-30": "109291.00000", "2012-03-31": "111587.00000", "2011-12-31": "113792.00000", "2011-09-30": "105881.00000", "2011-06-30": "105670.00000", "2011-03-31": "106497.00000", "2010-12-31": "102496.00000", "2010-09-30": "107461.00000", "2010-06-30": "109944.00000", "2010-03-31": "114632.00000", "2009-12-31": "113628.00000", "2009-09-30": "114517.00000", "2009-06-30": "115810.00000", "2009-03-31": "111228.00000", "2008-12-31": "97541.00000", "2008-09-30": "125632.00000", "2008-06-30": "119859.00000", "2008-03-31": "116269.00000", "2007-12-31": "111637.00000", "2007-09-30": "111772.00000", "2007-06-30": "110477.00000", "2007-03-31": "107596.00000", "2006-12-31": "107989.00000", "2006-09-30": "104087.00000", "2006-06-30": "104725.00000", "2006-03-31": "107131.00000", "2005-12-31": "101750.00000", "2005-09-30": "105439.00000", "2005-06-30": "103381.00000", "2005-03-31": "103743.00000"}, "Total Liabilities": {"2020-12-31": "247209.00000", "2020-09-30": "230464.00000", "2020-06-30": "229146.00000", "2020-03-31": "232847.00000", "2019-12-31": "228892.00000", "2019-09-30": "224563.00000", "2019-06-30": "225161.00000", "2019-03-31": "226487.00000", "2018-12-31": "210119.00000", "2018-09-30": "209475.00000", "2018-06-30": "209728.00000", "2018-03-31": "212171.00000", "2017-12-31": "212456.00000", "2017-09-30": "226231.00000", "2017-06-30": "226217.00000", "2017-03-31": "221694.00000", "2016-12-31": "220148.00000", "2016-09-30": "217515.00000", "2016-06-30": "211126.00000", "2016-03-31": "224484.00000", "2015-12-31": "226333.00000", "2015-09-30": "227531.00000", "2015-06-30": "227879.00000", "2015-03-31": "225031.00000", "2014-12-31": "218940.00000", "2014-09-30": "208325.00000", "2014-06-30": "208415.00000", "2014-03-31": "207711.00000", "2013-12-31": "178682.00000", "2013-09-30": "186410.00000", "2013-06-30": "136190.00000", "2013-03-31": "138598.00000", "2012-12-31": "139689.00000", "2012-09-30": "138454.00000", "2012-06-30": "135644.00000", "2012-03-31": "134500.00000", "2011-12-31": "144553.00000", "2011-09-30": "140517.00000", "2011-06-30": "133044.00000", "2011-03-31": "139244.00000", "2010-12-31": "133093.00000", "2010-09-30": "136228.00000", "2010-06-30": "141778.00000", "2010-03-31": "142695.00000", "2009-12-31": "142764.00000", "2009-09-30": "141822.00000", "2009-06-30": "142178.00000", "2009-03-31": "146297.00000", "2008-12-31": "123447.00000", "2008-09-30": "153907.00000", "2008-06-30": "149759.00000", "2008-03-31": "141013.00000", "2007-12-31": "136378.00000", "2007-09-30": "135930.00000", "2007-06-30": "134929.00000", "2007-03-31": "135502.00000", "2006-12-31": "140269.00000", "2006-09-30": "139400.00000", "2006-06-30": "139064.00000", "2006-03-31": "138043.00000", "2005-12-31": "128450.00000", "2005-09-30": "129078.00000", "2005-06-30": "130823.00000", "2005-03-31": "126902.00000"}, "Common Stock Net": {"2020-12-31": "429.00000", "2020-09-30": "429.00000", "2020-06-30": "429.00000", "2020-03-31": "429.00000", "2019-12-31": "429.00000", "2019-09-30": "429.00000", "2019-06-30": "429.00000", "2019-03-31": "429.00000", "2018-12-31": "429.00000", "2018-09-30": "429.00000", "2018-06-30": "429.00000", "2018-03-31": "429.00000", "2017-12-31": "424.00000", "2017-09-30": "424.00000", "2017-06-30": "424.00000", "2017-03-31": "424.00000", "2016-12-31": "424.00000", "2016-09-30": "424.00000", "2016-06-30": "424.00000", "2016-03-31": "424.00000", "2015-12-31": "424.00000", "2015-09-30": "424.00000", "2015-06-30": "424.00000", "2015-03-31": "424.00000", "2014-12-31": "424.00000", "2014-09-30": "424.00000", "2014-06-30": "424.00000", "2014-03-31": "424.00000", "2013-12-31": "297.00000", "2013-09-30": "297.00000", "2013-06-30": "297.00000", "2013-03-31": "297.00000", "2012-12-31": "297.00000", "2012-09-30": "297.00000", "2012-06-30": "297.00000", "2012-03-31": "297.00000", "2011-12-31": "297.00000", "2011-09-30": "297.00000", "2011-06-30": "297.00000", "2011-03-31": "297.00000", "2010-12-31": "297.00000", "2010-09-30": "297.00000", "2010-06-30": "297.00000", "2010-03-31": "297.00000", "2009-12-31": "297.00000", "2009-09-30": "297.00000", "2009-06-30": "297.00000", "2009-03-31": "297.00000", "2008-12-31": "297.00000", "2008-09-30": "297.00000", "2008-06-30": "297.00000", "2008-03-31": "297.00000", "2007-12-31": "297.00000", "2007-09-30": "297.00000", "2007-06-30": "297.00000", "2007-03-31": "297.00000", "2006-12-31": "297.00000", "2006-09-30": "297.00000", "2006-06-30": "294.00000", "2006-03-31": "294.00000", "2005-12-31": "277.00000", "2005-09-30": "277.00000", "2005-06-30": "277.00000", "2005-03-31": "277.00000"}, "Retained Earnings (Accumulated Deficit)": {"2020-12-31": "60464.00000", "2020-09-30": "58473.00000", "2020-06-30": "56746.00000", "2020-03-31": "54557.00000", "2019-12-31": "53147.00000", "2019-09-30": "50595.00000", "2019-06-30": "47945.00000", "2019-03-31": "46493.00000", "2018-12-31": "43542.00000", "2018-09-30": "44091.00000", "2018-06-30": "41657.00000", "2018-03-31": "39974.00000", "2017-12-31": "35635.00000", "2017-09-30": "19373.00000", "2017-06-30": "18159.00000", "2017-03-31": "16153.00000", "2016-12-31": "15059.00000", "2016-09-30": "12918.00000", "2016-06-30": "11652.00000", "2016-03-31": "13253.00000", "2015-12-31": "11246.00000", "2015-09-30": "8156.00000", "2015-06-30": "6418.00000", "2015-03-31": "4422.00000", "2014-12-31": "2447.00000", "2014-09-30": "6964.00000", "2014-06-30": "5551.00000", "2014-03-31": "3534.00000", "2013-12-31": "1782.00000", "2013-09-30": "-1768.00000", "2013-06-30": "-2483.00000", "2013-03-31": "-3255.00000", "2012-12-31": "-3734.00000", "2012-09-30": "1968.00000", "2012-06-30": "1845.00000", "2012-03-31": "1444.00000", "2011-12-31": "1179.00000", "2011-09-30": "4619.00000", "2011-06-30": "4656.00000", "2011-03-31": "4427.00000", "2010-12-31": "4368.00000", "2010-09-30": "14621.00000", "2010-06-30": "15117.00000", "2010-03-31": "16658.00000", "2009-12-31": "7260.00000", "2009-09-30": "19591.00000", "2009-06-30": "19765.00000", "2009-03-31": "19588.00000", "2008-12-31": "19250.00000", "2008-09-30": "19322.00000", "2008-06-30": "18958.00000", "2008-03-31": "18301.00000", "2007-12-31": "17884.00000", "2007-09-30": "18049.00000", "2007-06-30": "18020.00000", "2007-03-31": "17485.00000", "2006-12-31": "17324.00000", "2006-09-30": "17471.00000", "2006-06-30": "16729.00000", "2006-03-31": "16290.00000", "2005-12-31": "15905.00000", "2005-09-30": "15365.00000", "2005-06-30": "14615.00000", "2005-03-31": "13621.00000"}, "Comprehensive Income": {"2020-12-31": "-71.00000", "2020-09-30": "-812.00000", "2020-06-30": "-1274.00000", "2020-03-31": "-1502.00000", "2019-12-31": "998.00000", "2019-09-30": "1104.00000", "2019-06-30": "1447.00000", "2019-03-31": "2216.00000", "2018-12-31": "2370.00000", "2018-09-30": "3201.00000", "2018-06-30": "3205.00000", "2018-03-31": "3705.00000", "2017-12-31": "2659.00000", "2017-09-30": "2683.00000", "2017-06-30": "2284.00000", "2017-03-31": "2609.00000", "2016-12-31": "2673.00000", "2016-09-30": "2758.00000", "2016-06-30": "2847.00000", "2016-03-31": "459.00000", "2015-12-31": "550.00000", "2015-09-30": "600.00000", "2015-06-30": "821.00000", "2015-03-31": "916.00000", "2014-12-31": "1111.00000", "2014-09-30": "1175.00000", "2014-06-30": "1188.00000", "2014-03-31": "1290.00000", "2013-12-31": "2358.00000", "2013-09-30": "2118.00000", "2013-06-30": "1994.00000", "2013-03-31": "2056.00000", "2012-12-31": "2235.00000", "2012-09-30": "1257.00000", "2012-06-30": "1147.00000", "2012-03-31": "1398.00000", "2011-12-31": "1269.00000", "2011-09-30": "1037.00000", "2011-06-30": "1354.00000", "2011-03-31": "1293.00000", "2010-12-31": "1049.00000", "2010-09-30": "-9835.00000", "2010-06-30": "-11140.00000", "2010-03-31": "-11442.00000", "2009-12-31": "-1372.00000", "2009-09-30": "-12058.00000", "2009-06-30": "-12742.00000", "2009-03-31": "-13387.00000", "2008-12-31": "-13372.00000", "2008-09-30": "-4199.00000", "2008-06-30": "-4150.00000", "2008-03-31": "-4207.00000", "2007-12-31": "-4506.00000", "2007-09-30": "-6216.00000", "2007-06-30": "-6532.00000", "2007-03-31": "-7136.00000", "2006-12-31": "-7530.00000", "2006-09-30": "-1516.00000", "2006-06-30": "-1497.00000", "2006-03-31": "-1655.00000", "2005-12-31": "-1783.00000", "2005-09-30": "-1710.00000", "2005-06-30": "-1613.00000", "2005-03-31": "-1222.00000"}, "Other Share Holders Equity": {"2020-12-31": "", "2020-09-30": "", "2020-06-30": "", "2020-03-31": "", "2019-12-31": "", "2019-09-30": "", "2019-06-30": "", "2019-03-31": "", "2018-12-31": "", "2018-09-30": "", "2018-06-30": "", "2018-03-31": "", "2017-12-31": "", "2017-09-30": "", "2017-06-30": "", "2017-03-31": "", "2016-12-31": "", "2016-09-30": "", "2016-06-30": "", "2016-03-31": "", "2015-12-31": "", "2015-09-30": "", "2015-06-30": "", "2015-03-31": "", "2014-12-31": "", "2014-09-30": "", "2014-06-30": "", "2014-03-31": "", "2013-12-31": "", "2013-09-30": "", "2013-06-30": "", "2013-03-31": "", "2012-12-31": "", "2012-09-30": "", "2012-06-30": "", "2012-03-31": "", "2011-12-31": "", "2011-09-30": "", "2011-06-30": "", "2011-03-31": "", "2010-12-31": "", "2010-09-30": "", "2010-06-30": "", "2010-03-31": "", "2009-12-31": "", "2009-09-30": "", "2009-06-30": "", "2009-03-31": "", "2008-12-31": "", "2008-09-30": "", "2008-06-30": "", "2008-03-31": "", "2007-12-31": "", "2007-09-30": "", "2007-06-30": "", "2007-03-31": "", "2006-12-31": "", "2006-09-30": "", "2006-06-30": "", "2006-03-31": "", "2005-12-31": "", "2005-09-30": "", "2005-06-30": "", "2005-03-31": ""}, "Share Holder Equity": {"2020-12-31": "69272.00000", "2020-09-30": "66530.00000", "2020-06-30": "64113.00000", "2020-03-31": "61653.00000", "2019-12-31": "62835.00000", "2019-09-30": "60312.00000", "2019-06-30": "57947.00000", "2019-03-31": "57460.00000", "2018-12-31": "54710.00000", "2018-09-30": "56087.00000", "2018-06-30": "53575.00000", "2018-03-31": "52345.00000", "2017-12-31": "44687.00000", "2017-09-30": "28451.00000", "2017-06-30": "26761.00000", "2017-03-31": "25037.00000", "2016-12-31": "24032.00000", "2016-09-30": "21983.00000", "2016-06-30": "20744.00000", "2016-03-31": "20103.00000", "2015-12-31": "17842.00000", "2015-09-30": "14542.00000", "2015-06-30": "12874.00000", "2015-03-31": "10759.00000", "2014-12-31": "13676.00000", "2014-09-30": "17968.00000", "2014-06-30": "16012.00000", "2014-03-31": "13851.00000", "2013-12-31": "95416.00000", "2013-09-30": "90265.00000", "2013-06-30": "87156.00000", "2013-03-31": "87588.00000", "2012-12-31": "85533.00000", "2012-09-30": "92628.00000", "2012-06-30": "90428.00000", "2012-03-31": "88421.00000", "2011-12-31": "85908.00000", "2011-09-30": "87515.00000", "2011-06-30": "90712.00000", "2011-03-31": "88864.00000", "2010-12-31": "86912.00000", "2010-09-30": "84624.00000", "2010-06-30": "84473.00000", "2010-03-31": "84652.00000", "2009-12-31": "84143.00000", "2009-09-30": "84582.00000", "2009-06-30": "82821.00000", "2009-03-31": "80554.00000", "2008-12-31": "78905.00000", "2008-09-30": "50954.00000", "2008-06-30": "50887.00000", "2008-03-31": "50280.00000", "2007-12-31": "50581.00000", "2007-09-30": "49689.00000", "2007-06-30": "49831.00000", "2007-03-31": "48782.00000", "2006-12-31": "48535.00000", "2006-09-30": "46279.00000", "2006-06-30": "44779.00000", "2006-03-31": "44771.00000", "2005-12-31": "39680.00000", "2005-09-30": "39223.00000", "2005-06-30": "38554.00000", "2005-03-31": "37980.00000"}, "Total Liabilities And Share Holders Equity": {"2020-12-31": "316481.00000", "2020-09-30": "296994.00000", "2020-06-30": "293259.00000", "2020-03-31": "294500.00000", "2019-12-31": "291727.00000", "2019-09-30": "284875.00000", "2019-06-30": "283108.00000", "2019-03-31": "283947.00000", "2018-12-31": "264829.00000", "2018-09-30": "265562.00000", "2018-06-30": "263303.00000", "2018-03-31": "264516.00000", "2017-12-31": "257143.00000", "2017-09-30": "254682.00000", "2017-06-30": "252978.00000", "2017-03-31": "246731.00000", "2016-12-31": "244180.00000", "2016-09-30": "239498.00000", "2016-06-30": "231870.00000", "2016-03-31": "244587.00000", "2015-12-31": "244175.00000", "2015-09-30": "242073.00000", "2015-06-30": "240753.00000", "2015-03-31": "235790.00000", "2014-12-31": "232616.00000", "2014-09-30": "226293.00000", "2014-06-30": "224427.00000", "2014-03-31": "221562.00000", "2013-12-31": "274098.00000", "2013-09-30": "276675.00000", "2013-06-30": "223346.00000", "2013-03-31": "226186.00000", "2012-12-31": "225222.00000", "2012-09-30": "231082.00000", "2012-06-30": "226072.00000", "2012-03-31": "222921.00000", "2011-12-31": "230461.00000", "2011-09-30": "228032.00000", "2011-06-30": "223756.00000", "2011-03-31": "228108.00000", "2010-12-31": "220005.00000", "2010-09-30": "220852.00000", "2010-06-30": "226251.00000", "2010-03-31": "227347.00000", "2009-12-31": "226907.00000", "2009-09-30": "226404.00000", "2009-06-30": "224999.00000", "2009-03-31": "226851.00000", "2008-12-31": "202352.00000", "2008-09-30": "204861.00000", "2008-06-30": "200646.00000", "2008-03-31": "191293.00000", "2007-12-31": "186959.00000", "2007-09-30": "185619.00000", "2007-06-30": "184760.00000", "2007-03-31": "184284.00000", "2006-12-31": "188804.00000", "2006-09-30": "185679.00000", "2006-06-30": "183843.00000", "2006-03-31": "182814.00000", "2005-12-31": "168130.00000", "2005-09-30": "168301.00000", "2005-06-30": "169377.00000", "2005-03-31": "164882.00000"}}, "cash flow statement": {"Net Income/Loss": {"2020-12-31": "18348.00000", "2019-12-31": "19788.00000", "2018-12-31": "16039.00000", "2017-12-31": "30550.00000", "2016-12-31": "13608.00000", "2015-12-31": "18375.00000", "2014-12-31": "11956.00000", "2013-12-31": "23547.00000", "2012-12-31": "10557.00000", "2011-12-31": "10198.00000", "2010-12-31": "10217.00000", "2009-12-31": "11601.00000", "2008-12-31": "3962.00000", "2007-12-31": "10574.00000", "2006-12-31": "6197.00000", "2005-12-31": "7397.00000"}, "Total Depreciation And Amortization - Cash Flow": {"2020-12-31": "16720.00000", "2019-12-31": "16682.00000", "2018-12-31": "17403.00000", "2017-12-31": "16954.00000", "2016-12-31": "15928.00000", "2015-12-31": "16017.00000", "2014-12-31": "16533.00000", "2013-12-31": "16606.00000", "2012-12-31": "16460.00000", "2011-12-31": "16496.00000", "2010-12-31": "16405.00000", "2009-12-31": "16534.00000", "2008-12-31": "14610.00000", "2007-12-31": "14377.00000", "2006-12-31": "14545.00000", "2005-12-31": "13615.00000"}, "Other Non-Cash Items": {"2020-12-31": "3864.00000", "2019-12-31": "2590.00000", "2018-12-31": "1855.00000", "2017-12-31": "-17924.00000", "2016-12-31": "2007.00000", "2015-12-31": "3506.00000", "2014-12-31": "7390.00000", "2013-12-31": "1624.00000", "2012-12-31": "8295.00000", "2011-12-31": "8265.00000", "2010-12-31": "8469.00000", "2009-12-31": "6752.00000", "2008-12-31": "13906.00000", "2007-12-31": "4722.00000", "2006-12-31": "3633.00000", "2005-12-31": "4378.00000"}, "Total Non-Cash Items": {"2020-12-31": "20584.00000", "2019-12-31": "19272.00000", "2018-12-31": "19258.00000", "2017-12-31": "-970.00000", "2016-12-31": "17935.00000", "2015-12-31": "19523.00000", "2014-12-31": "23923.00000", "2013-12-31": "18230.00000", "2012-12-31": "24755.00000", "2011-12-31": "24761.00000", "2010-12-31": "24874.00000", "2009-12-31": "23286.00000", "2008-12-31": "28516.00000", "2007-12-31": "19099.00000", "2006-12-31": "18178.00000", "2005-12-31": "17993.00000"}, "Change In Accounts Receivable": {"2020-12-31": "", "2019-12-31": "-1471.00000", "2018-12-31": "-2667.00000", "2017-12-31": "-5674.00000", "2016-12-31": "-5067.00000", "2015-12-31": "-945.00000", "2014-12-31": "-2745.00000", "2013-12-31": "-843.00000", "2012-12-31": "-1717.00000", "2011-12-31": "-966.00000", "2010-12-31": "-859.00000", "2009-12-31": "-1393.00000", "2008-12-31": "-1085.00000", "2007-12-31": "-1931.00000", "2006-12-31": "-1312.00000", "2005-12-31": "-788.00000"}, "Change In Inventories": {"2020-12-31": "", "2019-12-31": "-76.00000", "2018-12-31": "-324.00000", "2017-12-31": "168.00000", "2016-12-31": "61.00000", "2015-12-31": "-99.00000", "2014-12-31": "-132.00000", "2013-12-31": "56.00000", "2012-12-31": "-136.00000", "2011-12-31": "208.00000", "2010-12-31": "299.00000", "2009-12-31": "235.00000", "2008-12-31": "-188.00000", "2007-12-31": "-255.00000", "2006-12-31": "8.00000", "2005-12-31": "-236.00000"}, "Change In Accounts Payable": {"2020-12-31": "", "2019-12-31": "-2359.00000", "2018-12-31": "1777.00000", "2017-12-31": "-459.00000", "2016-12-31": "-1089.00000", "2015-12-31": "2545.00000", "2014-12-31": "1412.00000", "2013-12-31": "925.00000", "2012-12-31": "1144.00000", "2011-12-31": "-1607.00000", "2010-12-31": "1075.00000", "2009-12-31": "-1251.00000", "2008-12-31": "-1701.00000", "2007-12-31": "-567.00000", "2006-12-31": "-383.00000", "2005-12-31": "-899.00000"}, "Change In Assets/Liabilities": {"2020-12-31": "56.00000", "2019-12-31": "-2807.00000", "2018-12-31": "37.00000", "2017-12-31": "27.00000", "2016-12-31": "-660.00000", "2015-12-31": "942.00000", "2014-12-31": "-695.00000", "2013-12-31": "-143.00000", "2012-12-31": "306.00000", "2011-12-31": "86.00000", "2010-12-31": "-313.00000", "2009-12-31": "-102.00000", "2008-12-31": "-59.00000", "2007-12-31": "-140.00000", "2006-12-31": "52.00000", "2005-12-31": "-176.00000"}, "Total Change In Assets/Liabilities": {"2020-12-31": "56.00000", "2019-12-31": "-6713.00000", "2018-12-31": "-1177.00000", "2017-12-31": "-5938.00000", "2016-12-31": "-6755.00000", "2015-12-31": "2443.00000", "2014-12-31": "-2160.00000", "2013-12-31": "-5.00000", "2012-12-31": "-403.00000", "2011-12-31": "-2279.00000", "2010-12-31": "202.00000", "2009-12-31": "-2511.00000", "2008-12-31": "-3033.00000", "2007-12-31": "-2893.00000", "2006-12-31": "-1635.00000", "2005-12-31": "-2099.00000"}, "Cash Flow From Operating Activities": {"2020-12-31": "41768.00000", "2019-12-31": "35746.00000", "2018-12-31": "34339.00000", "2017-12-31": "24318.00000", "2016-12-31": "21689.00000", "2015-12-31": "39027.00000", "2014-12-31": "30631.00000", "2013-12-31": "38818.00000", "2012-12-31": "31486.00000", "2011-12-31": "29780.00000", "2010-12-31": "33363.00000", "2009-12-31": "31390.00000", "2008-12-31": "27452.00000", "2007-12-31": "26839.00000", "2006-12-31": "24106.00000", "2005-12-31": "22025.00000"}, "Net Change In Property, Plant, And Equipment": {"2020-12-31": "-18192.00000", "2019-12-31": "-17939.00000", "2018-12-31": "-16658.00000", "2017-12-31": "-17247.00000", "2016-12-31": "-17059.00000", "2015-12-31": "-17775.00000", "2014-12-31": "-17191.00000", "2013-12-31": "-16604.00000", "2012-12-31": "-16175.00000", "2011-12-31": "-16244.00000", "2010-12-31": "-16458.00000", "2009-12-31": "-16872.00000", "2008-12-31": "-17133.00000", "2007-12-31": "-17538.00000", "2006-12-31": "-17101.00000", "2005-12-31": "-14964.00000"}, "Net Change In Intangible Assets": {"2020-12-31": "-2126.00000", "2019-12-31": "-898.00000", "2018-12-31": "-1429.00000", "2017-12-31": "-583.00000", "2016-12-31": "-534.00000", "2015-12-31": "-9942.00000", "2014-12-31": "2013.00000", "2013-12-31": "1531.00000", "2012-12-31": "-3935.00000", "2011-12-31": "-221.00000", "2010-12-31": "-786.00000", "2009-12-31": "", "2008-12-31": "", "2007-12-31": "", "2006-12-31": "", "2005-12-31": ""}, "Net Acquisitions/Divestitures": {"2020-12-31": "-520.00000", "2019-12-31": "-1.00000", "2018-12-31": "-230.00000", "2017-12-31": "-2266.00000", "2016-12-31": "6117.00000", "2015-12-31": "-3497.00000", "2014-12-31": "-62.00000", "2013-12-31": "-494.00000", "2012-12-31": "-913.00000", "2011-12-31": "-1797.00000", "2010-12-31": "1942.00000", "2009-12-31": "-5958.00000", "2008-12-31": "-15904.00000", "2007-12-31": "-763.00000", "2006-12-31": "-1422.00000", "2005-12-31": "-3358.00000"}, "Net Change In Short-term Investments": {"2020-12-31": "", "2019-12-31": "", "2018-12-31": "", "2017-12-31": "", "2016-12-31": "", "2015-12-31": "", "2014-12-31": "", "2013-12-31": "", "2012-12-31": "", "2011-12-31": "35.00000", "2010-12-31": "-3.00000", "2009-12-31": "84.00000", "2008-12-31": "1677.00000", "2007-12-31": "169.00000", "2006-12-31": "290.00000", "2005-12-31": "-346.00000"}, "Net Change In Long-Term Investments": {"2020-12-31": "", "2019-12-31": "", "2018-12-31": "", "2017-12-31": "", "2016-12-31": "", "2015-12-31": "", "2014-12-31": "", "2013-12-31": "", "2012-12-31": "", "2011-12-31": "", "2010-12-31": "", "2009-12-31": "", "2008-12-31": "", "2007-12-31": "", "2006-12-31": "", "2005-12-31": ""}, "Net Change In Investments - Total": {"2020-12-31": "", "2019-12-31": "", "2018-12-31": "", "2017-12-31": "", "2016-12-31": "", "2015-12-31": "", "2014-12-31": "", "2013-12-31": "", "2012-12-31": "", "2011-12-31": "35.00000", "2010-12-31": "-3.00000", "2009-12-31": "84.00000", "2008-12-31": "1677.00000", "2007-12-31": "169.00000", "2006-12-31": "290.00000", "2005-12-31": "-346.00000"}, "Investing Activities - Other": {"2020-12-31": "-2674.00000", "2019-12-31": "1257.00000", "2018-12-31": "383.00000", "2017-12-31": "1640.00000", "2016-12-31": "1602.00000", "2015-12-31": "1171.00000", "2014-12-31": "-616.00000", "2013-12-31": "734.00000", "2012-12-31": "521.00000", "2011-12-31": "977.00000", "2010-12-31": "251.00000", "2009-12-31": "-410.00000", "2008-12-31": "-114.00000", "2007-12-31": "2024.00000", "2006-12-31": "2617.00000", "2005-12-31": "176.00000"}, "Cash Flow From Investing Activities": {"2020-12-31": "-23512.00000", "2019-12-31": "-17581.00000", "2018-12-31": "-17934.00000", "2017-12-31": "-18456.00000", "2016-12-31": "-9874.00000", "2015-12-31": "-30043.00000", "2014-12-31": "-15856.00000", "2013-12-31": "-14833.00000", "2012-12-31": "-20502.00000", "2011-12-31": "-17250.00000", "2010-12-31": "-15054.00000", "2009-12-31": "-23156.00000", "2008-12-31": "-31474.00000", "2007-12-31": "-16108.00000", "2006-12-31": "-15616.00000", "2005-12-31": "-18492.00000"}, "Net Long-Term Debt": {"2020-12-31": "14269.00000", "2019-12-31": "-5231.00000", "2018-12-31": "-3781.00000", "2017-12-31": "7760.00000", "2016-12-31": "-1209.00000", "2015-12-31": "-2673.00000", "2014-12-31": "13298.00000", "2013-12-31": "41003.00000", "2012-12-31": "-1914.00000", "2011-12-31": "-745.00000", "2010-12-31": "-8136.00000", "2009-12-31": "-7220.00000", "2008-12-31": "17452.00000", "2007-12-31": "-2101.00000", "2006-12-31": "-7250.00000", "2005-12-31": "-2338.00000"}, "Net Current Debt": {"2020-12-31": "", "2019-12-31": "", "2018-12-31": "", "2017-12-31": "", "2016-12-31": "", "2015-12-31": "-344.00000", "2014-12-31": "-475.00000", "2013-12-31": "-142.00000", "2012-12-31": "-1437.00000", "2011-12-31": "1928.00000", "2010-12-31": "-1097.00000", "2009-12-31": "-1652.00000", "2008-12-31": "2389.00000", "2007-12-31": "-3252.00000", "2006-12-31": "7944.00000", "2005-12-31": "2098.00000"}, "Debt Issuance/Retirement Net - Total": {"2020-12-31": "14269.00000", "2019-12-31": "-5231.00000", "2018-12-31": "-3781.00000", "2017-12-31": "7760.00000", "2016-12-31": "-1209.00000", "2015-12-31": "-3017.00000", "2014-12-31": "12823.00000", "2013-12-31": "40861.00000", "2012-12-31": "-3351.00000", "2011-12-31": "1183.00000", "2010-12-31": "-9233.00000", "2009-12-31": "-8872.00000", "2008-12-31": "19841.00000", "2007-12-31": "-5353.00000", "2006-12-31": "694.00000", "2005-12-31": "-240.00000"}, "Net Common Equity Issued/Repurchased": {"2020-12-31": "", "2019-12-31": "", "2018-12-31": "", "2017-12-31": "", "2016-12-31": "", "2015-12-31": "-5134.00000", "2014-12-31": "34.00000", "2013-12-31": "-68.00000", "2012-12-31": "315.00000", "2011-12-31": "241.00000", "2010-12-31": "3083.00000", "2009-12-31": "", "2008-12-31": "-1352.00000", "2007-12-31": "-1569.00000", "2006-12-31": "-1526.00000", "2005-12-31": "-234.00000"}, "Net Total Equity Issued/Repurchased": {"2020-12-31": "", "2019-12-31": "", "2018-12-31": "", "2017-12-31": "", "2016-12-31": "", "2015-12-31": "-5134.00000", "2014-12-31": "34.00000", "2013-12-31": "-68.00000", "2012-12-31": "315.00000", "2011-12-31": "241.00000", "2010-12-31": "3083.00000", "2009-12-31": "", "2008-12-31": "-1352.00000", "2007-12-31": "-1569.00000", "2006-12-31": "-1526.00000", "2005-12-31": "-234.00000"}, "Total Common And Preferred Stock Dividends Paid": {"2020-12-31": "-10232.00000", "2019-12-31": "-10016.00000", "2018-12-31": "-9772.00000", "2017-12-31": "-9472.00000", "2016-12-31": "-9262.00000", "2015-12-31": "-8538.00000", "2014-12-31": "-7803.00000", "2013-12-31": "-5936.00000", "2012-12-31": "-5230.00000", "2011-12-31": "-5555.00000", "2010-12-31": "-5412.00000", "2009-12-31": "-5271.00000", "2008-12-31": "-4994.00000", "2007-12-31": "-4773.00000", "2006-12-31": "-4719.00000", "2005-12-31": "-4427.00000"}, "Financial Activities - Other": {"2020-12-31": "-2712.00000", "2019-12-31": "-2917.00000", "2018-12-31": "-1824.00000", "2017-12-31": "-4439.00000", "2016-12-31": "-2905.00000", "2015-12-31": "1577.00000", "2014-12-31": "-62759.00000", "2013-12-31": "-8407.00000", "2012-12-31": "-12987.00000", "2011-12-31": "-1705.00000", "2010-12-31": "-2088.00000", "2009-12-31": "-1864.00000", "2008-12-31": "-844.00000", "2007-12-31": "-1102.00000", "2006-12-31": "-480.00000", "2005-12-31": "-133.00000"}, "Cash Flow From Financial Activities": {"2020-12-31": "1325.00000", "2019-12-31": "-18164.00000", "2018-12-31": "-15377.00000", "2017-12-31": "-6151.00000", "2016-12-31": "-13376.00000", "2015-12-31": "-15112.00000", "2014-12-31": "-57705.00000", "2013-12-31": "26450.00000", "2012-12-31": "-21253.00000", "2011-12-31": "-5836.00000", "2010-12-31": "-13650.00000", "2009-12-31": "-16007.00000", "2008-12-31": "12651.00000", "2007-12-31": "-12797.00000", "2006-12-31": "-6031.00000", "2005-12-31": "-5034.00000"}, "Net Cash Flow": {"2020-12-31": "19581.00000", "2019-12-31": "1.00000", "2018-12-31": "1028.00000", "2017-12-31": "-289.00000", "2016-12-31": "-1561.00000", "2015-12-31": "-6128.00000", "2014-12-31": "-42930.00000", "2013-12-31": "50435.00000", "2012-12-31": "-10269.00000", "2011-12-31": "6694.00000", "2010-12-31": "4659.00000", "2009-12-31": "-7773.00000", "2008-12-31": "8629.00000", "2007-12-31": "-2066.00000", "2006-12-31": "2459.00000", "2005-12-31": "-1501.00000"}, "Stock-Based Compensation": {"2020-12-31": "", "2019-12-31": "", "2018-12-31": "", "2017-12-31": "", "2016-12-31": "", "2015-12-31": "", "2014-12-31": "", "2013-12-31": "", "2012-12-31": "", "2011-12-31": "", "2010-12-31": "", "2009-12-31": "", "2008-12-31": "", "2007-12-31": "", "2006-12-31": "", "2005-12-31": ""}, "Common Stock Dividends Paid": {"2020-12-31": "-10232.00000", "2019-12-31": "-10016.00000", "2018-12-31": "-9772.00000", "2017-12-31": "-9472.00000", "2016-12-31": "-9262.00000", "2015-12-31": "-8538.00000", "2014-12-31": "-7803.00000", "2013-12-31": "-5936.00000", "2012-12-31": "-5230.00000", "2011-12-31": "-5555.00000", "2010-12-31": "-5412.00000", "2009-12-31": "-5271.00000", "2008-12-31": "-4994.00000", "2007-12-31": "-4773.00000", "2006-12-31": "-4719.00000", "2005-12-31": "-4427.00000"}}, "cash flow statement, quarterly": {"Net Income/Loss": {"2020-12-31": 4718, "2020-09-30": 4504, "2020-06-30": 4839, "2020-03-31": "4287.00000", "2019-12-31": 5217, "2019-09-30": 5337, "2019-06-30": 4074, "2019-03-31": "5160.00000", "2018-12-31": 2065, "2018-09-30": 5062, "2018-06-30": 4246, "2018-03-31": "4666.00000", "2017-12-31": 18783, "2017-09-30": 3736, "2017-06-30": 4478, "2017-03-31": "3553.00000", "2016-12-31": 4600, "2016-09-30": 3747, "2016-06-30": 831, "2016-03-31": "4430.00000", "2015-12-31": 5513, "2015-09-30": 4171, "2015-06-30": 4353, "2015-03-31": "4338.00000", "2014-12-31": -2148, "2014-09-30": 3794, "2014-06-30": 4324, "2014-03-31": "5986.00000", "2013-12-31": 7916, "2013-09-30": 5578, "2013-06-30": 5198, "2013-03-31": "4855.00000", "2012-12-31": -1926, "2012-09-30": 4292, "2012-06-30": 4285, "2012-03-31": "3906.00000", "2011-12-31": -212, "2011-09-30": 3542, "2011-06-30": 3604, "2011-03-31": "3264.00000", "2010-12-31": 4648, "2010-09-30": 2698, "2010-06-30": 553, "2010-03-31": "2318.00000", "2009-12-31": 2344, "2009-09-30": 2887, "2009-06-30": 3160, "2009-03-31": "3210.00000", "2008-12-31": -5690, "2008-09-30": 3199, "2008-06-30": 3404, "2008-03-31": "3049.00000", "2007-12-31": 6125, "2007-09-30": 1271, "2007-06-30": 1683, "2007-03-31": "1495.00000", "2006-12-31": 1032, "2006-09-30": 1922, "2006-06-30": 1611, "2006-03-31": "1632.00000", "2005-12-31": 1658, "2005-09-30": 1869, "2005-06-30": 2113, "2005-03-31": "1757.00000"}, "Total Depreciation And Amortization - Cash Flow": {"2020-12-31": 4197, "2020-09-30": 4192, "2020-06-30": 4181, "2020-03-31": "4150.00000", "2019-12-31": 4105, "2019-09-30": 4114, "2019-06-30": 4232, "2019-03-31": "4231.00000", "2018-12-31": 4352, "2018-09-30": 4377, "2018-06-30": 4350, "2018-03-31": "4324.00000", "2017-12-31": 4456, "2017-09-30": 4272, "2017-06-30": 4167, "2017-03-31": "4059.00000", "2016-12-31": 3987, "2016-09-30": 3942, "2016-06-30": 3982, "2016-03-31": "4017.00000", "2015-12-31": 4039, "2015-09-30": 4009, "2015-06-30": 3980, "2015-03-31": "3989.00000", "2014-12-31": 4068, "2014-09-30": 4167, "2014-06-30": 4161, "2014-03-31": "4137.00000", "2013-12-31": 4183, "2013-09-30": 4154, "2013-06-30": 4151, "2013-03-31": "4118.00000", "2012-12-31": 4137, "2012-09-30": 4167, "2012-06-30": 4128, "2012-03-31": "4028.00000", "2011-12-31": 4180, "2011-09-30": 4179, "2011-06-30": 4113, "2011-03-31": "4024.00000", "2010-12-31": 4083, "2010-09-30": 4023, "2010-06-30": 4177, "2010-03-31": "4122.00000", "2009-12-31": 4243, "2009-09-30": 4172, "2009-06-30": 4091, "2009-03-31": "4028.00000", "2008-12-31": 3792, "2008-09-30": 3652, "2008-06-30": 3584, "2008-03-31": "3582.00000", "2007-12-31": 3666, "2007-09-30": 3605, "2007-06-30": 3573, "2007-03-31": "3533.00000", "2006-12-31": 3665, "2006-09-30": 3606, "2006-06-30": 3607, "2006-03-31": "3667.00000", "2005-12-31": 3396, "2005-09-30": 3433, "2005-06-30": 3326, "2005-03-31": "3460.00000"}, "Other Non-Cash Items": {"2020-12-31": 1300, "2020-09-30": 1839, "2020-06-30": 234, "2020-03-31": "491.00000", "2019-12-31": 636, "2019-09-30": 1172, "2019-06-30": 478, "2019-03-31": "304.00000", "2018-12-31": 1407, "2018-09-30": 343, "2018-06-30": 285, "2018-03-31": "-180.00000", "2017-12-31": -15924, "2017-09-30": 829, "2017-06-30": -1690, "2017-03-31": "-1139.00000", "2016-12-31": -1064, "2016-09-30": 1426, "2016-06-30": 740, "2016-03-31": "905.00000", "2015-12-31": 198, "2015-09-30": 1105, "2015-06-30": 669, "2015-03-31": "1534.00000", "2014-12-31": 6734, "2014-09-30": 1209, "2014-06-30": 984, "2014-03-31": "-1537.00000", "2013-12-31": -2682, "2013-09-30": 1728, "2013-06-30": 1131, "2013-03-31": "1447.00000", "2012-12-31": 4992, "2012-09-30": 943, "2012-06-30": 1140, "2012-03-31": "1220.00000", "2011-12-31": 4080, "2011-09-30": 1655, "2011-06-30": 1183, "2011-03-31": "1347.00000", "2010-12-31": 144, "2010-09-30": 3109, "2010-06-30": 1977, "2010-03-31": "3239.00000", "2009-12-31": 609, "2009-09-30": 2611, "2009-06-30": 2185, "2009-03-31": "1347.00000", "2008-12-31": 9407, "2008-09-30": 916, "2008-06-30": 2286, "2008-03-31": "1297.00000", "2007-12-31": 2690, "2007-09-30": 907, "2007-06-30": 641, "2007-03-31": "484.00000", "2006-12-31": 1336, "2006-09-30": 909, "2006-06-30": 424, "2006-03-31": "964.00000", "2005-12-31": 3918, "2005-09-30": 570, "2005-06-30": -331, "2005-03-31": "221.00000"}, "Total Non-Cash Items": {"2020-12-31": 5497, "2020-09-30": 6031, "2020-06-30": 4415, "2020-03-31": "4641.00000", "2019-12-31": 4741, "2019-09-30": 5286, "2019-06-30": 4710, "2019-03-31": "4535.00000", "2018-12-31": 5759, "2018-09-30": 4720, "2018-06-30": 4635, "2018-03-31": "4144.00000", "2017-12-31": -11468, "2017-09-30": 5101, "2017-06-30": 2477, "2017-03-31": "2920.00000", "2016-12-31": 2923, "2016-09-30": 5368, "2016-06-30": 4722, "2016-03-31": "4922.00000", "2015-12-31": 4237, "2015-09-30": 5114, "2015-06-30": 4649, "2015-03-31": "5523.00000", "2014-12-31": 10802, "2014-09-30": 5376, "2014-06-30": 5145, "2014-03-31": "2600.00000", "2013-12-31": 1501, "2013-09-30": 5882, "2013-06-30": 5282, "2013-03-31": "5565.00000", "2012-12-31": 9129, "2012-09-30": 5110, "2012-06-30": 5268, "2012-03-31": "5248.00000", "2011-12-31": 8260, "2011-09-30": 5834, "2011-06-30": 5296, "2011-03-31": "5371.00000", "2010-12-31": 4227, "2010-09-30": 7132, "2010-06-30": 6154, "2010-03-31": "7361.00000", "2009-12-31": 4852, "2009-09-30": 6783, "2009-06-30": 6276, "2009-03-31": "5375.00000", "2008-12-31": 13199, "2008-09-30": 4568, "2008-06-30": 5870, "2008-03-31": "4879.00000", "2007-12-31": 6356, "2007-09-30": 4512, "2007-06-30": 4214, "2007-03-31": "4017.00000", "2006-12-31": 5001, "2006-09-30": 4515, "2006-06-30": 4031, "2006-03-31": "4631.00000", "2005-12-31": 7314, "2005-09-30": 4003, "2005-06-30": 2995, "2005-03-31": "3681.00000"}, "Change In Accounts Receivable": {"2020-12-31": 0, "2020-09-30": 0, "2020-06-30": 0, "2020-03-31": "", "2019-12-31": -1471, "2019-09-30": 0, "2019-06-30": 0, "2019-03-31": "", "2018-12-31": -2667, "2018-09-30": 0, "2018-06-30": 0, "2018-03-31": "", "2017-12-31": -5674, "2017-09-30": 0, "2017-06-30": 0, "2017-03-31": "", "2016-12-31": -5067, "2016-09-30": 0, "2016-06-30": 0, "2016-03-31": "", "2015-12-31": -945, "2015-09-30": 0, "2015-06-30": 0, "2015-03-31": "", "2014-12-31": -2745, "2014-09-30": 0, "2014-06-30": 0, "2014-03-31": "", "2013-12-31": -843, "2013-09-30": 0, "2013-06-30": 0, "2013-03-31": "", "2012-12-31": -1717, "2012-09-30": 0, "2012-06-30": 0, "2012-03-31": "", "2011-12-31": -966, "2011-09-30": 0, "2011-06-30": 0, "2011-03-31": "", "2010-12-31": -859, "2010-09-30": 0, "2010-06-30": 0, "2010-03-31": "", "2009-12-31": -1393, "2009-09-30": 0, "2009-06-30": 0, "2009-03-31": "", "2008-12-31": -1085, "2008-09-30": 0, "2008-06-30": 0, "2008-03-31": "", "2007-12-31": -1931, "2007-09-30": 0, "2007-06-30": 0, "2007-03-31": "", "2006-12-31": -1312, "2006-09-30": 0, "2006-06-30": 0, "2006-03-31": "", "2005-12-31": -788, "2005-09-30": 0, "2005-06-30": 0, "2005-03-31": ""}, "Change In Inventories": {"2020-12-31": 0, "2020-09-30": 0, "2020-06-30": 0, "2020-03-31": "", "2019-12-31": -76, "2019-09-30": 0, "2019-06-30": 0, "2019-03-31": "", "2018-12-31": -324, "2018-09-30": 0, "2018-06-30": 0, "2018-03-31": "", "2017-12-31": 168, "2017-09-30": 0, "2017-06-30": 0, "2017-03-31": "", "2016-12-31": 61, "2016-09-30": 0, "2016-06-30": 0, "2016-03-31": "", "2015-12-31": -99, "2015-09-30": 0, "2015-06-30": 0, "2015-03-31": "", "2014-12-31": -132, "2014-09-30": 0, "2014-06-30": 0, "2014-03-31": "", "2013-12-31": 56, "2013-09-30": 0, "2013-06-30": 0, "2013-03-31": "", "2012-12-31": -136, "2012-09-30": 0, "2012-06-30": 0, "2012-03-31": "", "2011-12-31": 208, "2011-09-30": 0, "2011-06-30": 0, "2011-03-31": "", "2010-12-31": 299, "2010-09-30": 0, "2010-06-30": 0, "2010-03-31": "", "2009-12-31": 235, "2009-09-30": 0, "2009-06-30": 0, "2009-03-31": "", "2008-12-31": -188, "2008-09-30": 0, "2008-06-30": 0, "2008-03-31": "", "2007-12-31": -255, "2007-09-30": 0, "2007-06-30": 0, "2007-03-31": "", "2006-12-31": 8, "2006-09-30": 0, "2006-06-30": 0, "2006-03-31": "", "2005-12-31": -236, "2005-09-30": 0, "2005-06-30": 0, "2005-03-31": ""}, "Change In Accounts Payable": {"2020-12-31": 0, "2020-09-30": 0, "2020-06-30": 0, "2020-03-31": "", "2019-12-31": -2359, "2019-09-30": 0, "2019-06-30": 0, "2019-03-31": "", "2018-12-31": 1777, "2018-09-30": 0, "2018-06-30": 0, "2018-03-31": "", "2017-12-31": -459, "2017-09-30": 0, "2017-06-30": 0, "2017-03-31": "", "2016-12-31": -1089, "2016-09-30": 0, "2016-06-30": 0, "2016-03-31": "", "2015-12-31": 2545, "2015-09-30": 0, "2015-06-30": 0, "2015-03-31": "", "2014-12-31": 1412, "2014-09-30": 0, "2014-06-30": 0, "2014-03-31": "", "2013-12-31": 925, "2013-09-30": 0, "2013-06-30": 0, "2013-03-31": "", "2012-12-31": 1144, "2012-09-30": 0, "2012-06-30": 0, "2012-03-31": "", "2011-12-31": -1607, "2011-09-30": 0, "2011-06-30": 0, "2011-03-31": "", "2010-12-31": 1075, "2010-09-30": 0, "2010-06-30": 0, "2010-03-31": "", "2009-12-31": -1251, "2009-09-30": 0, "2009-06-30": 0, "2009-03-31": "", "2008-12-31": -1701, "2008-09-30": 0, "2008-06-30": 0, "2008-03-31": "", "2007-12-31": -567, "2007-09-30": 0, "2007-06-30": 0, "2007-03-31": "", "2006-12-31": -383, "2006-09-30": 0, "2006-06-30": 0, "2006-03-31": "", "2005-12-31": -899, "2005-09-30": 0, "2005-06-30": 0, "2005-03-31": ""}, "Change In Assets/Liabilities": {"2020-12-31": -1289, "2020-09-30": -1952, "2020-06-30": 4505, "2020-03-31": "-1208.00000", "2019-12-31": 1095, "2019-09-30": 691, "2019-06-30": -1891, "2019-03-31": "-2702.00000", "2018-12-31": 1981, "2018-09-30": -406, "2018-06-30": 495, "2018-03-31": "-2033.00000", "2017-12-31": 6284, "2017-09-30": -2536, "2017-06-30": 1277, "2017-03-31": "-4998.00000", "2016-12-31": 4357, "2016-09-30": -2943, "2016-06-30": -912, "2016-03-31": "-1162.00000", "2015-12-31": -501, "2015-09-30": 1027, "2015-06-30": 1304, "2015-03-31": "-888.00000", "2014-12-31": 121, "2014-09-30": 31, "2014-06-30": 779, "2014-03-31": "-1626.00000", "2013-12-31": 935, "2013-09-30": 582, "2013-06-30": -169, "2013-03-31": "-1491.00000", "2012-12-31": 503, "2012-09-30": 939, "2012-06-30": 444, "2012-03-31": "-1580.00000", "2011-12-31": 2639, "2011-09-30": -192, "2011-06-30": -291, "2011-03-31": "-2070.00000", "2010-12-31": -953, "2010-09-30": -862, "2010-06-30": 2545, "2010-03-31": "-1043.00000", "2009-12-31": 2235, "2009-09-30": -267, "2009-06-30": -1677, "2009-03-31": "-393.00000", "2008-12-31": 2399, "2008-09-30": -149, "2008-06-30": -1745, "2008-03-31": "-564.00000", "2007-12-31": 2156, "2007-09-30": -295, "2007-06-30": -885, "2007-03-31": "-1116.00000", "2006-12-31": 1569, "2006-09-30": -537, "2006-06-30": -598, "2006-03-31": "-382.00000", "2005-12-31": 1740, "2005-09-30": -670, "2005-06-30": -996, "2005-03-31": "-250.00000"}, "Total Change In Assets/Liabilities": {"2020-12-31": -1289, "2020-09-30": -1952, "2020-06-30": 4505, "2020-03-31": "-1208.00000", "2019-12-31": -2811, "2019-09-30": 691, "2019-06-30": -1891, "2019-03-31": "-2702.00000", "2018-12-31": 767, "2018-09-30": -406, "2018-06-30": 495, "2018-03-31": "-2033.00000", "2017-12-31": 319, "2017-09-30": -2536, "2017-06-30": 1277, "2017-03-31": "-4998.00000", "2016-12-31": -1738, "2016-09-30": -2943, "2016-06-30": -912, "2016-03-31": "-1162.00000", "2015-12-31": 1000, "2015-09-30": 1027, "2015-06-30": 1304, "2015-03-31": "-888.00000", "2014-12-31": -1344, "2014-09-30": 31, "2014-06-30": 779, "2014-03-31": "-1626.00000", "2013-12-31": 1073, "2013-09-30": 582, "2013-06-30": -169, "2013-03-31": "-1491.00000", "2012-12-31": -206, "2012-09-30": 939, "2012-06-30": 444, "2012-03-31": "-1580.00000", "2011-12-31": 274, "2011-09-30": -192, "2011-06-30": -291, "2011-03-31": "-2070.00000", "2010-12-31": -438, "2010-09-30": -862, "2010-06-30": 2545, "2010-03-31": "-1043.00000", "2009-12-31": -174, "2009-09-30": -267, "2009-06-30": -1677, "2009-03-31": "-393.00000", "2008-12-31": -575, "2008-09-30": -149, "2008-06-30": -1745, "2008-03-31": "-564.00000", "2007-12-31": -597, "2007-09-30": -295, "2007-06-30": -885, "2007-03-31": "-1116.00000", "2006-12-31": -118, "2006-09-30": -537, "2006-06-30": -598, "2006-03-31": "-382.00000", "2005-12-31": -183, "2005-09-30": -670, "2005-06-30": -996, "2005-03-31": "-250.00000"}, "Cash Flow From Operating Activities": {"2020-12-31": 9296, "2020-09-30": 8920, "2020-06-30": 14728, "2020-03-31": "8824.00000", "2019-12-31": 8998, "2019-09-30": 10912, "2019-06-30": 8755, "2019-03-31": "7081.00000", "2018-12-31": 8095, "2018-09-30": 9811, "2018-06-30": 9785, "2018-03-31": "6648.00000", "2017-12-31": 7843, "2017-09-30": 7169, "2017-06-30": 7930, "2017-03-31": "1376.00000", "2016-12-31": 3965, "2016-09-30": 4816, "2016-06-30": 5411, "2016-03-31": "7497.00000", "2015-12-31": 10601, "2015-09-30": 9520, "2015-06-30": 8737, "2015-03-31": "10169.00000", "2014-12-31": 7474, "2014-09-30": 8353, "2014-06-30": 7665, "2014-03-31": "7139.00000", "2013-12-31": 10431, "2013-09-30": 11239, "2013-06-30": 9617, "2013-03-31": "7531.00000", "2012-12-31": 6728, "2012-09-30": 9487, "2012-06-30": 9314, "2012-03-31": "5957.00000", "2011-12-31": 8268, "2011-09-30": 8720, "2011-06-30": 7757, "2011-03-31": "5035.00000", "2010-12-31": 8249, "2010-09-30": 8307, "2010-06-30": 9723, "2010-03-31": "7084.00000", "2009-12-31": 8272, "2009-09-30": 8981, "2009-06-30": 7515, "2009-03-31": "6622.00000", "2008-12-31": 7518, "2008-09-30": 7299, "2008-06-30": 7245, "2008-03-31": "5390.00000", "2007-12-31": 9390, "2007-09-30": 6457, "2007-06-30": 6475, "2007-03-31": "4517.00000", "2006-12-31": 5840, "2006-09-30": 6713, "2006-06-30": 5487, "2006-03-31": "6066.00000", "2005-12-31": 6750, "2005-09-30": 5363, "2005-06-30": 5976, "2005-03-31": "3936.00000"}, "Net Change In Property, Plant, And Equipment": {"2020-12-31": -4024, "2020-09-30": -4318, "2020-06-30": -4576, "2020-03-31": "-5274.00000", "2019-12-31": -5607, "2019-09-30": -4365, "2019-06-30": -3699, "2019-03-31": "-4268.00000", "2018-12-31": -4632, "2018-09-30": -4188, "2018-06-30": -3286, "2018-03-31": "-4552.00000", "2017-12-31": -5965, "2017-09-30": -4271, "2017-06-30": -3944, "2017-03-31": "-3067.00000", "2016-12-31": -5661, "2016-09-30": -4125, "2016-06-30": -3886, "2016-03-31": "-3387.00000", "2015-12-31": -5235, "2015-09-30": -4387, "2015-06-30": -4488, "2015-03-31": "-3665.00000", "2014-12-31": -4567, "2014-09-30": -4130, "2014-06-30": -4344, "2014-03-31": "-4150.00000", "2013-12-31": -4797, "2013-09-30": -4191, "2013-06-30": -4014, "2013-03-31": "-3602.00000", "2012-12-31": -4860, "2012-09-30": -3885, "2012-06-30": -3865, "2012-03-31": "-3565.00000", "2011-12-31": -3698, "2011-09-30": -3628, "2011-06-30": -4555, "2011-03-31": "-4363.00000", "2010-12-31": -4714, "2010-09-30": -4125, "2010-06-30": -4196, "2010-03-31": "-3423.00000", "2009-12-31": -4422, "2009-09-30": -4356, "2009-06-30": -4387, "2009-03-31": "-3707.00000", "2008-12-31": -4558, "2008-09-30": -4178, "2008-06-30": -4177, "2008-03-31": "-4220.00000", "2007-12-31": -4746, "2007-09-30": -4277, "2007-06-30": -4352, "2007-03-31": "-4163.00000", "2006-12-31": -4823, "2006-09-30": -3993, "2006-06-30": -4264, "2006-03-31": "-4021.00000", "2005-12-31": -3601, "2005-09-30": -3825, "2005-06-30": -3944, "2005-03-31": "-3594.00000"}, "Net Change In Intangible Assets": {"2020-12-31": -139, "2020-09-30": -186, "2020-06-30": -1591, "2020-03-31": "-210.00000", "2019-12-31": -599, "2019-09-30": -100, "2019-06-30": -95, "2019-03-31": "-104.00000", "2018-12-31": -122, "2018-09-30": -152, "2018-06-30": -185, "2018-03-31": "-970.00000", "2017-12-31": -114, "2017-09-30": -154, "2017-06-30": -119, "2017-03-31": "-196.00000", "2016-12-31": -124, "2016-09-30": -128, "2016-06-30": -151, "2016-03-31": "-131.00000", "2015-12-31": -131, "2015-09-30": -134, "2015-06-30": -122, "2015-03-31": "-9555.00000", "2014-12-31": -11, "2014-09-30": -72, "2014-06-30": 2309, "2014-03-31": "-213.00000", "2013-12-31": -150, "2013-09-30": 1945, "2013-06-30": -147, "2013-03-31": "-117.00000", "2012-12-31": -119, "2012-09-30": -3783, "2012-06-30": -8, "2012-03-31": "-25.00000", "2011-12-31": -45, "2011-09-30": -176, "2011-06-30": 0, "2011-03-31": "", "2010-12-31": -786, "2010-09-30": 0, "2010-06-30": 0, "2010-03-31": "", "2009-12-31": 0, "2009-09-30": 0, "2009-06-30": 0, "2009-03-31": "", "2008-12-31": 0, "2008-09-30": 0, "2008-06-30": 0, "2008-03-31": "", "2007-12-31": 0, "2007-09-30": 0, "2007-06-30": 0, "2007-03-31": "", "2006-12-31": 0, "2006-09-30": 0, "2006-06-30": 0, "2006-03-31": "", "2005-12-31": 0, "2005-09-30": 0, "2005-06-30": 0, "2005-03-31": ""}, "Net Acquisitions/Divestitures": {"2020-12-31": -13, "2020-09-30": -108, "2020-06-30": -399, "2020-03-31": "", "2019-12-31": 1, "2019-09-30": 26, "2019-06-30": -3, "2019-03-31": "-25.00000", "2018-12-31": -191, "2018-09-30": -1, "2018-06-30": -6, "2018-03-31": "-32.00000", "2017-12-31": 367, "2017-09-30": 86, "2017-06-30": -973, "2017-03-31": "-1746.00000", "2016-12-31": -2802, "2016-09-30": -785, "2016-06-30": 9865, "2016-03-31": "-161.00000", "2015-12-31": -292, "2015-09-30": 20, "2015-06-30": -3223, "2015-03-31": "-2.00000", "2014-12-31": -2, "2014-09-30": 119, "2014-06-30": -22, "2014-03-31": "-157.00000", "2013-12-31": -413, "2013-09-30": -5, "2013-06-30": -55, "2013-03-31": "-21.00000", "2012-12-31": -75, "2012-09-30": -635, "2012-06-30": -63, "2012-03-31": "-140.00000", "2011-12-31": -119, "2011-09-30": -10, "2011-06-30": -1564, "2011-03-31": "-104.00000", "2010-12-31": 375, "2010-09-30": -489, "2010-06-30": 2330, "2010-03-31": "-274.00000", "2009-12-31": -331, "2009-09-30": -260, "2009-06-30": -249, "2009-03-31": "-5118.00000", "2008-12-31": 74, "2008-09-30": -1485, "2008-06-30": -13562, "2008-03-31": "-931.00000", "2007-12-31": -66, "2007-09-30": -68, "2007-06-30": -505, "2007-03-31": "-124.00000", "2006-12-31": -2475, "2006-09-30": -418, "2006-06-30": -55, "2006-03-31": "1526.00000", "2005-12-31": -54, "2005-09-30": -192, "2005-06-30": -1934, "2005-03-31": "-1178.00000"}, "Net Change In Short-term Investments": {"2020-12-31": 0, "2020-09-30": 0, "2020-06-30": 0, "2020-03-31": "", "2019-12-31": 0, "2019-09-30": 0, "2019-06-30": 0, "2019-03-31": "", "2018-12-31": 0, "2018-09-30": 0, "2018-06-30": 0, "2018-03-31": "", "2017-12-31": 0, "2017-09-30": 0, "2017-06-30": 0, "2017-03-31": "", "2016-12-31": 0, "2016-09-30": 0, "2016-06-30": 0, "2016-03-31": "", "2015-12-31": 0, "2015-09-30": 0, "2015-06-30": 0, "2015-03-31": "", "2014-12-31": 0, "2014-09-30": 0, "2014-06-30": 0, "2014-03-31": "", "2013-12-31": 0, "2013-09-30": 0, "2013-06-30": 0, "2013-03-31": "", "2012-12-31": -28, "2012-09-30": 7, "2012-06-30": 5, "2012-03-31": "16.00000", "2011-12-31": -8, "2011-09-30": -4, "2011-06-30": 23, "2011-03-31": "24.00000", "2010-12-31": 31, "2010-09-30": -17, "2010-06-30": 23, "2010-03-31": "-40.00000", "2009-12-31": 6, "2009-09-30": -41, "2009-06-30": 39, "2009-03-31": "80.00000", "2008-12-31": 439, "2008-09-30": 502, "2008-06-30": 495, "2008-03-31": "241.00000", "2007-12-31": -1098, "2007-09-30": 519, "2007-06-30": 466, "2007-03-31": "282.00000", "2006-12-31": -1216, "2006-09-30": 488, "2006-06-30": 585, "2006-03-31": "433.00000", "2005-12-31": -1284, "2005-09-30": 404, "2005-06-30": 297, "2005-03-31": "237.00000"}, "Net Change In Long-Term Investments": {"2020-12-31": 0, "2020-09-30": 0, "2020-06-30": 0, "2020-03-31": "", "2019-12-31": 0, "2019-09-30": 0, "2019-06-30": 0, "2019-03-31": "", "2018-12-31": 0, "2018-09-30": 0, "2018-06-30": 0, "2018-03-31": "", "2017-12-31": 0, "2017-09-30": 0, "2017-06-30": 0, "2017-03-31": "", "2016-12-31": 0, "2016-09-30": 0, "2016-06-30": 0, "2016-03-31": "", "2015-12-31": 0, "2015-09-30": 0, "2015-06-30": 0, "2015-03-31": "", "2014-12-31": 0, "2014-09-30": 0, "2014-06-30": 0, "2014-03-31": "", "2013-12-31": 0, "2013-09-30": 0, "2013-06-30": 0, "2013-03-31": "", "2012-12-31": 0, "2012-09-30": 0, "2012-06-30": 0, "2012-03-31": "", "2011-12-31": 0, "2011-09-30": 0, "2011-06-30": 0, "2011-03-31": "", "2010-12-31": 0, "2010-09-30": 0, "2010-06-30": 0, "2010-03-31": "", "2009-12-31": 0, "2009-09-30": 0, "2009-06-30": 0, "2009-03-31": "", "2008-12-31": 0, "2008-09-30": 0, "2008-06-30": 0, "2008-03-31": "", "2007-12-31": 0, "2007-09-30": 0, "2007-06-30": 0, "2007-03-31": "", "2006-12-31": 0, "2006-09-30": 0, "2006-06-30": 0, "2006-03-31": "", "2005-12-31": 0, "2005-09-30": 0, "2005-06-30": 0, "2005-03-31": ""}, "Net Change In Investments - Total": {"2020-12-31": 0, "2020-09-30": 0, "2020-06-30": 0, "2020-03-31": "", "2019-12-31": 0, "2019-09-30": 0, "2019-06-30": 0, "2019-03-31": "", "2018-12-31": 0, "2018-09-30": 0, "2018-06-30": 0, "2018-03-31": "", "2017-12-31": 0, "2017-09-30": 0, "2017-06-30": 0, "2017-03-31": "", "2016-12-31": 0, "2016-09-30": 0, "2016-06-30": 0, "2016-03-31": "", "2015-12-31": 0, "2015-09-30": 0, "2015-06-30": 0, "2015-03-31": "", "2014-12-31": 0, "2014-09-30": 0, "2014-06-30": 0, "2014-03-31": "", "2013-12-31": 0, "2013-09-30": 0, "2013-06-30": 0, "2013-03-31": "", "2012-12-31": -28, "2012-09-30": 7, "2012-06-30": 5, "2012-03-31": "16.00000", "2011-12-31": -8, "2011-09-30": -4, "2011-06-30": 23, "2011-03-31": "24.00000", "2010-12-31": 31, "2010-09-30": -17, "2010-06-30": 23, "2010-03-31": "-40.00000", "2009-12-31": 6, "2009-09-30": -41, "2009-06-30": 39, "2009-03-31": "80.00000", "2008-12-31": 439, "2008-09-30": 502, "2008-06-30": 495, "2008-03-31": "241.00000", "2007-12-31": -1098, "2007-09-30": 519, "2007-06-30": 466, "2007-03-31": "282.00000", "2006-12-31": -1216, "2006-09-30": 488, "2006-06-30": 585, "2006-03-31": "433.00000", "2005-12-31": -1284, "2005-09-30": 404, "2005-06-30": 297, "2005-03-31": "237.00000"}, "Investing Activities - Other": {"2020-12-31": -867, "2020-09-30": -1733, "2020-06-30": 1422, "2020-03-31": "-1496.00000", "2019-12-31": 781, "2019-09-30": 871, "2019-06-30": 11, "2019-03-31": "-406.00000", "2018-12-31": 147, "2018-09-30": -67, "2018-06-30": 34, "2018-03-31": "269.00000", "2017-12-31": 243, "2017-09-30": 611, "2017-06-30": 327, "2017-03-31": "459.00000", "2016-12-31": 1252, "2016-09-30": -154, "2016-06-30": 261, "2016-03-31": "243.00000", "2015-12-31": 211, "2015-09-30": 76, "2015-06-30": 838, "2015-03-31": "46.00000", "2014-12-31": -846, "2014-09-30": -1, "2014-06-30": 242, "2014-03-31": "-11.00000", "2013-12-31": 550, "2013-09-30": 63, "2013-06-30": -20, "2013-03-31": "141.00000", "2012-12-31": 5, "2012-09-30": 455, "2012-06-30": 20, "2012-03-31": "41.00000", "2011-12-31": 32, "2011-09-30": 278, "2011-06-30": 599, "2011-03-31": "68.00000", "2010-12-31": 100, "2010-09-30": 114, "2010-06-30": -77, "2010-03-31": "114.00000", "2009-12-31": -461, "2009-09-30": -13, "2009-06-30": 78, "2009-03-31": "-14.00000", "2008-12-31": 453, "2008-09-30": -453, "2008-06-30": -206, "2008-03-31": "92.00000", "2007-12-31": 286, "2007-09-30": 219, "2007-06-30": 701, "2007-03-31": "818.00000", "2006-12-31": 2220, "2006-09-30": 87, "2006-06-30": -4, "2006-03-31": "314.00000", "2005-12-31": 72, "2005-09-30": 910, "2005-06-30": -1029, "2005-03-31": "223.00000"}, "Cash Flow From Investing Activities": {"2020-12-31": -5043, "2020-09-30": -6345, "2020-06-30": -5144, "2020-03-31": "-6980.00000", "2019-12-31": -5424, "2019-09-30": -3568, "2019-06-30": -3786, "2019-03-31": "-4803.00000", "2018-12-31": -4798, "2018-09-30": -4408, "2018-06-30": -3443, "2018-03-31": "-5285.00000", "2017-12-31": -5469, "2017-09-30": -3728, "2017-06-30": -4709, "2017-03-31": "-4550.00000", "2016-12-31": -7335, "2016-09-30": -5192, "2016-06-30": 6089, "2016-03-31": "-3436.00000", "2015-12-31": -5447, "2015-09-30": -4425, "2015-06-30": -6995, "2015-03-31": "-13176.00000", "2014-12-31": -5426, "2014-09-30": -4084, "2014-06-30": -1815, "2014-03-31": "-4531.00000", "2013-12-31": -4810, "2013-09-30": -2188, "2013-06-30": -4236, "2013-03-31": "-3599.00000", "2012-12-31": -5077, "2012-09-30": -7841, "2012-06-30": -3911, "2012-03-31": "-3673.00000", "2011-12-31": -3838, "2011-09-30": -3540, "2011-06-30": -5497, "2011-03-31": "-4375.00000", "2010-12-31": -4994, "2010-09-30": -4517, "2010-06-30": -1920, "2010-03-31": "-3623.00000", "2009-12-31": -5208, "2009-09-30": -4670, "2009-06-30": -4519, "2009-03-31": "-8759.00000", "2008-12-31": -3592, "2008-09-30": -5614, "2008-06-30": -17450, "2008-03-31": "-4818.00000", "2007-12-31": -5624, "2007-09-30": -3607, "2007-06-30": -3690, "2007-03-31": "-3187.00000", "2006-12-31": -6294, "2006-09-30": -3836, "2006-06-30": -3738, "2006-03-31": "-1748.00000", "2005-12-31": -4867, "2005-09-30": -2703, "2005-06-30": -6610, "2005-03-31": "-4312.00000"}, "Net Long-Term Debt": {"2020-12-31": 13022, "2020-09-30": 2243, "2020-06-30": -5759, "2020-03-31": "4763.00000", "2019-12-31": 186, "2019-09-30": -3189, "2019-06-30": -1700, "2019-03-31": "-528.00000", "2018-12-31": -238, "2018-09-30": -1275, "2018-06-30": -2418, "2018-03-31": "150.00000", "2017-12-31": -576, "2017-09-30": -257, "2017-06-30": -152, "2017-03-31": "8745.00000", "2016-12-31": 2555, "2016-09-30": 7536, "2016-06-30": -10924, "2016-03-31": "-376.00000", "2015-12-31": -2002, "2015-09-30": -1371, "2015-06-30": -221, "2015-03-31": "921.00000", "2014-12-31": 4317, "2014-09-30": 53, "2014-06-30": -73, "2014-03-31": "9001.00000", "2013-12-31": -5771, "2013-09-30": 48605, "2013-06-30": -2258, "2013-03-31": "427.00000", "2012-12-31": 964, "2012-09-30": -987, "2012-06-30": -63, "2012-03-31": "-1828.00000", "2011-12-31": 165, "2011-09-30": 6, "2011-06-30": -6804, "2011-03-31": "5888.00000", "2010-12-31": -195, "2010-09-30": -3347, "2010-06-30": -4075, "2010-03-31": "-519.00000", "2009-12-31": -294, "2009-09-30": -793, "2009-06-30": 3680, "2009-03-31": "-9813.00000", "2008-12-31": 8298, "2008-09-30": 2859, "2008-06-30": 3283, "2008-03-31": "3012.00000", "2007-12-31": -509, "2007-09-30": -183, "2007-06-30": 481, "2007-03-31": "-1890.00000", "2006-12-31": -2502, "2006-09-30": -30, "2006-06-30": -2560, "2006-03-31": "-2158.00000", "2005-12-31": -1453, "2005-09-30": 1054, "2005-06-30": -1563, "2005-03-31": "-376.00000"}, "Net Current Debt": {"2020-12-31": 0, "2020-09-30": 0, "2020-06-30": 0, "2020-03-31": "", "2019-12-31": 0, "2019-09-30": 0, "2019-06-30": 0, "2019-03-31": "", "2018-12-31": 0, "2018-09-30": 0, "2018-06-30": 0, "2018-03-31": "", "2017-12-31": 0, "2017-09-30": 152, "2017-06-30": -100, "2017-03-31": "-52.00000", "2016-12-31": 120, "2016-09-30": -730, "2016-06-30": 650, "2016-03-31": "-40.00000", "2015-12-31": -39, "2015-09-30": -199, "2015-06-30": -588, "2015-03-31": "482.00000", "2014-12-31": -49, "2014-09-30": -705, "2014-06-30": 27, "2014-03-31": "252.00000", "2013-12-31": 182, "2013-09-30": 108, "2013-06-30": -1013, "2013-03-31": "581.00000", "2012-12-31": -1812, "2012-09-30": 1262, "2012-06-30": 847, "2012-03-31": "-1734.00000", "2011-12-31": 111, "2011-09-30": 805, "2011-06-30": -1372, "2011-03-31": "2384.00000", "2010-12-31": 0, "2010-09-30": -1000, "2010-06-30": 0, "2010-03-31": "-97.00000", "2009-12-31": -198, "2009-09-30": -1351, "2009-06-30": -8011, "2009-03-31": "7908.00000", "2008-12-31": -1743, "2008-09-30": -2797, "2008-06-30": 4000, "2008-03-31": "2929.00000", "2007-12-31": 186, "2007-09-30": -941, "2007-06-30": -2638, "2007-03-31": "141.00000", "2006-12-31": 6113, "2006-09-30": -754, "2006-06-30": 2571, "2006-03-31": "14.00000", "2005-12-31": 989, "2005-09-30": -3288, "2005-06-30": 4063, "2005-03-31": "334.00000"}, "Debt Issuance/Retirement Net - Total": {"2020-12-31": 13022, "2020-09-30": 2243, "2020-06-30": -5759, "2020-03-31": "4763.00000", "2019-12-31": 186, "2019-09-30": -3189, "2019-06-30": -1700, "2019-03-31": "-528.00000", "2018-12-31": -238, "2018-09-30": -1275, "2018-06-30": -2418, "2018-03-31": "150.00000", "2017-12-31": -576, "2017-09-30": -105, "2017-06-30": -252, "2017-03-31": "8693.00000", "2016-12-31": 2675, "2016-09-30": 6806, "2016-06-30": -10274, "2016-03-31": "-416.00000", "2015-12-31": -2041, "2015-09-30": -1570, "2015-06-30": -809, "2015-03-31": "1403.00000", "2014-12-31": 4268, "2014-09-30": -652, "2014-06-30": -46, "2014-03-31": "9253.00000", "2013-12-31": -5589, "2013-09-30": 48713, "2013-06-30": -3271, "2013-03-31": "1008.00000", "2012-12-31": -848, "2012-09-30": 275, "2012-06-30": 784, "2012-03-31": "-3562.00000", "2011-12-31": 276, "2011-09-30": 811, "2011-06-30": -8176, "2011-03-31": "8272.00000", "2010-12-31": -195, "2010-09-30": -4347, "2010-06-30": -4075, "2010-03-31": "-616.00000", "2009-12-31": -492, "2009-09-30": -2144, "2009-06-30": -4331, "2009-03-31": "-1905.00000", "2008-12-31": 6555, "2008-09-30": 62, "2008-06-30": 7283, "2008-03-31": "5941.00000", "2007-12-31": -323, "2007-09-30": -1124, "2007-06-30": -2157, "2007-03-31": "-1749.00000", "2006-12-31": 3611, "2006-09-30": -784, "2006-06-30": 11, "2006-03-31": "-2144.00000", "2005-12-31": -464, "2005-09-30": -2234, "2005-06-30": 2500, "2005-03-31": "-42.00000"}, "Net Common Equity Issued/Repurchased": {"2020-12-31": 0, "2020-09-30": 0, "2020-06-30": 0, "2020-03-31": "", "2019-12-31": 0, "2019-09-30": 0, "2019-06-30": 0, "2019-03-31": "", "2018-12-31": 0, "2018-09-30": 0, "2018-06-30": 0, "2018-03-31": "", "2017-12-31": 0, "2017-09-30": 0, "2017-06-30": 0, "2017-03-31": "", "2016-12-31": 0, "2016-09-30": 0, "2016-06-30": 0, "2016-03-31": "", "2015-12-31": -31, "2015-09-30": -29, "2015-06-30": -74, "2015-03-31": "-5000.00000", "2014-12-31": 0, "2014-09-30": 0, "2014-06-30": 0, "2014-03-31": "34.00000", "2013-12-31": 9, "2013-09-30": 2, "2013-06-30": 18, "2013-03-31": "-97.00000", "2012-12-31": 37, "2012-09-30": 68, "2012-06-30": 141, "2012-03-31": "69.00000", "2011-12-31": 102, "2011-09-30": 17, "2011-06-30": 52, "2011-03-31": "70.00000", "2010-12-31": 0, "2010-09-30": 3083, "2010-06-30": 0, "2010-03-31": "", "2009-12-31": 0, "2009-09-30": 0, "2009-06-30": 0, "2009-03-31": "", "2008-12-31": 1, "2008-09-30": -251, "2008-06-30": -110, "2008-03-31": "-992.00000", "2007-12-31": -629, "2007-09-30": -541, "2007-06-30": -82, "2007-03-31": "-317.00000", "2006-12-31": -293, "2006-09-30": -293, "2006-06-30": -606, "2006-03-31": "-334.00000", "2005-12-31": -50, "2005-09-30": -22, "2005-06-30": -69, "2005-03-31": "-93.00000"}, "Net Total Equity Issued/Repurchased": {"2020-12-31": 0, "2020-09-30": 0, "2020-06-30": 0, "2020-03-31": "", "2019-12-31": 0, "2019-09-30": 0, "2019-06-30": 0, "2019-03-31": "", "2018-12-31": 0, "2018-09-30": 0, "2018-06-30": 0, "2018-03-31": "", "2017-12-31": 0, "2017-09-30": 0, "2017-06-30": 0, "2017-03-31": "", "2016-12-31": 0, "2016-09-30": 0, "2016-06-30": 0, "2016-03-31": "", "2015-12-31": -31, "2015-09-30": -29, "2015-06-30": -74, "2015-03-31": "-5000.00000", "2014-12-31": 0, "2014-09-30": 0, "2014-06-30": 0, "2014-03-31": "34.00000", "2013-12-31": 9, "2013-09-30": 2, "2013-06-30": 18, "2013-03-31": "-97.00000", "2012-12-31": 37, "2012-09-30": 68, "2012-06-30": 141, "2012-03-31": "69.00000", "2011-12-31": 102, "2011-09-30": 17, "2011-06-30": 52, "2011-03-31": "70.00000", "2010-12-31": 0, "2010-09-30": 3083, "2010-06-30": 0, "2010-03-31": "", "2009-12-31": 0, "2009-09-30": 0, "2009-06-30": 0, "2009-03-31": "", "2008-12-31": 1, "2008-09-30": -251, "2008-06-30": -110, "2008-03-31": "-992.00000", "2007-12-31": -629, "2007-09-30": -541, "2007-06-30": -82, "2007-03-31": "-317.00000", "2006-12-31": -293, "2006-09-30": -293, "2006-06-30": -606, "2006-03-31": "-334.00000", "2005-12-31": -50, "2005-09-30": -22, "2005-06-30": -69, "2005-03-31": "-93.00000"}, "Total Common And Preferred Stock Dividends Paid": {"2020-12-31": -2596, "2020-09-30": -2546, "2020-06-30": -2543, "2020-03-31": "-2547.00000", "2019-12-31": -2542, "2019-09-30": -2493, "2019-06-30": -2492, "2019-03-31": "-2489.00000", "2018-12-31": -2489, "2018-09-30": -2438, "2018-06-30": -2438, "2018-03-31": "-2407.00000", "2017-12-31": -2405, "2017-09-30": -2357, "2017-06-30": -2356, "2017-03-31": "-2354.00000", "2016-12-31": -2354, "2016-09-30": -2303, "2016-06-30": -2303, "2016-03-31": "-2302.00000", "2015-12-31": -2165, "2015-09-30": -2107, "2015-06-30": -2113, "2015-03-31": "-2153.00000", "2014-12-31": -2150, "2014-09-30": -2070, "2014-06-30": -2066, "2014-03-31": "-1517.00000", "2013-12-31": -1516, "2013-09-30": -1474, "2013-06-30": -1474, "2013-03-31": "-1472.00000", "2012-12-31": -1343, "2012-09-30": -1300, "2012-06-30": -1296, "2012-03-31": "-1291.00000", "2011-12-31": -1416, "2011-09-30": -1380, "2011-06-30": -1380, "2011-03-31": "-1379.00000", "2010-12-31": -1378, "2010-09-30": -1344, "2010-06-30": -1343, "2010-03-31": "-1347.00000", "2009-12-31": -1351, "2009-09-30": -1306, "2009-06-30": -1307, "2009-03-31": "-1307.00000", "2008-12-31": -1307, "2008-09-30": -1223, "2008-06-30": -1227, "2008-03-31": "-1237.00000", "2007-12-31": -1244, "2007-09-30": -1186, "2007-06-30": -1164, "2007-03-31": "-1179.00000", "2006-12-31": -1182, "2006-09-30": -1172, "2006-06-30": -1180, "2006-03-31": "-1185.00000", "2005-12-31": -1119, "2005-09-30": -1120, "2005-06-30": -1122, "2005-03-31": "-1066.00000"}, "Financial Activities - Other": {"2020-12-31": -1364, "2020-09-30": -1202, "2020-06-30": -493, "2020-03-31": "347.00000", "2019-12-31": -1507, "2019-09-30": -576, "2019-06-30": -1194, "2019-03-31": "360.00000", "2018-12-31": -229, "2018-09-30": -843, "2018-06-30": -1693, "2018-03-31": "941.00000", "2017-12-31": -1573, "2017-09-30": -1035, "2017-06-30": -157, "2017-03-31": "-1674.00000", "2016-12-31": -483, "2016-09-30": -543, "2016-06-30": -1912, "2016-03-31": "33.00000", "2015-12-31": -322, "2015-09-30": -522, "2015-06-30": -124, "2015-03-31": "2545.00000", "2014-12-31": -786, "2014-09-30": -105, "2014-06-30": -869, "2014-03-31": "-60999.00000", "2013-12-31": -1707, "2013-09-30": -1370, "2013-06-30": -4341, "2013-03-31": "-989.00000", "2012-12-31": -6118, "2012-09-30": -976, "2012-06-30": -940, "2012-03-31": "-4953.00000", "2011-12-31": -354, "2011-09-30": -544, "2011-06-30": -523, "2011-03-31": "-284.00000", "2010-12-31": -408, "2010-09-30": -549, "2010-06-30": -661, "2010-03-31": "-470.00000", "2009-12-31": -428, "2009-09-30": -465, "2009-06-30": -517, "2009-03-31": "-454.00000", "2008-12-31": -89, "2008-09-30": -159, "2008-06-30": -644, "2008-03-31": "48.00000", "2007-12-31": -1132, "2007-09-30": 60, "2007-06-30": -27, "2007-03-31": "-3.00000", "2006-12-31": -308, "2006-09-30": 31, "2006-06-30": -36, "2006-03-31": "-167.00000", "2005-12-31": -77, "2005-09-30": -73, "2005-06-30": 38, "2005-03-31": "-21.00000"}, "Cash Flow From Financial Activities": {"2020-12-31": 9062, "2020-09-30": -1505, "2020-06-30": -8795, "2020-03-31": "2563.00000", "2019-12-31": -3863, "2019-09-30": -6258, "2019-06-30": -5386, "2019-03-31": "-2657.00000", "2018-12-31": -2956, "2018-09-30": -4556, "2018-06-30": -6549, "2018-03-31": "-1316.00000", "2017-12-31": -4554, "2017-09-30": -3497, "2017-06-30": -2765, "2017-03-31": "4665.00000", "2016-12-31": -162, "2016-09-30": 3960, "2016-06-30": -14489, "2016-03-31": "-2685.00000", "2015-12-31": -4559, "2015-09-30": -4228, "2015-06-30": -3120, "2015-03-31": "-3205.00000", "2014-12-31": 1332, "2014-09-30": -2827, "2014-06-30": -2981, "2014-03-31": "-53229.00000", "2013-12-31": -8803, "2013-09-30": 45871, "2013-06-30": -9068, "2013-03-31": "-1550.00000", "2012-12-31": -8272, "2012-09-30": -1933, "2012-06-30": -1311, "2012-03-31": "-9737.00000", "2011-12-31": -1392, "2011-09-30": -1096, "2011-06-30": -10027, "2011-03-31": "6679.00000", "2010-12-31": -1981, "2010-09-30": -3157, "2010-06-30": -6079, "2010-03-31": "-2433.00000", "2009-12-31": -2271, "2009-09-30": -3915, "2009-06-30": -6155, "2009-03-31": "-3666.00000", "2008-12-31": 5160, "2008-09-30": -1571, "2008-06-30": 5302, "2008-03-31": "3760.00000", "2007-12-31": -3328, "2007-09-30": -2791, "2007-06-30": -3430, "2007-03-31": "-3248.00000", "2006-12-31": 1828, "2006-09-30": -2218, "2006-06-30": -1811, "2006-03-31": "-3830.00000", "2005-12-31": -1710, "2005-09-30": -3449, "2005-06-30": 1347, "2005-03-31": "-1222.00000"}, "Net Cash Flow": {"2020-12-31": 13315, "2020-09-30": 1070, "2020-06-30": 789, "2020-03-31": "4407.00000", "2019-12-31": -289, "2019-09-30": 1086, "2019-06-30": -417, "2019-03-31": "-379.00000", "2018-12-31": 341, "2018-09-30": 847, "2018-06-30": -207, "2018-03-31": "47.00000", "2017-12-31": -2180, "2017-09-30": -56, "2017-06-30": 456, "2017-03-31": "1491.00000", "2016-12-31": -3532, "2016-09-30": 3584, "2016-06-30": -2989, "2016-03-31": "1376.00000", "2015-12-31": 595, "2015-09-30": 867, "2015-06-30": -1378, "2015-03-31": "-6212.00000", "2014-12-31": 3380, "2014-09-30": 1442, "2014-06-30": 2869, "2014-03-31": "-50621.00000", "2013-12-31": -3182, "2013-09-30": 54922, "2013-06-30": -3687, "2013-03-31": "2382.00000", "2012-12-31": -6621, "2012-09-30": -287, "2012-06-30": 4092, "2012-03-31": "-7453.00000", "2011-12-31": 3038, "2011-09-30": 4084, "2011-06-30": -7767, "2011-03-31": "7339.00000", "2010-12-31": 1274, "2010-09-30": 633, "2010-06-30": 1724, "2010-03-31": "1028.00000", "2009-12-31": 793, "2009-09-30": 396, "2009-06-30": -3159, "2009-03-31": "-5803.00000", "2008-12-31": 9086, "2008-09-30": 114, "2008-06-30": -4903, "2008-03-31": "4332.00000", "2007-12-31": 438, "2007-09-30": 59, "2007-06-30": -645, "2007-03-31": "-1918.00000", "2006-12-31": 1374, "2006-09-30": 659, "2006-06-30": -62, "2006-03-31": "488.00000", "2005-12-31": 173, "2005-09-30": -789, "2005-06-30": 713, "2005-03-31": "-1598.00000"}, "Stock-Based Compensation": {"2020-12-31": 0, "2020-09-30": 0, "2020-06-30": 0, "2020-03-31": "", "2019-12-31": 0, "2019-09-30": 0, "2019-06-30": 0, "2019-03-31": "", "2018-12-31": 0, "2018-09-30": 0, "2018-06-30": 0, "2018-03-31": "", "2017-12-31": 0, "2017-09-30": 0, "2017-06-30": 0, "2017-03-31": "", "2016-12-31": 0, "2016-09-30": 0, "2016-06-30": 0, "2016-03-31": "", "2015-12-31": 0, "2015-09-30": 0, "2015-06-30": 0, "2015-03-31": "", "2014-12-31": 0, "2014-09-30": 0, "2014-06-30": 0, "2014-03-31": "", "2013-12-31": 0, "2013-09-30": 0, "2013-06-30": 0, "2013-03-31": "", "2012-12-31": 0, "2012-09-30": 0, "2012-06-30": 0, "2012-03-31": "", "2011-12-31": 0, "2011-09-30": 0, "2011-06-30": 0, "2011-03-31": "", "2010-12-31": 0, "2010-09-30": 0, "2010-06-30": 0, "2010-03-31": "", "2009-12-31": 0, "2009-09-30": 0, "2009-06-30": 0, "2009-03-31": "", "2008-12-31": 0, "2008-09-30": 0, "2008-06-30": 0, "2008-03-31": "", "2007-12-31": 0, "2007-09-30": 0, "2007-06-30": 0, "2007-03-31": "", "2006-12-31": 0, "2006-09-30": 0, "2006-06-30": 0, "2006-03-31": "", "2005-12-31": 0, "2005-09-30": 0, "2005-06-30": 0, "2005-03-31": ""}, "Common Stock Dividends Paid": {"2020-12-31": -2596, "2020-09-30": -2546, "2020-06-30": -2543, "2020-03-31": "-2547.00000", "2019-12-31": -2542, "2019-09-30": -2493, "2019-06-30": -2492, "2019-03-31": "-2489.00000", "2018-12-31": -2489, "2018-09-30": -2438, "2018-06-30": -2438, "2018-03-31": "-2407.00000", "2017-12-31": -2405, "2017-09-30": -2357, "2017-06-30": -2356, "2017-03-31": "-2354.00000", "2016-12-31": -2354, "2016-09-30": -2303, "2016-06-30": -2303, "2016-03-31": "-2302.00000", "2015-12-31": -2165, "2015-09-30": -2107, "2015-06-30": -2113, "2015-03-31": "-2153.00000", "2014-12-31": -2150, "2014-09-30": -2070, "2014-06-30": -2066, "2014-03-31": "-1517.00000", "2013-12-31": -1516, "2013-09-30": -1474, "2013-06-30": -1474, "2013-03-31": "-1472.00000", "2012-12-31": -1343, "2012-09-30": -1300, "2012-06-30": -1296, "2012-03-31": "-1291.00000", "2011-12-31": -1416, "2011-09-30": -1380, "2011-06-30": -1380, "2011-03-31": "-1379.00000", "2010-12-31": -1378, "2010-09-30": -1344, "2010-06-30": -1343, "2010-03-31": "-1347.00000", "2009-12-31": -1351, "2009-09-30": -1306, "2009-06-30": -1307, "2009-03-31": "-1307.00000", "2008-12-31": -1307, "2008-09-30": -1223, "2008-06-30": -1227, "2008-03-31": "-1237.00000", "2007-12-31": -1244, "2007-09-30": -1186, "2007-06-30": -1164, "2007-03-31": "-1179.00000", "2006-12-31": -1182, "2006-09-30": -1172, "2006-06-30": -1180, "2006-03-31": "-1185.00000", "2005-12-31": -1119, "2005-09-30": -1120, "2005-06-30": -1122, "2005-03-31": "-1066.00000"}}, "financial ratios": {"Current Ratio": {"2019-12-31": "0.83520", "2018-12-31": "0.91320", "2017-12-31": "0.90540", "2016-12-31": "0.87000", "2015-12-31": "0.63780", "2014-12-31": "1.05400", "2013-12-31": "2.62450", "2012-12-31": "0.78780", "2011-12-31": "1.00580", "2010-12-31": "0.73040", "2009-12-31": "0.74630", "2008-12-31": "1.00650", "2007-12-31": "0.75570", "2006-12-31": "0.69820", "2005-12-31": "0.72360"}, "Long-term Debt / Capital": {"2019-12-31": "0.61580", "2018-12-31": "0.61300", "2017-12-31": "0.71780", "2016-12-31": "0.81440", "2015-12-31": "0.85260", "2014-12-31": "0.88990", "2013-12-31": "0.48440", "2012-12-31": "0.35760", "2011-12-31": "0.36930", "2010-12-31": "0.34240", "2009-12-31": "0.39550", "2008-12-31": "0.37310", "2007-12-31": "0.35800", "2006-12-31": "0.37120", "2005-12-31": "0.44310"}, "Debt/Equity Ratio": {"2019-12-31": "1.77430", "2018-12-31": "1.66200", "2017-12-31": "2.62030", "2016-12-31": "4.49730", "2015-12-31": "6.15000", "2014-12-31": "8.28250", "2013-12-31": "0.98090", "2012-12-31": "0.60780", "2011-12-31": "0.64200", "2010-12-31": "0.60740", "2009-12-31": "0.73990", "2008-12-31": "0.65840", "2007-12-31": "0.61600", "2006-12-31": "0.74920", "2005-12-31": "0.96410"}, "Gross Margin": {"2019-12-31": "58.49940", "2018-12-31": "57.58310", "2017-12-31": "57.89790", "2016-12-31": "58.16720", "2015-12-31": "60.06910", "2014-12-31": "60.70870", "2013-12-31": "62.76480", "2012-12-31": "60.05470", "2011-12-31": "58.62460", "2010-12-31": "58.57080", "2009-12-31": "58.64960", "2008-12-31": "60.33550", "2007-12-31": "59.82950", "2006-12-31": "59.95900", "2005-12-31": "64.88820"}, "Operating Margin": {"2019-12-31": "23.03670", "2018-12-31": "17.02390", "2017-12-31": "21.76000", "2016-12-31": "23.21720", "2015-12-31": "25.11780", "2014-12-31": "15.42270", "2013-12-31": "26.51850", "2012-12-31": "11.35990", "2011-12-31": "11.61670", "2010-12-31": "13.74280", "2009-12-31": "14.82080", "2008-12-31": "2.68300", "2007-12-31": "16.66650", "2006-12-31": "15.16520", "2005-12-31": "18.09750"}, "EBIT Margin": {"2019-12-31": "23.03670", "2018-12-31": "17.02390", "2017-12-31": "21.76000", "2016-12-31": "23.21720", "2015-12-31": "25.11780", "2014-12-31": "15.42270", "2013-12-31": "26.51850", "2012-12-31": "11.35990", "2011-12-31": "11.61670", "2010-12-31": "13.74280", "2009-12-31": "14.82080", "2008-12-31": "2.68300", "2007-12-31": "16.66650", "2006-12-31": "15.16520", "2005-12-31": "18.09750"}, "EBITDA Margin": {"2019-12-31": "35.68720", "2018-12-31": "30.32260", "2017-12-31": "35.21190", "2016-12-31": "35.86050", "2015-12-31": "37.28690", "2014-12-31": "28.43270", "2013-12-31": "40.29370", "2012-12-31": "25.56840", "2011-12-31": "26.49470", "2010-12-31": "29.13720", "2009-12-31": "30.15730", "2008-12-31": "17.69010", "2007-12-31": "32.04810", "2006-12-31": "31.65950", "2005-12-31": "37.68230"}, "Pre-Tax Profit Margin": {"2019-12-31": "17.23920", "2018-12-31": "14.99510", "2017-12-31": "16.34000", "2016-12-31": "16.65820", "2015-12-31": "21.45570", "2014-12-31": "12.01620", "2013-12-31": "24.28620", "2012-12-31": "8.54320", "2011-12-31": "9.45480", "2010-12-31": "11.90260", "2009-12-31": "12.54080", "2008-12-31": "1.68770", "2007-12-31": "15.56130", "2006-12-31": "9.24680", "2005-12-31": "12.15230"}, "Net Profit Margin": {"2019-12-31": "14.60930", "2018-12-31": "11.86580", "2017-12-31": "23.88320", "2016-12-31": "10.41990", "2015-12-31": "13.58380", "2014-12-31": "7.57400", "2013-12-31": "9.53710", "2012-12-31": "0.75530", "2011-12-31": "2.16820", "2010-12-31": "2.39200", "2009-12-31": "4.53960", "2008-12-31": "-2.25260", "2007-12-31": "5.90680", "2006-12-31": "7.02750", "2005-12-31": "10.64040"}, "Asset Turnover": {"2019-12-31": "0.45200", "2018-12-31": "0.49410", "2017-12-31": "0.49010", "2016-12-31": "0.51590", "2015-12-31": "0.53900", "2014-12-31": "0.54630", "2013-12-31": "0.43980", "2012-12-31": "0.51440", "2011-12-31": "0.48110", "2010-12-31": "0.48440", "2009-12-31": "0.47510", "2008-12-31": "0.48110", "2007-12-31": "0.49990", "2006-12-31": "0.46710", "2005-12-31": "0.41350"}, "Inventory Turnover Ratio": {"2019-12-31": "38.48520", "2018-12-31": "41.54790", "2017-12-31": "51.31820", "2016-12-31": "43.84440", "2015-12-31": "41.97840", "2014-12-31": "43.30530", "2013-12-31": "44.00690", "2012-12-31": "43.04650", "2011-12-31": "48.80320", "2010-12-31": "39.03540", "2009-12-31": "31.26160", "2008-12-31": "18.45840", "2007-12-31": "21.71600", "2006-12-31": "23.32170", "2005-12-31": "16.03750"}, "Receiveable Turnover": {"2019-12-31": "5.18570", "2018-12-31": "5.21330", "2017-12-31": "5.36470", "2016-12-31": "7.19350", "2015-12-31": "9.78080", "2014-12-31": "9.08160", "2013-12-31": "9.69130", "2012-12-31": "9.21170", "2011-12-31": "9.41530", "2010-12-31": "9.04550", "2009-12-31": "8.57460", "2008-12-31": "8.31870", "2007-12-31": "7.96430", "2006-12-31": "8.09680", "2005-12-31": "8.14600"}, "Days Sales In Receivables": {"2019-12-31": "70.38540", "2018-12-31": "70.01390", "2017-12-31": "68.03680", "2016-12-31": "50.74020", "2015-12-31": "37.31810", "2014-12-31": "40.19110", "2013-12-31": "37.66270", "2012-12-31": "39.62360", "2011-12-31": "38.76650", "2010-12-31": "40.35160", "2009-12-31": "42.56780", "2008-12-31": "43.87690", "2007-12-31": "45.82950", "2006-12-31": "45.07970", "2005-12-31": "44.80720"}, "ROE - Return On Equity": {"2019-12-31": "31.49200", "2018-12-31": "29.31640", "2017-12-31": "68.36440", "2016-12-31": "56.62450", "2015-12-31": "102.98730", "2014-12-31": "87.42320", "2013-12-31": "24.67830", "2012-12-31": "12.34260", "2011-12-31": "11.87080", "2010-12-31": "11.75560", "2009-12-31": "13.78720", "2008-12-31": "5.02120", "2007-12-31": "20.88330", "2006-12-31": "11.29080", "2005-12-31": "15.18900"}, "Return On Tangible Equity": {"2019-12-31": "-29.93150", "2018-12-31": "-21.73040", "2017-12-31": "-36.74130", "2016-12-31": "-13.78120", "2015-12-31": "-18.07570", "2014-12-31": "-12.86240", "2013-12-31": "-218.73660", "2012-12-31": "-47.37690", "2011-12-31": "-61.51900", "2010-12-31": "-73.49300", "2009-12-31": "-67.60490", "2008-12-31": "69.54540", "2007-12-31": "-101.10070", "2006-12-31": "-41.45550", "2005-12-31": "-48.27780"}, "ROA - Return On Assets": {"2019-12-31": "6.78310", "2018-12-31": "6.05640", "2017-12-31": "11.88060", "2016-12-31": "5.57290", "2015-12-31": "7.52530", "2014-12-31": "5.13980", "2013-12-31": "8.59070", "2012-12-31": "4.68740", "2011-12-31": "4.42500", "2010-12-31": "4.64400", "2009-12-31": "5.11270", "2008-12-31": "1.95800", "2007-12-31": "5.64990", "2006-12-31": "2.90250", "2005-12-31": "3.58470"}, "ROI - Return On Investment": {"2019-12-31": "12.09930", "2018-12-31": "11.34460", "2017-12-31": "19.29530", "2016-12-31": "10.51100", "2015-12-31": "15.17570", "2014-12-31": "9.62550", "2013-12-31": "12.72300", "2012-12-31": "7.92860", "2011-12-31": "7.48690", "2010-12-31": "7.73050", "2009-12-31": "8.33440", "2008-12-31": "3.14780", "2007-12-31": "13.40760", "2006-12-31": "7.10020", "2005-12-31": "8.45910"}, "Book Value Per Share": {"2019-12-31": "15.19290", "2018-12-31": "13.24050", "2017-12-31": "10.95410", "2016-12-31": "5.89500", "2015-12-31": "4.38040", "2014-12-31": "3.29150", "2013-12-31": "33.33890", "2012-12-31": "29.92160", "2011-12-31": "30.31320", "2010-12-31": "30.74330", "2009-12-31": "29.67310", "2008-12-31": "27.77840", "2007-12-31": "17.58220", "2006-12-31": "16.67010", "2005-12-31": "14.35910"}, "Operating Cash Flow Per Share": {"2019-12-31": 0.3238, "2018-12-31": 2.3633, "2017-12-31": 0.6391, "2016-12-31": -4.227, "2015-12-31": 1.8408, "2014-12-31": -5.8123, "2013-12-31": 2.5052, "2012-12-31": 0.5118, "2011-12-31": -1.287, "2010-12-31": 0.7277, "2009-12-31": 1.4132, "2008-12-31": 0.3873, "2007-12-31": 1.0435, "2006-12-31": 0.3863, "2005-12-31": 7.8186}, "Free Cash Flow Per Share": {"2019-12-31": 0.0222, "2018-12-31": 2.5497, "2017-12-31": 0.5962, "2016-12-31": -4.0592, "2015-12-31": 1.8163, "2014-12-31": -4.3533, "2013-12-31": 2.3795, "2012-12-31": 0.5819, "2011-12-31": -1.1993, "2010-12-31": 0.857, "2009-12-31": 1.4882, "2008-12-31": 0.417, "2007-12-31": 0.8207, "2006-12-31": -0.1223, "2005-12-31": 2.5066}}, "financial ratios, quarterly": {"Current Ratio": {"2020-09-30": "1.06600", "2020-06-30": "0.96010", "2020-03-31": "0.99140", "2019-12-31": "0.83520", "2019-09-30": "0.89000", "2019-06-30": "0.87160", "2019-03-31": "0.86510", "2018-12-31": "0.91320", "2018-09-30": "0.97040", "2018-06-30": "0.95510", "2018-03-31": "0.98130", "2017-12-31": "0.90540", "2017-09-30": "1.06700", "2017-06-30": "1.03840", "2017-03-31": "1.01850", "2016-12-31": "0.87000", "2016-09-30": "0.84560", "2016-06-30": "0.60580", "2016-03-31": "0.70890", "2015-12-31": "0.63780", "2015-09-30": "0.63110", "2015-06-30": "0.70160", "2015-03-31": "0.79530", "2014-12-31": "1.05400", "2014-09-30": "0.92130", "2014-06-30": "0.86390", "2014-03-31": "0.91790", "2013-12-31": "2.62450", "2013-09-30": "2.43320", "2013-06-30": "0.75220", "2013-03-31": "0.80210", "2012-12-31": "0.78780", "2012-09-30": "0.96150", "2012-06-30": "1.02950", "2012-03-31": "1.02610", "2011-12-31": "1.00580", "2011-09-30": "0.80180", "2011-06-30": "0.82090", "2011-03-31": "0.91380", "2010-12-31": "0.73040", "2010-09-30": "0.74190", "2010-06-30": "0.66160", "2010-03-31": "0.79840", "2009-12-31": "0.74630", "2009-09-30": "0.80660", "2009-06-30": "0.81400", "2009-03-31": "0.62390", "2008-12-31": "1.00650", "2008-09-30": "0.67660", "2008-06-30": "0.60190", "2008-03-31": "0.90720", "2007-12-31": "0.75570", "2007-09-30": "0.70520", "2007-06-30": "0.69640", "2007-03-31": "0.64120", "2006-12-31": "0.69820", "2006-09-30": "0.61210", "2006-06-30": "0.61960", "2006-03-31": "0.60260", "2005-12-31": "0.72360", "2005-09-30": "0.64610", "2005-06-30": "0.60740", "2005-03-31": "0.73450"}, "Long-term Debt / Capital": {"2020-09-30": "0.62270", "2020-06-30": "0.62350", "2020-03-31": "0.63350", "2019-12-31": "0.61580", "2019-09-30": "0.62790", "2019-06-30": "0.64350", "2019-03-31": "0.64640", "2018-12-31": "0.61300", "2018-09-30": "0.65490", "2018-06-30": "0.67080", "2018-03-31": "0.68290", "2017-12-31": "0.71780", "2017-09-30": "0.80210", "2017-06-30": "0.81310", "2017-03-31": "0.81840", "2016-12-31": "0.81440", "2016-09-30": "0.82370", "2016-06-30": "0.81750", "2016-03-31": "0.83750", "2015-12-31": "0.85260", "2015-09-30": "0.87840", "2015-06-30": "0.89480", "2015-03-31": "0.91010", "2014-12-31": "0.88990", "2014-09-30": "0.85690", "2014-06-30": "0.87060", "2014-03-31": "0.88600", "2013-12-31": "0.48440", "2013-09-30": "0.50190", "2013-06-30": "0.32410", "2013-03-31": "0.32410", "2012-12-31": "0.35760", "2012-09-30": "0.33410", "2012-06-30": "0.33950", "2012-03-31": "0.35410", "2011-12-31": "0.36930", "2011-09-30": "0.34590", "2011-06-30": "0.34570", "2011-03-31": "0.35720", "2010-12-31": "0.34240", "2010-09-30": "0.35880", "2010-06-30": "0.36990", "2010-03-31": "0.39130", "2009-12-31": "0.39550", "2009-09-30": "0.40420", "2009-06-30": "0.41790", "2009-03-31": "0.40870", "2008-12-31": "0.37310", "2008-09-30": "0.42380", "2008-06-30": "0.39900", "2008-03-31": "0.38990", "2007-12-31": "0.35800", "2007-09-30": "0.37160", "2007-06-30": "0.37090", "2007-03-31": "0.36530", "2006-12-31": "0.37120", "2006-09-30": "0.39450", "2006-06-30": "0.41700", "2006-03-31": "0.43600", "2005-12-31": "0.44310", "2005-09-30": "0.46720", "2005-06-30": "0.46170", "2005-03-31": "0.48290"}, "Debt/Equity Ratio": {"2020-09-30": "1.73700", "2020-06-30": "1.76000", "2020-03-31": "1.90970", "2019-12-31": "1.77430", "2019-09-30": "1.81720", "2019-06-30": "1.95650", "2019-03-31": "1.97810", "2018-12-31": "1.66200", "2018-09-30": "2.01370", "2018-06-30": "2.13980", "2018-03-31": "2.27450", "2017-12-31": "2.62030", "2017-09-30": "4.12980", "2017-06-30": "4.39230", "2017-03-31": "4.65500", "2016-12-31": "4.49730", "2016-09-30": "4.84880", "2016-06-30": "4.80740", "2016-03-31": "5.46590", "2015-12-31": "6.15000", "2015-09-30": "7.72410", "2015-06-30": "8.82950", "2015-03-31": "10.53890", "2014-12-31": "8.28250", "2014-09-30": "6.07910", "2014-06-30": "6.86850", "2014-03-31": "7.92500", "2013-12-31": "0.98090", "2013-09-30": "1.09830", "2013-06-30": "0.57080", "2013-03-31": "0.60370", "2012-12-31": "0.60780", "2012-09-30": "0.57000", "2012-06-30": "0.57940", "2012-03-31": "0.58350", "2011-12-31": "0.64200", "2011-09-30": "0.62750", "2011-06-30": "0.59510", "2011-03-31": "0.68870", "2010-12-31": "0.60740", "2010-09-30": "0.62830", "2010-06-30": "0.68030", "2010-03-31": "0.72710", "2009-12-31": "0.73990", "2009-09-30": "0.74270", "2009-06-30": "0.78370", "2009-03-31": "0.85820", "2008-12-31": "0.65840", "2008-09-30": "0.87870", "2008-06-30": "0.84720", "2008-03-31": "0.71290", "2007-12-31": "0.61600", "2007-09-30": "0.63290", "2007-06-30": "0.65270", "2007-03-31": "0.71090", "2006-12-31": "0.74920", "2006-09-30": "0.90070", "2006-06-30": "0.94590", "2006-03-31": "0.96160", "2005-12-31": "0.96410", "2005-09-30": "1.00550", "2005-06-30": "1.08310", "2005-03-31": "1.03180"}, "Gross Margin": {"2020-09-30": "60.89780", "2020-06-30": "61.41160", "2020-03-31": "61.10090", "2019-12-31": "55.05100", "2019-09-30": "59.31170", "2019-06-30": "60.33490", "2019-03-31": "59.56800", "2018-12-31": "55.39510", "2018-09-30": "59.11610", "2018-06-30": "57.67170", "2018-03-31": "58.28090", "2017-12-31": "54.18050", "2017-09-30": "59.09450", "2017-06-30": "59.13320", "2017-03-31": "59.59280", "2016-12-31": "51.64190", "2016-09-30": "60.47130", "2016-06-30": "59.97310", "2016-03-31": "60.79700", "2015-12-31": "57.06490", "2015-09-30": "59.87390", "2015-06-30": "61.36730", "2015-03-31": "62.18110", "2014-12-31": "56.60700", "2014-09-30": "61.21070", "2014-06-30": "61.60790", "2014-03-31": "63.69330", "2013-12-31": "61.49360", "2013-09-30": "63.80330", "2013-06-30": "62.95910", "2013-03-31": "62.84160", "2012-12-31": "56.50190", "2012-09-30": "62.10920", "2012-06-30": "61.83810", "2012-03-31": "59.92140", "2011-12-31": "57.48350", "2011-09-30": "59.16600", "2011-06-30": "59.47850", "2011-03-31": "58.39570", "2010-12-31": "59.80300", "2010-09-30": "59.70780", "2010-06-30": "54.37190", "2010-03-31": "60.42060", "2009-12-31": "52.77400", "2009-09-30": "59.66990", "2009-06-30": "60.98060", "2009-03-31": "61.23500", "2008-12-31": "61.11180", "2008-09-30": "59.40530", "2008-06-30": "60.76110", "2008-03-31": "60.06800", "2007-12-31": "58.90940", "2007-09-30": "59.58270", "2007-06-30": "60.33600", "2007-03-31": "60.53840", "2006-12-31": "59.51520", "2006-09-30": "60.22980", "2006-06-30": "60.20740", "2006-03-31": "59.88880", "2005-12-31": "60.48650", "2005-09-30": "65.59020", "2005-06-30": "66.33800", "2005-03-31": "66.31830"}, "Operating Margin": {"2020-09-30": "24.34140", "2020-06-30": "24.17640", "2020-03-31": "20.81300", "2019-12-31": "19.09130", "2019-09-30": "24.86780", "2019-06-30": "24.47690", "2019-03-31": "23.99470", "2018-12-31": "1.85820", "2018-09-30": "23.53790", "2018-06-30": "20.54780", "2018-03-31": "23.13040", "2017-12-31": "16.08310", "2017-09-30": "22.03240", "2017-06-30": "26.23410", "2017-03-31": "23.35150", "2016-12-31": "31.58010", "2016-09-30": "21.13970", "2016-06-30": "14.91550", "2016-03-31": "24.68680", "2015-12-31": "28.44630", "2015-09-30": "22.72450", "2015-06-30": "24.27070", "2015-03-31": "24.88740", "2014-12-31": "-6.43530", "2014-09-30": "21.81350", "2014-06-30": "24.41000", "2014-03-31": "23.23320", "2013-12-31": "38.83150", "2013-09-30": "23.54110", "2013-06-30": "22.00700", "2013-03-31": "21.14890", "2012-12-31": "-10.54750", "2012-09-30": "18.90230", "2012-06-30": "19.79200", "2012-03-31": "18.39460", "2011-12-31": "-3.91050", "2011-09-30": "16.64820", "2011-06-30": "17.76580", "2011-03-31": "16.49870", "2010-12-31": "24.28870", "2010-09-30": "12.77380", "2010-06-30": "1.53140", "2010-03-31": "16.50130", "2009-12-31": "10.63080", "2009-09-30": "14.61950", "2009-06-30": "16.44760", "2009-03-31": "17.65260", "2008-12-31": "-42.36150", "2008-09-30": "16.85920", "2008-06-30": "18.84430", "2008-03-31": "18.18070", "2007-12-31": "14.35820", "2007-09-30": "17.70990", "2007-06-30": "17.82750", "2007-03-31": "16.80840", "2006-12-31": "15.23490", "2006-09-30": "15.74870", "2006-06-30": "14.69890", "2006-03-31": "14.95460", "2005-12-31": "11.59460", "2005-09-30": "18.91700", "2005-06-30": "22.07940", "2005-03-31": "18.60390"}, "EBIT Margin": {"2020-09-30": "24.34140", "2020-06-30": "24.17640", "2020-03-31": "20.81300", "2019-12-31": "19.09130", "2019-09-30": "24.86780", "2019-06-30": "24.47690", "2019-03-31": "23.99470", "2018-12-31": "1.85820", "2018-09-30": "23.53790", "2018-06-30": "20.54780", "2018-03-31": "23.13040", "2017-12-31": "16.08310", "2017-09-30": "22.03240", "2017-06-30": "26.23410", "2017-03-31": "23.35150", "2016-12-31": "31.58010", "2016-09-30": "21.13970", "2016-06-30": "14.91550", "2016-03-31": "24.68680", "2015-12-31": "28.44630", "2015-09-30": "22.72450", "2015-06-30": "24.27070", "2015-03-31": "24.88740", "2014-12-31": "-6.43530", "2014-09-30": "21.81350", "2014-06-30": "24.41000", "2014-03-31": "23.23320", "2013-12-31": "38.83150", "2013-09-30": "23.54110", "2013-06-30": "22.00700", "2013-03-31": "21.14890", "2012-12-31": "-10.54750", "2012-09-30": "18.90230", "2012-06-30": "19.79200", "2012-03-31": "18.39460", "2011-12-31": "-3.91050", "2011-09-30": "16.64820", "2011-06-30": "17.76580", "2011-03-31": "16.49870", "2010-12-31": "24.28870", "2010-09-30": "12.77380", "2010-06-30": "1.53140", "2010-03-31": "16.50130", "2009-12-31": "10.63080", "2009-09-30": "14.61950", "2009-06-30": "16.44760", "2009-03-31": "17.65260", "2008-12-31": "-42.36150", "2008-09-30": "16.85920", "2008-06-30": "18.84430", "2008-03-31": "18.18070", "2007-12-31": "14.35820", "2007-09-30": "17.70990", "2007-06-30": "17.82750", "2007-03-31": "16.80840", "2006-12-31": "15.23490", "2006-09-30": "15.74870", "2006-06-30": "14.69890", "2006-03-31": "14.95460", "2005-12-31": "11.59460", "2005-09-30": "18.91700", "2005-06-30": "22.07940", "2005-03-31": "18.60390"}, "EBITDA Margin": {"2020-09-30": "", "2020-06-30": "", "2020-03-31": "", "2019-12-31": "", "2019-09-30": "", "2019-06-30": "", "2019-03-31": "", "2018-12-31": "", "2018-09-30": "", "2018-06-30": "", "2018-03-31": "", "2017-12-31": "", "2017-09-30": "", "2017-06-30": "", "2017-03-31": "", "2016-12-31": "", "2016-09-30": "", "2016-06-30": "", "2016-03-31": "", "2015-12-31": "", "2015-09-30": "", "2015-06-30": "", "2015-03-31": "", "2014-12-31": "", "2014-09-30": "", "2014-06-30": "", "2014-03-31": "", "2013-12-31": "", "2013-09-30": "", "2013-06-30": "", "2013-03-31": "", "2012-12-31": "", "2012-09-30": "", "2012-06-30": "", "2012-03-31": "", "2011-12-31": "", "2011-09-30": "", "2011-06-30": "", "2011-03-31": "", "2010-12-31": "", "2010-09-30": "", "2010-06-30": "", "2010-03-31": "", "2009-12-31": "", "2009-09-30": "", "2009-06-30": "", "2009-03-31": "", "2008-12-31": "", "2008-09-30": "", "2008-06-30": "", "2008-03-31": "", "2007-12-31": "", "2007-09-30": "", "2007-06-30": "", "2007-03-31": "", "2006-12-31": "", "2006-09-30": "", "2006-06-30": "", "2006-03-31": "", "2005-12-31": "", "2005-09-30": "", "2005-06-30": "", "2005-03-31": ""}, "Pre-Tax Profit Margin": {"2020-09-30": "18.54930", "2020-06-30": "20.32060", "2020-03-31": "17.95630", "2019-12-31": "10.67430", "2019-09-30": "21.04640", "2019-06-30": "16.55700", "2019-03-31": "21.12800", "2018-12-31": "3.98760", "2018-09-30": "20.47110", "2018-06-30": "17.16300", "2018-03-31": "19.05450", "2017-12-31": "8.64080", "2017-09-30": "17.37550", "2017-06-30": "22.80670", "2017-03-31": "17.38110", "2016-12-31": "21.48730", "2016-09-30": "18.02370", "2016-06-30": "5.55160", "2016-03-31": "21.03140", "2015-12-31": "25.04230", "2015-09-30": "19.19900", "2015-06-30": "20.56540", "2015-03-31": "20.85110", "2014-12-31": "-11.70760", "2014-09-30": "17.91300", "2014-06-30": "20.78580", "2014-03-31": "22.56470", "2013-12-31": "34.63710", "2013-09-30": "21.83690", "2013-06-30": "20.76820", "2013-03-31": "19.43920", "2012-12-31": "-15.76300", "2012-09-30": "16.97180", "2012-06-30": "17.78510", "2012-03-31": "16.40110", "2011-12-31": "-6.33700", "2011-09-30": "14.68130", "2011-06-30": "15.63770", "2011-03-31": "14.37940", "2010-12-31": "22.73160", "2010-09-30": "10.85940", "2010-06-30": "-0.49300", "2010-03-31": "14.63980", "2009-12-31": "8.63390", "2009-09-30": "12.69390", "2009-06-30": "14.03520", "2009-03-31": "14.85470", "2008-12-31": "-43.76140", "2008-09-30": "16.35830", "2008-06-30": "18.17690", "2008-03-31": "16.75830", "2007-12-31": "28.87580", "2007-09-30": "11.18120", "2007-06-30": "11.33500", "2007-03-31": "10.47200", "2006-12-31": "9.21880", "2006-09-30": "10.08500", "2006-06-30": "8.55340", "2006-03-31": "9.10460", "2005-12-31": "2.81080", "2005-09-30": "13.49130", "2005-06-30": "16.62880", "2005-03-31": "13.95020"}, "Net Profit Margin": {"2020-09-30": "13.81290", "2020-06-30": "15.43670", "2020-03-31": "13.14770", "2019-12-31": "14.65130", "2019-09-30": "15.79010", "2019-06-30": "12.29770", "2019-03-31": "15.66240", "2018-12-31": "5.65620", "2018-09-30": "15.10110", "2018-06-30": "12.79380", "2018-03-31": "14.30510", "2017-12-31": "54.98160", "2017-09-30": "11.41340", "2017-06-30": "14.27920", "2017-03-31": "11.57170", "2016-12-31": "13.89920", "2016-09-30": "11.70120", "2016-06-30": "2.29920", "2016-03-31": "13.39720", "2015-12-31": "15.73830", "2015-09-30": "12.17810", "2015-06-30": "13.13000", "2015-03-31": "13.19100", "2014-12-31": "-6.72150", "2014-09-30": "11.69820", "2014-06-30": "13.38500", "2014-03-31": "12.80750", "2013-12-31": "16.31100", "2013-09-30": "7.37140", "2013-06-30": "7.54050", "2013-03-31": "6.63490", "2012-12-31": "-14.07560", "2012-09-30": "5.49180", "2012-06-30": "6.39180", "2012-03-31": "5.96980", "2011-12-31": "-7.11420", "2011-09-30": "4.94040", "2011-06-30": "5.84330", "2011-03-31": "5.33160", "2010-12-31": "9.99810", "2010-09-30": "2.48830", "2010-06-30": "-4.45220", "2010-03-31": "1.64600", "2009-12-31": "2.17780", "2009-09-30": "4.31320", "2009-06-30": "5.52100", "2009-03-31": "6.18630", "2008-12-31": "-41.85430", "2008-09-30": "6.74290", "2008-06-30": "14.11040", "2008-03-31": "12.79320", "2007-12-31": "4.49660", "2007-09-30": "5.34660", "2007-06-30": "7.23160", "2007-03-31": "6.61970", "2006-12-31": "4.56520", "2006-09-30": "8.55780", "2006-06-30": "7.36090", "2006-03-31": "7.68690", "2005-12-31": "11.20270", "2005-09-30": "10.11040", "2005-06-30": "11.70440", "2005-03-31": "9.66500"}, "Asset Turnover": {"2020-09-30": "0.10620", "2020-06-30": "0.10380", "2020-03-31": "0.10730", "2019-12-31": "0.11920", "2019-09-30": "0.11550", "2019-06-30": "0.11330", "2019-03-31": "0.11310", "2018-12-31": "0.12940", "2018-09-30": "0.12280", "2018-06-30": "0.12230", "2018-03-31": "0.12010", "2017-12-31": "0.13200", "2017-09-30": "0.12450", "2017-06-30": "0.12080", "2017-03-31": "0.12080", "2016-12-31": "0.13240", "2016-09-30": "0.12920", "2016-06-30": "0.13170", "2016-03-31": "0.13150", "2015-12-31": "0.14030", "2015-09-30": "0.13700", "2015-06-30": "0.13380", "2015-03-31": "0.13560", "2014-12-31": "0.14270", "2014-09-30": "0.13960", "2014-06-30": "0.14030", "2014-03-31": "0.13910", "2013-12-31": "0.11330", "2013-09-30": "0.10940", "2013-06-30": "0.13340", "2013-03-31": "0.13010", "2012-12-31": "0.13340", "2012-09-30": "0.12550", "2012-06-30": "0.12630", "2012-03-31": "0.12670", "2011-12-31": "0.12340", "2011-09-30": "0.12240", "2011-06-30": "0.12310", "2011-03-31": "0.11830", "2010-12-31": "0.12000", "2010-09-30": "0.11990", "2010-06-30": "0.11830", "2010-03-31": "0.11840", "2009-12-31": "0.11940", "2009-09-30": "0.12040", "2009-06-30": "0.11940", "2009-03-31": "0.11720", "2008-12-31": "0.12180", "2008-09-30": "0.12080", "2008-06-30": "0.12020", "2008-03-31": "0.12460", "2007-12-31": "0.12750", "2007-09-30": "0.12810", "2007-06-30": "0.12600", "2007-03-31": "0.12260", "2006-12-31": "0.11970", "2006-09-30": "0.12100", "2006-06-30": "0.11900", "2006-03-31": "0.11610", "2005-12-31": "0.08800", "2005-09-30": "0.10980", "2005-06-30": "0.10660", "2005-03-31": "0.11030"}, "Inventory Turnover Ratio": {"2020-09-30": "8.46530", "2020-06-30": "9.11480", "2020-03-31": "7.52970", "2019-12-31": "10.99230", "2019-09-30": "8.70220", "2019-06-30": "10.90060", "2019-03-31": "9.16730", "2018-12-31": "11.44540", "2018-09-30": "10.49690", "2018-06-30": "12.36930", "2018-03-31": "10.31520", "2017-12-31": "15.04640", "2017-09-30": "10.16770", "2017-06-30": "11.18640", "2017-03-31": "10.08960", "2016-12-31": "13.01080", "2016-09-30": "9.27850", "2016-06-30": "13.12680", "2016-03-31": "11.04380", "2015-12-31": "11.74680", "2015-09-30": "10.08720", "2015-06-30": "10.83460", "2015-03-31": "11.24160", "2014-12-31": "12.49180", "2014-09-30": "10.15920", "2014-06-30": "11.26470", "2014-03-31": "12.70030", "2013-12-31": "11.72750", "2013-09-30": "9.18690", "2013-06-30": "10.60870", "2013-03-31": "13.69930", "2012-12-31": "12.15720", "2012-09-30": "8.98690", "2012-06-30": "12.72900", "2012-03-31": "10.64820", "2011-12-31": "12.86170", "2011-09-30": "9.88550", "2011-06-30": "8.78580", "2011-03-31": "9.01930", "2010-12-31": "9.38110", "2010-09-30": "10.56540", "2010-06-30": "12.40200", "2010-03-31": "9.57050", "2009-12-31": "8.97200", "2009-09-30": "4.30540", "2009-06-30": "3.77690", "2009-03-31": "4.69610", "2008-12-31": "4.58130", "2008-09-30": "4.04350", "2008-06-30": "4.27170", "2008-03-31": "5.69200", "2007-12-31": "5.66570", "2007-09-30": "5.37960", "2007-06-30": "5.14840", "2007-03-31": "5.00670", "2006-12-31": "6.04490", "2006-09-30": "5.41330", "2006-06-30": "5.12900", "2006-03-31": "5.17060", "2005-12-31": "3.84230", "2005-09-30": "4.23220", "2005-06-30": "4.42610", "2005-03-31": "4.19380"}, "Receiveable Turnover": {"2020-09-30": "1.39470", "2020-06-30": "1.34290", "2020-03-31": "1.32830", "2019-12-31": "1.36750", "2019-09-30": "1.33100", "2019-06-30": "1.28660", "2019-03-31": "1.31300", "2018-12-31": "1.36570", "2018-09-30": "1.35790", "2018-06-30": "1.39410", "2018-03-31": "1.40620", "2017-12-31": "1.44530", "2017-09-30": "1.47190", "2017-06-30": "1.54510", "2017-03-31": "1.76800", "2016-12-31": "1.84660", "2016-09-30": "2.08580", "2016-06-30": "2.29670", "2016-03-31": "2.57680", "2015-12-31": "2.54540", "2015-09-30": "2.53020", "2015-06-30": "2.39690", "2015-03-31": "2.51880", "2014-12-31": "2.37200", "2014-09-30": "2.37790", "2014-06-30": "2.42810", "2014-03-31": "2.54040", "2013-12-31": "2.49740", "2013-09-30": "2.50010", "2013-06-30": "2.43830", "2013-03-31": "2.49030", "2012-12-31": "2.38910", "2012-09-30": "2.41120", "2012-06-30": "2.46240", "2012-03-31": "2.51400", "2011-12-31": "2.41470", "2011-09-30": "2.39640", "2011-06-30": "2.39800", "2011-03-31": "2.44740", "2010-12-31": "2.24050", "2010-09-30": "2.21200", "2010-06-30": "2.22040", "2010-03-31": "2.24860", "2009-12-31": "2.15470", "2009-09-30": "2.18310", "2009-06-30": "2.20710", "2009-03-31": "2.21800", "2008-12-31": "2.10590", "2008-09-30": "2.11120", "2008-06-30": "2.08250", "2008-03-31": "2.15720", "2007-12-31": "2.03140", "2007-09-30": "2.06550", "2007-06-30": "2.17730", "2007-03-31": "2.21910", "2006-12-31": "2.07570", "2006-09-30": "2.07300", "2006-06-30": "2.09420", "2006-03-31": "1.99970", "2005-12-31": "1.73420", "2005-09-30": "1.97990", "2005-06-30": "1.88720", "2005-03-31": "1.95790"}, "Days Sales In Receivables": {"2020-09-30": "64.53190", "2020-06-30": "67.01740", "2020-03-31": "67.75480", "2019-12-31": "65.81190", "2019-09-30": "67.61630", "2019-06-30": "69.94920", "2019-03-31": "68.54490", "2018-12-31": "65.90180", "2018-09-30": "66.27660", "2018-06-30": "64.55640", "2018-03-31": "64.00450", "2017-12-31": "62.26980", "2017-09-30": "61.14730", "2017-06-30": "58.24900", "2017-03-31": "50.90460", "2016-12-31": "48.73750", "2016-09-30": "43.14830", "2016-06-30": "39.18710", "2016-03-31": "34.92740", "2015-12-31": "35.35730", "2015-09-30": "35.57060", "2015-06-30": "37.54840", "2015-03-31": "35.73100", "2014-12-31": "37.94200", "2014-09-30": "37.84810", "2014-06-30": "37.06570", "2014-03-31": "35.42700", "2013-12-31": "36.03770", "2013-09-30": "35.99820", "2013-06-30": "36.91130", "2013-03-31": "36.14070", "2012-12-31": "37.67150", "2012-09-30": "37.32550", "2012-06-30": "36.54910", "2012-03-31": "35.79990", "2011-12-31": "37.27110", "2011-09-30": "37.55670", "2011-06-30": "37.53160", "2011-03-31": "36.77360", "2010-12-31": "40.17010", "2010-09-30": "40.68760", "2010-06-30": "40.53410", "2010-03-31": "40.02560", "2009-12-31": "41.76920", "2009-09-30": "41.22540", "2009-06-30": "40.77660", "2009-03-31": "40.57800", "2008-12-31": "42.73770", "2008-09-30": "42.62930", "2008-06-30": "43.21670", "2008-03-31": "41.72030", "2007-12-31": "44.30540", "2007-09-30": "43.57270", "2007-06-30": "41.33590", "2007-03-31": "40.55660", "2006-12-31": "43.35970", "2006-09-30": "43.41510", "2006-06-30": "42.97680", "2006-03-31": "45.00640", "2005-12-31": "51.89600", "2005-09-30": "45.45760", "2005-06-30": "47.68960", "2005-03-31": "45.96790"}, "ROE - Return On Equity": {"2020-09-30": "6.76990", "2020-06-30": "7.54760", "2020-03-31": "6.95340", "2019-12-31": "8.30270", "2019-09-30": "8.84900", "2019-06-30": "7.03060", "2019-03-31": "8.98020", "2018-12-31": "3.77440", "2018-09-30": "9.02530", "2018-06-30": "7.92530", "2018-03-31": "8.91390", "2017-12-31": "42.03240", "2017-09-30": "13.13140", "2017-06-30": "16.73330", "2017-03-31": "14.19100", "2016-12-31": "19.14120", "2016-09-30": "17.04500", "2016-06-30": "4.00600", "2016-03-31": "22.03650", "2015-12-31": "30.89900", "2015-09-30": "28.68240", "2015-06-30": "33.81230", "2015-03-31": "40.31970", "2014-12-31": "-15.70640", "2014-09-30": "21.11530", "2014-06-30": "27.00480", "2014-03-31": "43.21710", "2013-12-31": "8.29630", "2013-09-30": "6.17960", "2013-06-30": "5.96400", "2013-03-31": "5.54300", "2012-12-31": "-2.25180", "2012-09-30": "4.63360", "2012-06-30": "4.73860", "2012-03-31": "4.41750", "2011-12-31": "-0.24680", "2011-09-30": "4.04730", "2011-06-30": "3.97300", "2011-03-31": "3.67300", "2010-12-31": "5.34790", "2010-09-30": "3.18820", "2010-06-30": "0.65460", "2010-03-31": "2.73830", "2009-12-31": "2.78570", "2009-09-30": "3.41330", "2009-06-30": "3.81550", "2009-03-31": "3.98490", "2008-12-31": "-7.21120", "2008-09-30": "6.27820", "2008-06-30": "6.68930", "2008-03-31": "6.06400", "2007-12-31": "12.10930", "2007-09-30": "2.55790", "2007-06-30": "3.37740", "2007-03-31": "3.04210", "2006-12-31": "2.86390", "2006-09-30": "3.33840", "2006-06-30": "2.82050", "2006-03-31": "2.86350", "2005-12-31": "1.03070", "2005-09-30": "4.56870", "2005-06-30": "5.36650", "2005-03-31": "4.62610"}, "Return On Tangible Equity": {"2020-09-30": "-7.05670", "2020-06-30": "-7.34060", "2020-03-31": "-6.63920", "2019-12-31": "-7.89130", "2019-09-30": "-7.85370", "2019-06-30": "-5.77940", "2019-03-31": "-7.26560", "2018-12-31": "-2.79780", "2018-09-30": "-6.58690", "2018-06-30": "-5.35160", "2018-03-31": "-5.79870", "2017-12-31": "-22.58960", "2017-09-30": "-3.76800", "2017-06-30": "-4.43750", "2017-03-31": "-3.57950", "2016-12-31": "-4.65860", "2016-09-30": "-3.78160", "2016-06-30": "-0.83890", "2016-03-31": "-4.41640", "2015-12-31": "-5.42320", "2015-09-30": "-3.96350", "2015-06-30": "-4.07360", "2015-03-31": "-4.15330", "2014-12-31": "2.31080", "2014-09-30": "-4.32660", "2014-06-30": "-4.82040", "2014-03-31": "-6.69960", "2013-12-31": "-73.53460", "2013-09-30": "-34.20200", "2013-06-30": "-27.67690", "2013-03-31": "-26.94830", "2012-12-31": "8.64340", "2012-09-30": "-28.91990", "2012-06-30": "-35.47480", "2012-03-31": "-27.73750", "2011-12-31": "1.27890", "2011-09-30": "-23.38880", "2011-06-30": "-30.37760", "2011-03-31": "-27.58390", "2010-12-31": "-33.43400", "2010-09-30": "-16.92280", "2010-06-30": "-3.30090", "2010-03-31": "-13.97560", "2009-12-31": "-13.65970", "2009-09-30": "-17.54480", "2009-06-30": "-17.26020", "2009-03-31": "-15.93130", "2008-12-31": "-99.87710", "2008-09-30": "-14.63540", "2008-06-30": "-17.25470", "2008-03-31": "-28.62100", "2007-12-31": "-58.62370", "2007-09-30": "-10.97010", "2007-06-30": "-15.19090", "2007-03-31": "-12.13810", "2006-12-31": "-10.51520", "2006-09-30": "-11.91390", "2006-06-30": "-8.92710", "2006-03-31": "-8.72880", "2005-12-31": "-3.27620", "2005-09-30": "-13.07930", "2005-06-30": "-14.48470", "2005-03-31": "-17.55950"}, "ROA - Return On Assets": {"2020-09-30": "1.51650", "2020-06-30": "1.65010", "2020-03-31": "1.45570", "2019-12-31": "1.78830", "2019-09-30": "1.87350", "2019-06-30": "1.43900", "2019-03-31": "1.81720", "2018-12-31": "0.77970", "2018-09-30": "1.90610", "2018-06-30": "1.61260", "2018-03-31": "1.76400", "2017-12-31": "7.30450", "2017-09-30": "1.46690", "2017-06-30": "1.77010", "2017-03-31": "1.44000", "2016-12-31": "1.88390", "2016-09-30": "1.56450", "2016-06-30": "0.35840", "2016-03-31": "1.81120", "2015-12-31": "2.25780", "2015-09-30": "1.72300", "2015-06-30": "1.80810", "2015-03-31": "1.83980", "2014-12-31": "-0.92340", "2014-09-30": "1.67660", "2014-06-30": "1.92670", "2014-03-31": "2.70170", "2013-12-31": "2.88800", "2013-09-30": "2.01610", "2013-06-30": "2.32730", "2013-03-31": "2.14650", "2012-12-31": "-0.85520", "2012-09-30": "1.85730", "2012-06-30": "1.89540", "2012-03-31": "1.75220", "2011-12-31": "-0.09200", "2011-09-30": "1.55330", "2011-06-30": "1.61070", "2011-03-31": "1.43090", "2010-12-31": "2.11270", "2010-09-30": "1.22160", "2010-06-30": "0.24440", "2010-03-31": "1.01960", "2009-12-31": "1.03300", "2009-09-30": "1.27520", "2009-06-30": "1.40450", "2009-03-31": "1.41500", "2008-12-31": "-2.81190", "2008-09-30": "1.56150", "2008-06-30": "1.69650", "2008-03-31": "1.59390", "2007-12-31": "3.27610", "2007-09-30": "0.68470", "2007-06-30": "0.91090", "2007-03-31": "0.80530", "2006-12-31": "0.73620", "2006-09-30": "0.83210", "2006-06-30": "0.68700", "2006-03-31": "0.70130", "2005-12-31": "0.24330", "2005-09-30": "1.06480", "2005-06-30": "1.22150", "2005-03-31": "1.06560"}, "ROI - Return On Investment": {"2020-09-30": "2.55440", "2020-06-30": "2.84140", "2020-03-31": "2.54850", "2019-12-31": "3.18990", "2019-09-30": "3.29280", "2019-06-30": "2.50640", "2019-03-31": "3.17530", "2018-12-31": "1.46060", "2018-09-30": "3.11460", "2018-06-30": "2.60890", "2018-03-31": "2.82650", "2017-12-31": "11.86330", "2017-09-30": "2.59860", "2017-06-30": "3.12820", "2017-03-31": "2.57700", "2016-12-31": "3.55310", "2016-09-30": "3.00430", "2016-06-30": "0.73110", "2016-03-31": "3.58070", "2015-12-31": "4.55310", "2015-09-30": "3.48740", "2015-06-30": "3.55810", "2015-03-31": "3.62380", "2014-12-31": "-1.72930", "2014-09-30": "3.02080", "2014-06-30": "3.49530", "2014-03-31": "4.92800", "2013-12-31": "4.27720", "2013-09-30": "3.07830", "2013-06-30": "4.03110", "2013-03-31": "3.74670", "2012-12-31": "-1.44650", "2012-09-30": "3.08570", "2012-06-30": "3.12990", "2012-03-31": "2.85320", "2011-12-31": "-0.15560", "2011-09-30": "2.64720", "2011-06-30": "2.59960", "2011-03-31": "2.36110", "2010-12-31": "3.51680", "2010-09-30": "2.04420", "2010-06-30": "0.41250", "2010-03-31": "1.66670", "2009-12-31": "1.68400", "2009-09-30": "2.03370", "2009-06-30": "2.22080", "2009-03-31": "2.35630", "2008-12-31": "-4.52080", "2008-09-30": "3.61750", "2008-06-30": "4.02060", "2008-03-31": "3.69960", "2007-12-31": "7.77440", "2007-09-30": "1.60740", "2007-06-30": "2.12490", "2007-03-31": "1.93090", "2006-12-31": "1.80100", "2006-09-30": "2.02140", "2006-06-30": "1.64430", "2006-03-31": "1.61490", "2005-12-31": "0.57400", "2005-09-30": "2.43430", "2005-06-30": "2.88870", "2005-03-31": "2.39210"}, "Book Value Per Share": {"2020-09-30": "16.07750", "2020-06-30": "15.49350", "2020-03-31": "14.89920", "2019-12-31": "15.19290", "2019-09-30": "14.58300", "2019-06-30": "14.01120", "2019-03-31": "13.89360", "2018-12-31": "13.24050", "2018-09-30": "13.57380", "2018-06-30": "12.96610", "2018-03-31": "12.66850", "2017-12-31": "10.95410", "2017-09-30": "6.97420", "2017-06-30": "6.56000", "2017-03-31": "6.13750", "2016-12-31": "5.89500", "2016-09-30": "5.39240", "2016-06-30": "5.08890", "2016-03-31": "4.93170", "2015-12-31": "4.38040", "2015-09-30": "3.57400", "2015-06-30": "3.16650", "2015-03-31": "2.63800", "2014-12-31": "3.29150", "2014-09-30": "4.32990", "2014-06-30": "3.86280", "2014-03-31": "3.34470", "2013-12-31": "33.33890", "2013-09-30": "31.54190", "2013-06-30": "30.45660", "2013-03-31": "30.61320", "2012-12-31": "29.92160", "2012-09-30": "32.45640", "2012-06-30": "31.74160", "2012-03-31": "31.12280", "2011-12-31": "30.31320", "2011-09-30": "30.91210", "2011-06-30": "32.04710", "2011-03-31": "31.41090", "2010-12-31": "30.74330", "2010-09-30": "29.93650", "2010-06-30": "29.88350", "2010-03-31": "29.94700", "2009-12-31": "29.67310", "2009-09-30": "29.77560", "2009-06-30": "29.15600", "2009-03-31": "28.35840", "2008-12-31": "27.77840", "2008-09-30": "17.93850", "2008-06-30": "17.86930", "2008-03-31": "17.63820", "2007-12-31": "17.58220", "2007-09-30": "17.19150", "2007-06-30": "17.16810", "2007-03-31": "16.80190", "2006-12-31": "16.67010", "2006-09-30": "15.85160", "2006-06-30": "15.44780", "2006-03-31": "15.34710", "2005-12-31": "14.35910", "2005-09-30": "14.18570", "2005-06-30": "13.94260", "2005-03-31": "13.72520"}, "Operating Cash Flow Per Share": {"2020-09-30": 2.1522, "2020-06-30": 3.5566, "2020-03-31": "2.13090", "2019-12-31": 2.1734, "2019-09-30": 2.6349, "2019-06-30": 2.1156, "2019-03-31": "1.71040", "2018-12-31": 1.9714, "2018-09-30": 2.3688, "2018-06-30": 2.3516, "2018-03-31": "1.61870", "2017-12-31": 1.9181, "2017-09-30": 1.7521, "2017-06-30": 1.9403, "2017-03-31": "0.33670", "2016-12-31": 0.9704, "2016-09-30": 1.1778, "2016-06-30": 1.3246, "2016-03-31": "1.83530", "2015-12-31": 2.5645, "2015-09-30": 2.3424, "2015-06-30": 2.1606, "2015-03-31": "2.46760", "2014-12-31": 2.1264, "2014-09-30": 2.0032, "2014-06-30": 1.4834, "2014-03-31": "2.08130", "2013-12-31": 3.6294, "2013-09-30": 3.9064, "2013-06-30": 3.3486, "2013-03-31": "2.62220", "2012-12-31": 2.3629, "2012-09-30": 3.2953, "2012-06-30": 3.2523, "2012-03-31": "2.09090", "2011-12-31": 2.9123, "2011-09-30": 3.0699, "2011-06-30": 2.7308, "2011-03-31": "1.77660", "2010-12-31": 2.9024, "2010-09-30": 2.929, "2010-06-30": 3.4482, "2010-03-31": "2.49700", "2009-12-31": 2.9116, "2009-09-30": 3.1612, "2009-06-30": 2.6452, "2009-03-31": "2.33090", "2008-12-31": 2.629, "2008-09-30": 2.5749, "2008-06-30": 2.5505, "2008-03-31": "1.88130", "2007-12-31": 3.2315, "2007-09-30": 2.2357, "2007-06-30": 2.2295, "2007-03-31": "1.55170", "2006-12-31": 1.9558, "2006-09-30": 2.3315, "2006-06-30": 1.8704, "2006-03-31": "2.04720", "2005-12-31": 2.3962, "2005-09-30": 1.905, "2005-06-30": 2.1221, "2005-03-31": "1.39530"}, "Free Cash Flow Per Share": {"2020-09-30": 1.1102, "2020-06-30": 2.4516, "2020-03-31": "0.85730", "2019-12-31": 0.8191, "2019-09-30": 1.5809, "2019-06-30": 1.2217, "2019-03-31": "0.67950", "2018-12-31": 0.8447, "2018-09-30": 1.3577, "2018-06-30": 1.5663, "2018-03-31": "0.51030", "2017-12-31": 0.4593, "2017-09-30": 0.7085, "2017-06-30": 0.9753, "2017-03-31": "-0.41380", "2016-12-31": -0.4151, "2016-09-30": 0.1688, "2016-06-30": 0.3733, "2016-03-31": "1.00610", "2015-12-31": 1.2968, "2015-09-30": 1.2632, "2015-06-30": 1.054, "2015-03-31": "1.57830", "2014-12-31": 0.8434, "2014-09-30": 1.0132, "2014-06-30": 0.648, "2014-03-31": "0.87140", "2013-12-31": 1.9603, "2013-09-30": 2.4501, "2013-06-30": 1.9509, "2013-03-31": "1.36800", "2012-12-31": 0.6593, "2012-09-30": 1.947, "2012-06-30": 1.9039, "2012-03-31": "0.83960", "2011-12-31": 1.6097, "2011-09-30": 1.7932, "2011-06-30": 1.1279, "2011-03-31": "0.23710", "2010-12-31": 1.2428, "2010-09-30": 1.4743, "2010-06-30": 1.9597, "2010-03-31": "1.29040", "2009-12-31": 1.3552, "2009-09-30": 1.6279, "2009-06-30": 1.1011, "2009-03-31": "1.02600", "2008-12-31": 1.0354, "2008-09-30": 1.1001, "2008-06-30": 1.0781, "2008-03-31": "0.40840", "2007-12-31": 1.5991, "2007-09-30": 0.7538, "2007-06-30": 0.7305, "2007-03-31": "0.12160", "2006-12-31": 0.3357, "2006-09-30": 0.9404, "2006-06-30": 0.418, "2006-03-31": "0.69020", "2005-12-31": 1.1179, "2005-09-30": 0.5463, "2005-06-30": 0.7212, "2005-03-31": "0.12120"}}, "revenue": {"Verizon Annual Revenue (Millions of US $)": {"2020": "$128,292", "2019": "$131,868", "2018": "$130,863", "2017": "$126,034", "2016": "$125,980", "2015": "$131,620", "2014": "$127,079", "2013": "$120,550", "2012": "$115,846", "2011": "$110,875", "2010": "$106,565", "2009": "$107,808", "2008": "$97,354", "2007": "$93,469", "2006": "$88,182", "2005": "$69,518"}, "Verizon Quarterly Revenue (Millions of US $)": {"2020-12-31": "$34,692", "2020-09-30": "$31,543", "2020-06-30": "$30,447", "2020-03-31": "$31,610", "2019-12-31": "$34,775", "2019-09-30": "$32,894", "2019-06-30": "$32,071", "2019-03-31": "$32,128", "2018-12-31": "$34,281", "2018-09-30": "$32,607", "2018-06-30": "$32,203", "2018-03-31": "$31,772", "2017-12-31": "$33,955", "2017-09-30": "$31,717", "2017-06-30": "$30,548", "2017-03-31": "$29,814", "2016-12-31": "$32,340", "2016-09-30": "$30,937", "2016-06-30": "$30,532", "2016-03-31": "$32,171", "2015-12-31": "$34,254", "2015-09-30": "$33,158", "2015-06-30": "$32,224", "2015-03-31": "$31,984", "2014-12-31": "$33,192", "2014-09-30": "$31,586", "2014-06-30": "$31,483", "2014-03-31": "$30,818", "2013-12-31": "$31,065", "2013-09-30": "$30,279", "2013-06-30": "$29,786", "2013-03-31": "$29,420", "2012-12-31": "$30,045", "2012-09-30": "$29,007", "2012-06-30": "$28,552", "2012-03-31": "$28,242", "2011-12-31": "$28,436", "2011-09-30": "$27,913", "2011-06-30": "$27,536", "2011-03-31": "$26,990", "2010-12-31": "$26,395", "2010-09-30": "$26,484", "2010-06-30": "$26,773", "2010-03-31": "$26,913", "2009-12-31": "$27,091", "2009-09-30": "$27,265", "2009-06-30": "$26,861", "2009-03-31": "$26,591", "2008-12-31": "$24,645", "2008-09-30": "$24,752", "2008-06-30": "$24,124", "2008-03-31": "$23,833", "2007-12-31": "$23,840", "2007-09-30": "$23,772", "2007-06-30": "$23,273", "2007-03-31": "$22,584", "2006-12-31": "$22,606", "2006-09-30": "$22,459", "2006-06-30": "$21,886", "2006-03-31": "$21,231", "2005-12-31": "$14,800", "2005-09-30": "$18,486", "2005-06-30": "$18,053", "2005-03-31": "$18,179"}}, "gross-profit": {"Verizon Annual Gross Profit (Millions of US $)": {"2020": "$77,091", "2019": "$77,142", "2018": "$75,355", "2017": "$72,971", "2016": "$73,279", "2015": "$79,063", "2014": "$77,148", "2013": "$75,663", "2012": "$69,571", "2011": "$65,000", "2010": "$62,416", "2009": "$63,229", "2008": "$58,739", "2007": "$55,922", "2006": "$52,873", "2005": "$45,109"}, "Verizon Quarterly Gross Profit (Millions of US $)": {"2020-12-31": "$19,870", "2020-09-30": "$19,209", "2020-06-30": "$18,698", "2020-03-31": "$19,314", "2019-12-31": "$19,144", "2019-09-30": "$19,510", "2019-06-30": "$19,350", "2019-03-31": "$19,138", "2018-12-31": "$18,990", "2018-09-30": "$19,276", "2018-06-30": "$18,572", "2018-03-31": "$18,517", "2017-12-31": "$18,397", "2017-09-30": "$18,743", "2017-06-30": "$18,064", "2017-03-31": "$17,767", "2016-12-31": "$16,701", "2016-09-30": "$18,708", "2016-06-30": "$18,311", "2016-03-31": "$19,559", "2015-12-31": "$19,547", "2015-09-30": "$19,853", "2015-06-30": "$19,775", "2015-03-31": "$19,888", "2014-12-31": "$18,789", "2014-09-30": "$19,334", "2014-06-30": "$19,396", "2014-03-31": "$19,629", "2013-12-31": "$19,103", "2013-09-30": "$19,319", "2013-06-30": "$18,753", "2013-03-31": "$18,488", "2012-12-31": "$16,976", "2012-09-30": "$18,016", "2012-06-30": "$17,656", "2012-03-31": "$16,923", "2011-12-31": "$16,346", "2011-09-30": "$16,515", "2011-06-30": "$16,378", "2011-03-31": "$15,761", "2010-12-31": "$15,785", "2010-09-30": "$15,813", "2010-06-30": "$14,557", "2010-03-31": "$16,261", "2009-12-31": "$14,297", "2009-09-30": "$16,269", "2009-06-30": "$16,380", "2009-03-31": "$16,283", "2008-12-31": "$15,061", "2008-09-30": "$14,704", "2008-06-30": "$14,658", "2008-03-31": "$14,316", "2007-12-31": "$14,044", "2007-09-30": "$14,164", "2007-06-30": "$14,042", "2007-03-31": "$13,672", "2006-12-31": "$13,454", "2006-09-30": "$13,527", "2006-06-30": "$13,177", "2006-03-31": "$12,715", "2005-12-31": "$8,952", "2005-09-30": "$12,125", "2005-06-30": "$11,976", "2005-03-31": "$12,056"}}, "operating-income": {"Verizon Annual Operating Income (Millions of US $)": {"2020": "$28,798", "2019": "$30,378", "2018": "$22,278", "2017": "$27,425", "2016": "$29,249", "2015": "$33,060", "2014": "$19,599", "2013": "$31,968", "2012": "$13,160", "2011": "$12,880", "2010": "$14,645", "2009": "$15,978", "2008": "$2,612", "2007": "$15,578", "2006": "$13,373", "2005": "$12,581"}, "Verizon Quarterly Operating Income (Millions of US $)": {"2020-12-31": "$7,180", "2020-09-30": "$7,678", "2020-06-30": "$7,361", "2020-03-31": "$6,579", "2019-12-31": "$6,639", "2019-09-30": "$8,180", "2019-06-30": "$7,850", "2019-03-31": "$7,709", "2018-12-31": "$637", "2018-09-30": "$7,675", "2018-06-30": "$6,617", "2018-03-31": "$7,349", "2017-12-31": "$5,461", "2017-09-30": "$6,988", "2017-06-30": "$8,014", "2017-03-31": "$6,962", "2016-12-31": "$10,213", "2016-09-30": "$6,540", "2016-06-30": "$4,554", "2016-03-31": "$7,942", "2015-12-31": "$9,744", "2015-09-30": "$7,535", "2015-06-30": "$7,821", "2015-03-31": "$7,960", "2014-12-31": "$-2,136", "2014-09-30": "$6,890", "2014-06-30": "$7,685", "2014-03-31": "$7,160", "2013-12-31": "$12,063", "2013-09-30": "$7,128", "2013-06-30": "$6,555", "2013-03-31": "$6,222", "2012-12-31": "$-3,169", "2012-09-30": "$5,483", "2012-06-30": "$5,651", "2012-03-31": "$5,195", "2011-12-31": "$-1,112", "2011-09-30": "$4,647", "2011-06-30": "$4,892", "2011-03-31": "$4,453", "2010-12-31": "$6,411", "2010-09-30": "$3,383", "2010-06-30": "$410", "2010-03-31": "$4,441", "2009-12-31": "$2,880", "2009-09-30": "$3,986", "2009-06-30": "$4,418", "2009-03-31": "$4,694", "2008-12-31": "$-10,440", "2008-09-30": "$4,173", "2008-06-30": "$4,546", "2008-03-31": "$4,333", "2007-12-31": "$3,423", "2007-09-30": "$4,210", "2007-06-30": "$4,149", "2007-03-31": "$3,796", "2006-12-31": "$3,444", "2006-09-30": "$3,537", "2006-06-30": "$3,217", "2006-03-31": "$3,175", "2005-12-31": "$1,716", "2005-09-30": "$3,497", "2005-06-30": "$3,986", "2005-03-31": "$3,382"}}, "ebitda": {"Verizon Annual EBITDA (Millions of US $)": {"2019": "$47,060", "2018": "$39,681", "2017": "$44,379", "2016": "$45,177", "2015": "$49,077", "2014": "$36,132", "2013": "$48,574", "2012": "$29,620", "2011": "$29,376", "2010": "$31,050", "2009": "$32,512", "2008": "$17,222", "2007": "$29,955", "2006": "$27,918", "2005": "$26,196"}, "Verizon Quarterly EBITDA (Millions of US $)": {"2020-09-30": "$11,870", "2020-06-30": "$11,542", "2020-03-31": "$10,729", "2019-12-31": "$10,744", "2019-09-30": "$12,294", "2019-06-30": "$12,082", "2019-03-31": "$11,940", "2018-12-31": "$4,989", "2018-09-30": "$12,052", "2018-06-30": "$10,967", "2018-03-31": "$11,673", "2017-12-31": "$9,917", "2017-09-30": "$11,260", "2017-06-30": "$12,181", "2017-03-31": "$11,021", "2016-12-31": "$14,200", "2016-09-30": "$10,482", "2016-06-30": "$8,536", "2016-03-31": "$11,959", "2015-12-31": "$13,783", "2015-09-30": "$11,544", "2015-06-30": "$11,801", "2015-03-31": "$11,949", "2014-12-31": "$1,932", "2014-09-30": "$11,057", "2014-06-30": "$11,846", "2014-03-31": "$11,297", "2013-12-31": "$16,246", "2013-09-30": "$11,282", "2013-06-30": "$10,706", "2013-03-31": "$10,340", "2012-12-31": "$968", "2012-09-30": "$9,650", "2012-06-30": "$9,779", "2012-03-31": "$9,223", "2011-12-31": "$3,068", "2011-09-30": "$8,826", "2011-06-30": "$9,005", "2011-03-31": "$8,477", "2010-12-31": "$10,494", "2010-09-30": "$7,406", "2010-06-30": "$4,587", "2010-03-31": "$8,563", "2009-12-31": "$7,123", "2009-09-30": "$8,158", "2009-06-30": "$8,509", "2009-03-31": "$8,722", "2008-12-31": "$-6,648", "2008-09-30": "$7,825", "2008-06-30": "$8,130", "2008-03-31": "$7,915", "2007-12-31": "$7,089", "2007-09-30": "$7,815", "2007-06-30": "$7,722", "2007-03-31": "$7,329", "2006-12-31": "$7,109", "2006-09-30": "$7,143", "2006-06-30": "$6,824", "2006-03-31": "$6,842", "2005-12-31": "$5,112", "2005-09-30": "$6,930", "2005-06-30": "$7,312", "2005-03-31": "$6,842"}}, "net-income": {"Verizon Annual Net Income (Millions of US $)": {"2020": "$17,801", "2019": "$19,265", "2018": "$15,528", "2017": "$30,101", "2016": "$13,127", "2015": "$17,879", "2014": "$9,625", "2013": "$11,497", "2012": "$875", "2011": "$2,404", "2010": "$2,549", "2009": "$4,894", "2008": "$-2,193", "2007": "$5,521", "2006": "$6,197", "2005": "$7,397"}, "Verizon Quarterly Net Income (Millions of US $)": {"2020-12-31": "$4,588", "2020-09-30": "$4,357", "2020-06-30": "$4,700", "2020-03-31": "$4,156", "2019-12-31": "$5,095", "2019-09-30": "$5,194", "2019-06-30": "$3,944", "2019-03-31": "$5,032", "2018-12-31": "$1,939", "2018-09-30": "$4,924", "2018-06-30": "$4,120", "2018-03-31": "$4,545", "2017-12-31": "$18,669", "2017-09-30": "$3,620", "2017-06-30": "$4,362", "2017-03-31": "$3,450", "2016-12-31": "$4,495", "2016-09-30": "$3,620", "2016-06-30": "$702", "2016-03-31": "$4,310", "2015-12-31": "$5,391", "2015-09-30": "$4,038", "2015-06-30": "$4,231", "2015-03-31": "$4,219", "2014-12-31": "$-2,231", "2014-09-30": "$3,695", "2014-06-30": "$4,214", "2014-03-31": "$3,947", "2013-12-31": "$5,067", "2013-09-30": "$2,232", "2013-06-30": "$2,246", "2013-03-31": "$1,952", "2012-12-31": "$-4,229", "2012-09-30": "$1,593", "2012-06-30": "$1,825", "2012-03-31": "$1,686", "2011-12-31": "$-2,023", "2011-09-30": "$1,379", "2011-06-30": "$1,609", "2011-03-31": "$1,439", "2010-12-31": "$2,639", "2010-09-30": "$659", "2010-06-30": "$-1,192", "2010-03-31": "$443", "2009-12-31": "$590", "2009-09-30": "$1,176", "2009-06-30": "$1,483", "2009-03-31": "$1,645", "2008-12-31": "$-10,315", "2008-09-30": "$1,669", "2008-06-30": "$3,404", "2008-03-31": "$3,049", "2007-12-31": "$1,072", "2007-09-30": "$1,271", "2007-06-30": "$1,683", "2007-03-31": "$1,495", "2006-12-31": "$1,032", "2006-09-30": "$1,922", "2006-06-30": "$1,611", "2006-03-31": "$1,632", "2005-12-31": "$1,658", "2005-09-30": "$1,869", "2005-06-30": "$2,113", "2005-03-31": "$1,757"}}, "eps-earnings-per-share-diluted": {"Verizon Annual EPS": {"2020": "$4.30", "2019": "$4.65", "2018": "$3.76", "2017": "$7.36", "2016": "$3.21", "2015": "$4.37", "2014": "$2.42", "2013": "$4.00", "2012": "$0.31", "2011": "$0.85", "2010": "$0.90", "2009": "$1.72", "2008": "$-0.77", "2007": "$1.90", "2006": "$2.12", "2005": "$2.65"}, "Verizon Quarterly EPS": {"2020-12-31": "$1.11", "2020-09-30": "$1.05", "2020-06-30": "$1.13", "2020-03-31": "$1.00", "2019-12-31": "$1.23", "2019-09-30": "$1.25", "2019-06-30": "$0.95", "2019-03-31": "$1.22", "2018-12-31": "$0.46", "2018-09-30": "$1.19", "2018-06-30": "$1.00", "2018-03-31": "$1.11", "2017-12-31": "$4.56", "2017-09-30": "$0.89", "2017-06-30": "$1.07", "2017-03-31": "$0.84", "2016-12-31": "$1.09", "2016-09-30": "$0.89", "2016-06-30": "$0.17", "2016-03-31": "$1.06", "2015-12-31": "$1.32", "2015-09-30": "$0.99", "2015-06-30": "$1.04", "2015-03-31": "$1.02", "2014-12-31": "$-0.63", "2014-09-30": "$0.89", "2014-06-30": "$1.01", "2014-03-31": "$1.15", "2013-12-31": "$1.76", "2013-09-30": "$0.78", "2013-06-30": "$0.78", "2013-03-31": "$0.68", "2012-12-31": "$-1.48", "2012-09-30": "$0.56", "2012-06-30": "$0.64", "2012-03-31": "$0.59", "2011-12-31": "$-0.72", "2011-09-30": "$0.49", "2011-06-30": "$0.57", "2011-03-31": "$0.51", "2010-12-31": "$0.93", "2010-09-30": "$0.23", "2010-06-30": "$-0.42", "2010-03-31": "$0.16", "2009-12-31": "$0.21", "2009-09-30": "$0.41", "2009-06-30": "$0.52", "2009-03-31": "$0.58", "2008-12-31": "$-2.59", "2008-09-30": "$0.59", "2008-06-30": "$0.66", "2008-03-31": "$0.57", "2007-12-31": "$0.37", "2007-09-30": "$0.44", "2007-06-30": "$0.58", "2007-03-31": "$0.51", "2006-12-31": "$0.35", "2006-09-30": "$0.66", "2006-06-30": "$0.55", "2006-03-31": "$0.56", "2005-12-31": "$0.60", "2005-09-30": "$0.67", "2005-06-30": "$0.75", "2005-03-31": "$0.63"}}, "shares-outstanding": {"Verizon Annual Shares Outstanding (Millions of Shares)": {"2020": "4,142", "2019": "4,140", "2018": "4,132", "2017": "4,089", "2016": "4,086", "2015": "4,093", "2014": "3,981", "2013": "2,874", "2012": "2,862", "2011": "2,839", "2010": "2,833", "2009": "2,841", "2008": "2,849", "2007": "2,902", "2006": "2,938", "2005": "2,817"}, "Verizon Quarterly Shares Outstanding (Millions of Shares)": {"2020-12-31": "4,143", "2020-09-30": "4,142", "2020-06-30": "4,141", "2020-03-31": "4,141", "2019-12-31": "4,140", "2019-09-30": "4,140", "2019-06-30": "4,139", "2019-03-31": "4,140", "2018-12-31": "4,132", "2018-09-30": "4,140", "2018-06-30": "4,139", "2018-03-31": "4,107", "2017-12-31": "4,089", "2017-09-30": "4,089", "2017-06-30": "4,087", "2017-03-31": "4,087", "2016-12-31": "4,086", "2016-09-30": "4,086", "2016-06-30": "4,085", "2016-03-31": "4,085", "2015-12-31": "4,093", "2015-09-30": "4,078", "2015-06-30": "4,085", "2015-03-31": "4,121", "2014-12-31": "3,981", "2014-09-30": "4,159", "2014-06-30": "4,153", "2014-03-31": "3,430", "2013-12-31": "2,874", "2013-09-30": "2,874", "2013-06-30": "2,872", "2013-03-31": "2,872", "2012-12-31": "2,862", "2012-09-30": "2,866", "2012-06-30": "2,858", "2012-03-31": "2,849", "2011-12-31": "2,839", "2011-09-30": "2,839", "2011-06-30": "2,838", "2011-03-31": "2,834", "2010-12-31": "2,833", "2010-09-30": "2,830", "2010-06-30": "2,827", "2010-03-31": "2,837", "2009-12-31": "2,841", "2009-09-30": "2,841", "2009-06-30": "2,841", "2009-03-31": "2,841", "2008-12-31": "2,849", "2008-09-30": "2,845", "2008-06-30": "2,851", "2008-03-31": "2,865", "2007-12-31": "2,902", "2007-09-30": "2,900", "2007-06-30": "2,907", "2007-03-31": "2,911", "2006-12-31": "2,938", "2006-09-30": "2,923", "2006-06-30": "2,949", "2006-03-31": "2,963", "2005-12-31": "2,817", "2005-09-30": "2,817", "2005-06-30": "2,818", "2005-03-31": "2,821"}}, "total-assets": {"Verizon Annual Total Assets (Millions of US $)": {"2019": "$291,727", "2018": "$264,829", "2017": "$257,143", "2016": "$244,180", "2015": "$244,175", "2014": "$232,616", "2013": "$274,098", "2012": "$225,222", "2011": "$230,461", "2010": "$220,005", "2009": "$226,907", "2008": "$202,352", "2007": "$186,959", "2006": "$188,804", "2005": "$168,130"}, "Verizon Quarterly Total Assets (Millions of US $)": {"2020-09-30": "$296,994", "2020-06-30": "$293,259", "2020-03-31": "$294,500", "2019-12-31": "$291,727", "2019-09-30": "$284,875", "2019-06-30": "$283,108", "2019-03-31": "$283,947", "2018-12-31": "$264,829", "2018-09-30": "$265,562", "2018-06-30": "$263,303", "2018-03-31": "$264,516", "2017-12-31": "$257,143", "2017-09-30": "$254,682", "2017-06-30": "$252,978", "2017-03-31": "$246,731", "2016-12-31": "$244,180", "2016-09-30": "$239,498", "2016-06-30": "$231,870", "2016-03-31": "$244,587", "2015-12-31": "$244,175", "2015-09-30": "$242,073", "2015-06-30": "$240,753", "2015-03-31": "$235,790", "2014-12-31": "$232,616", "2014-09-30": "$226,293", "2014-06-30": "$224,427", "2014-03-31": "$221,562", "2013-12-31": "$274,098", "2013-09-30": "$276,675", "2013-06-30": "$223,346", "2013-03-31": "$226,186", "2012-12-31": "$225,222", "2012-09-30": "$231,082", "2012-06-30": "$226,072", "2012-03-31": "$222,921", "2011-12-31": "$230,461", "2011-09-30": "$228,032", "2011-06-30": "$223,756", "2011-03-31": "$228,108", "2010-12-31": "$220,005", "2010-09-30": "$220,852", "2010-06-30": "$226,251", "2010-03-31": "$227,347", "2009-12-31": "$226,907", "2009-09-30": "$226,404", "2009-06-30": "$224,999", "2009-03-31": "$226,851", "2008-12-31": "$202,352", "2008-09-30": "$204,861", "2008-06-30": "$200,646", "2008-03-31": "$191,293", "2007-12-31": "$186,959", "2007-09-30": "$185,619", "2007-06-30": "$184,760", "2007-03-31": "$184,284", "2006-12-31": "$188,804", "2006-09-30": "$185,679", "2006-06-30": "$183,843", "2006-03-31": "$182,814", "2005-12-31": "$168,130", "2005-09-30": "$168,301", "2005-06-30": "$169,377", "2005-03-31": "$164,882"}}, "cash-on-hand": {"Verizon Annual Cash on Hand (Millions of US $)": {"2019": "$2,594", "2018": "$2,745", "2017": "$2,079", "2016": "$2,880", "2015": "$4,820", "2014": "$11,153", "2013": "$54,129", "2012": "$3,563", "2011": "$13,954", "2010": "$7,213", "2009": "$2,499", "2008": "$10,291", "2007": "$3,397", "2006": "$5,653", "2005": "$2,906"}, "Verizon Quarterly Cash on Hand (Millions of US $)": {"2020-09-30": "$8,983", "2020-06-30": "$7,882", "2020-03-31": "$7,047", "2019-12-31": "$2,594", "2019-09-30": "$3,020", "2019-06-30": "$1,949", "2019-03-31": "$2,322", "2018-12-31": "$2,745", "2018-09-30": "$2,538", "2018-06-30": "$1,750", "2018-03-31": "$1,923", "2017-12-31": "$2,079", "2017-09-30": "$4,487", "2017-06-30": "$4,583", "2017-03-31": "$4,307", "2016-12-31": "$2,880", "2016-09-30": "$6,441", "2016-06-30": "$2,857", "2016-03-31": "$5,846", "2015-12-31": "$4,820", "2015-09-30": "$4,181", "2015-06-30": "$3,317", "2015-03-31": "$4,933", "2014-12-31": "$11,153", "2014-09-30": "$7,853", "2014-06-30": "$6,424", "2014-03-31": "$3,544", "2013-12-31": "$54,129", "2013-09-30": "$57,341", "2013-06-30": "$2,406", "2013-03-31": "$6,135", "2012-12-31": "$3,563", "2012-09-30": "$10,307", "2012-06-30": "$10,778", "2012-03-31": "$6,532", "2011-12-31": "$13,954", "2011-09-30": "$10,858", "2011-06-30": "$6,828", "2011-03-31": "$14,730", "2010-12-31": "$7,213", "2010-09-30": "$5,975", "2010-06-30": "$5,225", "2010-03-31": "$3,557", "2009-12-31": "$2,499", "2009-09-30": "$1,690", "2009-06-30": "$1,180", "2009-03-31": "$4,351", "2008-12-31": "$10,291", "2008-09-30": "$1,674", "2008-06-30": "$2,074", "2008-03-31": "$7,442", "2007-12-31": "$3,397", "2007-09-30": "$1,909", "2007-06-30": "$2,356", "2007-03-31": "$3,450", "2006-12-31": "$5,653", "2006-09-30": "$3,435", "2006-06-30": "$3,261", "2006-03-31": "$3,927", "2005-12-31": "$2,906", "2005-09-30": "$1,824", "2005-06-30": "$3,001", "2005-03-31": "$2,711"}}, "long-term-debt": {"Verizon Annual Long Term Debt (Millions of US $)": {"2019": "$100,712", "2018": "$86,670", "2017": "$113,642", "2016": "$105,433", "2015": "$103,240", "2014": "$110,536", "2013": "$89,658", "2012": "$47,618", "2011": "$50,303", "2010": "$45,252", "2009": "$55,051", "2008": "$46,959", "2007": "$28,203", "2006": "$28,646", "2005": "$31,569"}, "Verizon Quarterly Long Term Debt (Millions of US $)": {"2020-09-30": "$109,790", "2020-06-30": "$106,190", "2020-03-31": "$106,561", "2019-12-31": "$100,712", "2019-09-30": "$101,769", "2019-06-30": "$104,598", "2019-03-31": "$105,045", "2018-12-31": "$86,670", "2018-09-30": "$106,440", "2018-06-30": "$109,174", "2018-03-31": "$112,734", "2017-12-31": "$113,642", "2017-09-30": "$115,317", "2017-06-30": "$116,390", "2017-03-31": "$112,839", "2016-12-31": "$105,433", "2016-09-30": "$102,739", "2016-06-30": "$92,922", "2016-03-31": "$103,615", "2015-12-31": "$103,240", "2015-09-30": "$105,060", "2015-06-30": "$109,465", "2015-03-31": "$108,949", "2014-12-31": "$110,536", "2014-09-30": "$107,627", "2014-06-30": "$107,696", "2014-03-31": "$107,617", "2013-12-31": "$89,658", "2013-09-30": "$90,938", "2013-06-30": "$41,791", "2013-03-31": "$41,993", "2012-12-31": "$47,618", "2012-09-30": "$46,467", "2012-06-30": "$46,479", "2012-03-31": "$48,476", "2011-12-31": "$50,303", "2011-09-30": "$46,285", "2011-06-30": "$47,927", "2011-03-31": "$49,374", "2010-12-31": "$45,252", "2010-09-30": "$47,360", "2010-06-30": "$49,594", "2010-03-31": "$54,424", "2009-12-31": "$55,051", "2009-09-30": "$57,374", "2009-06-30": "$59,469", "2009-03-31": "$55,674", "2008-12-31": "$46,959", "2008-09-30": "$37,478", "2008-06-30": "$33,778", "2008-03-31": "$32,134", "2007-12-31": "$28,203", "2007-09-30": "$29,383", "2007-06-30": "$29,374", "2007-03-31": "$28,073", "2006-12-31": "$28,646", "2006-09-30": "$30,154", "2006-06-30": "$32,030", "2006-03-31": "$34,614", "2005-12-31": "$31,569", "2005-09-30": "$34,391", "2005-06-30": "$33,070", "2005-03-31": "$35,471"}}, "total-liabilities": {"Verizon Annual Total Liabilities (Millions of US $)": {"2019": "$228,892", "2018": "$210,119", "2017": "$212,456", "2016": "$220,148", "2015": "$226,333", "2014": "$218,940", "2013": "$178,682", "2012": "$139,689", "2011": "$144,553", "2010": "$133,093", "2009": "$142,764", "2008": "$123,447", "2007": "$136,378", "2006": "$140,269", "2005": "$128,450"}, "Verizon Quarterly Total Liabilities (Millions of US $)": {"2020-09-30": "$230,464", "2020-06-30": "$229,146", "2020-03-31": "$232,847", "2019-12-31": "$228,892", "2019-09-30": "$224,563", "2019-06-30": "$225,161", "2019-03-31": "$226,487", "2018-12-31": "$210,119", "2018-09-30": "$209,475", "2018-06-30": "$209,728", "2018-03-31": "$212,171", "2017-12-31": "$212,456", "2017-09-30": "$226,231", "2017-06-30": "$226,217", "2017-03-31": "$221,694", "2016-12-31": "$220,148", "2016-09-30": "$217,515", "2016-06-30": "$211,126", "2016-03-31": "$224,484", "2015-12-31": "$226,333", "2015-09-30": "$227,531", "2015-06-30": "$227,879", "2015-03-31": "$225,031", "2014-12-31": "$218,940", "2014-09-30": "$208,325", "2014-06-30": "$208,415", "2014-03-31": "$207,711", "2013-12-31": "$178,682", "2013-09-30": "$186,410", "2013-06-30": "$136,190", "2013-03-31": "$138,598", "2012-12-31": "$139,689", "2012-09-30": "$138,454", "2012-06-30": "$135,644", "2012-03-31": "$134,500", "2011-12-31": "$144,553", "2011-09-30": "$140,517", "2011-06-30": "$133,044", "2011-03-31": "$139,244", "2010-12-31": "$133,093", "2010-09-30": "$136,228", "2010-06-30": "$141,778", "2010-03-31": "$142,695", "2009-12-31": "$142,764", "2009-09-30": "$141,822", "2009-06-30": "$142,178", "2009-03-31": "$146,297", "2008-12-31": "$123,447", "2008-09-30": "$153,907", "2008-06-30": "$149,759", "2008-03-31": "$141,013", "2007-12-31": "$136,378", "2007-09-30": "$135,930", "2007-06-30": "$134,929", "2007-03-31": "$135,502", "2006-12-31": "$140,269", "2006-09-30": "$139,400", "2006-06-30": "$139,064", "2006-03-31": "$138,043", "2005-12-31": "$128,450", "2005-09-30": "$129,078", "2005-06-30": "$130,823", "2005-03-31": "$126,902"}}, "total-share-holder-equity": {"Verizon Annual Share Holder Equity (Millions of US $)": {"2019": "$62,835", "2018": "$54,710", "2017": "$44,687", "2016": "$24,032", "2015": "$17,842", "2014": "$13,676", "2013": "$95,416", "2012": "$85,533", "2011": "$85,908", "2010": "$86,912", "2009": "$84,143", "2008": "$78,905", "2007": "$50,581", "2006": "$48,535", "2005": "$39,680"}, "Verizon Quarterly Share Holder Equity (Millions of US $)": {"2020-09-30": "$66,530", "2020-06-30": "$64,113", "2020-03-31": "$61,653", "2019-12-31": "$62,835", "2019-09-30": "$60,312", "2019-06-30": "$57,947", "2019-03-31": "$57,460", "2018-12-31": "$54,710", "2018-09-30": "$56,087", "2018-06-30": "$53,575", "2018-03-31": "$52,345", "2017-12-31": "$44,687", "2017-09-30": "$28,451", "2017-06-30": "$26,761", "2017-03-31": "$25,037", "2016-12-31": "$24,032", "2016-09-30": "$21,983", "2016-06-30": "$20,744", "2016-03-31": "$20,103", "2015-12-31": "$17,842", "2015-09-30": "$14,542", "2015-06-30": "$12,874", "2015-03-31": "$10,759", "2014-12-31": "$13,676", "2014-09-30": "$17,968", "2014-06-30": "$16,012", "2014-03-31": "$13,851", "2013-12-31": "$95,416", "2013-09-30": "$90,265", "2013-06-30": "$87,156", "2013-03-31": "$87,588", "2012-12-31": "$85,533", "2012-09-30": "$92,628", "2012-06-30": "$90,428", "2012-03-31": "$88,421", "2011-12-31": "$85,908", "2011-09-30": "$87,515", "2011-06-30": "$90,712", "2011-03-31": "$88,864", "2010-12-31": "$86,912", "2010-09-30": "$84,624", "2010-06-30": "$84,473", "2010-03-31": "$84,652", "2009-12-31": "$84,143", "2009-09-30": "$84,582", "2009-06-30": "$82,821", "2009-03-31": "$80,554", "2008-12-31": "$78,905", "2008-09-30": "$50,954", "2008-06-30": "$50,887", "2008-03-31": "$50,280", "2007-12-31": "$50,581", "2007-09-30": "$49,689", "2007-06-30": "$49,831", "2007-03-31": "$48,782", "2006-12-31": "$48,535", "2006-09-30": "$46,279", "2006-06-30": "$44,779", "2006-03-31": "$44,771", "2005-12-31": "$39,680", "2005-09-30": "$39,223", "2005-06-30": "$38,554", "2005-03-31": "$37,980"}}, "profit-margins": {"current": "13.88%"}, "gross margin": {"2020-12-31": "60.09%", "2020-09-30": "59.49%", "2020-06-30": "59.10%", "2020-03-31": "58.86%", "2019-12-31": "58.50%", "2019-09-30": "58.60%", "2019-06-30": "58.55%", "2019-03-31": "57.90%", "2018-12-31": "57.58%", "2018-09-30": "57.27%", "2018-06-30": "57.25%", "2018-03-31": "57.60%", "2017-12-31": "57.90%", "2017-09-30": "57.29%", "2017-06-30": "57.62%", "2017-03-31": "57.83%", "2016-12-31": "58.17%", "2016-09-30": "59.52%", "2016-06-30": "59.39%", "2016-03-31": "59.73%", "2015-12-31": "60.07%", "2015-09-30": "59.98%", "2015-06-30": "60.31%", "2015-03-31": "60.36%", "2014-12-31": "60.71%", "2014-09-30": "61.99%", "2014-06-30": "62.64%", "2014-03-31": "62.98%", "2013-12-31": "62.76%", "2013-09-30": "61.52%", "2013-06-30": "61.08%", "2013-03-31": "60.79%", "2012-12-31": "60.05%", "2012-09-30": "60.35%", "2012-06-30": "59.61%", "2012-03-31": "59.01%", "2011-12-31": "58.62%", "2011-09-30": "59.21%", "2011-06-30": "59.34%", "2011-03-31": "58.06%", "2010-12-31": "58.57%", "2010-09-30": "56.80%", "2010-06-30": "56.81%", "2010-03-31": "58.45%", "2009-12-31": "58.65%", "2009-09-30": "60.74%", "2009-06-30": "60.70%", "2009-03-31": "60.64%", "2008-12-31": "60.34%", "2008-09-30": "59.79%", "2008-06-30": "59.83%", "2008-03-31": "59.72%", "2007-12-31": "59.83%", "2007-09-30": "59.99%", "2007-06-30": "60.16%", "2007-03-31": "60.12%", "2006-12-31": "59.96%", "2006-09-30": "60.18%", "2006-06-30": "61.48%", "2006-03-31": "63.07%", "2005-12-31": "64.89%"}, "operating margin": {"2020-12-31": "22.45%", "2020-09-30": "22.01%", "2020-06-30": "22.17%", "2020-03-31": "22.27%", "2019-12-31": "23.04%", "2019-09-30": "18.55%", "2019-06-30": "18.21%", "2019-03-31": "17.25%", "2018-12-31": "17.02%", "2018-09-30": "20.76%", "2018-06-30": "20.37%", "2018-03-31": "21.73%", "2017-12-31": "21.76%", "2017-09-30": "25.86%", "2017-06-30": "25.66%", "2017-03-31": "22.87%", "2016-12-31": "23.22%", "2016-09-30": "22.50%", "2016-06-30": "22.88%", "2016-03-31": "25.07%", "2015-12-31": "25.12%", "2015-09-30": "16.22%", "2015-06-30": "15.92%", "2015-03-31": "15.91%", "2014-12-31": "15.42%", "2014-09-30": "27.05%", "2014-06-30": "27.53%", "2014-03-31": "26.98%", "2013-12-31": "26.52%", "2013-09-30": "14.00%", "2013-06-30": "12.76%", "2013-03-31": "12.12%", "2012-12-31": "11.36%", "2012-09-30": "13.32%", "2012-06-30": "12.71%", "2012-03-31": "12.15%", "2011-12-31": "11.62%", "2011-09-30": "18.75%", "2011-06-30": "17.82%", "2011-03-31": "13.74%", "2010-12-31": "13.74%", "2010-09-30": "10.36%", "2010-06-30": "10.84%", "2010-03-31": "14.54%", "2009-12-31": "14.82%", "2009-09-30": "2.52%", "2009-06-30": "2.77%", "2009-03-31": "2.97%", "2008-12-31": "2.68%", "2008-09-30": "17.06%", "2008-06-30": "17.28%", "2008-03-31": "17.01%", "2007-12-31": "16.67%", "2007-09-30": "16.91%", "2007-06-30": "16.42%", "2007-03-31": "15.63%", "2006-12-31": "15.17%", "2006-09-30": "14.49%", "2006-06-30": "15.19%", "2006-03-31": "17.05%", "2005-12-31": "18.10%"}, "ebitda margin": {"2020-09-30": "34.96%", "2020-06-30": "34.93%", "2020-03-31": "34.91%", "2019-12-31": "35.69%", "2019-09-30": "31.44%", "2019-06-30": "31.32%", "2019-03-31": "30.44%", "2018-12-31": "30.32%", "2018-09-30": "34.17%", "2018-06-30": "33.80%", "2018-03-31": "35.18%", "2017-12-31": "35.21%", "2017-09-30": "39.11%", "2017-06-30": "38.73%", "2017-03-31": "35.79%", "2016-12-31": "35.86%", "2016-09-30": "35.00%", "2016-06-30": "35.22%", "2016-03-31": "37.24%", "2015-12-31": "37.29%", "2015-09-30": "28.51%", "2015-06-30": "28.48%", "2015-03-31": "28.68%", "2014-12-31": "28.43%", "2014-09-30": "40.37%", "2014-06-30": "40.98%", "2014-03-31": "40.62%", "2013-12-31": "40.29%", "2013-09-30": "27.86%", "2013-06-30": "26.78%", "2013-03-31": "26.27%", "2012-12-31": "25.57%", "2012-09-30": "27.77%", "2012-06-30": "27.31%", "2012-03-31": "26.86%", "2011-12-31": "26.49%", "2011-09-30": "33.81%", "2011-06-30": "32.94%", "2011-03-31": "29.04%", "2010-12-31": "29.14%", "2010-09-30": "25.81%", "2010-06-30": "26.31%", "2010-03-31": "29.92%", "2009-12-31": "30.16%", "2009-09-30": "17.79%", "2009-06-30": "17.90%", "2009-03-31": "18.01%", "2008-12-31": "17.69%", "2008-09-30": "32.07%", "2008-06-30": "32.38%", "2008-03-31": "32.24%", "2007-12-31": "32.05%", "2007-09-30": "32.50%", "2007-06-30": "32.23%", "2007-03-31": "31.73%", "2006-12-31": "31.66%", "2006-09-30": "32.25%", "2006-06-30": "33.65%", "2006-03-31": "36.10%", "2005-12-31": "37.68%"}, "pre tax profit margin": {"2020-12-31": "18.68%", "2020-09-30": "16.69%", "2020-06-30": "17.34%", "2020-03-31": "16.46%", "2019-12-31": "17.24%", "2019-09-30": "15.52%", "2019-06-30": "15.36%", "2019-03-31": "15.51%", "2018-12-31": "15.00%", "2018-09-30": "16.23%", "2018-06-30": "15.45%", "2018-03-31": "16.77%", "2017-12-31": "16.34%", "2017-09-30": "19.78%", "2017-06-30": "19.96%", "2017-03-31": "15.69%", "2016-12-31": "16.66%", "2016-09-30": "17.68%", "2016-06-30": "17.99%", "2016-03-31": "21.50%", "2015-12-31": "21.46%", "2015-09-30": "12.08%", "2015-06-30": "11.68%", "2015-03-31": "11.68%", "2014-12-31": "12.02%", "2014-09-30": "23.94%", "2014-06-30": "24.97%", "2014-03-31": "25.02%", "2013-12-31": "24.29%", "2013-09-30": "11.53%", "2013-06-30": "10.23%", "2013-03-31": "9.39%", "2012-12-31": "8.54%", "2012-09-30": "11.23%", "2012-06-30": "10.61%", "2012-03-31": "10.02%", "2011-12-31": "9.45%", "2011-09-30": "16.80%", "2011-06-30": "15.89%", "2011-03-31": "11.84%", "2010-12-31": "11.90%", "2010-09-30": "8.41%", "2010-06-30": "8.89%", "2010-03-31": "12.49%", "2009-12-31": "12.54%", "2009-09-30": "0.38%", "2009-06-30": "0.96%", "2009-03-31": "1.60%", "2008-12-31": "1.69%", "2008-09-30": "20.00%", "2008-06-30": "18.75%", "2008-03-31": "17.08%", "2007-12-31": "15.56%", "2007-09-30": "10.57%", "2007-06-30": "10.29%", "2007-03-31": "9.59%", "2006-12-31": "9.25%", "2006-09-30": "8.07%", "2006-06-30": "8.79%", "2006-03-31": "10.81%", "2005-12-31": "12.15%"}, "net profit margin": {"2020-12-31": "13.88%", "2020-09-30": "14.26%", "2020-06-30": "14.76%", "2020-03-31": "14.00%", "2019-12-31": "14.61%", "2019-09-30": "12.26%", "2019-06-30": "12.08%", "2019-03-31": "12.20%", "2018-12-31": "11.87%", "2018-09-30": "24.71%", "2018-06-30": "23.88%", "2018-03-31": "24.37%", "2017-12-31": "23.88%", "2017-09-30": "12.80%", "2017-06-30": "12.88%", "2017-03-31": "9.92%", "2016-12-31": "10.42%", "2016-09-30": "10.96%", "2016-06-30": "11.10%", "2016-03-31": "13.63%", "2015-12-31": "13.58%", "2015-09-30": "7.86%", "2015-06-30": "7.69%", "2015-03-31": "7.72%", "2014-12-31": "7.57%", "2014-09-30": "13.54%", "2014-06-30": "12.50%", "2014-03-31": "11.06%", "2013-12-31": "9.54%", "2013-09-30": "1.84%", "2013-06-30": "1.32%", "2013-03-31": "0.98%", "2012-12-31": "0.76%", "2012-09-30": "2.70%", "2012-06-30": "2.53%", "2012-03-31": "2.36%", "2011-12-31": "2.17%", "2011-09-30": "6.49%", "2011-06-30": "5.91%", "2011-03-31": "3.32%", "2010-12-31": "2.39%", "2010-09-30": "0.47%", "2010-06-30": "0.94%", "2010-03-31": "3.41%", "2009-12-31": "4.54%", "2009-09-30": "-5.71%", "2009-06-30": "-5.37%", "2009-03-31": "-3.59%", "2008-12-31": "-2.25%", "2008-09-30": "9.52%", "2008-06-30": "9.20%", "2008-03-31": "7.47%", "2007-12-31": "5.91%", "2007-09-30": "5.94%", "2007-06-30": "6.74%", "2007-03-31": "6.77%", "2006-12-31": "7.03%", "2006-09-30": "8.49%", "2006-06-30": "8.86%", "2006-03-31": "10.02%", "2005-12-31": "10.64%"}, "pe ratio": {"current": "11.22", "2021-02-11": "17.17", "2020-12-31": "18.28", "2020-09-30": "13.21", "2020-06-30": "11.58", "2020-03-31": "11.62", "2019-12-31": "12.52", "2019-09-30": "14.56", "2019-06-30": "13.84", "2019-03-31": "14.00", "2018-12-31": "13.56", "2018-09-30": "6.11", "2018-06-30": "5.92", "2018-03-31": "5.50", "2017-12-31": "6.24", "2017-09-30": "10.88", "2017-06-30": "9.69", "2017-03-31": "13.59", "2016-12-31": "13.72", "2016-09-30": "12.36", "2016-06-30": "12.77", "2016-03-31": "9.83", "2015-12-31": "8.37", "2015-09-30": "13.55", "2015-06-30": "14.94", "2015-03-31": "15.61", "2014-12-31": "14.07", "2014-09-30": "7.76", "2014-06-30": "7.69", "2014-03-31": "7.77", "2013-12-31": "8.88", "2013-09-30": "43.88", "2013-06-30": "65.94", "2013-03-31": "86.02", "2012-12-31": "96.56", "2012-09-30": "28.87", "2012-06-30": "29.77", "2012-03-31": "27.16", "2011-12-31": "30.75", "2011-09-30": "9.57", "2011-06-30": "10.30", "2011-03-31": "14.54", "2010-12-31": "17.08", "2010-09-30": "133.88", "2010-06-30": "63.48", "2010-03-31": "20.59", "2009-12-31": "14.22", "2009-09-30": "8.44", "2009-06-30": "7.71", "2009-03-31": "7.01", "2008-12-31": "7.79", "2008-09-30": "7.45", "2008-06-30": "8.72", "2008-03-31": "9.20", "2007-12-31": "11.26", "2007-09-30": "11.42", "2007-06-30": "9.41", "2007-03-31": "8.70", "2006-12-31": "8.26"}, "price sales": {"2021-02-11": "1.76", "2020-12-31": "1.88", "2020-09-30": "1.88", "2020-06-30": "1.70", "2020-03-31": "1.62", "2019-12-31": "1.83", "2019-09-30": "1.78", "2019-06-30": "1.67", "2019-03-31": "1.71", "2018-12-31": "1.61", "2018-09-30": "1.51", "2018-06-30": "1.42", "2018-03-31": "1.34", "2017-12-31": "1.49", "2017-09-30": "1.39", "2017-06-30": "1.25", "2017-03-31": "1.35", "2016-12-31": "1.43", "2016-09-30": "1.36", "2016-06-30": "1.42", "2016-03-31": "1.34", "2015-12-31": "1.14", "2015-09-30": "1.06", "2015-06-30": "1.14", "2015-03-31": "1.19", "2014-12-31": "1.09", "2014-09-30": "1.07", "2014-06-30": "0.95", "2014-03-31": "0.85", "2013-12-31": "0.85", "2013-09-30": "0.80", "2013-06-30": "0.86", "2013-03-31": "0.84", "2012-12-31": "0.74", "2012-09-30": "0.78", "2012-06-30": "0.76", "2012-03-31": "0.65", "2011-12-31": "0.68", "2011-09-30": "0.62", "2011-06-30": "0.63", "2011-03-31": "0.65", "2010-12-31": "0.59", "2010-09-30": "0.53", "2010-06-30": "0.42", "2010-03-31": "0.45", "2009-12-31": "0.48", "2009-09-30": "0.44", "2009-06-30": "0.45", "2009-03-31": "0.45", "2008-12-31": "0.51", "2008-09-30": "0.48", "2008-06-30": "0.54", "2008-03-31": "0.55", "2007-12-31": "0.66", "2007-09-30": "0.68", "2007-06-30": "0.63", "2007-03-31": "0.59", "2006-12-31": "0.58"}, "price book": {"current": "3.29", "2021-02-11": "3.40", "2020-09-30": "3.62", "2020-06-30": "3.44", "2020-03-31": "3.45", "2019-12-31": "3.83", "2019-09-30": "3.88", "2019-06-30": "3.78", "2019-03-31": "3.91", "2018-12-31": "3.86", "2018-09-30": "3.54", "2018-06-30": "3.45", "2018-03-31": "3.31", "2017-12-31": "4.19", "2017-09-30": "6.09", "2017-06-30": "5.76", "2017-03-31": "6.64", "2016-12-31": "7.49", "2016-09-30": "7.89", "2016-06-30": "8.89", "2016-03-31": "8.79", "2015-12-31": "8.35", "2015-09-30": "9.51", "2015-06-30": "11.37", "2015-03-31": "14.08", "2014-12-31": "10.73", "2014-09-30": "8.62", "2014-06-30": "9.36", "2014-03-31": "10.39", "2013-12-31": "1.07", "2013-09-30": "1.06", "2013-06-30": "1.17", "2013-03-31": "1.12", "2012-12-31": "1.00", "2012-09-30": "0.96", "2012-06-30": "0.95", "2012-03-31": "0.82", "2011-12-31": "0.87", "2011-09-30": "0.77", "2011-06-30": "0.75", "2011-03-31": "0.78", "2010-12-31": "0.73", "2010-09-30": "0.67", "2010-06-30": "0.53", "2010-03-31": "0.58", "2009-12-31": "0.61", "2009-09-30": "0.55", "2009-06-30": "0.56", "2009-03-31": "0.56", "2008-12-31": "0.63", "2008-09-30": "0.91", "2008-06-30": "1.00", "2008-03-31": "1.02", "2007-12-31": "1.22", "2007-09-30": "1.25", "2007-06-30": "1.15", "2007-03-31": "1.07", "2006-12-31": "1.05", "2006-09-30": "1.05", "2006-06-30": "0.96", "2006-03-31": "0.97"}, "price fcf": {"2021-02-11": "", "2020-09-30": "$5.24", "2020-06-30": "$5.71", "2020-03-31": "$4.48", "2019-12-31": "$4.30", "2019-09-30": "$4.33", "2019-06-30": "$4.10", "2019-03-31": "$4.45", "2018-12-31": "$4.28", "2018-09-30": "$3.89", "2018-06-30": "$3.24", "2018-03-31": "$2.65", "2017-12-31": "$1.73", "2017-09-30": "$0.85", "2017-06-30": "$0.32", "2017-03-31": "$-0.29", "2016-12-31": "$1.13", "2016-09-30": "$2.85", "2016-06-30": "$3.94", "2016-03-31": "$4.62", "2015-12-31": "$5.19", "2015-09-30": "$4.74", "2015-06-30": "$4.49", "2015-03-31": "$4.08", "2014-12-31": "$3.38", "2014-09-30": "$4.49", "2014-06-30": "$5.93", "2014-03-31": "$7.23", "2013-12-31": "$7.73", "2013-09-30": "$6.43", "2013-06-30": "$5.93", "2013-03-31": "$5.88", "2012-12-31": "$5.35", "2012-09-30": "$6.30", "2012-06-30": "$6.15", "2012-03-31": "$5.37", "2011-12-31": "$4.77", "2011-09-30": "$4.40", "2011-06-30": "$4.08", "2011-03-31": "$4.91", "2010-12-31": "$5.97", "2010-09-30": "$6.08", "2010-06-30": "$6.23", "2010-03-31": "$5.37", "2009-12-31": "$5.11", "2009-09-30": "$4.79", "2009-06-30": "$4.26", "2009-03-31": "$4.24", "2008-12-31": "$3.62", "2008-09-30": "$4.19", "2008-06-30": "$3.84", "2008-03-31": "$3.49", "2007-12-31": "$3.21", "2007-09-30": "$1.94", "2007-06-30": "$2.13", "2007-03-31": "$1.82", "2006-12-31": "$2.38"}, "net worth": {"value": "$227.6B"}, "current ratio": {"2020-12-31": "1.38", "2020-09-30": "1.07", "2020-06-30": "0.96", "2020-03-31": "0.99", "2019-12-31": "0.84", "2019-09-30": "0.89", "2019-06-30": "0.87", "2019-03-31": "0.87", "2018-12-31": "0.91", "2018-09-30": "0.97", "2018-06-30": "0.96", "2018-03-31": "0.98", "2017-12-31": "0.91", "2017-09-30": "1.07", "2017-06-30": "1.04", "2017-03-31": "1.02", "2016-12-31": "0.87", "2016-09-30": "0.85", "2016-06-30": "0.61", "2016-03-31": "0.71", "2015-12-31": "0.64", "2015-09-30": "0.63", "2015-06-30": "0.70", "2015-03-31": "0.80", "2014-12-31": "1.05", "2014-09-30": "0.92", "2014-06-30": "0.86", "2014-03-31": "0.92", "2013-12-31": "2.63", "2013-09-30": "2.43", "2013-06-30": "0.75", "2013-03-31": "0.80", "2012-12-31": "0.79", "2012-09-30": "0.96", "2012-06-30": "1.03", "2012-03-31": "1.03", "2011-12-31": "1.01", "2011-09-30": "0.80", "2011-06-30": "0.82", "2011-03-31": "0.91", "2010-12-31": "0.73", "2010-09-30": "0.74", "2010-06-30": "0.66", "2010-03-31": "0.80", "2009-12-31": "0.75", "2009-09-30": "0.81", "2009-06-30": "0.81", "2009-03-31": "0.62", "2008-12-31": "1.01", "2008-09-30": "0.68", "2008-06-30": "0.60", "2008-03-31": "0.91", "2007-12-31": "0.76", "2007-09-30": "0.71", "2007-06-30": "0.70", "2007-03-31": "0.64", "2006-12-31": "0.70", "2006-09-30": "0.61", "2006-06-30": "0.62", "2006-03-31": "0.60", "2005-12-31": "0.72", "2005-09-30": "0.65", "2005-06-30": "0.61", "2005-03-31": "0.74"}, "quick ratio": {"2020-12-31": "1.33", "2020-09-30": "1.03", "2020-06-30": "0.93", "2020-03-31": "0.95", "2019-12-31": "0.80", "2019-09-30": "0.85", "2019-06-30": "0.84", "2019-03-31": "0.83", "2018-12-31": "0.88", "2018-09-30": "0.93", "2018-06-30": "0.92", "2018-03-31": "0.94", "2017-12-31": "0.87", "2017-09-30": "1.02", "2017-06-30": "1.00", "2017-03-31": "0.97", "2016-12-31": "0.83", "2016-09-30": "0.80", "2016-06-30": "0.58", "2016-03-31": "0.68", "2015-12-31": "0.60", "2015-09-30": "0.59", "2015-06-30": "0.66", "2015-03-31": "0.76", "2014-12-31": "1.01", "2014-09-30": "0.88", "2014-06-30": "0.82", "2014-03-31": "0.88", "2013-12-31": "2.59", "2013-09-30": "2.39", "2013-06-30": "0.72", "2013-03-31": "0.78", "2012-12-31": "0.75", "2012-09-30": "0.92", "2012-06-30": "1.00", "2012-03-31": "0.98", "2011-12-31": "0.98", "2011-09-30": "0.77", "2011-06-30": "0.78", "2011-03-31": "0.88", "2010-12-31": "0.69", "2010-09-30": "0.71", "2010-06-30": "0.63", "2010-03-31": "0.76", "2009-12-31": "0.70", "2009-09-30": "0.71", "2009-06-30": "0.71", "2009-03-31": "0.56", "2008-12-31": "0.93", "2008-09-30": "0.59", "2008-06-30": "0.53", "2008-03-31": "0.84", "2007-12-31": "0.69", "2007-09-30": "0.63", "2007-06-30": "0.62", "2007-03-31": "0.58", "2006-12-31": "0.65", "2006-09-30": "0.57", "2006-06-30": "0.57", "2006-03-31": "0.55", "2005-12-31": "0.67", "2005-09-30": "0.58", "2005-06-30": "0.56", "2005-03-31": "0.67"}, "debt equity ratio": {"current": "1.78", "2020-12-31": "3.57", "2020-09-30": "3.46", "2020-06-30": "3.57", "2020-03-31": "3.78", "2019-12-31": "3.64", "2019-09-30": "3.72", "2019-06-30": "3.89", "2019-03-31": "3.94", "2018-12-31": "3.84", "2018-09-30": "3.74", "2018-06-30": "3.92", "2018-03-31": "4.05", "2017-12-31": "4.75", "2017-09-30": "7.95", "2017-06-30": "8.45", "2017-03-31": "8.86", "2016-12-31": "9.16", "2016-09-30": "9.90", "2016-06-30": "10.18", "2016-03-31": "11.17", "2015-12-31": "12.69", "2015-09-30": "15.65", "2015-06-30": "17.70", "2015-03-31": "20.92", "2014-12-31": "16.01", "2014-09-30": "11.59", "2014-06-30": "13.02", "2014-03-31": "15.00", "2013-12-31": "1.87", "2013-09-30": "2.07", "2013-06-30": "1.56", "2013-03-31": "1.58", "2012-12-31": "1.63", "2012-09-30": "1.50", "2012-06-30": "1.50", "2012-03-31": "1.52", "2011-12-31": "1.68", "2011-09-30": "1.61", "2011-06-30": "1.47", "2011-03-31": "1.57", "2010-12-31": "1.53", "2010-09-30": "1.61", "2010-06-30": "1.68", "2010-03-31": "1.69", "2009-12-31": "1.70", "2009-09-30": "1.68", "2009-06-30": "1.72", "2009-03-31": "1.82", "2008-12-31": "1.57", "2008-09-30": "3.02", "2008-06-30": "2.94", "2008-03-31": "2.81", "2007-12-31": "2.70", "2007-09-30": "2.74", "2007-06-30": "2.71", "2007-03-31": "2.78", "2006-12-31": "2.89", "2006-09-30": "3.01", "2006-06-30": "3.11", "2006-03-31": "3.08", "2005-12-31": "3.24", "2005-09-30": "3.29", "2005-06-30": "3.39", "2005-03-31": "3.34"}, "return on equity": {"2020-12-31": "27.22%", "2020-09-30": "28.70%", "2020-06-30": "30.77%", "2020-03-31": "30.30%", "2019-12-31": "32.30%", "2019-09-30": "27.96%", "2019-06-30": "28.01%", "2019-03-31": "28.88%", "2018-12-31": "28.66%", "2018-09-30": "62.43%", "2018-06-30": "69.15%", "2018-03-31": "81.96%", "2017-12-31": "96.37%", "2017-09-30": "61.09%", "2017-06-30": "65.13%", "2017-03-31": "53.45%", "2016-12-31": "60.45%", "2016-09-30": "69.53%", "2016-06-30": "78.88%", "2016-03-31": "109.97%", "2015-12-31": "127.67%", "2015-09-30": "79.13%", "2015-06-30": "71.74%", "2015-03-31": "67.77%", "2014-12-31": "62.59%", "2014-09-30": "47.26%", "2014-06-30": "28.69%", "2014-03-31": "18.82%", "2013-12-31": "12.76%", "2013-09-30": "2.51%", "2013-06-30": "1.77%", "2013-03-31": "1.28%", "2012-12-31": "0.98%", "2012-09-30": "3.45%", "2012-06-30": "3.26%", "2012-03-31": "3.01%", "2011-12-31": "2.72%", "2011-09-30": "7.98%", "2011-06-30": "7.23%", "2011-03-31": "4.11%", "2010-12-31": "2.99%", "2010-09-30": "0.59%", "2010-06-30": "1.20%", "2010-03-31": "4.39%", "2009-12-31": "5.89%", "2009-09-30": "-7.36%", "2009-06-30": "-7.53%", "2009-03-31": "-5.51%", "2008-12-31": "-3.80%", "2008-09-30": "18.14%", "2008-06-30": "17.47%", "2008-03-31": "14.12%", "2007-12-31": "11.10%", "2007-09-30": "11.14%", "2007-06-30": "12.68%", "2007-03-31": "12.87%", "2006-12-31": "13.45%", "2006-09-30": "15.55%", "2006-06-30": "16.08%", "2006-03-31": "17.93%", "2005-12-31": "19.04%"}, "return on assets": {"2020-12-31": "5.93%", "2020-09-30": "6.22%", "2020-06-30": "6.58%", "2020-03-31": "6.37%", "2019-12-31": "6.74%", "2019-09-30": "5.77%", "2019-06-30": "5.77%", "2019-03-31": "5.94%", "2018-12-31": "5.87%", "2018-09-30": "12.28%", "2018-06-30": "11.91%", "2018-03-31": "12.12%", "2017-12-31": "11.90%", "2017-09-30": "6.38%", "2017-06-30": "6.48%", "2017-03-31": "5.10%", "2016-12-31": "5.47%", "2016-09-30": "5.84%", "2016-06-30": "6.00%", "2016-03-31": "7.40%", "2015-12-31": "7.43%", "2015-09-30": "4.31%", "2015-06-30": "4.24%", "2015-03-31": "4.31%", "2014-12-31": "4.25%", "2014-09-30": "7.15%", "2014-06-30": "6.20%", "2014-03-31": "5.42%", "2013-12-31": "4.60%", "2013-09-30": "0.93%", "2013-06-30": "0.69%", "2013-03-31": "0.50%", "2012-12-31": "0.39%", "2012-09-30": "1.35%", "2012-06-30": "1.26%", "2012-03-31": "1.17%", "2011-12-31": "1.06%", "2011-09-30": "3.14%", "2011-06-30": "2.84%", "2011-03-31": "1.58%", "2010-12-31": "1.14%", "2010-09-30": "0.22%", "2010-06-30": "0.45%", "2010-03-31": "1.63%", "2009-12-31": "2.16%", "2009-09-30": "-2.73%", "2009-06-30": "-2.57%", "2009-03-31": "-1.72%", "2008-12-31": "-1.10%", "2008-09-30": "4.69%", "2008-06-30": "4.60%", "2008-03-31": "3.78%", "2007-12-31": "2.98%", "2007-09-30": "2.95%", "2007-06-30": "3.30%", "2007-03-31": "3.26%", "2006-12-31": "3.34%", "2006-09-30": "3.79%", "2006-06-30": "3.85%", "2006-03-31": "4.22%", "2005-12-31": "4.41%"}, "return on investments": {"2020-12-31": "16.29%", "2020-09-30": "16.66%", "2020-06-30": "17.32%", "2020-03-31": "17.82%", "2019-12-31": "18.67%", "2019-09-30": "15.51%", "2019-06-30": "15.18%", "2019-03-31": "14.39%", "2018-12-31": "14.11%", "2018-09-30": "16.71%", "2018-06-30": "16.77%", "2018-03-31": "18.23%", "2017-12-31": "18.81%", "2017-09-30": "23.22%", "2017-06-30": "23.71%", "2017-03-31": "22.36%", "2016-12-31": "23.80%", "2016-09-30": "23.83%", "2016-06-30": "24.91%", "2016-03-31": "27.15%", "2015-12-31": "27.39%", "2015-09-30": "17.44%", "2015-06-30": "16.70%", "2015-03-31": "16.54%", "2014-12-31": "15.84%", "2014-09-30": "24.32%", "2014-06-30": "22.27%", "2014-03-31": "21.34%", "2013-12-31": "20.47%", "2013-09-30": "11.69%", "2013-06-30": "11.37%", "2013-03-31": "10.53%", "2012-12-31": "9.64%", "2012-09-30": "11.08%", "2012-06-30": "10.58%", "2012-03-31": "9.99%", "2011-12-31": "9.42%", "2011-09-30": "15.03%", "2011-06-30": "14.15%", "2011-03-31": "10.93%", "2010-12-31": "10.90%", "2010-09-30": "8.17%", "2010-06-30": "8.46%", "2010-03-31": "11.18%", "2009-12-31": "11.42%", "2009-09-30": "1.95%", "2009-06-30": "2.31%", "2009-03-31": "2.73%", "2008-12-31": "2.74%", "2008-09-30": "19.71%", "2008-06-30": "20.33%", "2008-03-31": "20.18%", "2007-12-31": "19.85%", "2007-09-30": "19.98%", "2007-06-30": "19.28%", "2007-03-31": "18.22%", "2006-12-31": "17.27%", "2006-09-30": "15.33%", "2006-06-30": "15.42%", "2006-03-31": "16.73%", "2005-12-31": "17.36%"}, "return on tangible equity": {"2020-09-30": "-28.12%", "2020-06-30": "-28.95%", "2020-03-31": "-27.33%", "2019-12-31": "-27.96%", "2019-09-30": "-22.75%", "2019-06-30": "-21.68%", "2019-03-31": "-21.28%", "2018-12-31": "-20.01%", "2018-09-30": "-40.35%", "2018-06-30": "-36.19%", "2018-03-31": "-34.31%", "2017-12-31": "-31.48%", "2017-09-30": "-16.00%", "2017-06-30": "-16.01%", "2017-03-31": "-12.39%", "2016-12-31": "-13.22%", "2016-09-30": "-14.02%", "2016-06-30": "-14.22%", "2016-03-31": "-17.36%", "2015-12-31": "-17.10%", "2015-09-30": "-10.02%", "2015-06-30": "-10.12%", "2015-03-31": "-10.56%", "2014-12-31": "-10.70%", "2014-09-30": "-24.39%", "2014-06-30": "-30.00%", "2014-03-31": "-39.92%", "2013-12-31": "-72.00%", "2013-09-30": "-11.68%", "2013-06-30": "-8.45%", "2013-03-31": "-6.79%", "2012-12-31": "-5.53%", "2012-09-30": "-21.40%", "2012-06-30": "-19.81%", "2012-03-31": "-18.39%", "2011-12-31": "-17.35%", "2011-09-30": "-53.59%", "2011-06-30": "-47.41%", "2011-03-31": "-24.27%", "2010-12-31": "-16.14%", "2010-09-30": "-3.01%", "2010-06-30": "-6.08%", "2010-03-31": "-21.56%", "2009-12-31": "-27.16%", "2009-09-30": "48.86%", "2009-06-30": "40.41%", "2009-03-31": "25.68%", "2008-12-31": "18.85%", "2008-09-30": "-58.67%", "2008-06-30": "-67.13%", "2008-03-31": "-64.66%", "2007-12-31": "-48.71%", "2007-09-30": "-45.57%", "2007-06-30": "-49.56%", "2007-03-31": "-46.12%", "2006-12-31": "-45.05%", "2006-09-30": "-50.27%", "2006-06-30": "-49.22%", "2006-03-31": "-52.74%", "2005-12-31": "-58.62%"}, "dividend yield history": {"last payout": "$2.51", "last yield": "4.56%"}}